  <div class='ocr_page' id='page_1' title='image "/cluster/home/n/w/nwhite01/storage/ocr_20150623/117/coo.31924054870211/602.png"; bbox 0 0 4110 6454; ppageno 0'>
   <div class='ocr_carea' id='block_1_1' title="bbox 379 440 526 500">
    <p class='ocr_par' dir='ltr' id='par_1_1' title="bbox 379 440 526 500">
     <span class='ocr_line' id='line_1_1' title="bbox 379 440 526 500; baseline -0.02 0"><span class='ocrx_word' id='word_1_1' title='bbox 379 440 526 500; x_wconf 77' lang='grc'>1181</span> 
     </span>
    </p>
   </div>
   <div class='ocr_carea' id='block_1_2' title="bbox 448 566 1085 644">
    <p class='ocr_par' dir='ltr' id='par_1_2' title="bbox 448 566 1085 644">
     <span class='ocr_line' id='line_1_2' title="bbox 448 566 1085 644; baseline -0.011 -18"><span class='ocrx_word' id='word_1_2' title='bbox 448 566 754 644; x_wconf 75' lang='grc' dir='ltr'>Διδάχθητι</span> <span class='ocrx_word' id='word_1_3' title='bbox 783 577 1085 643; x_wconf 78' lang='grc' dir='ltr'>προθυμως</span> 
     </span>
    </p>
   </div>
   <div class='ocr_carea' id='block_1_3' title="bbox 372 653 1128 736">
    <p class='ocr_par' dir='ltr' id='par_1_3' title="bbox 372 653 1128 736">
     <span class='ocr_line' id='line_1_3' title="bbox 372 653 1128 736; baseline -0.012 -19"><span class='ocrx_word' id='word_1_4' title='bbox 372 663 481 731; x_wconf 79' lang='grc' dir='ltr'>Τὴν</span> <span class='ocrx_word' id='word_1_5' title='bbox 513 665 714 736; x_wconf 82' lang='grc' dir='ltr'>γνῶσιν</span> <span class='ocrx_word' id='word_1_6' title='bbox 745 659 846 726; x_wconf 76' lang='grc' dir='ltr'>τῆς</span> <span class='ocrx_word' id='word_1_7' title='bbox 875 653 1128 731; x_wconf 83' lang='grc' dir='ltr'>Τριάδος,</span> 
     </span>
    </p>
   </div>
   <div class='ocr_carea' id='block_1_4' title="bbox 374 745 939 820">
    <p class='ocr_par' dir='ltr' id='par_1_4' title="bbox 374 745 939 820">
     <span class='ocr_line' id='line_1_4' title="bbox 374 745 939 820; baseline -0.018 -12"><span class='ocrx_word' id='word_1_8' title='bbox 374 751 632 820; x_wconf 71' lang='grc' dir='ltr'>Μυήθητι</span> <span class='ocrx_word' id='word_1_9' title='bbox 660 749 762 816; x_wconf 76' lang='grc' dir='ltr'>τήν</span> <span class='ocrx_word' id='word_1_10' title='bbox 793 745 939 820; x_wconf 16' lang='grc' dir='ltr'>θείαν-</span> 
     </span>
    </p>
   </div>
   <div class='ocr_carea' id='block_1_5' title="bbox 373 835 986 914">
    <p class='ocr_par' dir='ltr' id='par_1_5' title="bbox 373 835 986 914">
     <span class='ocr_line' id='line_1_5' title="bbox 373 835 986 914; baseline -0.005 -20"><span class='ocrx_word' id='word_1_11' title='bbox 373 842 616 914; x_wconf 78' lang='grc' dir='ltr'>Χριστοῦ</span> <span class='ocrx_word' id='word_1_12' title='bbox 647 835 986 909; x_wconf 84' lang='grc' dir='ltr'>ο’κονομίαν.</span> 
     </span>
    </p>
   </div>
   <div class='ocr_carea' id='block_1_6' title="bbox 446 919 1251 1002">
    <p class='ocr_par' dir='ltr' id='par_1_6' title="bbox 446 919 1251 1002">
     <span class='ocr_line' id='line_1_6' title="bbox 446 919 1251 1002; baseline -0.01 -18"><span class='ocrx_word' id='word_1_13' title='bbox 446 931 538 986; x_wconf 86' lang='grc' dir='ltr'>Ἐν</span> <span class='ocrx_word' id='word_1_14' title='bbox 563 928 806 1002; x_wconf 75' lang='grc' dir='ltr'>πρώτοις</span> <span class='ocrx_word' id='word_1_15' title='bbox 838 928 1053 1002; x_wconf 83' lang='grc' dir='ltr'>πρῶτον</span> <span class='ocrx_word' id='word_1_16' title='bbox 1084 919 1251 998; x_wconf 91' lang='grc' dir='ltr'>λόγον</span> 
     </span>
    </p>
   </div>
   <div class='ocr_carea' id='block_1_7' title="bbox 382 1016 992 1090">
    <p class='ocr_par' dir='ltr' id='par_1_7' title="bbox 382 1016 992 1090">
     <span class='ocr_line' id='line_1_7' title="bbox 382 1016 992 1090; baseline -0.01 -17"><span class='ocrx_word' id='word_1_17' title='bbox 382 1020 614 1090; x_wconf 80' lang='grc' dir='ltr'>Ἐξεῖπεν</span> <span class='ocrx_word' id='word_1_18' title='bbox 648 1017 677 1071; x_wconf 80' lang='grc' dir='ltr'>ὁ</span> <span class='ocrx_word' id='word_1_19' title='bbox 705 1016 869 1083; x_wconf 71' lang='grc' dir='ltr'>Γεννή</span> <span class='ocrx_word' id='word_1_20' title='bbox 878 1035 970 1076; x_wconf 90' lang='grc' dir='ltr'>σας</span> <span class='ocrx_word' id='word_1_21' title='bbox 982 1033 992 1045; x_wconf 93' lang='grc'><strong>·</strong></span> 
     </span>
    </p>
   </div>
   <div class='ocr_carea' id='block_1_8' title="bbox 381 1105 936 1179">
    <p class='ocr_par' dir='ltr' id='par_1_8' title="bbox 381 1105 936 1179">
     <span class='ocr_line' id='line_1_8' title="bbox 381 1105 936 1179; baseline -0.016 -14"><span class='ocrx_word' id='word_1_22' title='bbox 381 1110 708 1179; x_wconf 73' lang='grc' dir='ltr'>Ποιήσωμεν</span> <span class='ocrx_word' id='word_1_23' title='bbox 738 1105 936 1178; x_wconf 77' lang='grc' dir='ltr'>ὁμοίαν</span> 
     </span>
    </p>
   </div>
   <div class='ocr_carea' id='block_1_9' title="bbox 375 1193 950 1270">
    <p class='ocr_par' dir='ltr' id='par_1_9' title="bbox 375 1193 950 1270">
     <span class='ocr_line' id='line_1_9' title="bbox 375 1193 950 1270; baseline -0.005 -15"><span class='ocrx_word' id='word_1_24' title='bbox 375 1195 557 1270; x_wconf 70' lang='grc' dir='ltr'>Ἀδὰμ</span> <span class='ocrx_word' id='word_1_25' title='bbox 585 1195 724 1270; x_wconf 69' lang='grc' dir='ltr'>ἐμὴν</span> <span class='ocrx_word' id='word_1_26' title='bbox 749 1193 950 1252; x_wconf 75' lang='grc' dir='ltr'>εἰκόνα.</span> 
     </span>
    </p>
   </div>
   <div class='ocr_carea' id='block_1_10' title="bbox 445 1282 971 1356">
    <p class='ocr_par' dir='ltr' id='par_1_10' title="bbox 445 1282 971 1356">
     <span class='ocr_line' id='line_1_10' title="bbox 445 1282 971 1356; baseline -0.008 -15"><span class='ocrx_word' id='word_1_27' title='bbox 445 1293 604 1356; x_wconf 85' lang='grc' dir='ltr'>Ζωῆς</span> <span class='ocrx_word' id='word_1_28' title='bbox 632 1282 971 1356; x_wconf 80' lang='grc' dir='ltr'>τελεωτὲρας</span> 
     </span>
    </p>
   </div>
   <div class='ocr_carea' id='block_1_11' title="bbox 374 1365 1182 1447">
    <p class='ocr_par' dir='ltr' id='par_1_11' title="bbox 374 1365 1182 1447">
     <span class='ocr_line' id='line_1_11' title="bbox 374 1365 1182 1447; baseline -0.012 -12"><span class='ocrx_word' id='word_1_29' title='bbox 374 1379 493 1446; x_wconf 74' lang='grc' dir='ltr'>Τῆς</span> <span class='ocrx_word' id='word_1_30' title='bbox 520 1374 573 1430; x_wconf 84' lang='grc' dir='ltr'>ἐν</span> <span class='ocrx_word' id='word_1_31' title='bbox 601 1375 822 1447; x_wconf 81' lang='grc' dir='ltr'>Χριστῷ</span> <span class='ocrx_word' id='word_1_32' title='bbox 851 1365 1182 1446; x_wconf 77' lang='grc' dir='ltr'>προὸλέπων</span> 
     </span>
    </p>
   </div>
   <div class='ocr_carea' id='block_1_12' title="bbox 374 1459 974 1534">
    <p class='ocr_par' dir='ltr' id='par_1_12' title="bbox 374 1459 974 1534">
     <span class='ocr_line' id='line_1_12' title="bbox 374 1459 974 1534; baseline -0.01 -14"><span class='ocrx_word' id='word_1_33' title='bbox 374 1465 569 1534; x_wconf 84' lang='grc' dir='ltr'>Ἐνὼς,</span> <span class='ocrx_word' id='word_1_34' title='bbox 601 1459 974 1525; x_wconf 75' lang='grc' dir='ltr'>ἐπικαλεῖσθαι</span> 
     </span>
    </p>
   </div>
   <div class='ocr_carea' id='block_1_13' title="bbox 377 1554 1056 1626">
    <p class='ocr_par' dir='ltr' id='par_1_13' title="bbox 377 1554 1056 1626">
     <span class='ocr_line' id='line_1_13' title="bbox 377 1554 1056 1626; baseline -0.007 -12"><span class='ocrx_word' id='word_1_35' title='bbox 377 1557 644 1614; x_wconf 85' lang='grc' dir='ltr'>Ἥλπισεν</span> <span class='ocrx_word' id='word_1_36' title='bbox 674 1554 766 1608; x_wconf 82' lang='grc' dir='ltr'>τὸν</span> <span class='ocrx_word' id='word_1_37' title='bbox 801 1557 1056 1626; x_wconf 83' lang='grc' dir='ltr'>Σωτῆρα.</span> 
     </span>
    </p>
   </div>
   <div class='ocr_carea' id='block_1_14' title="bbox 445 1641 1165 1717">
    <p class='ocr_par' dir='ltr' id='par_1_14' title="bbox 445 1641 1165 1717">
     <span class='ocr_line' id='line_1_14' title="bbox 445 1641 1165 1717; baseline -0.003 -18"><span class='ocrx_word' id='word_1_38' title='bbox 445 1645 508 1702; x_wconf 86' lang='grc' dir='ltr'><strong><em>Ἦ</em></strong></span> <span class='ocrx_word' id='word_1_39' title='bbox 543 1641 671 1717; x_wconf 85' lang='grc' dir='ltr'>δρὺς</span> <span class='ocrx_word' id='word_1_40' title='bbox 701 1646 798 1697; x_wconf 76' lang='grc' dir='ltr'>τοῦ</span> <span class='ocrx_word' id='word_1_41' title='bbox 819 1644 1165 1717; x_wconf 70' lang='grc' dir='ltr'>πατριάρχου</span> 
     </span>
    </p>
   </div>
   <div class='ocr_carea' id='block_1_15' title="bbox 375 1730 1163 1807">
    <p class='ocr_par' dir='ltr' id='par_1_15' title="bbox 375 1730 1163 1807">
     <span class='ocr_line' id='line_1_15' title="bbox 375 1730 1163 1807; baseline -0.009 -15"><span class='ocrx_word' id='word_1_42' title='bbox 375 1733 664 1807; x_wconf 86' lang='grc' dir='ltr'>Τρανούτω</span> <span class='ocrx_word' id='word_1_43' title='bbox 697 1751 792 1786; x_wconf 92' lang='grc' dir='ltr'>σου</span> <span class='ocrx_word' id='word_1_44' title='bbox 830 1732 932 1799; x_wconf 77' lang='grc' dir='ltr'>τήν</span> <span class='ocrx_word' id='word_1_45' title='bbox 962 1730 1163 1800; x_wconf 87' lang='grc' dir='ltr'>πίστιν,</span> 
     </span>
    </p>
   </div>
   <div class='ocr_carea' id='block_1_16' title="bbox 375 1819 876 1897">
    <p class='ocr_par' dir='ltr' id='par_1_16' title="bbox 375 1819 876 1897">
     <span class='ocr_line' id='line_1_16' title="bbox 375 1819 876 1897; baseline -0.016 -16"><span class='ocrx_word' id='word_1_46' title='bbox 375 1820 583 1897; x_wconf 74' lang='grc' dir='ltr'>Τριάδα</span> <span class='ocrx_word' id='word_1_47' title='bbox 611 1819 876 1895; x_wconf 82' lang='grc' dir='ltr'>παναγίαν</span> 
     </span>
    </p>
   </div>
   <div class='ocr_carea' id='block_1_17' title="bbox 377 1908 995 1982">
    <p class='ocr_par' dir='ltr' id='par_1_17' title="bbox 377 1908 995 1982">
     <span class='ocr_line' id='line_1_17' title="bbox 377 1908 995 1982; baseline -0.003 -14"><span class='ocrx_word' id='word_1_48' title='bbox 377 1911 751 1982; x_wconf 78' lang='grc' dir='ltr'>Φιλοξενοῦσα</span> <span class='ocrx_word' id='word_1_49' title='bbox 779 1908 995 1979; x_wconf 85' lang='grc' dir='ltr'>πρώην.</span> 
     </span>
    </p>
   </div>
   <div class='ocr_carea' id='block_1_18' title="bbox 449 1997 1026 2056">
    <p class='ocr_par' dir='ltr' id='par_1_18' title="bbox 449 1997 1026 2056">
     <span class='ocr_line' id='line_1_18' title="bbox 449 1997 1026 2056; baseline -0.007 0"><span class='ocrx_word' id='word_1_50' title='bbox 449 2001 578 2056; x_wconf 86' lang='grc' dir='ltr'>Θεὸν</span> <span class='ocrx_word' id='word_1_51' title='bbox 605 1998 829 2054; x_wconf 78' lang='grc' dir='ltr'>παλαίει</span> <span class='ocrx_word' id='word_1_52' title='bbox 856 1997 1026 2053; x_wconf 70' lang='grc' dir='ltr'>πάλαι</span> 
     </span>
    </p>
   </div>
   <div class='ocr_carea' id='block_1_19' title="bbox 375 2086 1067 2164">
    <p class='ocr_par' dir='ltr' id='par_1_19' title="bbox 375 2086 1067 2164">
     <span class='ocr_line' id='line_1_19' title="bbox 375 2086 1067 2164; baseline -0.009 -18"><span class='ocrx_word' id='word_1_53' title='bbox 375 2091 467 2146; x_wconf 87' lang='grc' dir='ltr'>Ἐν</span> <span class='ocrx_word' id='word_1_54' title='bbox 499 2090 749 2164; x_wconf 73' lang='grc' dir='ltr'>σχήματι</span> <span class='ocrx_word' id='word_1_55' title='bbox 781 2086 1067 2160; x_wconf 85' lang='grc' dir='ltr'>ἀνθρώπου</span> 
     </span>
    </p>
   </div>
   <div class='ocr_carea' id='block_1_20' title="bbox 371 2171 931 2252">
    <p class='ocr_par' dir='ltr' id='par_1_20' title="bbox 371 2171 931 2252">
     <span class='ocr_line' id='line_1_20' title="bbox 371 2171 931 2252; baseline -0.005 -19"><span class='ocrx_word' id='word_1_56' title='bbox 371 2180 435 2236; x_wconf 92' lang='grc' dir='ltr'>Ὁ</span> <span class='ocrx_word' id='word_1_57' title='bbox 474 2171 673 2236; x_wconf 78' lang='grc' dir='ltr'>Ἰακὼϐ</span> <span class='ocrx_word' id='word_1_58' title='bbox 701 2177 728 2230; x_wconf 79' lang='grc' dir='ltr'><strong>ὁ</strong></span> <span class='ocrx_word' id='word_1_59' title='bbox 767 2176 931 2252; x_wconf 80' lang='grc' dir='ltr'>μὲγας</span> 
     </span>
    </p>
   </div>
   <div class='ocr_carea' id='block_1_21' title="bbox 371 2265 1091 2339">
    <p class='ocr_par' dir='ltr' id='par_1_21' title="bbox 371 2265 1091 2339">
     <span class='ocr_line' id='line_1_21' title="bbox 371 2265 1091 2339; baseline -0.003 -15"><span class='ocrx_word' id='word_1_60' title='bbox 371 2269 444 2324; x_wconf 89' lang='grc' dir='ltr'>Τὸ</span> <span class='ocrx_word' id='word_1_61' title='bbox 478 2265 684 2339; x_wconf 72' lang='grc' dir='ltr'>μέλλον</span> <span class='ocrx_word' id='word_1_62' title='bbox 719 2265 1091 2339; x_wconf 78' lang='grc' dir='ltr'>ἐκμανθάνων.</span> 
     </span>
    </p>
   </div>
   <div class='ocr_carea' id='block_1_22' title="bbox 1562 918 2040 990">
    <p class='ocr_par' dir='ltr' id='par_1_22' title="bbox 1562 918 2040 990">
     <span class='ocr_line' id='line_1_22' title="bbox 1562 918 2040 990; baseline -0.002 -18"><span class='ocrx_word' id='word_1_63' title='bbox 1562 919 1660 972; x_wconf 85' lang='grc' dir='ltr'>Διά</span> <span class='ocrx_word' id='word_1_64' title='bbox 1689 918 1782 980; x_wconf 75' lang='grc' dir='ltr'>τὰς</span> <span class='ocrx_word' id='word_1_65' title='bbox 1809 918 2040 990; x_wconf 76' lang='grc' dir='ltr'>ἀνομίας</span> 
     </span>
    </p>
   </div>
   <div class='ocr_carea' id='block_1_23' title="bbox 1561 1545 2042 1622">
    <p class='ocr_par' dir='ltr' id='par_1_23' title="bbox 1561 1545 2042 1622">
     <span class='ocr_line' id='line_1_23' title="bbox 1561 1545 2042 1622; baseline -0.006 -19"><span class='ocrx_word' id='word_1_66' title='bbox 1561 1548 1825 1622; x_wconf 80' lang='grc' dir='ltr'>Ἱερεμίας</span> <span class='ocrx_word' id='word_1_67' title='bbox 1847 1545 2042 1622; x_wconf 74' lang='grc' dir='ltr'>λέγων·</span> 
     </span>
    </p>
   </div>
   <div class='ocr_carea' id='block_1_24' title="bbox 449 2353 1094 2432">
    <p class='ocr_par' dir='ltr' id='par_1_24' title="bbox 449 2353 1094 2432">
     <span class='ocr_line' id='line_1_24' title="bbox 449 2353 1094 2432; baseline -0.003 -19"><span class='ocrx_word' id='word_1_68' title='bbox 449 2353 592 2413; x_wconf 81' lang='grc' dir='ltr'>Ἰδού</span> <span class='ocrx_word' id='word_1_69' title='bbox 620 2376 705 2410; x_wconf 90' lang='grc' dir='ltr'>σοι</span> <span class='ocrx_word' id='word_1_70' title='bbox 727 2355 1094 2432; x_wconf 67' lang='grc' dir='ltr'>παραγγέλλει</span> 
     </span>
    </p>
   </div>
   <div class='ocr_carea' id='block_1_25' title="bbox 374 2445 1000 2522">
    <p class='ocr_par' dir='ltr' id='par_1_25' title="bbox 374 2445 1000 2522">
     <span class='ocr_line' id='line_1_25' title="bbox 374 2445 1000 2522; baseline -0.008 -18"><span class='ocrx_word' id='word_1_71' title='bbox 374 2453 579 2515; x_wconf 72' lang='grc' dir='ltr'>Μωσῆς</span> <span class='ocrx_word' id='word_1_72' title='bbox 604 2447 632 2500; x_wconf 88' lang='grc' dir='ltr'>ὁ</span> <span class='ocrx_word' id='word_1_73' title='bbox 663 2445 1000 2522; x_wconf 79' lang='grc' dir='ltr'>νομοφὲτης,</span> 
     </span>
    </p>
   </div>
   <div class='ocr_carea' id='block_1_26' title="bbox 374 2535 955 2609">
    <p class='ocr_par' dir='ltr' id='par_1_26' title="bbox 374 2535 955 2609">
     <span class='ocr_line' id='line_1_26' title="bbox 374 2535 955 2609; baseline -0.003 -17"><span class='ocrx_word' id='word_1_74' title='bbox 374 2535 623 2596; x_wconf 81' lang='grc' dir='ltr'>Ἀκούειν</span> <span class='ocrx_word' id='word_1_75' title='bbox 650 2536 955 2609; x_wconf 71' lang='grc' dir='ltr'>νομοθέτου</span> 
     </span>
    </p>
   </div>
   <div class='ocr_carea' id='block_1_27' title="bbox 375 2624 1150 2700">
    <p class='ocr_par' dir='ltr' id='par_1_27' title="bbox 375 2624 1150 2700">
     <span class='ocr_line' id='line_1_27' title="bbox 375 2624 1150 2700; baseline 0.001 -18"><span class='ocrx_word' id='word_1_76' title='bbox 375 2631 482 2682; x_wconf 78' lang='grc' dir='ltr'>Τοῦ</span> <span class='ocrx_word' id='word_1_77' title='bbox 517 2624 816 2698; x_wconf 61' lang='grc' dir='ltr'>μέλλοντος</span> <span class='ocrx_word' id='word_1_78' title='bbox 845 2628 1150 2700; x_wconf 80' lang='grc' dir='ltr'>γεννᾶσθαι.</span> 
     </span>
    </p>
   </div>
   <div class='ocr_carea' id='block_1_28' title="bbox 452 2715 1057 2784">
    <p class='ocr_par' dir='ltr' id='par_1_28' title="bbox 452 2715 1057 2784">
     <span class='ocr_line' id='line_1_28' title="bbox 452 2715 1057 2784; baseline -0.002 -12"><span class='ocrx_word' id='word_1_79' title='bbox 452 2715 738 2784; x_wconf 77' lang='grc' dir='ltr'>Κατῆλθεν</span> <span class='ocrx_word' id='word_1_80' title='bbox 769 2715 857 2770; x_wconf 73' lang='grc' dir='ltr'>ἐπὶ</span> <span class='ocrx_word' id='word_1_81' title='bbox 890 2715 1057 2771; x_wconf 80' lang='grc' dir='ltr'>πόκον</span> 
     </span>
    </p>
   </div>
   <div class='ocr_carea' id='block_1_29' title="bbox 382 2803 1032 2880">
    <p class='ocr_par' dir='ltr' id='par_1_29' title="bbox 382 2803 1032 2880">
     <span class='ocr_line' id='line_1_29' title="bbox 382 2803 1032 2880; baseline -0.005 -17"><span class='ocrx_word' id='word_1_82' title='bbox 382 2810 487 2864; x_wconf 74' lang='grc' dir='ltr'><strong>Τοῖ’)</strong></span> <span class='ocrx_word' id='word_1_83' title='bbox 517 2803 721 2861; x_wconf 85' lang='grc' dir='ltr'>Γεδεὼν</span> <span class='ocrx_word' id='word_1_84' title='bbox 749 2808 784 2875; x_wconf 81' lang='grc' dir='ltr'><strong>ἡ</strong></span> <span class='ocrx_word' id='word_1_85' title='bbox 813 2803 1032 2880; x_wconf 84' lang='grc' dir='ltr'>δρόσος,</span> 
     </span>
    </p>
   </div>
   <div class='ocr_carea' id='block_1_30' title="bbox 376 2897 1063 2974">
    <p class='ocr_par' dir='ltr' id='par_1_30' title="bbox 376 2897 1063 2974">
     <span class='ocr_line' id='line_1_30' title="bbox 376 2897 1063 2974; baseline -0.001 -20"><span class='ocrx_word' id='word_1_86' title='bbox 376 2897 486 2954; x_wconf 86' lang='grc' dir='ltr'>Τὸν</span> <span class='ocrx_word' id='word_1_87' title='bbox 515 2897 676 2951; x_wconf 84' lang='grc' dir='ltr'>τόκον</span> <span class='ocrx_word' id='word_1_88' title='bbox 703 2901 1063 2974; x_wconf 78' lang='grc' dir='ltr'>ζωγραφοῦσα</span> 
     </span>
    </p>
   </div>
   <div class='ocr_carea' id='block_1_31' title="bbox 377 2988 1024 3060">
    <p class='ocr_par' dir='ltr' id='par_1_31' title="bbox 377 2988 1024 3060">
     <span class='ocr_line' id='line_1_31' title="bbox 377 2988 1024 3060; baseline 0 -16"><span class='ocrx_word' id='word_1_89' title='bbox 377 2989 495 3056; x_wconf 80' lang='grc' dir='ltr'>Τῆς</span> <span class='ocrx_word' id='word_1_90' title='bbox 530 2988 703 3060; x_wconf 86' lang='grc' dir='ltr'>μόνης</span> <span class='ocrx_word' id='word_1_91' title='bbox 732 2988 1024 3046; x_wconf 84' lang='grc' dir='ltr'>Θεοτόκου.</span> 
     </span>
    </p>
   </div>
   <div class='ocr_carea' id='block_1_32' title="bbox 456 3075 924 3151">
    <p class='ocr_par' dir='ltr' id='par_1_32' title="bbox 456 3075 924 3151">
     <span class='ocr_line' id='line_1_32' title="bbox 456 3075 924 3151; baseline 0.002 -19"><span class='ocrx_word' id='word_1_92' title='bbox 456 3075 668 3151; x_wconf 73' lang='grc' dir='ltr'>Λεγὲτω</span> <span class='ocrx_word' id='word_1_93' title='bbox 698 3078 924 3142; x_wconf 77' lang='grc' dir='ltr'>Ἦσαῒας</span> 
     </span>
    </p>
   </div>
   <div class='ocr_carea' id='block_1_33' title="bbox 379 3168 1097 3242">
    <p class='ocr_par' dir='ltr' id='par_1_33' title="bbox 379 3168 1097 3242">
     <span class='ocr_line' id='line_1_33' title="bbox 379 3168 1097 3242; baseline 0 -19"><span class='ocrx_word' id='word_1_94' title='bbox 379 3171 510 3228; x_wconf 80' lang='grc' dir='ltr'>Ηῶς</span> <span class='ocrx_word' id='word_1_95' title='bbox 531 3168 703 3222; x_wconf 84' lang='grc' dir='ltr'>τίκτει</span> <span class='ocrx_word' id='word_1_96' title='bbox 733 3169 768 3236; x_wconf 82' lang='grc' dir='ltr'><strong>ἡ</strong></span> <span class='ocrx_word' id='word_1_97' title='bbox 803 3168 1097 3242; x_wconf 67' lang='grc' dir='ltr'>Παρθένος,</span> 
     </span>
    </p>
   </div>
   <div class='ocr_carea' id='block_1_34' title="bbox 455 3296 2044 3371">
    <p class='ocr_par' dir='ltr' id='par_1_34' title="bbox 455 3296 2044 3371">
     <span class='ocr_line' id='line_1_34' title="bbox 455 3296 2044 3371; baseline -0.001 -20"><span class='ocrx_word' id='word_1_98' title='bbox 455 3297 626 3352; x_wconf 86' lang='lat' dir='ltr'><strong>Disce</strong></span> <span class='ocrx_word' id='word_1_99' title='bbox 659 3296 922 3353; x_wconf 79' lang='lat' dir='ltr'>studiose</span> <span class='ocrx_word' id='word_1_100' title='bbox 969 3300 1374 3371; x_wconf 77' lang='lat' dir='ltr'>cognitionem</span> <span class='ocrx_word' id='word_1_101' title='bbox 1435 3299 1759 3366; x_wconf 77' lang='lat' dir='ltr'>Trinitatis,</span> <span class='ocrx_word' id='word_1_102' title='bbox 1796 3298 2044 3354; x_wconf 89' lang='lat' dir='ltr'>edocere</span> 
     </span>
    </p>
   </div>
   <div class='ocr_carea' id='block_1_35' title="bbox 383 3386 1434 3444">
    <p class='ocr_par' dir='ltr' id='par_1_35' title="bbox 383 3386 1434 3444">
     <span class='ocr_line' id='line_1_35' title="bbox 383 3386 1434 3444; baseline 0.002 -2"><span class='ocrx_word' id='word_1_103' title='bbox 383 3387 647 3442; x_wconf 84' lang='lat' dir='ltr'>divinam</span> <span class='ocrx_word' id='word_1_104' title='bbox 682 3386 896 3442; x_wconf 85' lang='lat' dir='ltr'>Christi</span> <span class='ocrx_word' id='word_1_105' title='bbox 937 3387 1434 3444; x_wconf 74' lang='lat' dir='ltr'>incarnationem.</span> 
     </span>
    </p>
   </div>
   <div class='ocr_carea' id='block_1_36' title="bbox 456 3475 2040 3550">
    <p class='ocr_par' dir='ltr' id='par_1_36' title="bbox 456 3475 2040 3550">
     <span class='ocr_line' id='line_1_36' title="bbox 456 3475 2040 3550; baseline 0.001 -20"><span class='ocrx_word' id='word_1_106' title='bbox 456 3477 520 3530; x_wconf 92' lang='lat' dir='ltr'>ln</span> <span class='ocrx_word' id='word_1_107' title='bbox 554 3475 760 3547; x_wconf 88' lang='lat' dir='ltr'>primis</span> <span class='ocrx_word' id='word_1_108' title='bbox 789 3477 1156 3548; x_wconf 80' lang='lat' dir='ltr'>temporibus</span> <span class='ocrx_word' id='word_1_109' title='bbox 1192 3479 1452 3550; x_wconf 88' lang='lat' dir='ltr'>primum</span> <span class='ocrx_word' id='word_1_110' title='bbox 1508 3478 1752 3534; x_wconf 84' lang='lat' dir='ltr'>verbum</span> <span class='ocrx_word' id='word_1_111' title='bbox 1791 3475 2040 3550; x_wconf 85' lang='lat' dir='ltr'>protulit</span> 
     </span>
    </p>
   </div>
   <div class='ocr_carea' id='block_1_37' title="bbox 380 3565 1862 3642">
    <p class='ocr_par' dir='ltr' id='par_1_37' title="bbox 380 3565 1862 3642">
     <span class='ocr_line' id='line_1_37' title="bbox 380 3565 1862 3642; baseline 0.003 -21"><span class='ocrx_word' id='word_1_112' title='bbox 380 3567 591 3621; x_wconf 88' lang='lat' dir='ltr'>Pater:</span> <span class='ocrx_word' id='word_1_113' title='bbox 626 3565 931 3621; x_wconf 86' lang='lat' dir='ltr'>Faciamus</span> <span class='ocrx_word' id='word_1_114' title='bbox 962 3567 1148 3623; x_wconf 88' lang='lat' dir='ltr'>Adam</span> <span class='ocrx_word' id='word_1_115' title='bbox 1180 3568 1252 3623; x_wconf 88' lang='lat' dir='ltr'>ad</span> <span class='ocrx_word' id='word_1_116' title='bbox 1283 3584 1478 3624; x_wconf 87' lang='lat' dir='ltr'>meam</span> <span class='ocrx_word' id='word_1_117' title='bbox 1524 3569 1862 3642; x_wconf 81' lang='lat' dir='ltr'>imaginem.</span> 
     </span>
    </p>
   </div>
   <div class='ocr_carea' id='block_1_38' title="bbox 467 3655 2054 3730">
    <p class='ocr_par' dir='ltr' id='par_1_38' title="bbox 467 3655 2054 3730">
     <span class='ocr_line' id='line_1_38' title="bbox 467 3655 2054 3730; baseline 0.003 -21"><span class='ocrx_word' id='word_1_118' title='bbox 467 3656 608 3710; x_wconf 65' lang='lat' dir='ltr'>Vitas</span> <span class='ocrx_word' id='word_1_119' title='bbox 665 3655 1038 3728; x_wconf 85' lang='lat' dir='ltr'>perfectioris</span> <span class='ocrx_word' id='word_1_120' title='bbox 1088 3657 1150 3714; x_wconf 92' lang='lat' dir='ltr'>in</span> <span class='ocrx_word' id='word_1_121' title='bbox 1203 3659 1435 3714; x_wconf 83' lang='lat' dir='ltr'>Christo</span> <span class='ocrx_word' id='word_1_122' title='bbox 1494 3659 1825 3730; x_wconf 60' lang='lat' dir='ltr'>praevidens</span> <span class='ocrx_word' id='word_1_123' title='bbox 1874 3659 2054 3726; x_wconf 88' lang='lat' dir='ltr'>Enos,</span> 
     </span>
    </p>
   </div>
   <div class='ocr_carea' id='block_1_39' title="bbox 393 3745 1751 3820">
    <p class='ocr_par' dir='ltr' id='par_1_39' title="bbox 393 3745 1751 3820">
     <span class='ocr_line' id='line_1_39' title="bbox 393 3745 1751 3820; baseline 0.004 -20"><span class='ocrx_word' id='word_1_124' title='bbox 393 3745 724 3802; x_wconf 86' lang='lat' dir='ltr'>vocandum</span> <span class='ocrx_word' id='word_1_125' title='bbox 758 3763 885 3802; x_wconf 90' lang='lat' dir='ltr'>esse</span> <span class='ocrx_word' id='word_1_126' title='bbox 915 3747 1275 3803; x_wconf 87' lang='lat' dir='ltr'>Salvatorem</span> <span class='ocrx_word' id='word_1_127' title='bbox 1309 3749 1751 3820; x_wconf 66' lang='lat' dir='ltr'>praenuntiavit.</span> 
     </span>
    </p>
   </div>
   <div class='ocr_carea' id='block_1_40' title="bbox 459 3837 2053 3908">
    <p class='ocr_par' dir='ltr' id='par_1_40' title="bbox 459 3837 2053 3908">
     <span class='ocr_line' id='line_1_40' title="bbox 459 3837 2053 3908; baseline 0.002 -19"><span class='ocrx_word' id='word_1_128' title='bbox 459 3837 724 3902; x_wconf 82' lang='lat' dir='ltr'>Querens</span> <span class='ocrx_word' id='word_1_129' title='bbox 756 3837 1109 3908; x_wconf 66' lang='lat' dir='ltr'>patriarchae</span> <span class='ocrx_word' id='word_1_130' title='bbox 1142 3847 1306 3894; x_wconf 90' lang='lat' dir='ltr'>tuam</span> <span class='ocrx_word' id='word_1_131' title='bbox 1339 3839 1520 3895; x_wconf 79' lang='lat' dir='ltr'>ﬁdem</span> <span class='ocrx_word' id='word_1_132' title='bbox 1561 3839 1885 3905; x_wconf 88' lang='lat' dir='ltr'>illuminet,</span> <span class='ocrx_word' id='word_1_133' title='bbox 1920 3853 2053 3908; x_wconf 73' lang='lat' dir='ltr'>qum</span> 
     </span>
    </p>
   </div>
   <div class='ocr_carea' id='block_1_41' title="bbox 392 3924 1886 4000">
    <p class='ocr_par' dir='ltr' id='par_1_41' title="bbox 392 3924 1886 4000">
     <span class='ocr_line' id='line_1_41' title="bbox 392 3924 1886 4000; baseline 0.001 -20"><span class='ocrx_word' id='word_1_134' title='bbox 392 3924 666 3980; x_wconf 90' lang='lat' dir='ltr'>Triadem</span> <span class='ocrx_word' id='word_1_135' title='bbox 701 3926 1140 3982; x_wconf 83' lang='lat' dir='ltr'>sanctissimam</span> <span class='ocrx_word' id='word_1_136' title='bbox 1171 3927 1314 3983; x_wconf 92' lang='lat' dir='ltr'>olim</span> <span class='ocrx_word' id='word_1_137' title='bbox 1349 3928 1609 4000; x_wconf 86' lang='lat' dir='ltr'>hospitio</span> <span class='ocrx_word' id='word_1_138' title='bbox 1642 3928 1886 4000; x_wconf 88' lang='lat' dir='ltr'>recepit.</span> 
     </span>
    </p>
   </div>
   <div class='ocr_carea' id='block_1_42' title="bbox 454 4014 2054 4090">
    <p class='ocr_par' dir='ltr' id='par_1_42' title="bbox 454 4014 2054 4090">
     <span class='ocr_line' id='line_1_42' title="bbox 454 4014 2054 4090; baseline 0.003 -23"><span class='ocrx_word' id='word_1_139' title='bbox 454 4014 597 4068; x_wconf 91' lang='lat' dir='ltr'>Cum</span> <span class='ocrx_word' id='word_1_140' title='bbox 633 4015 751 4069; x_wconf 90' lang='lat' dir='ltr'>Deo</span> <span class='ocrx_word' id='word_1_141' title='bbox 807 4015 1109 4087; x_wconf 86' lang='lat' dir='ltr'>quondam</span> <span class='ocrx_word' id='word_1_142' title='bbox 1169 4017 1429 4073; x_wconf 91' lang='lat' dir='ltr'>luctatur</span> <span class='ocrx_word' id='word_1_143' title='bbox 1458 4019 1520 4073; x_wconf 90' lang='lat' dir='ltr'>in</span> <span class='ocrx_word' id='word_1_144' title='bbox 1552 4018 1814 4074; x_wconf 89' lang='lat' dir='ltr'>hominis</span> <span class='ocrx_word' id='word_1_145' title='bbox 1855 4017 2054 4090; x_wconf 86' lang='lat' dir='ltr'>specie</span> 
     </span>
    </p>
   </div>
   <div class='ocr_carea' id='block_1_43' title="bbox 387 4105 1612 4176">
    <p class='ocr_par' dir='ltr' id='par_1_43' title="bbox 387 4105 1612 4176">
     <span class='ocr_line' id='line_1_43' title="bbox 387 4105 1612 4176; baseline 0.002 -17"><span class='ocrx_word' id='word_1_146' title='bbox 387 4120 640 4176; x_wconf 89' lang='lat' dir='ltr'>magnus</span> <span class='ocrx_word' id='word_1_147' title='bbox 672 4105 774 4161; x_wconf 91' lang='lat' dir='ltr'>ille</span> <span class='ocrx_word' id='word_1_148' title='bbox 803 4106 1001 4168; x_wconf 77' lang='lat' dir='ltr'>Iacob,</span> <span class='ocrx_word' id='word_1_149' title='bbox 1035 4107 1301 4163; x_wconf 86' lang='lat' dir='ltr'>futurum</span> <span class='ocrx_word' id='word_1_150' title='bbox 1335 4108 1612 4165; x_wconf 88' lang='lat' dir='ltr'>edocens.</span> 
     </span>
    </p>
   </div>
   <div class='ocr_carea' id='block_1_44' title="bbox 453 4193 2054 4270">
    <p class='ocr_par' dir='ltr' id='par_1_44' title="bbox 453 4193 2054 4270">
     <span class='ocr_line' id='line_1_44' title="bbox 453 4193 2054 4270; baseline 0.004 -24"><span class='ocrx_word' id='word_1_151' title='bbox 453 4193 538 4247; x_wconf 92' lang='lat' dir='ltr'>En</span> <span class='ocrx_word' id='word_1_152' title='bbox 571 4193 679 4247; x_wconf 89' lang='lat' dir='ltr'>tibi</span> <span class='ocrx_word' id='word_1_153' title='bbox 710 4196 982 4265; x_wconf 69' lang='lat' dir='ltr'>prmcipit</span> <span class='ocrx_word' id='word_1_154' title='bbox 1021 4197 1250 4268; x_wconf 83' lang='lat' dir='ltr'>Moyses</span> <span class='ocrx_word' id='word_1_155' title='bbox 1299 4197 1606 4270; x_wconf 83' lang='lat' dir='ltr'>legislator</span> <span class='ocrx_word' id='word_1_156' title='bbox 1637 4202 1702 4253; x_wconf 83' lang='lat' dir='ltr'>ut</span> <span class='ocrx_word' id='word_1_157' title='bbox 1730 4197 1938 4254; x_wconf 85' lang='lat' dir='ltr'>audias</span> <span class='ocrx_word' id='word_1_158' title='bbox 1964 4196 2054 4252; x_wconf 92' lang='lat' dir='ltr'>le-</span> 
     </span>
    </p>
   </div>
   <div class='ocr_carea' id='block_1_45' title="bbox 382 4281 1286 4355">
    <p class='ocr_par' dir='ltr' id='par_1_45' title="bbox 382 4281 1286 4355">
     <span class='ocr_line' id='line_1_45' title="bbox 382 4281 1286 4355; baseline 0.004 -19"><span class='ocrx_word' id='word_1_159' title='bbox 382 4281 731 4354; x_wconf 89' lang='lat' dir='ltr'>gislatorem</span> <span class='ocrx_word' id='word_1_160' title='bbox 755 4285 858 4355; x_wconf 88' lang='lat' dir='ltr'>qui</span> <span class='ocrx_word' id='word_1_161' title='bbox 890 4286 1052 4340; x_wconf 91' lang='lat' dir='ltr'>nasci</span> <span class='ocrx_word' id='word_1_162' title='bbox 1089 4285 1286 4342; x_wconf 91' lang='lat' dir='ltr'>debet.</span> 
     </span>
    </p>
   </div>
   <div class='ocr_carea' id='block_1_46' title="bbox 462 4373 2051 4433">
    <p class='ocr_par' dir='ltr' id='par_1_46' title="bbox 462 4373 2051 4433">
     <span class='ocr_line' id='line_1_46' title="bbox 462 4373 2051 4433; baseline 0.003 -5"><span class='ocrx_word' id='word_1_163' title='bbox 462 4373 778 4428; x_wconf 85' lang='lat' dir='ltr'>Descendit</span> <span class='ocrx_word' id='word_1_164' title='bbox 832 4373 891 4428; x_wconf 93' lang='lat' dir='ltr'>in</span> <span class='ocrx_word' id='word_1_165' title='bbox 950 4375 1143 4432; x_wconf 85' lang='lat' dir='ltr'>vellus</span> <span class='ocrx_word' id='word_1_166' title='bbox 1203 4375 1496 4432; x_wconf 88' lang='lat' dir='ltr'>Gedeonis</span> <span class='ocrx_word' id='word_1_167' title='bbox 1528 4393 1626 4432; x_wconf 85' lang='lat' dir='ltr'>ros</span> <span class='ocrx_word' id='word_1_168' title='bbox 1684 4375 2051 4433; x_wconf 87' lang='lat' dir='ltr'>adumbrans</span> 
     </span>
    </p>
   </div>
   <div class='ocr_carea' id='block_1_47' title="bbox 393 4463 1156 4536">
    <p class='ocr_par' dir='ltr' id='par_1_47' title="bbox 393 4463 1156 4536">
     <span class='ocr_line' id='line_1_47' title="bbox 393 4463 1156 4536; baseline 0.003 -18"><span class='ocrx_word' id='word_1_169' title='bbox 393 4468 632 4536; x_wconf 90' lang='lat' dir='ltr'>partum</span> <span class='ocrx_word' id='word_1_170' title='bbox 661 4463 844 4518; x_wconf 91' lang='lat' dir='ltr'>solius</span> <span class='ocrx_word' id='word_1_171' title='bbox 867 4464 1156 4536; x_wconf 67' lang='lat' dir='ltr'>Deiparaa.</span> 
     </span>
    </p>
   </div>
   <div class='ocr_carea' id='block_1_48' title="bbox 457 4553 2051 4630">
    <p class='ocr_par' dir='ltr' id='par_1_48' title="bbox 457 4553 2051 4630">
     <span class='ocr_line' id='line_1_48' title="bbox 457 4553 2051 4630; baseline 0.003 -23"><span class='ocrx_word' id='word_1_172' title='bbox 457 4553 624 4608; x_wconf 86' lang='lat' dir='ltr'>Dicat</span> <span class='ocrx_word' id='word_1_173' title='bbox 658 4553 839 4608; x_wconf 87' lang='lat' dir='ltr'>Isaias</span> <span class='ocrx_word' id='word_1_174' title='bbox 900 4555 1197 4625; x_wconf 88' lang='lat' dir='ltr'>quomodo</span> <span class='ocrx_word' id='word_1_175' title='bbox 1255 4556 1452 4628; x_wconf 86' lang='lat' dir='ltr'>pariat</span> <span class='ocrx_word' id='word_1_176' title='bbox 1507 4556 1690 4630; x_wconf 87' lang='lat' dir='ltr'>virgo,</span> <span class='ocrx_word' id='word_1_177' title='bbox 1723 4555 1960 4612; x_wconf 88' lang='lat' dir='ltr'>dolores</span> <span class='ocrx_word' id='word_1_178' title='bbox 1993 4560 2051 4611; x_wconf 93' lang='lat' dir='ltr'>et</span> 
     </span>
    </p>
   </div>
   <div class='ocr_carea' id='block_1_49' title="bbox 383 4641 1342 4720">
    <p class='ocr_par' dir='ltr' id='par_1_49' title="bbox 383 4641 1342 4720">
     <span class='ocr_line' id='line_1_49' title="bbox 383 4641 1342 4720; baseline 0.002 -22"><span class='ocrx_word' id='word_1_179' title='bbox 383 4641 627 4698; x_wconf 88' lang='lat' dir='ltr'>labores</span> <span class='ocrx_word' id='word_1_180' title='bbox 660 4645 1061 4700; x_wconf 89' lang='lat' dir='ltr'>maternitatis</span> <span class='ocrx_word' id='word_1_181' title='bbox 1091 4646 1342 4720; x_wconf 85' lang='lat' dir='ltr'>fugiens.</span> 
     </span>
    </p>
   </div>
   <div class='ocr_carea' id='block_1_50' title="bbox 461 4732 2050 4810">
    <p class='ocr_par' dir='ltr' id='par_1_50' title="bbox 461 4732 2050 4810">
     <span class='ocr_line' id='line_1_50' title="bbox 461 4732 2050 4810; baseline 0.004 -24"><span class='ocrx_word' id='word_1_182' title='bbox 461 4732 598 4787; x_wconf 88' lang='lat' dir='ltr'>Sine</span> <span class='ocrx_word' id='word_1_183' title='bbox 629 4733 842 4789; x_wconf 89' lang='lat' dir='ltr'>decore</span> <span class='ocrx_word' id='word_1_184' title='bbox 875 4737 1154 4807; x_wconf 86' lang='lat' dir='ltr'>apparuit</span> <span class='ocrx_word' id='word_1_185' title='bbox 1201 4737 1492 4793; x_wconf 88' lang='lat' dir='ltr'>Dominus</span> <span class='ocrx_word' id='word_1_186' title='bbox 1533 4737 1734 4810; x_wconf 80' lang='lat' dir='ltr'>gloriae</span> <span class='ocrx_word' id='word_1_187' title='bbox 1763 4754 1774 4791; x_wconf 89' lang='lat'>:</span> <span class='ocrx_word' id='word_1_188' title='bbox 1807 4743 2050 4809; x_wconf 88' lang='lat' dir='ltr'>propter</span> 
     </span>
    </p>
   </div>
   <div class='ocr_carea' id='block_1_51' title="bbox 388 4822 1866 4897">
    <p class='ocr_par' dir='ltr' id='par_1_51' title="bbox 388 4822 1866 4897">
     <span class='ocr_line' id='line_1_51' title="bbox 388 4822 1866 4897; baseline 0.003 -21"><span class='ocrx_word' id='word_1_189' title='bbox 388 4822 911 4894; x_wconf 66' lang='lat' dir='ltr'>praevaricationes</span> <span class='ocrx_word' id='word_1_190' title='bbox 938 4826 1142 4897; x_wconf 91' lang='lat' dir='ltr'>populi</span> <span class='ocrx_word' id='word_1_191' title='bbox 1175 4827 1293 4882; x_wconf 88' lang='lat' dir='ltr'>mei</span> <span class='ocrx_word' id='word_1_192' title='bbox 1326 4827 1669 4882; x_wconf 87' lang='lat' dir='ltr'>immolatus</span> <span class='ocrx_word' id='word_1_193' title='bbox 1714 4843 1866 4881; x_wconf 91' lang='lat' dir='ltr'>sum.</span> 
     </span>
    </p>
   </div>
   <div class='ocr_carea' id='block_1_52' title="bbox 459 4911 2046 4989">
    <p class='ocr_par' dir='ltr' id='par_1_52' title="bbox 459 4911 2046 4989">
     <span class='ocr_line' id='line_1_52' title="bbox 459 4911 2046 4989; baseline 0.005 -24"><span class='ocrx_word' id='word_1_194' title='bbox 459 4911 660 4967; x_wconf 90' lang='lat' dir='ltr'>Vincit</span> <span class='ocrx_word' id='word_1_195' title='bbox 702 4914 993 4985; x_wconf 88' lang='lat' dir='ltr'>patientia</span> <span class='ocrx_word' id='word_1_196' title='bbox 1023 4915 1575 4989; x_wconf 89' lang='lat' dir='ltr'>blasphematorum</span> <span class='ocrx_word' id='word_1_197' title='bbox 1630 4916 2046 4985; x_wconf 84' lang='lat' dir='ltr'>contumelias,</span> 
     </span>
    </p>
   </div>
   <div class='ocr_carea' id='block_1_53' title="bbox 381 5001 1581 5079">
    <p class='ocr_par' dir='ltr' id='par_1_53' title="bbox 381 5001 1581 5079">
     <span class='ocr_line' id='line_1_53' title="bbox 381 5001 1581 5079; baseline 0.005 -23"><span class='ocrx_word' id='word_1_198' title='bbox 381 5005 547 5076; x_wconf 83' lang='lat' dir='ltr'>terga</span> <span class='ocrx_word' id='word_1_199' title='bbox 579 5001 976 5073; x_wconf 79' lang='lat' dir='ltr'>flagellantur,</span> <span class='ocrx_word' id='word_1_200' title='bbox 1002 5005 1186 5062; x_wconf 87' lang='lat' dir='ltr'>facies</span> <span class='ocrx_word' id='word_1_201' title='bbox 1215 5009 1581 5079; x_wconf 90' lang='lat' dir='ltr'>conspuitur.</span> 
     </span>
    </p>
   </div>
   <div class='ocr_carea' id='block_1_54' title="bbox 460 5091 2045 5165">
    <p class='ocr_par' dir='ltr' id='par_1_54' title="bbox 460 5091 2045 5165">
     <span class='ocr_line' id='line_1_54' title="bbox 460 5091 2045 5165; baseline 0.003 -19"><span class='ocrx_word' id='word_1_202' title='bbox 460 5091 786 5165; x_wconf 86' lang='lat' dir='ltr'>Stupefacit</span> <span class='ocrx_word' id='word_1_203' title='bbox 841 5111 1079 5151; x_wconf 89' lang='lat' dir='ltr'>omnem</span> <span class='ocrx_word' id='word_1_204' title='bbox 1143 5103 1406 5152; x_wconf 89' lang='lat' dir='ltr'>mentem</span> <span class='ocrx_word' id='word_1_205' title='bbox 1456 5097 1744 5153; x_wconf 82' lang='lat' dir='ltr'>Jeremias</span> <span class='ocrx_word' id='word_1_206' title='bbox 1801 5095 2045 5152; x_wconf 87' lang='lat' dir='ltr'>dicens:</span> 
     </span>
    </p>
   </div>
   <div class='ocr_carea' id='block_1_55' title="bbox 394 5181 1696 5260">
    <p class='ocr_par' dir='ltr' id='par_1_55' title="bbox 394 5181 1696 5260">
     <span class='ocr_line' id='line_1_55' title="bbox 394 5181 1696 5260; baseline 0.005 -25"><span class='ocrx_word' id='word_1_207' title='bbox 394 5181 582 5255; x_wconf 85' lang='lat' dir='ltr'>Agite,</span> <span class='ocrx_word' id='word_1_208' title='bbox 613 5183 916 5239; x_wconf 87' lang='lat' dir='ltr'>mittamus</span> <span class='ocrx_word' id='word_1_209' title='bbox 946 5185 1173 5258; x_wconf 79' lang='lat' dir='ltr'>lignum</span> <span class='ocrx_word' id='word_1_210' title='bbox 1201 5187 1260 5241; x_wconf 90' lang='lat' dir='ltr'>in</span> <span class='ocrx_word' id='word_1_211' title='bbox 1289 5203 1506 5258; x_wconf 88' lang='lat' dir='ltr'>panem</span> <span class='ocrx_word' id='word_1_212' title='bbox 1539 5187 1696 5260; x_wconf 88' lang='lat' dir='ltr'>agni.</span> 
     </span>
    </p>
   </div>
   <div class='ocr_carea' id='block_1_56' title="bbox 457 5272 2046 5347">
    <p class='ocr_par' dir='ltr' id='par_1_56' title="bbox 457 5272 2046 5347">
     <span class='ocr_line' id='line_1_56' title="bbox 457 5272 2046 5347; baseline 0.003 -22"><span class='ocrx_word' id='word_1_213' title='bbox 457 5272 626 5327; x_wconf 87' lang='lat' dir='ltr'>Dicat</span> <span class='ocrx_word' id='word_1_214' title='bbox 667 5289 920 5345; x_wconf 86' lang='lat' dir='ltr'>magnus</span> <span class='ocrx_word' id='word_1_215' title='bbox 976 5275 1155 5331; x_wconf 86' lang='lat' dir='ltr'>David</span> <span class='ocrx_word' id='word_1_216' title='bbox 1215 5276 1448 5333; x_wconf 90' lang='lat' dir='ltr'>divinus</span> <span class='ocrx_word' id='word_1_217' title='bbox 1507 5277 1609 5332; x_wconf 91' lang='lat' dir='ltr'>ille</span> <span class='ocrx_word' id='word_1_218' title='bbox 1669 5278 1863 5347; x_wconf 87' lang='lat' dir='ltr'>Pater,</span> <span class='ocrx_word' id='word_1_219' title='bbox 1897 5291 2046 5347; x_wconf 88' lang='lat' dir='ltr'>quo-</span> 
     </span>
    </p>
   </div>
   <div class='ocr_carea' id='block_1_57' title="bbox 1543 424 2592 490">
    <p class='ocr_par' dir='ltr' id='par_1_57' title="bbox 1543 424 2592 490">
     <span class='ocr_line' id='line_1_57' title="bbox 1543 424 2592 490; baseline -0.005 0"><span class='ocrx_word' id='word_1_220' title='bbox 1543 429 1645 490; x_wconf 85' lang='lat' dir='ltr'>AD</span> <span class='ocrx_word' id='word_1_221' title='bbox 1687 427 2003 490; x_wconf 55' lang='lat' dir='ltr'>JUD/EOQ</span> <span class='ocrx_word' id='word_1_222' title='bbox 2056 424 2592 488; x_wconf 57' lang='lat' dir='ltr'>EXHORTATIO.</span> 
     </span>
    </p>
   </div>
   <div class='ocr_carea' id='block_1_58' title="bbox 1561 557 2167 636">
    <p class='ocr_par' dir='ltr' id='par_1_58' title="bbox 1561 557 2167 636">
     <span class='ocr_line' id='line_1_58' title="bbox 1561 557 2167 636; baseline -0.005 -19"><span class='ocrx_word' id='word_1_223' title='bbox 1561 564 1822 636; x_wconf 83' lang='grc' dir='ltr'>Φυγοῢσα</span> <span class='ocrx_word' id='word_1_224' title='bbox 1848 561 1944 623; x_wconf 75' lang='grc' dir='ltr'>τας</span> <span class='ocrx_word' id='word_1_225' title='bbox 1967 557 2167 622; x_wconf 83' lang='grc' dir='ltr'>ὠδῖνας</span> 
     </span>
    </p>
   </div>
   <div class='ocr_carea' id='block_1_59' title="bbox 1560 649 2346 722">
    <p class='ocr_par' dir='ltr' id='par_1_59' title="bbox 1560 649 2346 722">
     <span class='ocr_line' id='line_1_59' title="bbox 1560 649 2346 722; baseline -0.003 -13"><span class='ocrx_word' id='word_1_226' title='bbox 1560 649 1664 709; x_wconf 78' lang='grc' dir='ltr'>Καὶ</span> <span class='ocrx_word' id='word_1_227' title='bbox 1697 651 1898 714; x_wconf 88' lang='grc' dir='ltr'>πόνους</span> <span class='ocrx_word' id='word_1_228' title='bbox 1925 654 2030 705; x_wconf 78' lang='grc' dir='ltr'>τῶν</span> <span class='ocrx_word' id='word_1_229' title='bbox 2077 650 2346 722; x_wconf 74' lang='grc' dir='ltr'>μητέρων.</span> 
     </span>
    </p>
   </div>
   <div class='ocr_carea' id='block_1_60' title="bbox 1633 736 2334 816">
    <p class='ocr_par' dir='ltr' id='par_1_60' title="bbox 1633 736 2334 816">
     <span class='ocr_line' id='line_1_60' title="bbox 1633 736 2334 816; baseline 0.001 -24"><span class='ocrx_word' id='word_1_230' title='bbox 1633 743 1726 809; x_wconf 77' lang='grc' dir='ltr'>Μή</span> <span class='ocrx_word' id='word_1_231' title='bbox 1763 739 1907 816; x_wconf 81' lang='grc' dir='ltr'>ἔχων</span> <span class='ocrx_word' id='word_1_232' title='bbox 1937 738 2146 800; x_wconf 82' lang='grc' dir='ltr'>καλλος</span> <span class='ocrx_word' id='word_1_233' title='bbox 2176 736 2334 814; x_wconf 75' lang='grc' dir='ltr'>ὢφθη</span> 
     </span>
    </p>
   </div>
   <div class='ocr_carea' id='block_1_61' title="bbox 1559 827 2196 904">
    <p class='ocr_par' dir='ltr' id='par_1_61' title="bbox 1559 827 2196 904">
     <span class='ocr_line' id='line_1_61' title="bbox 1559 827 2196 904; baseline 0.003 -16"><span class='ocrx_word' id='word_1_234' title='bbox 1559 833 1621 888; x_wconf 84' lang='lat' dir='ltr'>&#39;U</span> <span class='ocrx_word' id='word_1_235' title='bbox 1653 831 1851 904; x_wconf 85' lang='grc' dir='ltr'>Κύριος</span> <span class='ocrx_word' id='word_1_236' title='bbox 1879 836 1980 896; x_wconf 79' lang='grc' dir='ltr'>τῆς</span> <span class='ocrx_word' id='word_1_237' title='bbox 2013 827 2196 898; x_wconf 84' lang='grc' dir='ltr'>δόξης’</span> 
     </span>
    </p>
   </div>
   <div class='ocr_carea' id='block_1_62' title="bbox 1563 1007 2293 1087">
    <p class='ocr_par' dir='ltr' id='par_1_62' title="bbox 1563 1007 2293 1087">
     <span class='ocr_line' id='line_1_62' title="bbox 1563 1007 2293 1087; baseline -0.007 -20"><span class='ocrx_word' id='word_1_238' title='bbox 1563 1008 1838 1087; x_wconf 78' lang='grc' dir='ltr'>Ἐσφάγην</span> <span class='ocrx_word' id='word_1_239' title='bbox 1867 1012 1966 1062; x_wconf 81' lang='grc' dir='ltr'>τοῦ</span> <span class='ocrx_word' id='word_1_240' title='bbox 1998 1007 2134 1062; x_wconf 80' lang='grc' dir='ltr'>λαοῦ</span> <span class='ocrx_word' id='word_1_241' title='bbox 2167 1027 2293 1079; x_wconf 88' lang='grc' dir='ltr'>μου.</span> 
     </span>
    </p>
   </div>
   <div class='ocr_carea' id='block_1_63' title="bbox 1633 1097 2156 1171">
    <p class='ocr_par' dir='ltr' id='par_1_63' title="bbox 1633 1097 2156 1171">
     <span class='ocr_line' id='line_1_63' title="bbox 1633 1097 2156 1171; baseline -0.004 -17"><span class='ocrx_word' id='word_1_242' title='bbox 1633 1103 1772 1169; x_wconf 85' lang='grc' dir='ltr'>Νικᾷ</span> <span class='ocrx_word' id='word_1_243' title='bbox 1805 1097 2156 1171; x_wconf 80' lang='grc' dir='ltr'>μακροθυμία</span> 
     </span>
    </p>
   </div>
   <div class='ocr_carea' id='block_1_64' title="bbox 1562 1185 2385 1264">
    <p class='ocr_par' dir='ltr' id='par_1_64' title="bbox 1562 1185 2385 1264">
     <span class='ocr_line' id='line_1_64' title="bbox 1562 1185 2385 1264; baseline -0.002 -23"><span class='ocrx_word' id='word_1_244' title='bbox 1562 1189 1678 1257; x_wconf 70' lang='grc' dir='ltr'>Τὴν</span> <span class='ocrx_word' id='word_1_245' title='bbox 1711 1185 1867 1263; x_wconf 74' lang='grc' dir='ltr'>ὕϐριν</span> <span class='ocrx_word' id='word_1_246' title='bbox 1897 1191 2004 1242; x_wconf 80' lang='grc' dir='ltr'>τῶν</span> <span class='ocrx_word' id='word_1_247' title='bbox 2043 1185 2385 1264; x_wconf 79' lang='grc' dir='ltr'>βλασφήμων</span> 
     </span>
    </p>
   </div>
   <div class='ocr_carea' id='block_1_65' title="bbox 1563 1279 2275 1352">
    <p class='ocr_par' dir='ltr' id='par_1_65' title="bbox 1563 1279 2275 1352">
     <span class='ocr_line' id='line_1_65' title="bbox 1563 1279 2275 1352; baseline -0.011 -16"><span class='ocrx_word' id='word_1_248' title='bbox 1563 1281 1669 1336; x_wconf 80' lang='grc' dir='ltr'>Τὸν</span> <span class='ocrx_word' id='word_1_249' title='bbox 1695 1282 1865 1332; x_wconf 80' lang='grc' dir='ltr'>νῶτον</span> <span class='ocrx_word' id='word_1_250' title='bbox 1898 1279 2275 1352; x_wconf 74' lang='grc' dir='ltr'>μαστιγοῦται,</span> 
     </span>
    </p>
   </div>
   <div class='ocr_carea' id='block_1_66' title="bbox 1562 1360 2203 1444">
    <p class='ocr_par' dir='ltr' id='par_1_66' title="bbox 1562 1360 2203 1444">
     <span class='ocr_line' id='line_1_66' title="bbox 1562 1360 2203 1444; baseline 0.002 -22"><span class='ocrx_word' id='word_1_251' title='bbox 1562 1371 1620 1444; x_wconf 76' lang='grc' dir='ltr'>⁸Ε</span> <span class='ocrx_word' id='word_1_252' title='bbox 1630 1377 1892 1440; x_wconf 77' lang='grc' dir='ltr'>μπτύεται</span> <span class='ocrx_word' id='word_1_253' title='bbox 1921 1367 2020 1435; x_wconf 84' lang='grc' dir='ltr'>τήν</span> <span class='ocrx_word' id='word_1_254' title='bbox 2055 1360 2178 1441; x_wconf 75' lang='grc' dir='ltr'>ὄψιν</span> <span class='ocrx_word' id='word_1_255' title='bbox 2191 1410 2203 1423; x_wconf 95' lang='grc'>.</span> 
     </span>
    </p>
   </div>
   <div class='ocr_carea' id='block_1_67' title="bbox 1637 1455 2242 1527">
    <p class='ocr_par' dir='ltr' id='par_1_67' title="bbox 1637 1455 2242 1527">
     <span class='ocr_line' id='line_1_67' title="bbox 1637 1455 2242 1527; baseline -0.005 -15"><span class='ocrx_word' id='word_1_256' title='bbox 1637 1458 1839 1526; x_wconf 79' lang='grc' dir='ltr'>Σενίζει</span> <span class='ocrx_word' id='word_1_257' title='bbox 1870 1461 2042 1511; x_wconf 80' lang='grc' dir='ltr'>πᾶσαν</span> <span class='ocrx_word' id='word_1_258' title='bbox 2076 1455 2242 1527; x_wconf 77' lang='grc' dir='ltr'>φρὲνα</span> 
     </span>
    </p>
   </div>
   <div class='ocr_carea' id='block_1_68' title="bbox 1561 1635 2241 1714">
    <p class='ocr_par' dir='ltr' id='par_1_68' title="bbox 1561 1635 2241 1714">
     <span class='ocr_line' id='line_1_68' title="bbox 1561 1635 2241 1714; baseline -0.003 -20"><span class='ocrx_word' id='word_1_259' title='bbox 1561 1643 1740 1705; x_wconf 77' lang='grc' dir='ltr'>Δεῦτε,</span> <span class='ocrx_word' id='word_1_260' title='bbox 1777 1637 2034 1714; x_wconf 78' lang='grc' dir='ltr'>βάλωμεν</span> <span class='ocrx_word' id='word_1_261' title='bbox 2079 1635 2241 1708; x_wconf 83' lang='grc' dir='ltr'>ξύλον</span> 
     </span>
    </p>
   </div>
   <div class='ocr_carea' id='block_1_69' title="bbox 1561 1725 2324 1799">
    <p class='ocr_par' dir='ltr' id='par_1_69' title="bbox 1561 1725 2324 1799">
     <span class='ocr_line' id='line_1_69' title="bbox 1561 1725 2324 1799; baseline -0.005 -14"><span class='ocrx_word' id='word_1_262' title='bbox 1561 1728 1656 1790; x_wconf 75' lang='grc' dir='ltr'>Εἰς</span> <span class='ocrx_word' id='word_1_263' title='bbox 1683 1732 1780 1783; x_wconf 80' lang='grc' dir='ltr'>τοῦ</span> <span class='ocrx_word' id='word_1_264' title='bbox 1809 1727 1986 1799; x_wconf 79' lang='grc' dir='ltr'>ἀμνοῦ</span> <span class='ocrx_word' id='word_1_265' title='bbox 2015 1726 2109 1780; x_wconf 84' lang='grc' dir='ltr'>τὸν</span> <span class='ocrx_word' id='word_1_266' title='bbox 2139 1725 2324 1798; x_wconf 80' lang='grc' dir='ltr'>ἆρτον.</span> 
     </span>
    </p>
   </div>
   <div class='ocr_carea' id='block_1_70' title="bbox 1629 1817 2307 1893">
    <p class='ocr_par' dir='ltr' id='par_1_70' title="bbox 1629 1817 2307 1893">
     <span class='ocr_line' id='line_1_70' title="bbox 1629 1817 2307 1893; baseline -0.009 -17"><span class='ocrx_word' id='word_1_267' title='bbox 1629 1820 1690 1876; x_wconf 86' lang='grc' dir='ltr'><em>Ὀ</em></span> <span class='ocrx_word' id='word_1_268' title='bbox 1724 1817 1888 1890; x_wconf 68' lang='grc' dir='ltr'>μέγας</span> <span class='ocrx_word' id='word_1_269' title='bbox 1917 1817 2307 1893; x_wconf 78' lang='grc' dir='ltr'>προσφωνείτω</span> 
     </span>
    </p>
   </div>
   <div class='ocr_carea' id='block_1_71' title="bbox 1561 1903 2132 1982">
    <p class='ocr_par' dir='ltr' id='par_1_71' title="bbox 1561 1903 2132 1982">
     <span class='ocr_line' id='line_1_71' title="bbox 1561 1903 2132 1982; baseline -0.005 -18"><span class='ocrx_word' id='word_1_270' title='bbox 1561 1903 1729 1964; x_wconf 70' lang='grc' dir='ltr'>Δαὸἰδ</span> <span class='ocrx_word' id='word_1_271' title='bbox 1761 1909 1789 1962; x_wconf 89' lang='grc' dir='ltr'>ὁ</span> <span class='ocrx_word' id='word_1_272' title='bbox 1820 1909 2132 1982; x_wconf 80' lang='grc' dir='ltr'>Θεοπάτωρ,</span> 
     </span>
    </p>
   </div>
   <div class='ocr_carea' id='block_1_72' title="bbox 1562 1995 2276 2072">
    <p class='ocr_par' dir='ltr' id='par_1_72' title="bbox 1562 1995 2276 2072">
     <span class='ocr_line' id='line_1_72' title="bbox 1562 1995 2276 2072; baseline -0.001 -19"><span class='ocrx_word' id='word_1_273' title='bbox 1562 2002 1688 2059; x_wconf 84' lang='grc' dir='ltr'>Πῶς</span> <span class='ocrx_word' id='word_1_274' title='bbox 1720 1995 1929 2070; x_wconf 82' lang='grc' dir='ltr'>ὢρυξας</span> <span class='ocrx_word' id='word_1_275' title='bbox 1960 1997 2056 2058; x_wconf 74' lang='grc' dir='ltr'>τὰς</span> <span class='ocrx_word' id='word_1_276' title='bbox 2085 2001 2276 2072; x_wconf 76' lang='grc' dir='ltr'>χεῖρας</span> 
     </span>
    </p>
   </div>
   <div class='ocr_carea' id='block_1_73' title="bbox 1564 2085 2280 2149">
    <p class='ocr_par' dir='ltr' id='par_1_73' title="bbox 1564 2085 2280 2149">
     <span class='ocr_line' id='line_1_73' title="bbox 1564 2085 2280 2149; baseline -0.003 -7"><span class='ocrx_word' id='word_1_277' title='bbox 1564 2087 1661 2142; x_wconf 79' lang='grc' dir='ltr'>Καὶ</span> <span class='ocrx_word' id='word_1_278' title='bbox 1694 2085 1864 2149; x_wconf 80' lang='grc' dir='ltr'>πόδας</span> <span class='ocrx_word' id='word_1_279' title='bbox 1885 2091 1981 2141; x_wconf 80' lang='grc' dir='ltr'>τοῦ</span> <span class='ocrx_word' id='word_1_280' title='bbox 2007 2085 2280 2141; x_wconf 82' lang='grc' dir='ltr'>Δεσπότου</span> 
     </span>
    </p>
   </div>
   <div class='ocr_carea' id='block_1_74' title="bbox 1637 2174 2278 2250">
    <p class='ocr_par' dir='ltr' id='par_1_74' title="bbox 1637 2174 2278 2250">
     <span class='ocr_line' id='line_1_74' title="bbox 1637 2174 2278 2250; baseline -0.003 -18"><span class='ocrx_word' id='word_1_281' title='bbox 1637 2181 1758 2238; x_wconf 74' lang='lat' dir='ltr'>HG):</span> <span class='ocrx_word' id='word_1_282' title='bbox 1785 2174 1994 2238; x_wconf 80' lang='grc' dir='ltr'>ἔδωκας</span> <span class='ocrx_word' id='word_1_283' title='bbox 2026 2178 2098 2237; x_wconf 86' lang='grc' dir='ltr'>ὡς</span> <span class='ocrx_word' id='word_1_284' title='bbox 2120 2177 2278 2250; x_wconf 86' lang='grc' dir='ltr'>πόμα</span> 
     </span>
    </p>
   </div>
   <div class='ocr_carea' id='block_1_75' title="bbox 1563 2261 2229 2336">
    <p class='ocr_par' dir='ltr' id='par_1_75' title="bbox 1563 2261 2229 2336">
     <span class='ocr_line' id='line_1_75' title="bbox 1563 2261 2229 2336; baseline -0.005 -14"><span class='ocrx_word' id='word_1_285' title='bbox 1563 2267 1752 2336; x_wconf 56' lang='lat' dir='ltr'>Kal/pa</span> <span class='ocrx_word' id='word_1_286' title='bbox 1781 2287 1839 2321; x_wconf 87' lang='grc' dir='ltr'>τε</span> <span class='ocrx_word' id='word_1_287' title='bbox 1867 2265 1956 2321; x_wconf 80' lang='grc' dir='ltr'>καὶ</span> <span class='ocrx_word' id='word_1_288' title='bbox 1985 2266 2050 2320; x_wconf 81' lang='grc' dir='ltr'>τὸ</span> <span class='ocrx_word' id='word_1_289' title='bbox 2083 2261 2229 2336; x_wconf 78' lang='grc' dir='ltr'>ὅξος,</span> 
     </span>
    </p>
   </div>
   <div class='ocr_carea' id='block_1_76' title="bbox 1564 2354 2339 2431">
    <p class='ocr_par' dir='ltr' id='par_1_76' title="bbox 1564 2354 2339 2431">
     <span class='ocr_line' id='line_1_76' title="bbox 1564 2354 2339 2431; baseline -0.003 -19"><span class='ocrx_word' id='word_1_290' title='bbox 1564 2357 1666 2415; x_wconf 84' lang='grc' dir='ltr'>Καὶ</span> <span class='ocrx_word' id='word_1_291' title='bbox 1695 2354 1904 2430; x_wconf 84' lang='grc' dir='ltr'>κλῆρον</span> <span class='ocrx_word' id='word_1_292' title='bbox 1938 2355 2064 2416; x_wconf 75' lang='grc' dir='ltr'>τοὺς</span> <span class='ocrx_word' id='word_1_293' title='bbox 2099 2359 2339 2431; x_wconf 82' lang='grc' dir='ltr'>χιτῶνας</span> 
     </span>
    </p>
   </div>
   <div class='ocr_carea' id='block_1_77' title="bbox 1563 2447 2267 2522">
    <p class='ocr_par' dir='ltr' id='par_1_77' title="bbox 1563 2447 2267 2522">
     <span class='ocr_line' id='line_1_77' title="bbox 1563 2447 2267 2522; baseline -0.003 -18"><span class='ocrx_word' id='word_1_294' title='bbox 1563 2449 1619 2504; x_wconf 88' lang='grc' dir='ltr'><strong>Ἐ</strong></span> <span class='ocrx_word' id='word_1_295' title='bbox 1630 2449 1852 2522; x_wconf 78' lang='grc' dir='ltr'>μὲρισας</span> <span class='ocrx_word' id='word_1_296' title='bbox 1881 2451 1982 2501; x_wconf 78' lang='grc' dir='ltr'>τοῦ</span> <span class='ocrx_word' id='word_1_297' title='bbox 2015 2447 2267 2504; x_wconf 86' lang='grc' dir='ltr'>Κτίστου.</span> 
     </span>
    </p>
   </div>
   <div class='ocr_carea' id='block_1_78' title="bbox 1633 2533 2297 2614">
    <p class='ocr_par' dir='ltr' id='par_1_78' title="bbox 1633 2533 2297 2614">
     <span class='ocr_line' id='line_1_78' title="bbox 1633 2533 2297 2614; baseline -0.005 -20"><span class='ocrx_word' id='word_1_298' title='bbox 1633 2538 1918 2614; x_wconf 79' lang='grc' dir='ltr'>Ῥαγέντος</span> <span class='ocrx_word' id='word_1_299' title='bbox 1951 2535 2009 2591; x_wconf 72' lang='grc' dir='ltr'>δὲ</span> <span class='ocrx_word' id='word_1_300' title='bbox 2036 2540 2133 2590; x_wconf 78' lang='grc' dir='ltr'>τοῦ</span> <span class='ocrx_word' id='word_1_301' title='bbox 2165 2533 2297 2607; x_wconf 77' lang='grc' dir='ltr'>ᾇδου</span> 
     </span>
    </p>
   </div>
   <div class='ocr_carea' id='block_1_79' title="bbox 1560 2624 2212 2699">
    <p class='ocr_par' dir='ltr' id='par_1_79' title="bbox 1560 2624 2212 2699">
     <span class='ocr_line' id='line_1_79' title="bbox 1560 2624 2212 2699; baseline -0.011 -13"><span class='ocrx_word' id='word_1_302' title='bbox 1560 2629 1790 2699; x_wconf 74' lang='grc' dir='ltr'>Ἀνέστη</span> <span class='ocrx_word' id='word_1_303' title='bbox 1833 2628 1906 2690; x_wconf 87' lang='grc' dir='ltr'>ὡς</span> <span class='ocrx_word' id='word_1_304' title='bbox 1937 2626 1989 2698; x_wconf 74' lang='grc' dir='ltr'>ἐξ</span> <span class='ocrx_word' id='word_1_305' title='bbox 2017 2624 2212 2694; x_wconf 78' lang='grc' dir='ltr'>ὖπνου,</span> 
     </span>
    </p>
   </div>
   <div class='ocr_carea' id='block_1_80' title="bbox 1561 2713 2243 2789">
    <p class='ocr_par' dir='ltr' id='par_1_80' title="bbox 1561 2713 2243 2789">
     <span class='ocr_line' id='line_1_80' title="bbox 1561 2713 2243 2789; baseline -0.013 -12"><span class='ocrx_word' id='word_1_306' title='bbox 1561 2713 1762 2788; x_wconf 72' lang='grc' dir='ltr'>Ἀνέϐη</span> <span class='ocrx_word' id='word_1_307' title='bbox 1793 2738 1852 2772; x_wconf 87' lang='grc' dir='ltr'>τε</span> <span class='ocrx_word' id='word_1_308' title='bbox 1880 2717 2018 2789; x_wconf 81' lang='grc' dir='ltr'>πρὸς</span> <span class='ocrx_word' id='word_1_309' title='bbox 2052 2714 2243 2786; x_wconf 68' lang='grc' dir='ltr'>θρόνον</span> 
     </span>
    </p>
   </div>
   <div class='ocr_carea' id='block_1_81' title="bbox 1565 2803 2300 2884">
    <p class='ocr_par' dir='ltr' id='par_1_81' title="bbox 1565 2803 2300 2884">
     <span class='ocr_line' id='line_1_81' title="bbox 1565 2803 2300 2884; baseline -0.005 -21"><span class='ocrx_word' id='word_1_310' title='bbox 1565 2809 1774 2884; x_wconf 88' lang='grc' dir='ltr'>Πατρὸς</span> <span class='ocrx_word' id='word_1_311' title='bbox 1805 2806 1858 2861; x_wconf 79' lang='grc' dir='ltr'>ἐν</span> <span class='ocrx_word' id='word_1_312' title='bbox 1887 2810 2004 2866; x_wconf 87' lang='grc' dir='ltr'>τοῖς</span> <span class='ocrx_word' id='word_1_313' title='bbox 2033 2803 2300 2878; x_wconf 76' lang='grc' dir='ltr'>ὑψίστοις.</span> 
     </span>
    </p>
   </div>
   <div class='ocr_carea' id='block_1_82' title="bbox 1639 2893 2228 2968">
    <p class='ocr_par' dir='ltr' id='par_1_82' title="bbox 1639 2893 2228 2968">
     <span class='ocr_line' id='line_1_82' title="bbox 1639 2893 2228 2968; baseline -0.007 -17"><span class='ocrx_word' id='word_1_314' title='bbox 1639 2897 1713 2951; x_wconf 83' lang='grc' dir='ltr'>Σὺ</span> <span class='ocrx_word' id='word_1_315' title='bbox 1744 2895 1861 2968; x_wconf 76' lang='grc' dir='ltr'>οὖν,</span> <span class='ocrx_word' id='word_1_316' title='bbox 1891 2893 2228 2968; x_wconf 82' lang='grc' dir='ltr'>Ἰσραηλῖτα,</span> 
     </span>
    </p>
   </div>
   <div class='ocr_carea' id='block_1_83' title="bbox 1561 2984 2197 3056">
    <p class='ocr_par' dir='ltr' id='par_1_83' title="bbox 1561 2984 2197 3056">
     <span class='ocr_line' id='line_1_83' title="bbox 1561 2984 2197 3056; baseline -0.016 -12"><span class='ocrx_word' id='word_1_317' title='bbox 1561 2987 1840 3056; x_wconf 68' lang='grc' dir='ltr'>Μνήσθητι</span> <span class='ocrx_word' id='word_1_318' title='bbox 1873 2984 2197 3052; x_wconf 81' lang='grc' dir='ltr'>ἀπιστήσης,</span> 
     </span>
    </p>
   </div>
   <div class='ocr_carea' id='block_1_84' title="bbox 1568 3073 2331 3148">
    <p class='ocr_par' dir='ltr' id='par_1_84' title="bbox 1568 3073 2331 3148">
     <span class='ocr_line' id='line_1_84' title="bbox 1568 3073 2331 3148; baseline -0.013 -14"><span class='ocrx_word' id='word_1_319' title='bbox 1568 3081 1811 3134; x_wconf 73' lang='grc' dir='ltr'>Σπεῦσον</span> <span class='ocrx_word' id='word_1_320' title='bbox 1840 3077 1937 3128; x_wconf 78' lang='grc' dir='ltr'>τοῦ</span> <span class='ocrx_word' id='word_1_321' title='bbox 1972 3073 2331 3148; x_wconf 80' lang='grc' dir='ltr'>βαπτισθῆναι</span> 
     </span>
    </p>
   </div>
   <div class='ocr_carea' id='block_1_85' title="bbox 1565 3162 2220 3247">
    <p class='ocr_par' dir='ltr' id='par_1_85' title="bbox 1565 3162 2220 3247">
     <span class='ocr_line' id='line_1_85' title="bbox 1565 3162 2220 3247; baseline -0.008 -24"><span class='ocrx_word' id='word_1_322' title='bbox 1565 3169 1800 3247; x_wconf 83' lang='grc' dir='ltr'>Χριστὸς</span> <span class='ocrx_word' id='word_1_323' title='bbox 1826 3165 1926 3242; x_wconf 72' lang='grc' dir='ltr'>γὰρ</span> <span class='ocrx_word' id='word_1_324' title='bbox 1959 3162 2220 3239; x_wconf 77' lang='grc' dir='ltr'>ἐπεφάνη.</span> 
     </span>
    </p>
   </div>
   <div class='ocr_carea' id='block_1_86' title="bbox 3665 423 3820 483">
    <p class='ocr_par' dir='ltr' id='par_1_86' title="bbox 3665 423 3820 483">
     <span class='ocr_line' id='line_1_86' title="bbox 3665 423 3820 483; baseline -0.006 -1"><span class='ocrx_word' id='word_1_325' title='bbox 3665 423 3820 483; x_wconf 76' lang='grc' dir='ltr'>Η82</span> 
     </span>
    </p>
   </div>
   <div class='ocr_carea' id='block_1_87' title="bbox 2815 554 3418 630">
    <p class='ocr_par' dir='ltr' id='par_1_87' title="bbox 2815 554 3418 630">
     <span class='ocr_line' id='line_1_87' title="bbox 2815 554 3418 630; baseline -0.005 -17"><span class='ocrx_word' id='word_1_326' title='bbox 2815 557 2893 614; x_wconf 82' lang='grc' dir='ltr'>Τὸ</span> <span class='ocrx_word' id='word_1_327' title='bbox 2926 557 3095 612; x_wconf 77' lang='grc' dir='ltr'>πάλαι</span> <span class='ocrx_word' id='word_1_328' title='bbox 3129 554 3418 630; x_wconf 68' lang='grc' dir='ltr'>δεδομένον</span> 
     </span>
    </p>
   </div>
   <div class='ocr_carea' id='block_1_88' title="bbox 2745 648 3396 724">
    <p class='ocr_par' dir='ltr' id='par_1_88' title="bbox 2745 648 3396 724">
     <span class='ocr_line' id='line_1_88' title="bbox 2745 648 3396 724; baseline -0.002 -21"><span class='ocrx_word' id='word_1_329' title='bbox 2745 655 2785 703; x_wconf 86' lang='grc' dir='ltr'>Π</span> <span class='ocrx_word' id='word_1_330' title='bbox 2795 648 2933 717; x_wconf 73' lang='grc' dir='ltr'>επλή</span> <span class='ocrx_word' id='word_1_331' title='bbox 2945 669 3112 724; x_wconf 89' lang='grc' dir='ltr'>ρωται</span> <span class='ocrx_word' id='word_1_332' title='bbox 3147 669 3212 718; x_wconf 81' lang='grc' dir='ltr'>ση</span> <span class='ocrx_word' id='word_1_333' title='bbox 3225 654 3344 721; x_wconf 78' lang='grc' dir='ltr'>μεῖο</span> <span class='ocrx_word' id='word_1_334' title='bbox 3357 669 3396 701; x_wconf 68' lang='grc' dir='ltr'>ι·</span> 
     </span>
    </p>
   </div>
   <div class='ocr_carea' id='block_1_89' title="bbox 2744 736 3380 816">
    <p class='ocr_par' dir='ltr' id='par_1_89' title="bbox 2744 736 3380 816">
     <span class='ocr_line' id='line_1_89' title="bbox 2744 736 3380 816; baseline -0.005 -21"><span class='ocrx_word' id='word_1_335' title='bbox 2744 738 3023 809; x_wconf 76' lang='grc' dir='ltr'>Ἐξὲλιπεν</span> <span class='ocrx_word' id='word_1_336' title='bbox 3057 738 3160 816; x_wconf 65' lang='grc' dir='ltr'>γὰρ</span> <span class='ocrx_word' id='word_1_337' title='bbox 3192 736 3380 813; x_wconf 76' lang='grc' dir='ltr'>ἅρχων</span> 
     </span>
    </p>
   </div>
   <div class='ocr_carea' id='block_1_90' title="bbox 2748 825 3478 898">
    <p class='ocr_par' dir='ltr' id='par_1_90' title="bbox 2748 825 3478 898">
     <span class='ocr_line' id='line_1_90' title="bbox 2748 825 3478 898; baseline 0.001 -16"><span class='ocrx_word' id='word_1_338' title='bbox 2748 826 2839 888; x_wconf 82' lang='grc' dir='ltr'>Εἰς</span> <span class='ocrx_word' id='word_1_339' title='bbox 2864 827 3023 887; x_wconf 60' lang='grc' dir='ltr'>τέλος</span> <span class='ocrx_word' id='word_1_340' title='bbox 3056 830 3150 880; x_wconf 78' lang='grc' dir='ltr'>τοῦ</span> <span class='ocrx_word' id='word_1_341' title='bbox 3182 825 3317 880; x_wconf 73' lang='grc' dir='ltr'>λαοῦ</span> <span class='ocrx_word' id='word_1_342' title='bbox 3352 846 3478 898; x_wconf 89' lang='grc' dir='ltr'>μου.</span> 
     </span>
    </p>
   </div>
   <div class='ocr_carea' id='block_1_91' title="bbox 2812 932 3428 1010">
    <p class='ocr_par' dir='ltr' id='par_1_91' title="bbox 2812 932 3428 1010">
     <span class='ocr_line' id='line_1_91' title="bbox 2812 932 3428 1010; baseline 0.015 -21"><span class='ocrx_word' id='word_1_343' title='bbox 2812 932 3108 1005; x_wconf 77' lang='grc' dir='ltr'>Ὑπὲὃειξεν</span> <span class='ocrx_word' id='word_1_344' title='bbox 3140 936 3428 1010; x_wconf 67' lang='grc' dir='ltr'>προφήτης</span> 
     </span>
    </p>
   </div>
   <div class='ocr_carea' id='block_1_92' title="bbox 2742 1025 3419 1104">
    <p class='ocr_par' dir='ltr' id='par_1_92' title="bbox 2742 1025 3419 1104">
     <span class='ocr_line' id='line_1_92' title="bbox 2742 1025 3419 1104; baseline -0.006 -22"><span class='ocrx_word' id='word_1_345' title='bbox 2742 1028 2803 1082; x_wconf 86' lang='grc' dir='ltr'>Ὀ</span> <span class='ocrx_word' id='word_1_346' title='bbox 2836 1025 3034 1094; x_wconf 78' lang='grc' dir='ltr'>Δανιὴλ</span> <span class='ocrx_word' id='word_1_347' title='bbox 3067 1047 3159 1080; x_wconf 91' lang='grc' dir='ltr'>τον</span> <span class='ocrx_word' id='word_1_348' title='bbox 3193 1026 3419 1104; x_wconf 79' lang='grc' dir='ltr'>χρόνον,</span> 
     </span>
    </p>
   </div>
   <div class='ocr_carea' id='block_1_93' title="bbox 2745 1109 3393 1186">
    <p class='ocr_par' dir='ltr' id='par_1_93' title="bbox 2745 1109 3393 1186">
     <span class='ocr_line' id='line_1_93' title="bbox 2745 1109 3393 1186; baseline -0.003 -16"><span class='ocrx_word' id='word_1_349' title='bbox 2745 1115 2931 1171; x_wconf 79' lang='grc' dir='ltr'>Εἰπὼν</span> <span class='ocrx_word' id='word_1_350' title='bbox 2960 1115 3056 1175; x_wconf 80' lang='grc' dir='ltr'>τὰς</span> <span class='ocrx_word' id='word_1_351' title='bbox 3084 1109 3393 1186; x_wconf 67' lang='grc' dir='ltr'>ἑϐδομάδας</span> 
     </span>
    </p>
   </div>
   <div class='ocr_carea' id='block_1_94' title="bbox 2748 1201 3387 1279">
    <p class='ocr_par' dir='ltr' id='par_1_94' title="bbox 2748 1201 3387 1279">
     <span class='ocr_line' id='line_1_94' title="bbox 2748 1201 3387 1279; baseline 0.002 -19"><span class='ocrx_word' id='word_1_352' title='bbox 2748 1201 3165 1279; x_wconf 73' lang='grc' dir='ltr'>Ἐϐδομήκοντα</span> <span class='ocrx_word' id='word_1_353' title='bbox 3195 1208 3387 1266; x_wconf 68' lang='grc' dir='ltr'>πάσας.</span> 
     </span>
    </p>
   </div>
   <div class='ocr_carea' id='block_1_95' title="bbox 2815 1313 3443 1388">
    <p class='ocr_par' dir='ltr' id='par_1_95' title="bbox 2815 1313 3443 1388">
     <span class='ocr_line' id='line_1_95' title="bbox 2815 1313 3443 1388; baseline -0.005 -19"><span class='ocrx_word' id='word_1_354' title='bbox 2815 1313 3160 1384; x_wconf 78' lang='grc' dir='ltr'>Φωτίζόμαι,</span> <span class='ocrx_word' id='word_1_355' title='bbox 3193 1317 3443 1388; x_wconf 78' lang='grc' dir='ltr'>γενοῦχε,</span> 
     </span>
    </p>
   </div>
   <div class='ocr_carea' id='block_1_96' title="bbox 2745 1398 3461 1478">
    <p class='ocr_par' dir='ltr' id='par_1_96' title="bbox 2745 1398 3461 1478">
     <span class='ocr_line' id='line_1_96' title="bbox 2745 1398 3461 1478; baseline -0.006 -18"><span class='ocrx_word' id='word_1_356' title='bbox 2745 1406 2824 1460; x_wconf 88' lang='grc' dir='ltr'>Τὸ</span> <span class='ocrx_word' id='word_1_357' title='bbox 2861 1405 3140 1478; x_wconf 72' lang='grc' dir='ltr'>βάπτισμα</span> <span class='ocrx_word' id='word_1_358' title='bbox 3171 1398 3461 1474; x_wconf 70' lang='grc' dir='ltr'>λαμϐάνω,</span> 
     </span>
    </p>
   </div>
   <div class='ocr_carea' id='block_1_97' title="bbox 2747 1492 3385 1567">
    <p class='ocr_par' dir='ltr' id='par_1_97' title="bbox 2747 1492 3385 1567">
     <span class='ocr_line' id='line_1_97' title="bbox 2747 1492 3385 1567; baseline -0.006 -17"><span class='ocrx_word' id='word_1_359' title='bbox 2747 1493 2951 1550; x_wconf 80' lang='grc' dir='ltr'>Μαθὼν</span> <span class='ocrx_word' id='word_1_360' title='bbox 2987 1494 3119 1567; x_wconf 68' lang='grc' dir='ltr'>ἅπερ</span> <span class='ocrx_word' id='word_1_361' title='bbox 3152 1492 3385 1566; x_wconf 77' lang='grc' dir='ltr'>ἠγνόουν</span> 
     </span>
    </p>
   </div>
   <div class='ocr_carea' id='block_1_98' title="bbox 2747 1581 3383 1655">
    <p class='ocr_par' dir='ltr' id='par_1_98' title="bbox 2747 1581 3383 1655">
     <span class='ocr_line' id='line_1_98' title="bbox 2747 1581 3383 1655; baseline -0.003 -17"><span class='ocrx_word' id='word_1_362' title='bbox 2747 1583 3034 1655; x_wconf 75' lang='grc' dir='ltr'>Μυστήρια</span> <span class='ocrx_word' id='word_1_363' title='bbox 3063 1586 3158 1636; x_wconf 79' lang='grc' dir='ltr'>τοῦ</span> <span class='ocrx_word' id='word_1_364' title='bbox 3189 1581 3383 1654; x_wconf 89' lang='grc' dir='ltr'>νόμου.</span> 
     </span>
    </p>
   </div>
   <div class='ocr_carea' id='block_1_99' title="bbox 2821 1689 3607 1765">
    <p class='ocr_par' dir='ltr' id='par_1_99' title="bbox 2821 1689 3607 1765">
     <span class='ocr_line' id='line_1_99' title="bbox 2821 1689 3607 1765; baseline 0.001 -22"><span class='ocrx_word' id='word_1_365' title='bbox 2821 1689 3010 1764; x_wconf 79' lang='grc' dir='ltr'>Χωρὸς</span> <span class='ocrx_word' id='word_1_366' title='bbox 3041 1694 3148 1744; x_wconf 70' lang='grc' dir='ltr'>τῶν</span> <span class='ocrx_word' id='word_1_367' title='bbox 3183 1695 3503 1765; x_wconf 75' lang='grc' dir='ltr'>προφητῶν,</span> <span class='ocrx_word' id='word_1_368' title='bbox 3542 1690 3607 1762; x_wconf 75' lang='grc' dir='ltr'>μὶ</span> 
     </span>
    </p>
   </div>
   <div class='ocr_carea' id='block_1_100' title="bbox 2751 1775 3434 1852">
    <p class='ocr_par' dir='ltr' id='par_1_100' title="bbox 2751 1775 3434 1852">
     <span class='ocr_line' id='line_1_100' title="bbox 2751 1775 3434 1852; baseline -0.001 -20"><span class='ocrx_word' id='word_1_369' title='bbox 2751 1775 3124 1852; x_wconf 76' lang='grc' dir='ltr'>Προσδέξασθε</span> <span class='ocrx_word' id='word_1_370' title='bbox 3146 1779 3434 1852; x_wconf 74' lang='grc' dir='ltr'>γενησίιυς²</span> 
     </span>
    </p>
   </div>
   <div class='ocr_carea' id='block_1_101' title="bbox 2747 1869 3402 1942">
    <p class='ocr_par' dir='ltr' id='par_1_101' title="bbox 2747 1869 3402 1942">
     <span class='ocr_line' id='line_1_101' title="bbox 2747 1869 3402 1942; baseline 0 -20"><span class='ocrx_word' id='word_1_371' title='bbox 2747 1870 2928 1940; x_wconf 70' lang='grc' dir='ltr'>⁸Υμῶν</span> <span class='ocrx_word' id='word_1_372' title='bbox 2956 1869 3055 1942; x_wconf 73' lang='grc' dir='ltr'>γὰρ</span> <span class='ocrx_word' id='word_1_373' title='bbox 3090 1869 3402 1930; x_wconf 82' lang='grc' dir='ltr'>ὑπακούσας</span> 
     </span>
    </p>
   </div>
   <div class='ocr_carea' id='block_1_102' title="bbox 2750 1956 3392 2034">
    <p class='ocr_par' dir='ltr' id='par_1_102' title="bbox 2750 1956 3392 2034">
     <span class='ocr_line' id='line_1_102' title="bbox 2750 1956 3392 2034; baseline 0.005 -23"><span class='ocrx_word' id='word_1_374' title='bbox 2750 1956 2938 2016; x_wconf 84' lang='grc' dir='ltr'>Ἐνδύο</span> <span class='ocrx_word' id='word_1_375' title='bbox 2948 1979 3043 2029; x_wconf 87' lang='grc' dir='ltr'>μαι</span> <span class='ocrx_word' id='word_1_376' title='bbox 3075 1962 3175 2026; x_wconf 70' lang='grc' dir='ltr'>τήν</span> <span class='ocrx_word' id='word_1_377' title='bbox 3208 1959 3392 2034; x_wconf 80' lang='grc' dir='ltr'>χάριν.</span> 
     </span>
    </p>
   </div>
   <div class='ocr_carea' id='block_1_103' title="bbox 2819 2067 3451 2142">
    <p class='ocr_par' dir='ltr' id='par_1_103' title="bbox 2819 2067 3451 2142">
     <span class='ocr_line' id='line_1_103' title="bbox 2819 2067 3451 2142; baseline 0.003 -21"><span class='ocrx_word' id='word_1_378' title='bbox 2819 2069 3015 2141; x_wconf 71' lang='grc' dir='ltr'>Ψυχὰς</span> <span class='ocrx_word' id='word_1_379' title='bbox 3047 2067 3451 2142; x_wconf 70' lang='grc' dir='ltr'>κεκαθαρμένας</span> 
     </span>
    </p>
   </div>
   <div class='ocr_carea' id='block_1_104' title="bbox 2746 2156 3538 2231">
    <p class='ocr_par' dir='ltr' id='par_1_104' title="bbox 2746 2156 3538 2231">
     <span class='ocr_line' id='line_1_104' title="bbox 2746 2156 3538 2231; baseline 0.001 -20"><span class='ocrx_word' id='word_1_380' title='bbox 2746 2156 3011 2231; x_wconf 67' lang='grc' dir='ltr'>Ποοσάγω</span> <span class='ocrx_word' id='word_1_381' title='bbox 3043 2177 3148 2221; x_wconf 87' lang='grc' dir='ltr'>σοι,</span> <span class='ocrx_word' id='word_1_382' title='bbox 3183 2159 3375 2231; x_wconf 78' lang='grc' dir='ltr'>Σωτήρ</span> <span class='ocrx_word' id='word_1_383' title='bbox 3412 2179 3538 2230; x_wconf 86' lang='grc' dir='ltr'>μου,</span> 
     </span>
    </p>
   </div>
   <div class='ocr_carea' id='block_1_105' title="bbox 2745 2245 3242 2321">
    <p class='ocr_par' dir='ltr' id='par_1_105' title="bbox 2745 2245 3242 2321">
     <span class='ocr_line' id='line_1_105' title="bbox 2745 2245 3242 2321; baseline 0.002 -21"><span class='ocrx_word' id='word_1_384' title='bbox 2745 2246 3029 2310; x_wconf 81' lang='grc' dir='ltr'>Βασίλειος</span> <span class='ocrx_word' id='word_1_385' title='bbox 3058 2248 3085 2300; x_wconf 85' lang='grc' dir='ltr'><strong>ὁ</strong></span> <span class='ocrx_word' id='word_1_386' title='bbox 3118 2245 3242 2321; x_wconf 77' lang='grc' dir='ltr'>ἅναξ</span> 
     </span>
    </p>
   </div>
   <div class='ocr_carea' id='block_1_106' title="bbox 2752 2337 3352 2413">
    <p class='ocr_par' dir='ltr' id='par_1_106' title="bbox 2752 2337 3352 2413">
     <span class='ocr_line' id='line_1_106' title="bbox 2752 2337 3352 2413; baseline 0.005 -23"><span class='ocrx_word' id='word_1_387' title='bbox 2752 2337 2852 2411; x_wconf 78' lang='grc' dir='ltr'>βοᾷ</span> <span class='ocrx_word' id='word_1_388' title='bbox 2881 2341 2972 2389; x_wconf 79' lang='grc' dir='ltr'>νῦν</span> <span class='ocrx_word' id='word_1_389' title='bbox 3003 2342 3083 2409; x_wconf 79' lang='grc' dir='ltr'>τῷ</span> <span class='ocrx_word' id='word_1_390' title='bbox 3113 2345 3352 2413; x_wconf 82' lang='grc' dir='ltr'>Σωτῆρι·</span> 
     </span>
    </p>
   </div>
   <div class='ocr_carea' id='block_1_107' title="bbox 2820 2446 3462 2512">
    <p class='ocr_par' dir='ltr' id='par_1_107' title="bbox 2820 2446 3462 2512">
     <span class='ocr_line' id='line_1_107' title="bbox 2820 2446 3462 2512; baseline 0.005 -13"><span class='ocrx_word' id='word_1_391' title='bbox 2820 2446 2909 2506; x_wconf 84' lang='grc' dir='ltr'>Ὠς</span> <span class='ocrx_word' id='word_1_392' title='bbox 2939 2446 3036 2512; x_wconf 74' lang='grc' dir='ltr'>τήν</span> <span class='ocrx_word' id='word_1_393' title='bbox 3060 2446 3242 2500; x_wconf 85' lang='grc' dir='ltr'>θυσίαν</span> <span class='ocrx_word' id='word_1_394' title='bbox 3267 2446 3462 2503; x_wconf 78' lang='grc' dir='ltr'>πάλαι.</span> 
     </span>
    </p>
   </div>
   <div class='ocr_carea' id='block_1_108' title="bbox 2747 2530 3354 2610">
    <p class='ocr_par' dir='ltr' id='par_1_108' title="bbox 2747 2530 3354 2610">
     <span class='ocr_line' id='line_1_108' title="bbox 2747 2530 3354 2610; baseline 0.002 -20"><span class='ocrx_word' id='word_1_395' title='bbox 2747 2539 2858 2590; x_wconf 81' lang='grc' dir='ltr'>Τοῦ</span> <span class='ocrx_word' id='word_1_396' title='bbox 2890 2530 3142 2610; x_wconf 70' lang='grc' dir='ltr'>Ἀϐραὰμ</span> <span class='ocrx_word' id='word_1_397' title='bbox 3171 2533 3354 2607; x_wconf 76' lang='grc' dir='ltr'>ἐδέξω,</span> 
     </span>
    </p>
   </div>
   <div class='ocr_carea' id='block_1_109' title="bbox 2728 2621 3408 2701">
    <p class='ocr_par' dir='ltr' id='par_1_109' title="bbox 2728 2621 3408 2701">
     <span class='ocr_line' id='line_1_109' title="bbox 2728 2621 3408 2701; baseline 0.004 -24"><span class='ocrx_word' id='word_1_398' title='bbox 2728 2623 2939 2696; x_wconf 74' lang='grc' dir='ltr'>’Κεὶμοῦ</span> <span class='ocrx_word' id='word_1_399' title='bbox 2967 2621 3110 2695; x_wconf 68' lang='grc' dir='ltr'>δέξαι</span> <span class='ocrx_word' id='word_1_400' title='bbox 3140 2626 3201 2679; x_wconf 83' lang='grc' dir='ltr'>τὸ</span> <span class='ocrx_word' id='word_1_401' title='bbox 3235 2623 3408 2701; x_wconf 80' lang='grc' dir='ltr'>δῶρον</span> 
     </span>
    </p>
   </div>
   <div class='ocr_carea' id='block_1_110' title="bbox 2748 2713 3473 2788">
    <p class='ocr_par' dir='ltr' id='par_1_110' title="bbox 2748 2713 3473 2788">
     <span class='ocr_line' id='line_1_110' title="bbox 2748 2713 3473 2788; baseline 0.001 -19"><span class='ocrx_word' id='word_1_402' title='bbox 2748 2717 2860 2782; x_wconf 82' lang='grc' dir='ltr'>Τῆς</span> <span class='ocrx_word' id='word_1_403' title='bbox 2881 2713 3173 2768; x_wconf 72' lang='grc' dir='ltr'>νεολέκτου</span> <span class='ocrx_word' id='word_1_404' title='bbox 3203 2715 3473 2788; x_wconf 87' lang='grc' dir='ltr'>ποίμνης.</span> 
     </span>
    </p>
   </div>
   <div class='ocr_carea' id='block_1_111' title="bbox 2821 2803 3427 2880">
    <p class='ocr_par' dir='ltr' id='par_1_111' title="bbox 2821 2803 3427 2880">
     <span class='ocr_line' id='line_1_111' title="bbox 2821 2803 3427 2880; baseline 0.005 -23"><span class='ocrx_word' id='word_1_405' title='bbox 2821 2803 2917 2858; x_wconf 80' lang='grc' dir='ltr'>Σοὶ</span> <span class='ocrx_word' id='word_1_406' title='bbox 2951 2806 3054 2880; x_wconf 70' lang='grc' dir='ltr'>γὰρ</span> <span class='ocrx_word' id='word_1_407' title='bbox 3088 2805 3312 2871; x_wconf 80' lang='grc' dir='ltr'>ἐπανεθὲ</span> <span class='ocrx_word' id='word_1_408' title='bbox 3321 2829 3427 2879; x_wconf 84' lang='grc' dir='ltr'>μην</span> 
     </span>
    </p>
   </div>
   <div class='ocr_carea' id='block_1_112' title="bbox 2749 2893 3432 2970">
    <p class='ocr_par' dir='ltr' id='par_1_112' title="bbox 2749 2893 3432 2970">
     <span class='ocr_line' id='line_1_112' title="bbox 2749 2893 3432 2970; baseline -0.003 -18"><span class='ocrx_word' id='word_1_409' title='bbox 2749 2896 2847 2953; x_wconf 82' lang='grc' dir='ltr'>Καὶ</span> <span class='ocrx_word' id='word_1_410' title='bbox 2879 2893 3038 2949; x_wconf 71' lang='grc' dir='ltr'>τέκνα</span> <span class='ocrx_word' id='word_1_411' title='bbox 3070 2895 3162 2949; x_wconf 80' lang='grc' dir='ltr'>σὺν</span> <span class='ocrx_word' id='word_1_412' title='bbox 3193 2897 3432 2970; x_wconf 79' lang='grc' dir='ltr'>συζύγῳ,</span> 
     </span>
    </p>
   </div>
   <div class='ocr_carea' id='block_1_113' title="bbox 2746 2984 3384 3057">
    <p class='ocr_par' dir='ltr' id='par_1_113' title="bbox 2746 2984 3384 3057">
     <span class='ocr_line' id='line_1_113' title="bbox 2746 2984 3384 3057; baseline -0.005 -17"><span class='ocrx_word' id='word_1_413' title='bbox 2746 2997 2790 3044; x_wconf 80' lang='grc' dir='ltr'>Α</span> <span class='ocrx_word' id='word_1_414' title='bbox 2802 2986 2934 3052; x_wconf 81' lang='grc' dir='ltr'>ὐτήν</span> <span class='ocrx_word' id='word_1_415' title='bbox 2970 2985 3070 3052; x_wconf 76' lang='grc' dir='ltr'>τήν</span> <span class='ocrx_word' id='word_1_416' title='bbox 3106 2984 3384 3057; x_wconf 85' lang='grc' dir='ltr'>βασιλείαν</span> 
     </span>
    </p>
   </div>
   <div class='ocr_carea' id='block_1_114' title="bbox 2746 3075 3503 3148">
    <p class='ocr_par' dir='ltr' id='par_1_114' title="bbox 2746 3075 3503 3148">
     <span class='ocr_line' id='line_1_114' title="bbox 2746 3075 3503 3148; baseline -0.001 -17"><span class='ocrx_word' id='word_1_417' title='bbox 2746 3075 2845 3131; x_wconf 83' lang='grc' dir='ltr'>Καὶ</span> <span class='ocrx_word' id='word_1_418' title='bbox 2877 3075 3014 3146; x_wconf 80' lang='grc' dir='ltr'>ὅλην</span> <span class='ocrx_word' id='word_1_419' title='bbox 3049 3077 3148 3144; x_wconf 76' lang='grc' dir='ltr'>τὴν</span> <span class='ocrx_word' id='word_1_420' title='bbox 3185 3077 3330 3146; x_wconf 75' lang='grc' dir='ltr'>ζωήν</span> <span class='ocrx_word' id='word_1_421' title='bbox 3375 3095 3503 3148; x_wconf 87' lang='grc' dir='ltr'>μου.</span> 
     </span>
    </p>
   </div>
   <div class='ocr_carea' id='block_1_115' title="bbox 2168 3290 3580 3364">
    <p class='ocr_par' dir='ltr' id='par_1_115' title="bbox 2168 3290 3580 3364">
     <span class='ocr_line' id='line_1_115' title="bbox 2168 3290 3580 3364; baseline 0.004 -20"><span class='ocrx_word' id='word_1_422' title='bbox 2168 3290 2341 3346; x_wconf 90' lang='lat' dir='ltr'>modo</span> <span class='ocrx_word' id='word_1_423' title='bbox 2377 3293 2726 3349; x_wconf 83' lang='lat' dir='ltr'>transﬁxisti</span> <span class='ocrx_word' id='word_1_424' title='bbox 2763 3311 2974 3350; x_wconf 87' lang='lat' dir='ltr'>manus</span> <span class='ocrx_word' id='word_1_425' title='bbox 3007 3299 3065 3348; x_wconf 87' lang='lat' dir='ltr'>et</span> <span class='ocrx_word' id='word_1_426' title='bbox 3085 3293 3268 3364; x_wconf 79' lang='lat' dir='ltr'>pedes</span> <span class='ocrx_word' id='word_1_427' title='bbox 3294 3293 3580 3349; x_wconf 80' lang='lat' dir='ltr'>Domini?</span> 
     </span>
    </p>
   </div>
   <div class='ocr_carea' id='block_1_116' title="bbox 2239 3383 3830 3458">
    <p class='ocr_par' dir='ltr' id='par_1_116' title="bbox 2239 3383 3830 3458">
     <span class='ocr_line' id='line_1_116' title="bbox 2239 3383 3830 3458; baseline 0.003 -21"><span class='ocrx_word' id='word_1_428' title='bbox 2239 3383 2546 3450; x_wconf 90' lang='lat' dir='ltr'>Quomodo</span> <span class='ocrx_word' id='word_1_429' title='bbox 2579 3385 2794 3442; x_wconf 82' lang='lat' dir='ltr'>dedisti</span> <span class='ocrx_word' id='word_1_430' title='bbox 2854 3388 2914 3442; x_wconf 92' lang='lat' dir='ltr'>in</span> <span class='ocrx_word' id='word_1_431' title='bbox 2975 3393 3178 3458; x_wconf 91' lang='lat' dir='ltr'>potum</span> <span class='ocrx_word' id='word_1_432' title='bbox 3237 3385 3316 3441; x_wconf 87' lang='lat' dir='ltr'>fel</span> <span class='ocrx_word' id='word_1_433' title='bbox 3375 3392 3433 3440; x_wconf 88' lang='lat' dir='ltr'>et</span> <span class='ocrx_word' id='word_1_434' title='bbox 3480 3391 3733 3451; x_wconf 78' lang='lat' dir='ltr'>acetum,</span> <span class='ocrx_word' id='word_1_435' title='bbox 3771 3391 3830 3441; x_wconf 90' lang='lat' dir='ltr'>et</span> 
     </span>
    </p>
   </div>
   <div class='ocr_carea' id='block_1_117' title="bbox 2167 3476 3382 3534">
    <p class='ocr_par' dir='ltr' id='par_1_117' title="bbox 2167 3476 3382 3534">
     <span class='ocr_line' id='line_1_117' title="bbox 2167 3476 3382 3534; baseline 0.002 -6"><span class='ocrx_word' id='word_1_436' title='bbox 2167 3480 2389 3531; x_wconf 87' lang='lat' dir='ltr'>sortem</span> <span class='ocrx_word' id='word_1_437' title='bbox 2426 3476 2639 3532; x_wconf 89' lang='lat' dir='ltr'>misisti</span> <span class='ocrx_word' id='word_1_438' title='bbox 2673 3479 2734 3533; x_wconf 90' lang='lat' dir='ltr'>in</span> <span class='ocrx_word' id='word_1_439' title='bbox 2773 3479 3037 3534; x_wconf 87' lang='lat' dir='ltr'>tunicam</span> <span class='ocrx_word' id='word_1_440' title='bbox 3069 3479 3382 3533; x_wconf 90' lang='lat' dir='ltr'>Creatoris.</span> 
     </span>
    </p>
   </div>
   <div class='ocr_carea' id='block_1_118' title="bbox 2240 3565 3828 3629">
    <p class='ocr_par' dir='ltr' id='par_1_118' title="bbox 2240 3565 3828 3629">
     <span class='ocr_line' id='line_1_118' title="bbox 2240 3565 3828 3629; baseline 0.002 -11"><span class='ocrx_word' id='word_1_441' title='bbox 2240 3565 2478 3620; x_wconf 90' lang='lat' dir='ltr'>Inferno</span> <span class='ocrx_word' id='word_1_442' title='bbox 2539 3573 2741 3622; x_wconf 88' lang='lat' dir='ltr'>autem</span> <span class='ocrx_word' id='word_1_443' title='bbox 2828 3568 3194 3629; x_wconf 71' lang='lat' dir='ltr'>dehiscente,</span> <span class='ocrx_word' id='word_1_444' title='bbox 3257 3568 3512 3622; x_wconf 81' lang='lat' dir='ltr'>surrexit</span> <span class='ocrx_word' id='word_1_445' title='bbox 3580 3565 3741 3621; x_wconf 87' lang='lat' dir='ltr'>velut</span> <span class='ocrx_word' id='word_1_446' title='bbox 3798 3583 3828 3621; x_wconf 91' lang='lat' dir='ltr'>e</span> 
     </span>
    </p>
   </div>
   <div class='ocr_carea' id='block_1_119' title="bbox 2169 3655 3825 3721">
    <p class='ocr_par' dir='ltr' id='par_1_119' title="bbox 2169 3655 3825 3721">
     <span class='ocr_line' id='line_1_119' title="bbox 2169 3655 3825 3721; baseline 0.001 -14"><span class='ocrx_word' id='word_1_447' title='bbox 2169 3669 2400 3721; x_wconf 87' lang='lat' dir='ltr'>somno,</span> <span class='ocrx_word' id='word_1_448' title='bbox 2435 3656 2706 3710; x_wconf 87' lang='lat' dir='ltr'>ascendit</span> <span class='ocrx_word' id='word_1_449' title='bbox 2735 3657 2809 3712; x_wconf 91' lang='lat' dir='ltr'>ad</span> <span class='ocrx_word' id='word_1_450' title='bbox 2859 3657 3140 3712; x_wconf 89' lang='lat' dir='ltr'>thronum</span> <span class='ocrx_word' id='word_1_451' title='bbox 3172 3657 3364 3711; x_wconf 86' lang='lat' dir='ltr'>Patris</span> <span class='ocrx_word' id='word_1_452' title='bbox 3396 3657 3459 3712; x_wconf 90' lang='lat' dir='ltr'>in</span> <span class='ocrx_word' id='word_1_453' title='bbox 3493 3655 3825 3711; x_wconf 82' lang='lat' dir='ltr'>altissimis.</span> 
     </span>
    </p>
   </div>
   <div class='ocr_carea' id='block_1_120' title="bbox 2236 3745 3826 3817">
    <p class='ocr_par' dir='ltr' id='par_1_120' title="bbox 2236 3745 3826 3817">
     <span class='ocr_line' id='line_1_120' title="bbox 2236 3745 3826 3817; baseline 0.002 -20"><span class='ocrx_word' id='word_1_454' title='bbox 2236 3745 2320 3798; x_wconf 93' lang='lat' dir='ltr'>Tu</span> <span class='ocrx_word' id='word_1_455' title='bbox 2352 3761 2512 3816; x_wconf 88' lang='lat' dir='ltr'>ergo,</span> <span class='ocrx_word' id='word_1_456' title='bbox 2545 3746 2835 3811; x_wconf 88' lang='lat' dir='ltr'>Israelita,</span> <span class='ocrx_word' id='word_1_457' title='bbox 2869 3753 3172 3802; x_wconf 88' lang='lat' dir='ltr'>memento</span> <span class='ocrx_word' id='word_1_458' title='bbox 3225 3746 3686 3817; x_wconf 82' lang='lat' dir='ltr'>incredulitatis,</span> <span class='ocrx_word' id='word_1_459' title='bbox 3719 3745 3826 3800; x_wconf 84' lang='lat' dir='ltr'>ba-</span> 
     </span>
    </p>
   </div>
   <div class='ocr_carea' id='block_1_121' title="bbox 2167 3834 3469 3909">
    <p class='ocr_par' dir='ltr' id='par_1_121' title="bbox 2167 3834 3469 3909">
     <span class='ocr_line' id='line_1_121' title="bbox 2167 3834 3469 3909; baseline 0.005 -22"><span class='ocrx_word' id='word_1_460' title='bbox 2167 3834 2376 3905; x_wconf 90' lang='lat' dir='ltr'>ptizari</span> <span class='ocrx_word' id='word_1_461' title='bbox 2413 3836 2648 3903; x_wconf 86' lang='lat' dir='ltr'>festina,</span> <span class='ocrx_word' id='word_1_462' title='bbox 2683 3838 2950 3892; x_wconf 87' lang='lat' dir='ltr'>Christus</span> <span class='ocrx_word' id='word_1_463' title='bbox 2981 3841 3142 3894; x_wconf 90' lang='lat' dir='ltr'>enim</span> <span class='ocrx_word' id='word_1_464' title='bbox 3174 3838 3469 3909; x_wconf 86' lang='lat' dir='ltr'>apparuit.</span> 
     </span>
    </p>
   </div>
   <div class='ocr_carea' id='block_1_122' title="bbox 2239 3925 3821 4001">
    <p class='ocr_par' dir='ltr' id='par_1_122' title="bbox 2239 3925 3821 4001">
     <span class='ocr_line' id='line_1_122' title="bbox 2239 3925 3821 4001; baseline 0.001 -23"><span class='ocrx_word' id='word_1_465' title='bbox 2239 3925 2404 3990; x_wconf 89' lang='lat' dir='ltr'>Quod</span> <span class='ocrx_word' id='word_1_466' title='bbox 2436 3925 2582 3980; x_wconf 92' lang='lat' dir='ltr'>olim</span> <span class='ocrx_word' id='word_1_467' title='bbox 2614 3925 2818 3982; x_wconf 88' lang='lat' dir='ltr'>datum</span> <span class='ocrx_word' id='word_1_468' title='bbox 2842 3935 2932 3982; x_wconf 88' lang='lat' dir='ltr'>est</span> <span class='ocrx_word' id='word_1_469' title='bbox 2953 3929 3187 4001; x_wconf 87' lang='lat' dir='ltr'>signum</span> <span class='ocrx_word' id='word_1_470' title='bbox 3205 3930 3334 3998; x_wconf 79' lang='lat' dir='ltr'>jam</span> <span class='ocrx_word' id='word_1_471' title='bbox 3359 3927 3669 4000; x_wconf 68' lang='lat' dir='ltr'>impletum</span> <span class='ocrx_word' id='word_1_472' title='bbox 3693 3933 3782 3982; x_wconf 89' lang='lat' dir='ltr'>est</span> <span class='ocrx_word' id='word_1_473' title='bbox 3809 3945 3821 3994; x_wconf 94' lang='lat'>;</span> 
     </span>
    </p>
   </div>
   <div class='ocr_carea' id='block_1_123' title="bbox 2166 4015 3826 4089">
    <p class='ocr_par' dir='ltr' id='par_1_123' title="bbox 2166 4015 3826 4089">
     <span class='ocr_line' id='line_1_123' title="bbox 2166 4015 3826 4089; baseline 0.002 -20"><span class='ocrx_word' id='word_1_474' title='bbox 2166 4029 2306 4069; x_wconf 89' lang='lat' dir='ltr'>nam</span> <span class='ocrx_word' id='word_1_475' title='bbox 2339 4015 2604 4071; x_wconf 88' lang='lat' dir='ltr'>desiitin</span> <span class='ocrx_word' id='word_1_476' title='bbox 2638 4016 2820 4072; x_wconf 85' lang='lat' dir='ltr'>finem</span> <span class='ocrx_word' id='word_1_477' title='bbox 2866 4017 2984 4072; x_wconf 82' lang='lat' dir='ltr'>dux</span> <span class='ocrx_word' id='word_1_478' title='bbox 3037 4019 3098 4072; x_wconf 91' lang='lat' dir='ltr'>in</span> <span class='ocrx_word' id='word_1_479' title='bbox 3159 4017 3446 4089; x_wconf 90' lang='lat' dir='ltr'>p0pulum</span> <span class='ocrx_word' id='word_1_480' title='bbox 3504 4034 3700 4073; x_wconf 90' lang='lat' dir='ltr'>meum</span> <span class='ocrx_word' id='word_1_481' title='bbox 3733 4035 3826 4073; x_wconf 90' lang='lat' dir='ltr'>re-</span> 
     </span>
    </p>
   </div>
   <div class='ocr_carea' id='block_1_124' title="bbox 2165 4118 2369 4178">
    <p class='ocr_par' dir='ltr' id='par_1_124' title="bbox 2165 4118 2369 4178">
     <span class='ocr_line' id='line_1_124' title="bbox 2165 4118 2369 4178; baseline -0.02 -18"><span class='ocrx_word' id='word_1_482' title='bbox 2165 4118 2369 4178; x_wconf 86' lang='lat' dir='ltr'>gnare.</span> 
     </span>
    </p>
   </div>
   <div class='ocr_carea' id='block_1_125' title="bbox 2237 4193 3826 4267">
    <p class='ocr_par' dir='ltr' id='par_1_125' title="bbox 2237 4193 3826 4267">
     <span class='ocr_line' id='line_1_125' title="bbox 2237 4193 3826 4267; baseline 0 -17"><span class='ocrx_word' id='word_1_483' title='bbox 2237 4193 2510 4250; x_wconf 89' lang='lat' dir='ltr'>Ostendit</span> <span class='ocrx_word' id='word_1_484' title='bbox 2539 4195 2830 4267; x_wconf 87' lang='lat' dir='ltr'>propheta</span> <span class='ocrx_word' id='word_1_485' title='bbox 2851 4195 3061 4252; x_wconf 89' lang='lat' dir='ltr'>Daniel</span> <span class='ocrx_word' id='word_1_486' title='bbox 3093 4201 3348 4267; x_wconf 87' lang='lat' dir='ltr'>tempus,</span> <span class='ocrx_word' id='word_1_487' title='bbox 3375 4196 3582 4251; x_wconf 90' lang='lat' dir='ltr'>dicens</span> <span class='ocrx_word' id='word_1_488' title='bbox 3604 4195 3826 4250; x_wconf 77' lang='lat' dir='ltr'>hebdo-</span> 
     </span>
    </p>
   </div>
   <div class='ocr_carea' id='block_1_126' title="bbox 2165 4283 2969 4355">
    <p class='ocr_par' dir='ltr' id='par_1_126' title="bbox 2165 4283 2969 4355">
     <span class='ocr_line' id='line_1_126' title="bbox 2165 4283 2969 4355; baseline 0 -16"><span class='ocrx_word' id='word_1_489' title='bbox 2165 4283 2372 4339; x_wconf 82' lang='lat' dir='ltr'>madas</span> <span class='ocrx_word' id='word_1_490' title='bbox 2404 4285 2782 4355; x_wconf 82' lang='lat' dir='ltr'>septuaginta</span> <span class='ocrx_word' id='word_1_491' title='bbox 2820 4284 2969 4340; x_wconf 88' lang='lat' dir='ltr'>fore.</span> 
     </span>
    </p>
   </div>
   <div class='ocr_carea' id='block_1_127' title="bbox 2240 4373 3827 4445">
    <p class='ocr_par' dir='ltr' id='par_1_127' title="bbox 2240 4373 3827 4445">
     <span class='ocr_line' id='line_1_127' title="bbox 2240 4373 3827 4445; baseline 0.001 -17"><span class='ocrx_word' id='word_1_492' title='bbox 2240 4374 2576 4438; x_wconf 89' lang='lat' dir='ltr'>llluminor,</span> <span class='ocrx_word' id='word_1_493' title='bbox 2607 4374 2810 4434; x_wconf 83' lang='lat' dir='ltr'>frater.</span> <span class='ocrx_word' id='word_1_494' title='bbox 2843 4373 3208 4444; x_wconf 86' lang='lat' dir='ltr'>baptismum</span> <span class='ocrx_word' id='word_1_495' title='bbox 3240 4374 3484 4445; x_wconf 90' lang='lat' dir='ltr'>recipio,</span> <span class='ocrx_word' id='word_1_496' title='bbox 3509 4379 3827 4445; x_wconf 86' lang='lat' dir='ltr'>postquam</span> 
     </span>
    </p>
   </div>
   <div class='ocr_carea' id='block_1_128' title="bbox 2163 4463 3405 4534">
    <p class='ocr_par' dir='ltr' id='par_1_128' title="bbox 2163 4463 3405 4534">
     <span class='ocr_line' id='line_1_128' title="bbox 2163 4463 3405 4534; baseline -0.002 -15"><span class='ocrx_word' id='word_1_497' title='bbox 2163 4463 2345 4519; x_wconf 92' lang='lat' dir='ltr'>didici</span> <span class='ocrx_word' id='word_1_498' title='bbox 2378 4480 2511 4534; x_wconf 72' lang='lat' dir='ltr'>quae</span> <span class='ocrx_word' id='word_1_499' title='bbox 2544 4463 2890 4534; x_wconf 84' lang='lat' dir='ltr'>ignorabam</span> <span class='ocrx_word' id='word_1_500' title='bbox 2926 4464 3208 4534; x_wconf 87' lang='lat' dir='ltr'>mysteria</span> <span class='ocrx_word' id='word_1_501' title='bbox 3240 4463 3405 4534; x_wconf 89' lang='lat' dir='ltr'>legis.</span> 
     </span>
    </p>
   </div>
   <div class='ocr_carea' id='block_1_129' title="bbox 2232 4551 3820 4623">
    <p class='ocr_par' dir='ltr' id='par_1_129' title="bbox 2232 4551 3820 4623">
     <span class='ocr_line' id='line_1_129' title="bbox 2232 4551 3820 4623; baseline 0 -16"><span class='ocrx_word' id='word_1_502' title='bbox 2232 4553 2458 4607; x_wconf 86' lang='lat' dir='ltr'>Chorus</span> <span class='ocrx_word' id='word_1_503' title='bbox 2517 4551 2966 4622; x_wconf 86' lang='lat' dir='ltr'>prophetarum,</span> <span class='ocrx_word' id='word_1_504' title='bbox 3025 4566 3121 4605; x_wconf 90' lang='lat' dir='ltr'>me</span> <span class='ocrx_word' id='word_1_505' title='bbox 3175 4551 3434 4606; x_wconf 88' lang='lat' dir='ltr'>fraterne</span> <span class='ocrx_word' id='word_1_506' title='bbox 3491 4551 3820 4623; x_wconf 76' lang='lat' dir='ltr'>excipiatis,</span> 
     </span>
    </p>
   </div>
   <div class='ocr_carea' id='block_1_130' title="bbox 2161 4639 3334 4713">
    <p class='ocr_par' dir='ltr' id='par_1_130' title="bbox 2161 4639 3334 4713">
     <span class='ocr_line' id='line_1_130' title="bbox 2161 4639 3334 4713; baseline -0.003 -16"><span class='ocrx_word' id='word_1_507' title='bbox 2161 4658 2299 4697; x_wconf 88' lang='lat' dir='ltr'>nam</span> <span class='ocrx_word' id='word_1_508' title='bbox 2330 4639 2496 4694; x_wconf 85' lang='lat' dir='ltr'>vobis</span> <span class='ocrx_word' id='word_1_509' title='bbox 2528 4640 2848 4694; x_wconf 87' lang='lat' dir='ltr'>obsecutus</span> <span class='ocrx_word' id='word_1_510' title='bbox 2879 4640 3068 4713; x_wconf 88' lang='lat' dir='ltr'>gratia</span> <span class='ocrx_word' id='word_1_511' title='bbox 3100 4641 3334 4696; x_wconf 88' lang='lat' dir='ltr'>induor.</span> 
     </span>
    </p>
   </div>
   <div class='ocr_carea' id='block_1_131' title="bbox 2232 4729 3819 4801">
    <p class='ocr_par' dir='ltr' id='par_1_131' title="bbox 2232 4729 3819 4801">
     <span class='ocr_line' id='line_1_131' title="bbox 2232 4729 3819 4801; baseline 0.002 -16"><span class='ocrx_word' id='word_1_512' title='bbox 2232 4732 2484 4785; x_wconf 87' lang='lat' dir='ltr'>Mentem</span> <span class='ocrx_word' id='word_1_513' title='bbox 2520 4729 2895 4800; x_wconf 84' lang='lat' dir='ltr'>puriﬁcatam</span> <span class='ocrx_word' id='word_1_514' title='bbox 2927 4730 3110 4785; x_wconf 75' lang='lat' dir='ltr'>ofl‘ero</span> <span class='ocrx_word' id='word_1_515' title='bbox 3156 4730 3282 4794; x_wconf 75' lang='lat' dir='ltr'>tibi,</span> <span class='ocrx_word' id='word_1_516' title='bbox 3317 4729 3581 4786; x_wconf 88' lang='lat' dir='ltr'>Salvator</span> <span class='ocrx_word' id='word_1_517' title='bbox 3612 4749 3819 4801; x_wconf 84' lang='lat' dir='ltr'>meus;</span> 
     </span>
    </p>
   </div>
   <div class='ocr_carea' id='block_1_132' title="bbox 2159 4819 3714 4890">
    <p class='ocr_par' dir='ltr' id='par_1_132' title="bbox 2159 4819 3714 4890">
     <span class='ocr_line' id='line_1_132' title="bbox 2159 4819 3714 4890; baseline 0 -14"><span class='ocrx_word' id='word_1_518' title='bbox 2159 4821 2412 4876; x_wconf 87' lang='lat' dir='ltr'>Basilius</span> <span class='ocrx_word' id='word_1_519' title='bbox 2444 4819 2768 4890; x_wconf 88' lang='lat' dir='ltr'>imperator</span> <span class='ocrx_word' id='word_1_520' title='bbox 2793 4819 3014 4876; x_wconf 89' lang='lat' dir='ltr'>clamat</span> <span class='ocrx_word' id='word_1_521' title='bbox 3034 4837 3194 4876; x_wconf 89' lang='lat' dir='ltr'>nunc</span> <span class='ocrx_word' id='word_1_522' title='bbox 3225 4820 3299 4876; x_wconf 90' lang='lat' dir='ltr'>ad</span> <span class='ocrx_word' id='word_1_523' title='bbox 3332 4821 3714 4878; x_wconf 89' lang='lat' dir='ltr'>Salvatorem.</span> 
     </span>
    </p>
   </div>
   <div class='ocr_carea' id='block_1_133' title="bbox 2237 4908 3819 4984">
    <p class='ocr_par' dir='ltr' id='par_1_133' title="bbox 2237 4908 3819 4984">
     <span class='ocr_line' id='line_1_133' title="bbox 2237 4908 3819 4984; baseline 0.003 -20"><span class='ocrx_word' id='word_1_524' title='bbox 2237 4911 2304 4965; x_wconf 93' lang='lat' dir='ltr'>Ut</span> <span class='ocrx_word' id='word_1_525' title='bbox 2333 4908 2584 4964; x_wconf 89' lang='lat' dir='ltr'>hostiam</span> <span class='ocrx_word' id='word_1_526' title='bbox 2618 4909 2761 4964; x_wconf 89' lang='lat' dir='ltr'>olim</span> <span class='ocrx_word' id='word_1_527' title='bbox 2794 4910 3095 4967; x_wconf 84' lang='lat' dir='ltr'>Abraham</span> <span class='ocrx_word' id='word_1_528' title='bbox 3119 4912 3426 4982; x_wconf 82' lang='lat' dir='ltr'>excepisti.</span> <span class='ocrx_word' id='word_1_529' title='bbox 3451 4929 3651 4968; x_wconf 90' lang='lat' dir='ltr'>meum</span> <span class='ocrx_word' id='word_1_530' title='bbox 3673 4930 3819 4984; x_wconf 87' lang='lat' dir='ltr'>quo-</span> 
     </span>
    </p>
   </div>
   <div class='ocr_carea' id='block_1_134' title="bbox 2159 4998 3498 5074">
    <p class='ocr_par' dir='ltr' id='par_1_134' title="bbox 2159 4998 3498 5074">
     <span class='ocr_line' id='line_1_134' title="bbox 2159 4998 3498 5074; baseline -0.001 -19"><span class='ocrx_word' id='word_1_531' title='bbox 2159 5017 2273 5074; x_wconf 90' lang='lat' dir='ltr'>que</span> <span class='ocrx_word' id='word_1_532' title='bbox 2306 4999 2509 5071; x_wconf 86' lang='lat' dir='ltr'>excipe</span> <span class='ocrx_word' id='word_1_533' title='bbox 2543 4998 2768 5054; x_wconf 91' lang='lat' dir='ltr'>donum</span> <span class='ocrx_word' id='word_1_534' title='bbox 2804 5015 3016 5055; x_wconf 89' lang='lat' dir='ltr'>recens</span> <span class='ocrx_word' id='word_1_535' title='bbox 3048 5001 3252 5056; x_wconf 89' lang='lat' dir='ltr'>selecti</span> <span class='ocrx_word' id='word_1_536' title='bbox 3285 5001 3498 5073; x_wconf 89' lang='lat' dir='ltr'>gregis.</span> 
     </span>
    </p>
   </div>
   <div class='ocr_carea' id='block_1_135' title="bbox 2228 5088 3820 5162">
    <p class='ocr_par' dir='ltr' id='par_1_135' title="bbox 2228 5088 3820 5162">
     <span class='ocr_line' id='line_1_135' title="bbox 2228 5088 3820 5162; baseline 0 -17"><span class='ocrx_word' id='word_1_537' title='bbox 2228 5089 2354 5146; x_wconf 91' lang='lat' dir='ltr'>Tibi</span> <span class='ocrx_word' id='word_1_538' title='bbox 2386 5088 2546 5144; x_wconf 88' lang='lat' dir='ltr'>enim</span> <span class='ocrx_word' id='word_1_539' title='bbox 2577 5089 2916 5144; x_wconf 79' lang='lat' dir='ltr'>consecravi</span> <span class='ocrx_word' id='word_1_540' title='bbox 2960 5095 3018 5144; x_wconf 90' lang='lat' dir='ltr'>et</span> <span class='ocrx_word' id='word_1_541' title='bbox 3067 5091 3221 5145; x_wconf 82' lang='lat' dir='ltr'>ﬁlios</span> <span class='ocrx_word' id='word_1_542' title='bbox 3252 5106 3388 5145; x_wconf 90' lang='lat' dir='ltr'>cum</span> <span class='ocrx_word' id='word_1_543' title='bbox 3420 5089 3691 5162; x_wconf 83' lang='lat' dir='ltr'>conjuge,</span> <span class='ocrx_word' id='word_1_544' title='bbox 3726 5107 3820 5145; x_wconf 92' lang='lat' dir='ltr'>re-</span> 
     </span>
    </p>
   </div>
   <div class='ocr_carea' id='block_1_136' title="bbox 2157 5180 3414 5255">
    <p class='ocr_par' dir='ltr' id='par_1_136' title="bbox 2157 5180 3414 5255">
     <span class='ocr_line' id='line_1_136' title="bbox 2157 5180 3414 5255; baseline -0.001 -19"><span class='ocrx_word' id='word_1_545' title='bbox 2157 5198 2340 5255; x_wconf 89' lang='lat' dir='ltr'>gnum</span> <span class='ocrx_word' id='word_1_546' title='bbox 2375 5181 2596 5251; x_wconf 89' lang='lat' dir='ltr'>ipsum,</span> <span class='ocrx_word' id='word_1_547' title='bbox 2631 5185 2690 5232; x_wconf 91' lang='lat' dir='ltr'>et</span> <span class='ocrx_word' id='word_1_548' title='bbox 2718 5195 2958 5235; x_wconf 89' lang='lat' dir='ltr'>omnem</span> <span class='ocrx_word' id='word_1_549' title='bbox 2991 5197 3185 5236; x_wconf 86' lang='lat' dir='ltr'>meam</span> <span class='ocrx_word' id='word_1_550' title='bbox 3214 5180 3414 5235; x_wconf 85' lang='lat' dir='ltr'>vitam.</span> 
     </span>
    </p>
   </div>
  </div>
