4110 6452
292 402 451 463 1183
1216 399 1798 461 CHRISTOPHORI
1842 395 1915 458 Ε)

2083 395 2354 459 ὶΤΑΊῚΟ
2402 395 2609 458 ALTE
2618 396 2740 456 BA.
3551 398 3574 454 Ι
3591 395 3706 458 184

734 698 2003 830 ΧΡΙΣΤΟΦΟΡΟΥ
2097 697 2252 828 Α’
2361 698 3266 830 ΣΗΚΡΙΤΟΥ

1059 988 1177 1042 ΕΙΣ
1213 985 1387 1042 ΤΟΥΣ
1429 987 1694 1044 ΑΥΤΟΥΣ
1735 986 2158 1046 ΙΣΡΑΙΙΛΙΤΔΣ
2198 986 2645 1046 ΠΑΡΔΙΝΕΣΙΣ.
2688 986 2803 1044 ΗΧ.
2846 985 2927 1044 ι’.

993 1420 1836 1518 CRISTOPHORI
1909 1421 3006 1518 PROTOASECRETIS

1115 1636 1212 1694 AD
1250 1635 1537 1694 EOSDEM
1581 1635 1994 1694 ISRAELITAS
2033 1634 2508 1695 EXHORTATIO.
2550 1633 2822 1692 CANTUS
2861 1633 2904 1687 Ι.

369 2003 678 2083 Διδάγθητι
706 2013 814 2065 τῶν
849 2009 1006 2074 θείων
1557 2014 1699 2070 Σιὼν
1730 2013 1830 2082 τὴν
1863 2009 2192 2082 Ἐκκλησίαν
2743 2007 2852 2064 Τὸν
2875 2002 3186 2082 σμάραγδόν
3225 2027 3320 2079 μοι
3350 2006 3462 2062 νόει

295 2097 510 2172 Λογίων
543 2098 638 2162 τὰς
663 2099 947 2178 ἐμφάσεις,
1493 2105 1766 2178 ΙΙροεῖπον
1801 2103 1851 2157 οἱ
1883 2108 2162 2179 προφῆται
2677 2095 2878 2170 Πὲτρον
2910 2096 3002 2151 τὸν
3033 2101 3348 2173 κορυφαῖον.

300 2191 416 2241 Τῶν
450 2193 749 2265 προφητῶν
781 2191 876 2252 τὰς
910 2189 1096 2265 ῥήσεις
1491 2193 1606 2261 Τήν
1634 2191 1798 2247 πόλιν
1830 2193 1930 2261 τὴν
1966 2188 2211 2266 μεγάλην
2677 2185 3034 2262 Πρωτεύοντα
3065 2185 3120 2240 ἐν
3156 2187 3304 2258 μέσῳ

302 2283 640 2350 Σωματικῶς
675 2279 752 2352 μὴ
783 2280 914 2336 νόει.
1491 2287 1598 2337 Τοῦ
1629 2283 1840 2338 πάντων
1879 2283 2175 2357 βασιλέως.
2677 2278 2858 2347 Χοροῦ
2887 2279 2994 2330 τῶν
3025 2273 3370 2331 ἀποστόλων·

374 2368 465 2434 Μή
493 2367 687 2440 νόμιζε
712 2369 815 2436 τὴν
846 2367 1010 2423 πόλιν
1563 2373 1653 2427 Ἐν
1685 2370 1854 2447 ταύτῃ
1885 2368 2034 2431 λίθος
2065 2365 2283 2442 ἔντιμος
2751 2366 2856 2422 Τὸν
2893 2365 3126 2438 ἄνθρακα
3157 2361 3384 2439 λογίζου

303 2459 445 2514 Σιὼν
473 2455 882 2531 οἰκοδομεῖσθαι
1491 2458 1760 2534 Θεμὲλιος
1791 2456 1945 2531 ἐτέθη
2679 2455 2898 2512 Παῦλον
2926 2454 3021 2510 τὸν
3053 2453 3349 2530 Θεηγόρον,

306 2547 401 2601 Ἐκ
427 2545 598 2610 λίθων
633 2547 970 2620 θεινομένων
1492 2551 1747 2626 Χριστὸς,
1779 2548 1962 2626 ὥσπερ
1989 2556 2249 2624 προεῖπεν
2676 2545 2915 2620 Ἡμέρας
2946 2543 3035 2598 καὶ
3066 2545 3255 2605 νυκτὸς
3278 2542 3380 2620 γὰρ

307 2634 582 2707 Ἐντίμων
616 2635 667 2691 ἂν
698 2635 779 2710 τῷ
811 2637 1027 2711 κόσμῳ.
1491 2645 1608 2696 Τῶν
1629 2646 1926 2718 προφητῶν
1955 2643 1990 2710 ἡ
2024 2639 2172 2712 δόξα.
2678 2635 2790 2696 Τὰς
2823 2633 3100 2710 ἀστραπὰς
3131 2633 3420 2706 ἐκπέμπει,

379 2727 470 2796 Μη
483 2723 540 2781 δὲ
563 2731 730 2781 τοῦτο
760 2724 989 2803 ἑκδὲχου
1565 2727 1690 2784 Ἐπὶ
1722 2731 1802 2798 τῷ
1828 2726 2070 2800 θεμελίῳ
2744 2726 3023 2787 Ὑάκινθος
3055 2722 3112 2779 δὲ
3142 2723 3308 2791 ἐστιν,

308 2813 649 2893 Ὀφθαλμοῖς
673 2821 791 2878 τοῖς
823 2815 1096 2890 σαρκίνοις
1493 2820 1728 2891 Χριστοῦ
1758 2821 1854 2871 τοῦ
1887 2816 2244 2892 μαργαρίτου.
2677 2817 2738 2874 Ὀ
2773 2811 2937 2892 μέγας
2969 2813 3249 2885 Ἰωάννης,

307 2907 604 2970 Θεάσασθειι
633 2905 686 2962 ἐν
719 2907 846 2982 βίῳ.
897 2947 914 2963 .
958 2949 973 2964 .
1491 2906 1634 2970 Τούς
1662 2903 1874 2961 δώδεκα
1904 2907 2160 2978 εὑρήσεις
2678 2906 2921 2976 Οὖράνια
2945 2906 3218 2978 μυστήρια

308 3037 322 3051 .
404 3039 418 3054 .
500 3039 512 3051 .
593 3039 605 3052 .
686 3037 701 3054 .
782 3041 797 3056 .
877 3042 891 3056 .
972 3041 985 3054 .
1489 2996 1875 3068 Ὠραιοτάτους
1908 2995 2118 3059 λίθους.
2680 2998 2927 3070 Βροντῶν
2957 2994 3376 3069 τῇἚκκΑησίᾳ.

307 3085 364 3138 ’0
393 3082 561 3160 λόγος
596 3088 694 3140 τοῦ
723 3087 1014 3162 προφήτου
1564 3086 1762 3151 Λίθους
1795 3083 2006 3142 δώδεκα
2036 3085 2148 3142 νόει
2752 3086 2851 3143 Καὶ
2883 3084 3011 3146 τοὺς
3044 3083 3274 3144 λοιποὺς
3305 3081 3364 3139 δὶ
3395 3083 3582 3147 λίθους

307 3174 678 3248 Πεπλήρωται
709 3172 1032 3250 προδήλως,
1489 3175 1634 3238 Τοὺς
1658 3175 1836 3240 θείους
1875 3175 2244 3244 ἀποστόλους,
2677 3175 2820 3240 Τοὺς
2848 3173 3192 3236 ἀποστόλους
3227 3173 3362 3242 νόει,

307 3260 412 3319 Καὶ
443 3263 582 3317 Σιὼν
611 3259 857 3336 ἐδομήθη
1490 3263 1927 3337 Ἀστράπτοντας
1960 3263 2013 3319 ἐν
2049 3262 2195 3338 μέσῳ
2676 3269 2803 3347 Ἀφ’
2835 3267 2908 3322 ῶν
2941 3264 3280 3339 ᾠκοδομήθη

311 3347 408 3408 Ἐκ
438 3347 606 3406 λίθω]
641 3350 997 3428 ἆσυγκρίτων.
1490 3356 1631 3414 Σιὼν
1661 3362 1760 3426 τῆς
1793 3353 2144 3428 Ἐκκλησίας.
2681 3355 2822 3414 Σιὼν
2853 3359 2888 3425 ἡ
2922 3355 3038 3411 θεία
3068 3352 3254 3417 πόλις.

381 3543 606 3598 Docere
652 3541 989 3601 divinorum
1039 3545 1418 3603 oraculorum
1472 3545 1959 3619 signiﬁcationes.
2144 3545 2211 3599 In
2238 3543 2627 3600 fundamento
2659 3543 2819 3617 quod
2841 3543 3111 3600 Christus
3133 3543 3454 3616 margarita
3474 3548 3566 3600 est
3585 3543 3736 3600 duo-

268 3696 271 3699 ~
309 3631 590 3703 Prophetr
610 3649 741 3688 rum
771 3650 942 3691 voces
974 3636 1296 3692 carnaliter
1324 3652 1399 3691 ne
1425 3635 1746 3707 intelligas.
2074 3634 2268 3692 decim
2295 3633 2562 3690 invenies
2594 3632 3114 3706 splendidissimos
3144 3633 3394 3706 lapides.

381 3722 460 3776 Ne
493 3721 805 3778 aititreris
856 3724 996 3780 Sion
1047 3725 1255 3780 urbem
1279 3725 1570 3791 adificari
1603 3741 1633 3779 e
1665 3723 1966 3796 lapidibus
2147 3725 2396 3796 Lapides
2428 3723 2746 3779 duodecim
2802 3723 3070 3797 intellige
3125 3723 3356 3780 divinos
3405 3723 3734 3797 apostolos,

311 3809 414 3880 qui
445 3811 553 3866 visi
581 3811 805 3867 fuerint
835 3815 1140 3885 conspicui
1173 3814 1235 3868 in
1266 3814 1378 3870 hoc
1409 3814 1655 3870 mundo.
2074 3813 2375 3887 fulgentes
2405 3814 2467 3868 in
2498 3813 2696 3869 medio
2728 3814 2867 3869 Sion
2900 3813 3200 3870 Ecclesia.

382 3900 464 3955 Ne
493 3899 645 3955 illud
675 3900 934 3973 excipias
966 3903 1155 3959 oculis
1194 3903 1429 3960 carneis
1459 3904 1522 3959 in
1553 3903 1674 3960 vita
1702 3908 1965 3960 contem-
2148 3903 2535 3976 Smaragdum
2583 3908 2795 3976 reputa
2852 3905 3114 3967 Petrum.
3173 3903 3578 3976 coryphaum,
3611 3903 3739 3975 pri-

312 3987 537 4059 plari...
2074 4010 2204 4051 mas
2235 3997 2540 4049 tenentem
2571 3993 2632 4047 in
2666 3992 2862 4048 medio
2893 3992 3301 4064 apostolorum
3333 3993 3520 4049 chori.

385 4076 642 4133 Verbum
696 4080 999 4150 propheta
1049 4081 1362 4153 impletum
1408 4088 1499 4139 est
1542 4081 1878 4150 manifeste,
1911 4086 1970 4137 et
2150 4083 2509 4138 Anthracem
2560 4083 2828 4155 intellige
2874 4083 3123 4138 Paulum
3165 4083 3561 4156 Deiloquum;
3597 4100 3736 4140 nam

314 4165 453 4221 Sion
483 4174 783 4225 exstructa
812 4176 903 4225 est
931 4187 961 4226 e
994 4171 1293 4243 lapidibus
1336 4173 1644 4245 dispersis.
2077 4173 2173 4229 die
2205 4178 2264 4227 et
2291 4178 2464 4229 nocte
2497 4172 2848 4244 splendores
2881 4173 3119 4229 emittit.
3230 4201 3234 4205 -

383 4255 520 4312 Sion
545 4257 868 4314 Ecclesiam
897 4261 1300 4332 pradixerunt
1318 4265 1646 4336 propheta,
1668 4262 1966 4320 civitatem
2149 4261 2514 4334 Hyacinthus
2537 4266 2626 4316 est
2648 4278 2895 4334 magnus
2917 4263 3195 4332 Joannes,
3221 4263 3485 4320 calestia
3515 4267 3735 4336 myste-

310 4361 587 4420 magnam
617 4348 1031 4408 universorum
1064 4353 1236 4426 regis.
2077 4352 2166 4408 ria
2195 4357 2411 4407 tonans
2442 4351 2505 4406 in
2535 4350 2821 4407 Ecclesia.

382 4435 446 4491 In
478 4435 582 4492 illa
610 4437 763 4510 lapis
794 4441 1051 4498 eximius
1094 4443 1554 4501 fundamentum
1585 4444 1847 4517 positum
1880 4446 1970 4498 est
2148 4442 2404 4498 Cateros
2430 4447 2629 4497 autem
2648 4441 2876 4513 lapides
2898 4442 3165 4516 intellige
3191 4443 3514 4516 apostolos,
3539 4458 3574 4500 a
3599 4442 3729 4514 qui-

313 4525 790 4600 Christus,§sicut
817 4532 1094 4604 pradixit
1121 4535 1550 4608 prophetarum
1579 4535 1808 4592 famosa
1834 4549 1962 4588 vox.
2077 4532 2189 4588 bus
2219 4531 2515 4588 aediﬁcata
2533 4535 2624 4587 est
2651 4530 2790 4588 Sion
2821 4531 3026 4590 civitas
3053 4531 3272 4590 divina.
