  <div class='ocr_page' id='page_1' title='image "/cluster/home/n/w/nwhite01/storage/ocr_20150623/117/coo.31924054870211/604.png"; bbox 0 0 4110 6460; ppageno 0'>
   <div class='ocr_carea' id='block_1_1' title="bbox 450 401 1522 449">
    <p class='ocr_par' dir='ltr' id='par_1_1' title="bbox 450 401 1522 449">
     <span class='ocr_line' id='line_1_1' title="bbox 450 401 1522 449; baseline 0.006 -6"><span class='ocrx_word' id='word_1_1' title='bbox 450 401 1522 449; x_wconf 45' lang='lat' dir='ltr'>ea</span> 
     </span>
    </p>
   </div>
   <div class='ocr_carea' id='block_1_2' title="bbox 449 756 1734 951">
    <p class='ocr_par' dir='ltr' id='par_1_2' title="bbox 449 756 1734 951">
     <span class='ocr_line' id='line_1_2' title="bbox 449 756 1734 951; baseline 0.008 -9"><span class='ocrx_word' id='word_1_2' title='bbox 449 756 1734 951; x_wconf 71' lang='lat' dir='ltr'>NHGHAEL</span> 
     </span>
    </p>
   </div>
   <div class='ocr_carea' id='block_1_3' title="bbox 1525 406 3877 465">
    <p class='ocr_par' dir='ltr' id='par_1_3' title="bbox 1525 406 3877 465">
     <span class='ocr_line' id='line_1_3' title="bbox 1525 406 3877 465; baseline 0.007 -16"><span class='ocrx_word' id='word_1_3' title='bbox 1525 406 3877 465; x_wconf 50' lang='grc' dir='ltr'><em>Μ</em></span> 
     </span>
    </p>
   </div>
   <div class='ocr_carea' id='block_1_4' title="bbox 1943 579 2368 621">
    <p class='ocr_par' dir='ltr' id='par_1_4' title="bbox 1943 579 2368 621">
     <span class='ocr_line' id='line_1_4' title="bbox 1943 579 2368 621; baseline 0.007 -3"><span class='ocrx_word' id='word_1_4' title='bbox 1943 579 2095 619; x_wconf 66' lang='lat' dir='ltr'><strong>ANNO</strong></span> <span class='ocrx_word' id='word_1_5' title='bbox 2137 581 2193 620; x_wconf 84' lang='lat' dir='ltr'>IN</span> <span class='ocrx_word' id='word_1_6' title='bbox 2199 579 2368 621; x_wconf 63' lang='grc' dir='ltr'>(ΕΒΤο</span> 
     </span>
    </p>
   </div>
   <div class='ocr_carea' id='block_1_5' title="bbox 1865 765 3868 966">
    <p class='ocr_par' dir='ltr' id='par_1_5' title="bbox 1865 765 3868 966">
     <span class='ocr_line' id='line_1_5' title="bbox 1865 765 3868 966; baseline 0.005 -13"><span class='ocrx_word' id='word_1_7' title='bbox 1865 765 3868 966; x_wconf 39' lang='lat' dir='ltr'>7HAMARTOLUS</span> 
     </span>
    </p>
   </div>
   <div class='ocr_carea' id='block_1_6' title="bbox 1047 1209 2118 1294">
    <p class='ocr_par' dir='ltr' id='par_1_6' title="bbox 1047 1209 2118 1292">
     <span class='ocr_line' id='line_1_6' title="bbox 1047 1209 2118 1292; baseline 0.007 -32"><span class='ocrx_word' id='word_1_8' title='bbox 1047 1211 1131 1284; x_wconf 74' lang='grc' dir='ltr'>τᾳ</span> <span class='ocrx_word' id='word_1_9' title='bbox 1171 1209 1542 1290; x_wconf 67' lang='lat' dir='ltr'>meum,</span> <span class='ocrx_word' id='word_1_10' title='bbox 1582 1212 1984 1292; x_wconf 71' lang='grc' dir='ltr'>ΣΟΦΩΤΑΤᾳ,</span> <span class='ocrx_word' id='word_1_11' title='bbox 2043 1213 2118 1268; x_wconf 87' lang='lat' dir='ltr'>eE</span> 
     </span>
    </p>
   </div>
   <div class='ocr_carea' id='block_1_7' title="bbox 2203 1209 3255 1294">
    <p class='ocr_par' dir='ltr' id='par_1_7' title="bbox 2203 1215 3255 1294">
     <span class='ocr_line' id='line_1_7' title="bbox 2203 1215 3255 1294; baseline 0.005 -26"><span class='ocrx_word' id='word_1_12' title='bbox 2203 1215 2458 1294; x_wconf 70' lang='grc' dir='ltr'>ΞΙΚΕΛῼ,</span> <span class='ocrx_word' id='word_1_13' title='bbox 2520 1215 2815 1271; x_wconf 77' lang='lat' dir='ltr'>nOlMENI</span> <span class='ocrx_word' id='word_1_14' title='bbox 2863 1215 3255 1286; x_wconf 76' lang='lat' dir='ltr'>HOIMENQN,</span> 
     </span>
    </p>
   </div>
   <div class='ocr_carea' id='block_1_8' title="bbox 1822 1355 2486 1454">
    <p class='ocr_par' dir='ltr' id='par_1_8' title="bbox 1822 1355 2486 1454">
     <span class='ocr_line' id='line_1_8' title="bbox 1822 1355 2486 1454; baseline 0.002 -3"><span class='ocrx_word' id='word_1_15' title='bbox 1822 1355 1989 1452; x_wconf 87' lang='grc' dir='ltr'>ΤΩ</span> <span class='ocrx_word' id='word_1_16' title='bbox 2072 1355 2486 1454; x_wconf 88' lang='grc' dir='ltr'>ΤΥΡΟΥ</span> 
     </span>
    </p>
   </div>
   <div class='ocr_carea' id='block_1_9' title="bbox 1500 1529 2800 1591">
    <p class='ocr_par' dir='ltr' id='par_1_9' title="bbox 1500 1529 2800 1591">
     <span class='ocr_line' id='line_1_9' title="bbox 1500 1529 2800 1591; baseline 0.002 -3"><span class='ocrx_word' id='word_1_17' title='bbox 1500 1529 1776 1588; x_wconf 76' lang='grc' dir='ltr'><strong>ΜΙΧΑΗΛ</strong></span> <span class='ocrx_word' id='word_1_18' title='bbox 1815 1531 2247 1588; x_wconf 81' lang='grc' dir='ltr'>ΑΜΑΡΤΩΛΟΣ</span> <span class='ocrx_word' id='word_1_19' title='bbox 2283 1533 2800 1591; x_wconf 79' lang='grc' dir='ltr'>ΙΕΡΟΜΟΝΔΧΟΣ</span> 
     </span>
    </p>
   </div>
   <div class='ocr_carea' id='block_1_10' title="bbox 1972 1676 2312 1734">
    <p class='ocr_par' dir='ltr' id='par_1_10' title="bbox 1972 1676 2312 1734">
     <span class='ocr_line' id='line_1_10' title="bbox 1972 1676 2312 1734; baseline 0.006 -3"><span class='ocrx_word' id='word_1_20' title='bbox 1972 1676 2312 1734; x_wconf 83' lang='grc' dir='ltr'>ΧΑΙΡΕΙΝ¹¹.</span> 
     </span>
    </p>
   </div>
   <div class='ocr_carea' id='block_1_11' title="bbox 967 1961 3318 2043">
    <p class='ocr_par' dir='ltr' id='par_1_11' title="bbox 967 1961 3318 2043">
     <span class='ocr_line' id='line_1_11' title="bbox 967 1961 3318 2043; baseline 0.004 -24"><span class='ocrx_word' id='word_1_21' title='bbox 967 1961 1452 2034; x_wconf 78' lang='lat' dir='ltr'>SANCTISSIMO,</span> <span class='ocrx_word' id='word_1_22' title='bbox 1491 1968 2050 2037; x_wconf 79' lang='lat' dir='ltr'>SAPIENTISSIMO,</span> <span class='ocrx_word' id='word_1_23' title='bbox 2100 1971 2238 2027; x_wconf 87' lang='lat' dir='ltr'>DEO</span> <span class='ocrx_word' id='word_1_24' title='bbox 2293 1971 2532 2038; x_wconf 81' lang='lat' dir='ltr'>SIMILI,</span> <span class='ocrx_word' id='word_1_25' title='bbox 2577 1972 2877 2030; x_wconf 81' lang='lat' dir='ltr'>PASTORI</span> <span class='ocrx_word' id='word_1_26' title='bbox 2914 1973 3318 2043; x_wconf 83' lang='lat' dir='ltr'>PASTORUM,</span> 
     </span>
    </p>
   </div>
   <div class='ocr_carea' id='block_1_12' title="bbox 1659 2115 2594 2235">
    <p class='ocr_par' dir='ltr' id='par_1_12' title="bbox 1659 2115 2594 2235">
     <span class='ocr_line' id='line_1_12' title="bbox 1659 2115 2594 2235; baseline 0.003 -27"><span class='ocrx_word' id='word_1_27' title='bbox 1659 2115 1940 2210; x_wconf 86' lang='lat' dir='ltr'>TYRI</span> <span class='ocrx_word' id='word_1_28' title='bbox 2001 2117 2594 2235; x_wconf 70' lang='lat' dir='ltr'>PBZESULI,</span> 
     </span>
    </p>
   </div>
   <div class='ocr_carea' id='block_1_13' title="bbox 1301 2295 2983 2372">
    <p class='ocr_par' dir='ltr' id='par_1_13' title="bbox 1301 2295 2983 2372">
     <span class='ocr_line' id='line_1_13' title="bbox 1301 2295 2983 2372; baseline 0.005 -22"><span class='ocrx_word' id='word_1_29' title='bbox 1301 2295 1615 2354; x_wconf 76' lang='lat' dir='ltr'>MICHAEL</span> <span class='ocrx_word' id='word_1_30' title='bbox 1651 2298 2020 2356; x_wconf 80' lang='lat' dir='ltr'>PECCATOR</span> <span class='ocrx_word' id='word_1_31' title='bbox 2060 2299 2421 2356; x_wconf 83' lang='lat' dir='ltr'>SACERDOS</span> <span class='ocrx_word' id='word_1_32' title='bbox 2462 2300 2545 2356; x_wconf 89' lang='lat' dir='ltr'>ET</span> <span class='ocrx_word' id='word_1_33' title='bbox 2584 2301 2983 2372; x_wconf 81' lang='lat' dir='ltr'>MONACHUS,</span> 
     </span>
    </p>
   </div>
   <div class='ocr_carea' id='block_1_14' title="bbox 1984 2446 2308 2504">
    <p class='ocr_par' dir='ltr' id='par_1_14' title="bbox 1984 2446 2308 2504">
     <span class='ocr_line' id='line_1_14' title="bbox 1984 2446 2308 2504; baseline 0.003 -3"><span class='ocrx_word' id='word_1_34' title='bbox 1984 2446 2308 2504; x_wconf 84' lang='lat' dir='ltr'>SALUTEM</span> 
     </span>
    </p>
   </div>
   <div class='ocr_carea' id='block_1_15' title="bbox 1131 2590 3157 2667">
    <p class='ocr_par' dir='ltr' id='par_1_15' title="bbox 1131 2590 3157 2667">
     <span class='ocr_line' id='line_1_15' title="bbox 1131 2590 3157 2667; baseline 0.002 -23"><span class='ocrx_word' id='word_1_35' title='bbox 1131 2590 1527 2661; x_wconf 71' lang='lat' dir='ltr'>(Borssomns,</span> <span class='ocrx_word' id='word_1_36' title='bbox 1561 2591 1846 2647; x_wconf 78' lang='lat' dir='ltr'>Anecdota</span> <span class='ocrx_word' id='word_1_37' title='bbox 1874 2593 2064 2650; x_wconf 65' lang='lat' dir='ltr'>Greca</span> <span class='ocrx_word' id='word_1_38' title='bbox 2094 2609 2164 2649; x_wconf 89' lang='lat' dir='ltr'>ex</span> <span class='ocrx_word' id='word_1_39' title='bbox 2199 2591 2370 2648; x_wconf 88' lang='lat' dir='ltr'>codd.</span> <span class='ocrx_word' id='word_1_40' title='bbox 2405 2594 2567 2664; x_wconf 57' lang='lat' dir='ltr'>Reg,</span> <span class='ocrx_word' id='word_1_41' title='bbox 2601 2597 2744 2655; x_wconf 77' lang='lat' dir='ltr'>tom,</span> <span class='ocrx_word' id='word_1_42' title='bbox 2782 2593 2874 2661; x_wconf 82' lang='lat' dir='ltr'>IV,</span> <span class='ocrx_word' id='word_1_43' title='bbox 2908 2611 2967 2666; x_wconf 89' lang='lat' dir='ltr'>p.</span> <span class='ocrx_word' id='word_1_44' title='bbox 2999 2596 3157 2667; x_wconf 64' lang='lat'><strong>452.)</strong></span> 
     </span>
    </p>
   </div>
   <div class='ocr_carea' id='block_1_16' title="bbox 509 2877 2118 2959">
    <p class='ocr_par' dir='ltr' id='par_1_16' title="bbox 509 2877 2083 2959">
     <span class='ocr_line' id='line_1_16' title="bbox 509 2877 2083 2959; baseline 0 -23"><span class='ocrx_word' id='word_1_45' title='bbox 509 2877 716 2955; x_wconf 79' lang='grc' dir='ltr'>Καρδία</span> <span class='ocrx_word' id='word_1_46' title='bbox 749 2881 844 2955; x_wconf 77' lang='grc' dir='ltr'>μὶν</span> <span class='ocrx_word' id='word_1_47' title='bbox 876 2880 967 2937; x_wconf 84' lang='grc' dir='ltr'>καὶ</span> <span class='ocrx_word' id='word_1_48' title='bbox 1015 2885 1164 2959; x_wconf 76' lang='grc' dir='ltr'>ἧπαρ</span> <span class='ocrx_word' id='word_1_49' title='bbox 1214 2884 1408 2938; x_wconf 72' lang='grc' dir='ltr'>ἅπασιν</span> <span class='ocrx_word' id='word_1_50' title='bbox 1459 2883 1724 2959; x_wconf 80' lang='grc' dir='ltr'>ἀναγκαῖα</span> <span class='ocrx_word' id='word_1_51' title='bbox 1746 2889 1865 2946; x_wconf 86' lang='grc' dir='ltr'>τοῖς</span> <span class='ocrx_word' id='word_1_52' title='bbox 1900 2884 2083 2954; x_wconf 82' lang='grc' dir='ltr'>ζώοις·</span> 
     </span>
    </p>
   </div>
   <div class='ocr_carea' id='block_1_17' title="bbox 2203 2877 3861 2959">
    <p class='ocr_par' dir='ltr' id='par_1_17' title="bbox 2273 2883 3861 2943">
     <span class='ocr_line' id='line_1_17' title="bbox 2273 2883 3861 2943; baseline 0.003 -5"><span class='ocrx_word' id='word_1_53' title='bbox 2273 2885 2384 2939; x_wconf 91' lang='lat' dir='ltr'>Cor</span> <span class='ocrx_word' id='word_1_54' title='bbox 2404 2888 2463 2938; x_wconf 87' lang='lat' dir='ltr'>et</span> <span class='ocrx_word' id='word_1_55' title='bbox 2481 2884 2562 2939; x_wconf 88' lang='lat' dir='ltr'>fel</span> <span class='ocrx_word' id='word_1_56' title='bbox 2585 2883 2865 2939; x_wconf 88' lang='lat' dir='ltr'>omnibus</span> <span class='ocrx_word' id='word_1_57' title='bbox 2888 2885 3228 2940; x_wconf 86' lang='lat' dir='ltr'>necessaria</span> <span class='ocrx_word' id='word_1_58' title='bbox 3255 2891 3393 2941; x_wconf 86' lang='lat' dir='ltr'>sunt</span> <span class='ocrx_word' id='word_1_59' title='bbox 3414 2886 3821 2943; x_wconf 82' lang='lat' dir='ltr'>animantibus</span> <span class='ocrx_word' id='word_1_60' title='bbox 3848 2905 3861 2942; x_wconf 94' lang='lat'>:</span> 
     </span>
    </p>
   </div>
   <div class='ocr_carea' id='block_1_18' title="bbox 440 2968 2089 3048">
    <p class='ocr_par' dir='ltr' id='par_1_18' title="bbox 440 2968 2089 3048">
     <span class='ocr_line' id='line_1_18' title="bbox 440 2968 2089 3048; baseline 0 -23"><span class='ocrx_word' id='word_1_61' title='bbox 440 2971 476 3038; x_wconf 82' lang='grc' dir='ltr'>ἡ</span> <span class='ocrx_word' id='word_1_62' title='bbox 514 2970 630 3044; x_wconf 77' lang='grc' dir='ltr'>μὶν,</span> <span class='ocrx_word' id='word_1_63' title='bbox 665 2968 755 3026; x_wconf 74' lang='grc' dir='ltr'>διὰ</span> <span class='ocrx_word' id='word_1_64' title='bbox 781 2971 882 3039; x_wconf 83' lang='grc' dir='ltr'>τήν</span> <span class='ocrx_word' id='word_1_65' title='bbox 909 2973 1008 3040; x_wconf 76' lang='grc' dir='ltr'>τῆς</span> <span class='ocrx_word' id='word_1_66' title='bbox 1068 2972 1408 3048; x_wconf 82' lang='grc' dir='ltr'>θερμότητος</span> <span class='ocrx_word' id='word_1_67' title='bbox 1466 2974 1646 3048; x_wconf 73' lang='grc' dir='ltr'>ἀρχὴν</span> <span class='ocrx_word' id='word_1_68' title='bbox 1684 2970 1786 3044; x_wconf 84' lang='grc' dir='ltr'>(δεῖ</span> <span class='ocrx_word' id='word_1_69' title='bbox 1814 2971 1918 3048; x_wconf 71' lang='grc' dir='ltr'>γάρ</span> <span class='ocrx_word' id='word_1_70' title='bbox 1952 2971 2089 3026; x_wconf 78' lang='grc' dir='ltr'>εἶναί</span> 
     </span>
    </p>
   </div>
   <div class='ocr_carea' id='block_1_19' title="bbox 432 3061 2090 3140">
    <p class='ocr_par' dir='ltr' id='par_1_19' title="bbox 432 3061 2090 3140">
     <span class='ocr_line' id='line_1_19' title="bbox 432 3061 2090 3140; baseline 0.002 -27"><span class='ocrx_word' id='word_1_71' title='bbox 432 3079 553 3115; x_wconf 68' lang='grc' dir='ltr'>τιν»</span> <span class='ocrx_word' id='word_1_72' title='bbox 585 3063 699 3116; x_wconf 78' lang='grc' dir='ltr'>οἷον</span> <span class='ocrx_word' id='word_1_73' title='bbox 734 3061 932 3132; x_wconf 71' lang='grc' dir='ltr'>ἑστίαν,</span> <span class='ocrx_word' id='word_1_74' title='bbox 966 3061 1018 3116; x_wconf 82' lang='grc' dir='ltr'>ἐν</span> <span class='ocrx_word' id='word_1_75' title='bbox 1067 3061 1104 3136; x_wconf 74' lang='grc' dir='ltr'>ᾗ</span> <span class='ocrx_word' id='word_1_76' title='bbox 1150 3062 1386 3118; x_wconf 83' lang='grc' dir='ltr'>κείσεται</span> <span class='ocrx_word' id='word_1_77' title='bbox 1437 3070 1538 3132; x_wconf 80' lang='grc' dir='ltr'>τῆς</span> <span class='ocrx_word' id='word_1_78' title='bbox 1568 3062 1776 3140; x_wconf 75' lang='grc' dir='ltr'>φύσεως</span> <span class='ocrx_word' id='word_1_79' title='bbox 1809 3063 1874 3118; x_wconf 84' lang='grc' dir='ltr'>τὸ</span> <span class='ocrx_word' id='word_1_80' title='bbox 1905 3069 2090 3132; x_wconf 67' lang='lat' dir='ltr'>Cumu-</span> 
     </span>
    </p>
   </div>
   <div class='ocr_carea' id='block_1_20' title="bbox 434 3150 2093 3229">
    <p class='ocr_par' dir='ltr' id='par_1_20' title="bbox 434 3150 2093 3229">
     <span class='ocr_line' id='line_1_20' title="bbox 434 3150 2093 3229; baseline 0.001 -26"><span class='ocrx_word' id='word_1_81' title='bbox 434 3153 562 3222; x_wconf 80' lang='grc' dir='ltr'>ροῦν</span> <span class='ocrx_word' id='word_1_82' title='bbox 619 3151 709 3205; x_wconf 77' lang='grc' dir='ltr'>καὶ</span> <span class='ocrx_word' id='word_1_83' title='bbox 767 3156 929 3207; x_wconf 80' lang='grc' dir='ltr'>τοῦτο</span> <span class='ocrx_word' id='word_1_84' title='bbox 985 3151 1344 3229; x_wconf 73' lang='grc' dir='ltr'>εὒφύλακτον,</span> <span class='ocrx_word' id='word_1_85' title='bbox 1405 3151 1586 3228; x_wconf 84' lang='grc' dir='ltr'>ὥσπερ</span> <span class='ocrx_word' id='word_1_86' title='bbox 1618 3150 1921 3226; x_wconf 82' lang='grc' dir='ltr'>ἀκρόπολις</span> <span class='ocrx_word' id='word_1_87' title='bbox 1957 3151 2093 3206; x_wconf 79' lang='grc' dir='ltr'>οὖσα</span> 
     </span>
    </p>
   </div>
   <div class='ocr_carea' id='block_1_21' title="bbox 430 3239 2093 3318">
    <p class='ocr_par' dir='ltr' id='par_1_21' title="bbox 430 3239 2093 3318">
     <span class='ocr_line' id='line_1_21' title="bbox 430 3239 2093 3318; baseline 0.001 -26"><span class='ocrx_word' id='word_1_88' title='bbox 430 3242 535 3293; x_wconf 73' lang='grc' dir='ltr'>τοῦ</span> <span class='ocrx_word' id='word_1_89' title='bbox 567 3239 863 3314; x_wconf 84' lang='grc' dir='ltr'>σώματος)⁶</span> <span class='ocrx_word' id='word_1_90' title='bbox 897 3242 960 3296; x_wconf 84' lang='grc' dir='ltr'>τὸ</span> <span class='ocrx_word' id='word_1_91' title='bbox 992 3239 1036 3296; x_wconf 76' lang='grc' dir='ltr'>δ’</span> <span class='ocrx_word' id='word_1_92' title='bbox 1064 3242 1237 3317; x_wconf 82' lang='grc' dir='ltr'>ἧπαρ,</span> <span class='ocrx_word' id='word_1_93' title='bbox 1259 3249 1360 3312; x_wconf 73' lang='grc' dir='ltr'>τῆς</span> <span class='ocrx_word' id='word_1_94' title='bbox 1416 3243 1630 3317; x_wconf 69' lang='grc' dir='ltr'>πέψεως</span> <span class='ocrx_word' id='word_1_95' title='bbox 1685 3242 1874 3318; x_wconf 80' lang='grc' dir='ltr'>χάριν.</span> <span class='ocrx_word' id='word_1_96' title='bbox 1913 3240 2093 3297; x_wconf 84' lang='grc' dir='ltr'>Ηάντα</span> 
     </span>
    </p>
   </div>
   <div class='ocr_carea' id='block_1_22' title="bbox 434 3325 2089 3405">
    <p class='ocr_par' dir='ltr' id='par_1_22' title="bbox 434 3325 2089 3405">
     <span class='ocr_line' id='line_1_22' title="bbox 434 3325 2089 3405; baseline 0.001 -23"><span class='ocrx_word' id='word_1_97' title='bbox 434 3326 493 3382; x_wconf 77' lang='grc' dir='ltr'>δὶ</span> <span class='ocrx_word' id='word_1_98' title='bbox 525 3325 696 3384; x_wconf 79' lang='grc' dir='ltr'>δεῖται</span> <span class='ocrx_word' id='word_1_99' title='bbox 724 3332 792 3386; x_wconf 73' lang='grc' dir='ltr'>τά</span> <span class='ocrx_word' id='word_1_100' title='bbox 833 3327 1028 3404; x_wconf 82' lang='grc' dir='ltr'>ἔναιμα</span> <span class='ocrx_word' id='word_1_101' title='bbox 1075 3329 1224 3386; x_wconf 83' lang='grc' dir='ltr'>δυοῖν</span> <span class='ocrx_word' id='word_1_102' title='bbox 1273 3332 1512 3401; x_wconf 89' lang='grc' dir='ltr'>τούτοιν,</span> <span class='ocrx_word' id='word_1_103' title='bbox 1563 3333 1744 3396; x_wconf 80' lang='grc' dir='ltr'>καθὼς</span> <span class='ocrx_word' id='word_1_104' title='bbox 1777 3331 1804 3386; x_wconf 84' lang='grc' dir='ltr'>ὀ</span> <span class='ocrx_word' id='word_1_105' title='bbox 1839 3329 2089 3405; x_wconf 78' lang='grc' dir='ltr'>Ἀριστό-</span> 
     </span>
    </p>
   </div>
   <div class='ocr_carea' id='block_1_23' title="bbox 432 3417 2091 3499">
    <p class='ocr_par' dir='ltr' id='par_1_23' title="bbox 432 3417 2091 3499">
     <span class='ocr_line' id='line_1_23' title="bbox 432 3417 2091 3499; baseline 0 -27"><span class='ocrx_word' id='word_1_106' title='bbox 432 3417 601 3490; x_wconf 75' lang='grc' dir='ltr'>τέλης</span> <span class='ocrx_word' id='word_1_107' title='bbox 632 3423 707 3493; x_wconf 78' lang='grc'>(1)</span> <span class='ocrx_word' id='word_1_108' title='bbox 736 3421 922 3499; x_wconf 74' lang='grc' dir='ltr'>φησίν.</span> <span class='ocrx_word' id='word_1_109' title='bbox 955 3421 1120 3493; x_wconf 80' lang='grc' dir='ltr'>Ἡμῖν</span> <span class='ocrx_word' id='word_1_110' title='bbox 1153 3420 1230 3489; x_wconf 62' lang='lat' dir='ltr'>8t,</span> <span class='ocrx_word' id='word_1_111' title='bbox 1261 3426 1380 3485; x_wconf 82' lang='grc' dir='ltr'>τοῖς</span> <span class='ocrx_word' id='word_1_112' title='bbox 1428 3420 1594 3476; x_wconf 81' lang='grc' dir='ltr'>εἶκόνι</span> <span class='ocrx_word' id='word_1_113' title='bbox 1623 3421 1904 3494; x_wconf 84' lang='grc' dir='ltr'>τιμηθεῖσι</span> <span class='ocrx_word' id='word_1_114' title='bbox 1934 3422 2091 3481; x_wconf 77' lang='grc' dir='ltr'>Θεοῦ,</span> 
     </span>
    </p>
   </div>
   <div class='ocr_carea' id='block_1_24' title="bbox 437 3506 2094 3585">
    <p class='ocr_par' dir='ltr' id='par_1_24' title="bbox 437 3506 2094 3585">
     <span class='ocr_line' id='line_1_24' title="bbox 437 3506 2094 3585; baseline -0.001 -21"><span class='ocrx_word' id='word_1_115' title='bbox 437 3509 705 3585; x_wconf 79' lang='grc' dir='ltr'>ἀναγκαία</span> <span class='ocrx_word' id='word_1_116' title='bbox 753 3511 933 3573; x_wconf 77' lang='grc' dir='ltr'>πίστις</span> <span class='ocrx_word' id='word_1_117' title='bbox 993 3507 1268 3581; x_wconf 75' lang='grc' dir='ltr'>ἁϐἑϐηλος</span> <span class='ocrx_word' id='word_1_118' title='bbox 1325 3512 1414 3565; x_wconf 79' lang='grc' dir='ltr'>καὶ</span> <span class='ocrx_word' id='word_1_119' title='bbox 1475 3507 1778 3581; x_wconf 77' lang='grc' dir='ltr'>συνείδησις</span> <span class='ocrx_word' id='word_1_120' title='bbox 1810 3506 2094 3580; x_wconf 82' lang='grc' dir='ltr'>ἀκηλίδω-</span> 
     </span>
    </p>
   </div>
   <div class='ocr_carea' id='block_1_25' title="bbox 432 3598 2095 3675">
    <p class='ocr_par' dir='ltr' id='par_1_25' title="bbox 432 3598 2095 3675">
     <span class='ocr_line' id='line_1_25' title="bbox 432 3598 2095 3675; baseline -0.001 -22"><span class='ocrx_word' id='word_1_121' title='bbox 432 3619 548 3660; x_wconf 82' lang='grc' dir='ltr'>τος.</span> <span class='ocrx_word' id='word_1_122' title='bbox 606 3598 670 3655; x_wconf 83' lang='grc' dir='ltr'><em>Ἣ</em></span> <span class='ocrx_word' id='word_1_123' title='bbox 707 3599 825 3672; x_wconf 76' lang='grc' dir='ltr'>μὶν,</span> <span class='ocrx_word' id='word_1_124' title='bbox 859 3599 931 3662; x_wconf 85' lang='grc' dir='ltr'>ὡς</span> <span class='ocrx_word' id='word_1_125' title='bbox 984 3598 1288 3671; x_wconf 81' lang='grc' dir='ltr'>ἀκρόπολις</span> <span class='ocrx_word' id='word_1_126' title='bbox 1345 3600 1836 3675; x_wconf 76' lang='grc' dir='ltr'>ἀνανταγώνιστος,</span> <span class='ocrx_word' id='word_1_127' title='bbox 1875 3601 1973 3660; x_wconf 80' lang='grc' dir='ltr'>τάς</span> <span class='ocrx_word' id='word_1_128' title='bbox 2004 3617 2095 3651; x_wconf 90' lang='grc' dir='ltr'>νο-</span> 
     </span>
    </p>
   </div>
   <div class='ocr_carea' id='block_1_26' title="bbox 436 3687 2093 3765">
    <p class='ocr_par' dir='ltr' id='par_1_26' title="bbox 436 3687 2093 3765">
     <span class='ocr_line' id='line_1_26' title="bbox 436 3687 2093 3765; baseline -0.002 -21"><span class='ocrx_word' id='word_1_129' title='bbox 436 3689 572 3761; x_wconf 79' lang='grc' dir='ltr'>ητὰς</span> <span class='ocrx_word' id='word_1_130' title='bbox 631 3690 847 3753; x_wconf 75' lang='grc' dir='ltr'>ἀκῶκᾶς</span> <span class='ocrx_word' id='word_1_131' title='bbox 930 3695 1028 3746; x_wconf 82' lang='grc' dir='ltr'>τοῦ</span> <span class='ocrx_word' id='word_1_132' title='bbox 1101 3691 1237 3746; x_wconf 79' lang='grc' dir='ltr'>κατὰ</span> <span class='ocrx_word' id='word_1_133' title='bbox 1320 3694 1509 3765; x_wconf 79' lang='grc' dir='ltr'>ψυχῆς</span> <span class='ocrx_word' id='word_1_134' title='bbox 1565 3691 1640 3759; x_wconf 86' lang='grc'>(2)</span> <span class='ocrx_word' id='word_1_135' title='bbox 1699 3687 2093 3762; x_wconf 69' lang='grc' dir='ltr'>συνισταμένου</span> 
     </span>
    </p>
   </div>
   <div class='ocr_carea' id='block_1_27' title="bbox 436 3777 2089 3856">
    <p class='ocr_par' dir='ltr' id='par_1_27' title="bbox 436 3777 2089 3856">
     <span class='ocr_line' id='line_1_27' title="bbox 436 3777 2089 3856; baseline -0.002 -21"><span class='ocrx_word' id='word_1_136' title='bbox 436 3777 829 3854; x_wconf 69' lang='grc' dir='ltr'>«τανηλεγέος</span> <span class='ocrx_word' id='word_1_137' title='bbox 885 3783 960 3853; x_wconf 87' lang='grc'>(3)</span> <span class='ocrx_word' id='word_1_138' title='bbox 1016 3778 1290 3850; x_wconf 75' lang='grc' dir='ltr'>θανάτοιο,</span> <span class='ocrx_word' id='word_1_139' title='bbox 1352 3804 1380 3831; x_wconf 86' lang='grc'><strong>››</strong></span> <span class='ocrx_word' id='word_1_140' title='bbox 1436 3784 1537 3845; x_wconf 78' lang='grc' dir='ltr'>τῆς</span> <span class='ocrx_word' id='word_1_141' title='bbox 1594 3778 1864 3848; x_wconf 81' lang='grc' dir='ltr'>ἀπιστίας,</span> <span class='ocrx_word' id='word_1_142' title='bbox 1925 3778 2089 3856; x_wconf 75' lang='grc' dir='ltr'>φημὶ,</span> 
     </span>
    </p>
   </div>
   <div class='ocr_carea' id='block_1_28' title="bbox 437 3867 2094 3944">
    <p class='ocr_par' dir='ltr' id='par_1_28' title="bbox 437 3867 2094 3944">
     <span class='ocr_line' id='line_1_28' title="bbox 437 3867 2094 3944; baseline -0.001 -21"><span class='ocrx_word' id='word_1_143' title='bbox 437 3867 649 3940; x_wconf 85' lang='grc' dir='ltr'>νηπίων</span> <span class='ocrx_word' id='word_1_144' title='bbox 693 3867 1025 3944; x_wconf 76' lang='grc' dir='ltr'>λογιζομὲνη</span> <span class='ocrx_word' id='word_1_145' title='bbox 1083 3869 1405 3943; x_wconf 74' lang='grc' dir='ltr'>τοξεύματα,</span> <span class='ocrx_word' id='word_1_146' title='bbox 1465 3868 1594 3941; x_wconf 82' lang='grc' dir='ltr'>πυρὶ</span> <span class='ocrx_word' id='word_1_147' title='bbox 1656 3867 1798 3933; x_wconf 85' lang='grc' dir='ltr'>θείας</span> <span class='ocrx_word' id='word_1_148' title='bbox 1873 3867 2094 3941; x_wconf 84' lang='grc' dir='ltr'><strong>ἀγάπης</strong></span> 
     </span>
    </p>
   </div>
   <div class='ocr_carea' id='block_1_29' title="bbox 438 3957 2090 4037">
    <p class='ocr_par' dir='ltr' id='par_1_29' title="bbox 438 3957 2090 4037">
     <span class='ocr_line' id='line_1_29' title="bbox 438 3957 2090 4037; baseline -0.002 -24"><span class='ocrx_word' id='word_1_149' title='bbox 438 3958 824 4035; x_wconf 66' lang='grc' dir='ltr'>φρουρουμένη</span> <span class='ocrx_word' id='word_1_150' title='bbox 883 3960 974 4014; x_wconf 81' lang='grc' dir='ltr'>καὶ</span> <span class='ocrx_word' id='word_1_151' title='bbox 1016 3958 1301 4037; x_wconf 72' lang='grc' dir='ltr'>φαίνουσα,</span> <span class='ocrx_word' id='word_1_152' title='bbox 1362 3959 1452 4014; x_wconf 83' lang='grc' dir='ltr'>καὶ</span> <span class='ocrx_word' id='word_1_153' title='bbox 1510 3960 1612 4027; x_wconf 77' lang='grc' dir='ltr'>τήν</span> <span class='ocrx_word' id='word_1_154' title='bbox 1668 3957 1871 4029; x_wconf 87' lang='grc' dir='ltr'>ταύτης</span> <span class='ocrx_word' id='word_1_155' title='bbox 1909 3957 2090 4012; x_wconf 65' lang='grc' dir='ltr'>ἑστίαν</span> 
     </span>
    </p>
   </div>
   <div class='ocr_carea' id='block_1_30' title="bbox 433 4047 2092 4126">
    <p class='ocr_par' dir='ltr' id='par_1_30' title="bbox 433 4047 2092 4126">
     <span class='ocr_line' id='line_1_30' title="bbox 433 4047 2092 4126; baseline 0.009 -23"><span class='ocrx_word' id='word_1_156' title='bbox 433 4049 526 4103; x_wconf 84' lang='grc' dir='ltr'>καὶ</span> <span class='ocrx_word' id='word_1_157' title='bbox 578 4047 790 4104; x_wconf 85' lang='grc' dir='ltr'>κλεινὸν</span> <span class='ocrx_word' id='word_1_158' title='bbox 849 4047 1196 4124; x_wconf 75' lang='grc' dir='ltr'>ἐνδιαίτημα,</span> <span class='ocrx_word' id='word_1_159' title='bbox 1248 4050 1338 4105; x_wconf 87' lang='grc' dir='ltr'>τὸν</span> <span class='ocrx_word' id='word_1_160' title='bbox 1395 4049 1684 4126; x_wconf 70' lang='grc' dir='ltr'>ὀφθαλμὸν</span> <span class='ocrx_word' id='word_1_161' title='bbox 1737 4055 1836 4118; x_wconf 77' lang='grc' dir='ltr'>τῆς</span> <span class='ocrx_word' id='word_1_162' title='bbox 1884 4051 2092 4124; x_wconf 76' lang='grc' dir='ltr'>ψυχῆς,</span> 
     </span>
    </p>
   </div>
   <div class='ocr_carea' id='block_1_31' title="bbox 429 4134 2094 4215">
    <p class='ocr_par' dir='ltr' id='par_1_31' title="bbox 429 4134 2094 4215">
     <span class='ocr_line' id='line_1_31' title="bbox 429 4134 2094 4215; baseline 0 -23"><span class='ocrx_word' id='word_1_163' title='bbox 429 4134 732 4214; x_wconf 78' lang='grc' dir='ltr'>τηλαυγέσι</span> <span class='ocrx_word' id='word_1_164' title='bbox 794 4145 1177 4215; x_wconf 71' lang='grc' dir='ltr'>μαρμαρυγαῖς</span> <span class='ocrx_word' id='word_1_165' title='bbox 1228 4137 1686 4213; x_wconf 80' lang='grc' dir='ltr'>καταλάμπουσα.</span> <span class='ocrx_word' id='word_1_166' title='bbox 1721 4141 1756 4209; x_wconf 81' lang='grc' dir='ltr'><strong>ἡ</strong></span> <span class='ocrx_word' id='word_1_167' title='bbox 1799 4137 1857 4194; x_wconf 73' lang='grc' dir='ltr'>δὲ</span> <span class='ocrx_word' id='word_1_168' title='bbox 1913 4139 2094 4194; x_wconf 87' lang='grc' dir='ltr'>συνεί-</span> 
     </span>
    </p>
   </div>
   <div class='ocr_carea' id='block_1_32' title="bbox 2200 2973 3862 3047">
    <p class='ocr_par' dir='ltr' id='par_1_32' title="bbox 2200 2973 3862 3047">
     <span class='ocr_line' id='line_1_32' title="bbox 2200 2973 3862 3047; baseline 0.004 -21"><span class='ocrx_word' id='word_1_169' title='bbox 2200 2973 2365 3044; x_wconf 84' lang='lat' dir='ltr'>prius</span> <span class='ocrx_word' id='word_1_170' title='bbox 2397 2973 2642 3044; x_wconf 89' lang='lat' dir='ltr'>quidem</span> <span class='ocrx_word' id='word_1_171' title='bbox 2669 2973 2744 3028; x_wconf 93' lang='lat' dir='ltr'>ob</span> <span class='ocrx_word' id='word_1_172' title='bbox 2773 2973 2990 3029; x_wconf 87' lang='lat' dir='ltr'>caloris</span> <span class='ocrx_word' id='word_1_173' title='bbox 3021 2975 3380 3045; x_wconf 85' lang='lat' dir='ltr'>principium</span> <span class='ocrx_word' id='word_1_174' title='bbox 3417 2978 3671 3047; x_wconf 76' lang='lat' dir='ltr'>{oportet</span> <span class='ocrx_word' id='word_1_175' title='bbox 3702 2978 3862 3032; x_wconf 91' lang='lat' dir='ltr'>enim</span> 
     </span>
    </p>
   </div>
   <div class='ocr_carea' id='block_1_33' title="bbox 2199 3061 3862 3135">
    <p class='ocr_par' dir='ltr' id='par_1_33' title="bbox 2199 3061 3862 3135">
     <span class='ocr_line' id='line_1_33' title="bbox 2199 3061 3862 3135; baseline 0.003 -19"><span class='ocrx_word' id='word_1_176' title='bbox 2199 3078 2329 3117; x_wconf 90' lang='lat' dir='ltr'>esse</span> <span class='ocrx_word' id='word_1_177' title='bbox 2354 3061 2675 3134; x_wconf 81' lang='lat' dir='ltr'>quemdam</span> <span class='ocrx_word' id='word_1_178' title='bbox 2696 3062 2856 3117; x_wconf 89' lang='lat' dir='ltr'>velut</span> <span class='ocrx_word' id='word_1_179' title='bbox 2886 3063 3103 3118; x_wconf 81' lang='lat' dir='ltr'>focum.</span> <span class='ocrx_word' id='word_1_180' title='bbox 3127 3063 3188 3117; x_wconf 92' lang='lat' dir='ltr'>in</span> <span class='ocrx_word' id='word_1_181' title='bbox 3212 3081 3328 3135; x_wconf 93' lang='lat' dir='ltr'>quo</span> <span class='ocrx_word' id='word_1_182' title='bbox 3351 3065 3610 3120; x_wconf 84' lang='lat' dir='ltr'>resideat</span> <span class='ocrx_word' id='word_1_183' title='bbox 3634 3073 3862 3122; x_wconf 75' lang='lat' dir='ltr'>natura)</span> 
     </span>
    </p>
   </div>
   <div class='ocr_carea' id='block_1_34' title="bbox 2197 3151 3858 3224">
    <p class='ocr_par' dir='ltr' id='par_1_34' title="bbox 2197 3151 3858 3224">
     <span class='ocr_line' id='line_1_34' title="bbox 2197 3151 3858 3224; baseline 0.004 -19"><span class='ocrx_word' id='word_1_184' title='bbox 2197 3151 2395 3206; x_wconf 85' lang='lat' dir='ltr'>vitalis</span> <span class='ocrx_word' id='word_1_185' title='bbox 2429 3152 2602 3224; x_wconf 82' lang='lat' dir='ltr'>ignis,</span> <span class='ocrx_word' id='word_1_186' title='bbox 2657 3158 2716 3207; x_wconf 91' lang='lat' dir='ltr'>et</span> <span class='ocrx_word' id='word_1_187' title='bbox 2773 3152 2932 3207; x_wconf 88' lang='lat' dir='ltr'>hunc</span> <span class='ocrx_word' id='word_1_188' title='bbox 2991 3152 3234 3223; x_wconf 88' lang='lat' dir='ltr'>quidem</span> <span class='ocrx_word' id='word_1_189' title='bbox 3284 3153 3437 3209; x_wconf 86' lang='lat' dir='ltr'>bene</span> <span class='ocrx_word' id='word_1_190' title='bbox 3468 3156 3858 3224; x_wconf 80' lang='lat' dir='ltr'>custoditum,</span> 
     </span>
    </p>
   </div>
   <div class='ocr_carea' id='block_1_35' title="bbox 2201 3240 3863 3315">
    <p class='ocr_par' dir='ltr' id='par_1_35' title="bbox 2201 3240 3863 3315">
     <span class='ocr_line' id='line_1_35' title="bbox 2201 3240 3863 3315; baseline 0.004 -21"><span class='ocrx_word' id='word_1_191' title='bbox 2201 3245 2486 3311; x_wconf 89' lang='lat' dir='ltr'>tanquam</span> <span class='ocrx_word' id='word_1_192' title='bbox 2542 3240 2810 3312; x_wconf 89' lang='lat' dir='ltr'>corporis</span> <span class='ocrx_word' id='word_1_193' title='bbox 2865 3246 3132 3309; x_wconf 86' lang='lat' dir='ltr'>arcem);</span> <span class='ocrx_word' id='word_1_194' title='bbox 3184 3240 3264 3296; x_wconf 82' lang='lat' dir='ltr'>fel</span> <span class='ocrx_word' id='word_1_195' title='bbox 3323 3259 3456 3298; x_wconf 90' lang='lat' dir='ltr'>vero</span> <span class='ocrx_word' id='word_1_196' title='bbox 3499 3249 3741 3315; x_wconf 80' lang='lat' dir='ltr'>propter</span> <span class='ocrx_word' id='word_1_197' title='bbox 3768 3244 3863 3299; x_wconf 85' lang='lat' dir='ltr'>di-</span> 
     </span>
    </p>
   </div>
   <div class='ocr_carea' id='block_1_36' title="bbox 2199 3329 3860 3405">
    <p class='ocr_par' dir='ltr' id='par_1_36' title="bbox 2199 3329 3860 3405">
     <span class='ocr_line' id='line_1_36' title="bbox 2199 3329 3860 3405; baseline 0.004 -21"><span class='ocrx_word' id='word_1_198' title='bbox 2199 3330 2558 3403; x_wconf 86' lang='lat' dir='ltr'>gestionem.</span> <span class='ocrx_word' id='word_1_199' title='bbox 2600 3329 2813 3384; x_wconf 91' lang='lat' dir='ltr'>Omnia</span> <span class='ocrx_word' id='word_1_200' title='bbox 2860 3336 3059 3385; x_wconf 88' lang='lat' dir='ltr'>autem</span> <span class='ocrx_word' id='word_1_201' title='bbox 3113 3331 3421 3404; x_wconf 81' lang='lat' dir='ltr'>sanguinis</span> <span class='ocrx_word' id='word_1_202' title='bbox 3452 3350 3587 3388; x_wconf 80' lang='lat' dir='ltr'>vasa</span> <span class='ocrx_word' id='word_1_203' title='bbox 3618 3335 3860 3405; x_wconf 86' lang='lat' dir='ltr'>utrique</span> 
     </span>
    </p>
   </div>
   <div class='ocr_carea' id='block_1_37' title="bbox 2199 3420 3859 3480">
    <p class='ocr_par' dir='ltr' id='par_1_37' title="bbox 2199 3420 3859 3480">
     <span class='ocr_line' id='line_1_37' title="bbox 2199 3420 3859 3480; baseline 0.002 -6"><span class='ocrx_word' id='word_1_204' title='bbox 2199 3420 2539 3476; x_wconf 86' lang='lat' dir='ltr'>necessaria</span> <span class='ocrx_word' id='word_1_205' title='bbox 2595 3425 2755 3480; x_wconf 92' lang='lat' dir='ltr'>sunt.</span> <span class='ocrx_word' id='word_1_206' title='bbox 2813 3425 2880 3474; x_wconf 93' lang='lat' dir='ltr'>ut</span> <span class='ocrx_word' id='word_1_207' title='bbox 2933 3420 3287 3476; x_wconf 78' lang='lat' dir='ltr'>Aristoteles</span> <span class='ocrx_word' id='word_1_208' title='bbox 3319 3421 3482 3478; x_wconf 88' lang='lat' dir='ltr'>dicit.</span> <span class='ocrx_word' id='word_1_209' title='bbox 3518 3423 3696 3479; x_wconf 85' lang='lat' dir='ltr'>Nobis</span> <span class='ocrx_word' id='word_1_210' title='bbox 3726 3441 3859 3478; x_wconf 85' lang='lat' dir='ltr'><strong>vere</strong></span> 
     </span>
    </p>
   </div>
   <div class='ocr_carea' id='block_1_38' title="bbox 2201 3508 3859 3570">
    <p class='ocr_par' dir='ltr' id='par_1_38' title="bbox 2201 3508 3859 3570">
     <span class='ocr_line' id='line_1_38' title="bbox 2201 3508 3859 3570; baseline 0.002 -7"><span class='ocrx_word' id='word_1_211' title='bbox 2201 3508 2595 3564; x_wconf 89' lang='lat' dir='ltr'>similitudine</span> <span class='ocrx_word' id='word_1_212' title='bbox 2651 3508 2755 3565; x_wconf 91' lang='lat' dir='ltr'>Dei</span> <span class='ocrx_word' id='word_1_213' title='bbox 2813 3509 3139 3570; x_wconf 87' lang='lat' dir='ltr'>honoratis.</span> <span class='ocrx_word' id='word_1_214' title='bbox 3200 3511 3540 3566; x_wconf 89' lang='lat' dir='ltr'>necessaria</span> <span class='ocrx_word' id='word_1_215' title='bbox 3590 3517 3679 3566; x_wconf 91' lang='lat' dir='ltr'>est</span> <span class='ocrx_word' id='word_1_216' title='bbox 3711 3512 3859 3568; x_wconf 83' lang='lat' dir='ltr'>ﬁdes</span> 
     </span>
    </p>
   </div>
   <div class='ocr_carea' id='block_1_39' title="bbox 2199 3599 3857 3673">
    <p class='ocr_par' dir='ltr' id='par_1_39' title="bbox 2199 3599 3857 3673">
     <span class='ocr_line' id='line_1_39' title="bbox 2199 3599 3857 3673; baseline 0.002 -19"><span class='ocrx_word' id='word_1_217' title='bbox 2199 3599 2558 3654; x_wconf 89' lang='lat' dir='ltr'>inconcussa</span> <span class='ocrx_word' id='word_1_218' title='bbox 2589 3604 2646 3654; x_wconf 93' lang='lat' dir='ltr'>et</span> <span class='ocrx_word' id='word_1_219' title='bbox 2675 3599 3043 3655; x_wconf 84' lang='lat' dir='ltr'>conscientia</span> <span class='ocrx_word' id='word_1_220' title='bbox 3090 3600 3492 3656; x_wconf 87' lang='lat' dir='ltr'>immaculata.</span> <span class='ocrx_word' id='word_1_221' title='bbox 3529 3601 3696 3656; x_wconf 82' lang='lat' dir='ltr'>Prior</span> <span class='ocrx_word' id='word_1_222' title='bbox 3725 3603 3857 3673; x_wconf 88' lang='lat' dir='ltr'>qui-</span> 
     </span>
    </p>
   </div>
   <div class='ocr_carea' id='block_1_40' title="bbox 2200 3687 3860 3762">
    <p class='ocr_par' dir='ltr' id='par_1_40' title="bbox 2200 3687 3860 3762">
     <span class='ocr_line' id='line_1_40' title="bbox 2200 3687 3860 3762; baseline 0.002 -20"><span class='ocrx_word' id='word_1_223' title='bbox 2200 3687 2358 3757; x_wconf 91' lang='lat' dir='ltr'>dem,</span> <span class='ocrx_word' id='word_1_224' title='bbox 2386 3695 2452 3743; x_wconf 92' lang='lat' dir='ltr'>ut</span> <span class='ocrx_word' id='word_1_225' title='bbox 2497 3688 2792 3761; x_wconf 91' lang='lat' dir='ltr'>acropolis</span> <span class='ocrx_word' id='word_1_226' title='bbox 2841 3689 3343 3762; x_wconf 84' lang='lat' dir='ltr'>inexpugnabilis,</span> <span class='ocrx_word' id='word_1_227' title='bbox 3378 3691 3720 3762; x_wconf 89' lang='lat' dir='ltr'>spirituales</span> <span class='ocrx_word' id='word_1_228' title='bbox 3753 3693 3860 3746; x_wconf 86' lang='lat' dir='ltr'>sti-</span> 
     </span>
    </p>
   </div>
   <div class='ocr_carea' id='block_1_41' title="bbox 2200 3777 3858 3852">
    <p class='ocr_par' dir='ltr' id='par_1_41' title="bbox 2200 3777 3858 3852">
     <span class='ocr_line' id='line_1_41' title="bbox 2200 3777 3858 3852; baseline 0.002 -19"><span class='ocrx_word' id='word_1_229' title='bbox 2200 3777 2396 3834; x_wconf 91' lang='lat' dir='ltr'>mulos</span> <span class='ocrx_word' id='word_1_230' title='bbox 2454 3779 2632 3850; x_wconf 88' lang='lat' dir='ltr'>hujus</span> <span class='ocrx_word' id='word_1_231' title='bbox 2691 3778 2755 3832; x_wconf 90' lang='lat' dir='ltr'>in</span> <span class='ocrx_word' id='word_1_232' title='bbox 2809 3778 3079 3834; x_wconf 88' lang='lat' dir='ltr'>animum</span> <span class='ocrx_word' id='word_1_233' title='bbox 3137 3779 3498 3835; x_wconf 84' lang='lat' dir='ltr'>incurrentis</span> <span class='ocrx_word' id='word_1_234' title='bbox 3557 3788 3858 3852; x_wconf 64' lang='lat' dir='ltr'>perpetuas</span> 
     </span>
    </p>
   </div>
   <div class='ocr_carea' id='block_1_42' title="bbox 2199 3867 3859 3942">
    <p class='ocr_par' dir='ltr' id='par_1_42' title="bbox 2199 3867 3859 3942">
     <span class='ocr_line' id='line_1_42' title="bbox 2199 3867 3859 3942; baseline 0.002 -19"><span class='ocrx_word' id='word_1_235' title='bbox 2199 3869 2431 3933; x_wconf 89' lang='lat' dir='ltr'>mortis,</span> <span class='ocrx_word' id='word_1_236' title='bbox 2463 3867 2902 3924; x_wconf 86' lang='lat' dir='ltr'>incredulitatis</span> <span class='ocrx_word' id='word_1_237' title='bbox 2959 3869 3209 3937; x_wconf 90' lang='lat' dir='ltr'>scilicet,</span> <span class='ocrx_word' id='word_1_238' title='bbox 3255 3887 3579 3942; x_wconf 90' lang='lat' dir='ltr'>puerorum</span> <span class='ocrx_word' id='word_1_239' title='bbox 3615 3871 3733 3926; x_wconf 91' lang='lat' dir='ltr'>tela</span> <span class='ocrx_word' id='word_1_240' title='bbox 3762 3889 3859 3927; x_wconf 85' lang='lat' dir='ltr'>re-</span> 
     </span>
    </p>
   </div>
   <div class='ocr_carea' id='block_1_43' title="bbox 2199 3957 3860 4033">
    <p class='ocr_par' dir='ltr' id='par_1_43' title="bbox 2199 3957 3860 4033">
     <span class='ocr_line' id='line_1_43' title="bbox 2199 3957 3860 4033; baseline 0.002 -21"><span class='ocrx_word' id='word_1_241' title='bbox 2199 3963 2438 4028; x_wconf 82' lang='lat' dir='ltr'>putans,</span> <span class='ocrx_word' id='word_1_242' title='bbox 2468 3957 2602 4030; x_wconf 79' lang='lat' dir='ltr'>igne</span> <span class='ocrx_word' id='word_1_243' title='bbox 2635 3957 2818 4012; x_wconf 89' lang='lat' dir='ltr'>divini</span> <span class='ocrx_word' id='word_1_244' title='bbox 2849 3959 3071 4014; x_wconf 90' lang='lat' dir='ltr'>amoris</span> <span class='ocrx_word' id='word_1_245' title='bbox 3114 3959 3409 4015; x_wconf 91' lang='lat' dir='ltr'>custodita</span> <span class='ocrx_word' id='word_1_246' title='bbox 3439 3966 3498 4016; x_wconf 88' lang='lat' dir='ltr'>et</span> <span class='ocrx_word' id='word_1_247' title='bbox 3524 3960 3860 4033; x_wconf 90' lang='lat' dir='ltr'>splendida,</span> 
     </span>
    </p>
   </div>
   <div class='ocr_carea' id='block_1_44' title="bbox 2202 4046 3857 4111">
    <p class='ocr_par' dir='ltr' id='par_1_44' title="bbox 2202 4046 3857 4111">
     <span class='ocr_line' id='line_1_44' title="bbox 2202 4046 3857 4111; baseline 0.002 -9"><span class='ocrx_word' id='word_1_248' title='bbox 2202 4054 2260 4102; x_wconf 91' lang='lat' dir='ltr'>et</span> <span class='ocrx_word' id='word_1_249' title='bbox 2288 4047 2564 4103; x_wconf 90' lang='lat' dir='ltr'>eumdem</span> <span class='ocrx_word' id='word_1_250' title='bbox 2597 4046 2793 4102; x_wconf 82' lang='lat' dir='ltr'>focum</span> <span class='ocrx_word' id='word_1_251' title='bbox 2827 4053 2885 4102; x_wconf 92' lang='lat' dir='ltr'>et</span> <span class='ocrx_word' id='word_1_252' title='bbox 2915 4047 3198 4104; x_wconf 87' lang='lat' dir='ltr'>eximium</span> <span class='ocrx_word' id='word_1_253' title='bbox 3241 4049 3638 4111; x_wconf 88' lang='lat' dir='ltr'>domicilium.</span> <span class='ocrx_word' id='word_1_254' title='bbox 3672 4051 3857 4106; x_wconf 89' lang='lat' dir='ltr'>animi</span> 
     </span>
    </p>
   </div>
   <div class='ocr_carea' id='block_1_45' title="bbox 2200 4137 3863 4211">
    <p class='ocr_par' dir='ltr' id='par_1_45' title="bbox 2200 4137 3863 4211">
     <span class='ocr_line' id='line_1_45' title="bbox 2200 4137 3863 4211; baseline 0.002 -19"><span class='ocrx_word' id='word_1_255' title='bbox 2200 4137 2462 4202; x_wconf 87' lang='lat' dir='ltr'>oculum,</span> <span class='ocrx_word' id='word_1_256' title='bbox 2495 4137 2859 4192; x_wconf 82' lang='lat' dir='ltr'>micantibus</span> <span class='ocrx_word' id='word_1_257' title='bbox 2907 4137 3242 4211; x_wconf 81' lang='lat' dir='ltr'>fulgoribus</span> <span class='ocrx_word' id='word_1_258' title='bbox 3300 4139 3671 4196; x_wconf 89' lang='lat' dir='ltr'>illuminans.</span> <span class='ocrx_word' id='word_1_259' title='bbox 3705 4142 3863 4196; x_wconf 89' lang='lat' dir='ltr'>Con-</span> 
     </span>
    </p>
   </div>
   <div class='ocr_carea' id='block_1_46' title="bbox 431 4224 2118 4316">
    <p class='ocr_par' dir='ltr' id='par_1_46' title="bbox 431 4224 2089 4304">
     <span class='ocr_line' id='line_1_46' title="bbox 431 4224 2089 4304; baseline -0.001 -22"><span class='ocrx_word' id='word_1_260' title='bbox 431 4224 608 4300; x_wconf 84' lang='grc' dir='ltr'>δησις,</span> <span class='ocrx_word' id='word_1_261' title='bbox 663 4235 910 4304; x_wconf 80' lang='grc' dir='ltr'>κατοχῆς</span> <span class='ocrx_word' id='word_1_262' title='bbox 994 4228 1156 4303; x_wconf 83' lang='grc' dir='ltr'>χάριν</span> <span class='ocrx_word' id='word_1_263' title='bbox 1241 4230 1331 4284; x_wconf 79' lang='grc' dir='ltr'>καὶ</span> <span class='ocrx_word' id='word_1_264' title='bbox 1397 4230 1616 4303; x_wconf 73' lang='grc' dir='ltr'>πέψεως</span> <span class='ocrx_word' id='word_1_265' title='bbox 1670 4228 1760 4284; x_wconf 81' lang='grc' dir='ltr'>καὶ</span> <span class='ocrx_word' id='word_1_266' title='bbox 1821 4225 2089 4300; x_wconf 74' lang='grc' dir='ltr'>διαμονῆς</span> 
     </span>
    </p>
   </div>
   <div class='ocr_carea' id='block_1_47' title="bbox 2203 4224 3861 4316">
    <p class='ocr_par' dir='ltr' id='par_1_47' title="bbox 2203 4226 3861 4301">
     <span class='ocr_line' id='line_1_47' title="bbox 2203 4226 3861 4301; baseline 0.004 -21"><span class='ocrx_word' id='word_1_267' title='bbox 2203 4226 2451 4282; x_wconf 87' lang='lat' dir='ltr'>scientia</span> <span class='ocrx_word' id='word_1_268' title='bbox 2496 4242 2657 4293; x_wconf 86' lang='lat' dir='ltr'>vero,</span> <span class='ocrx_word' id='word_1_269' title='bbox 2707 4227 3070 4297; x_wconf 87' lang='lat' dir='ltr'>receptionis</span> <span class='ocrx_word' id='word_1_270' title='bbox 3100 4227 3289 4298; x_wconf 86' lang='lat' dir='ltr'>gratia</span> <span class='ocrx_word' id='word_1_271' title='bbox 3322 4233 3380 4283; x_wconf 94' lang='lat' dir='ltr'>et</span> <span class='ocrx_word' id='word_1_272' title='bbox 3421 4228 3770 4301; x_wconf 87' lang='lat' dir='ltr'>digestionis</span> <span class='ocrx_word' id='word_1_273' title='bbox 3801 4236 3861 4286; x_wconf 91' lang='lat' dir='ltr'>et</span> 
     </span>
    </p>
   </div>
   <div class='ocr_carea' id='block_1_48' title="bbox 429 4313 2085 4395">
    <p class='ocr_par' dir='ltr' id='par_1_48' title="bbox 429 4313 2085 4395">
     <span class='ocr_line' id='line_1_48' title="bbox 429 4313 2085 4395; baseline -0.001 -23"><span class='ocrx_word' id='word_1_274' title='bbox 429 4317 726 4395; x_wconf 75' lang='grc' dir='ltr'>ὲμφανους,</span> <span class='ocrx_word' id='word_1_275' title='bbox 793 4313 1306 4386; x_wconf 77' lang='grc' dir='ltr'>ἇποσκυόαλίζουσα</span> <span class='ocrx_word' id='word_1_276' title='bbox 1379 4318 1474 4390; x_wconf 77' lang='grc' dir='ltr'>μὶν</span> <span class='ocrx_word' id='word_1_277' title='bbox 1557 4320 1625 4373; x_wconf 75' lang='grc' dir='ltr'>τὰ</span> <span class='ocrx_word' id='word_1_278' title='bbox 1707 4318 1932 4393; x_wconf 83' lang='grc' dir='ltr'>περιττᾶ</span> <span class='ocrx_word' id='word_1_279' title='bbox 1989 4320 2085 4371; x_wconf 78' lang='grc' dir='ltr'>τοῦ</span> 
     </span>
    </p>
   </div>
   <div class='ocr_carea' id='block_1_49' title="bbox 427 4404 2082 4480">
    <p class='ocr_par' dir='ltr' id='par_1_49' title="bbox 427 4404 2082 4480">
     <span class='ocr_line' id='line_1_49' title="bbox 427 4404 2082 4480; baseline 0 -19"><span class='ocrx_word' id='word_1_280' title='bbox 427 4407 640 4479; x_wconf 80' lang='grc' dir='ltr'>κόσμου</span> <span class='ocrx_word' id='word_1_281' title='bbox 669 4407 892 4478; x_wconf 88' lang='grc' dir='ltr'>τερπνά,</span> <span class='ocrx_word' id='word_1_282' title='bbox 925 4407 1014 4462; x_wconf 87' lang='grc' dir='ltr'>καὶ</span> <span class='ocrx_word' id='word_1_283' title='bbox 1062 4408 1161 4475; x_wconf 80' lang='grc' dir='ltr'>τήν</span> <span class='ocrx_word' id='word_1_284' title='bbox 1215 4406 1424 4480; x_wconf 78' lang='grc' dir='ltr'>αἱμύλα</span> <span class='ocrx_word' id='word_1_285' title='bbox 1471 4405 1848 4463; x_wconf 85' lang='grc' dir='ltr'>κωτίλλουσαν</span> <span class='ocrx_word' id='word_1_286' title='bbox 1876 4404 2082 4476; x_wconf 73' lang='grc' dir='ltr'>ἡδονὴν</span> 
     </span>
    </p>
   </div>
   <div class='ocr_carea' id='block_1_50' title="bbox 429 4493 2086 4570">
    <p class='ocr_par' dir='ltr' id='par_1_50' title="bbox 429 4493 2086 4570">
     <span class='ocr_line' id='line_1_50' title="bbox 429 4493 2086 4570; baseline 0 -20"><span class='ocrx_word' id='word_1_287' title='bbox 429 4495 767 4558; x_wconf 73' lang='grc' dir='ltr'>οἱονείπως</span> <span class='ocrx_word' id='word_1_288' title='bbox 825 4493 1132 4570; x_wconf 64' lang='grc' dir='ltr'>ἔκρίνιμυσα,</span> <span class='ocrx_word' id='word_1_289' title='bbox 1191 4498 1291 4566; x_wconf 77' lang='grc' dir='ltr'>τήν</span> <span class='ocrx_word' id='word_1_290' title='bbox 1347 4493 1405 4550; x_wconf 72' lang='grc' dir='ltr'>δὲ</span> <span class='ocrx_word' id='word_1_291' title='bbox 1459 4500 1570 4550; x_wconf 84' lang='grc' dir='ltr'>τῶν</span> <span class='ocrx_word' id='word_1_292' title='bbox 1597 4495 1805 4570; x_wconf 80' lang='grc' dir='ltr'>ἀρετῶν</span> <span class='ocrx_word' id='word_1_293' title='bbox 1843 4495 2086 4568; x_wconf 74' lang='grc' dir='ltr'>πιμελὴν</span> 
     </span>
    </p>
   </div>
   <div class='ocr_carea' id='block_1_51' title="bbox 426 4581 2081 4662">
    <p class='ocr_par' dir='ltr' id='par_1_51' title="bbox 426 4581 2081 4662">
     <span class='ocr_line' id='line_1_51' title="bbox 426 4581 2081 4662; baseline -0.001 -22"><span class='ocrx_word' id='word_1_294' title='bbox 426 4585 564 4658; x_wconf 87' lang='grc' dir='ltr'>πρὸς</span> <span class='ocrx_word' id='word_1_295' title='bbox 591 4581 754 4657; x_wconf 64' lang='grc' dir='ltr'>αὔξην</span> <span class='ocrx_word' id='word_1_296' title='bbox 783 4586 1158 4658; x_wconf 77' lang='grc' dir='ltr'>πνευματικὴν</span> <span class='ocrx_word' id='word_1_297' title='bbox 1202 4585 1512 4662; x_wconf 72' lang='grc' dir='ltr'>κατέχουσα</span> <span class='ocrx_word' id='word_1_298' title='bbox 1564 4591 1666 4654; x_wconf 84' lang='grc' dir='ltr'>τῆς</span> <span class='ocrx_word' id='word_1_299' title='bbox 1717 4588 1923 4661; x_wconf 84' lang='grc' dir='ltr'>ψυχῆς,</span> <span class='ocrx_word' id='word_1_300' title='bbox 1958 4605 2081 4639; x_wconf 88' lang='grc' dir='ltr'>συν-</span> 
     </span>
    </p>
   </div>
   <div class='ocr_carea' id='block_1_52' title="bbox 422 4673 1188 4750">
    <p class='ocr_par' dir='ltr' id='par_1_52' title="bbox 422 4673 1188 4750">
     <span class='ocr_line' id='line_1_52' title="bbox 422 4673 1188 4750; baseline 0.008 -22"><span class='ocrx_word' id='word_1_301' title='bbox 422 4675 656 4747; x_wconf 71' lang='grc' dir='ltr'>τήρησίν</span> <span class='ocrx_word' id='word_1_302' title='bbox 687 4697 746 4731; x_wconf 83' lang='grc' dir='ltr'>τε</span> <span class='ocrx_word' id='word_1_303' title='bbox 773 4675 865 4732; x_wconf 82' lang='grc' dir='ltr'>καὶ</span> <span class='ocrx_word' id='word_1_304' title='bbox 900 4673 1188 4750; x_wconf 75' lang='grc' dir='ltr'>διαμονήν.</span> 
     </span>
    </p>
   </div>
   <div class='ocr_carea' id='block_1_53' title="bbox 494 4751 2083 4841">
    <p class='ocr_par' dir='ltr' id='par_1_53' title="bbox 494 4751 2083 4841">
     <span class='ocr_line' id='line_1_53' title="bbox 494 4751 2083 4841; baseline 0.002 -24"><span class='ocrx_word' id='word_1_305' title='bbox 494 4766 712 4836; x_wconf 86' lang='grc' dir='ltr'>Ταύτην</span> <span class='ocrx_word' id='word_1_306' title='bbox 759 4751 859 4834; x_wconf 76' lang='grc' dir='ltr'>τῆν</span> <span class='ocrx_word' id='word_1_307' title='bbox 919 4764 1349 4840; x_wconf 75' lang='grc' dir='ltr'>κεχρυσωμένην</span> <span class='ocrx_word' id='word_1_308' title='bbox 1405 4765 1500 4827; x_wconf 77' lang='grc' dir='ltr'>τὰς</span> <span class='ocrx_word' id='word_1_309' title='bbox 1549 4763 1818 4841; x_wconf 72' lang='grc' dir='ltr'>πτέρυγας</span> <span class='ocrx_word' id='word_1_310' title='bbox 1847 4768 2083 4835; x_wconf 73' lang='grc' dir='ltr'>νοητῶς,</span> 
     </span>
    </p>
   </div>
   <div class='ocr_carea' id='block_1_54' title="bbox 421 4852 2085 4929">
    <p class='ocr_par' dir='ltr' id='par_1_54' title="bbox 421 4852 2085 4929">
     <span class='ocr_line' id='line_1_54' title="bbox 421 4852 2085 4929; baseline 0.001 -22"><span class='ocrx_word' id='word_1_311' title='bbox 421 4855 624 4924; x_wconf 80' lang='grc' dir='ltr'>σεπτὴν</span> <span class='ocrx_word' id='word_1_312' title='bbox 655 4853 827 4910; x_wconf 80' lang='grc' dir='ltr'>δυάδα</span> <span class='ocrx_word' id='word_1_313' title='bbox 867 4857 970 4925; x_wconf 83' lang='grc' dir='ltr'>τήν</span> <span class='ocrx_word' id='word_1_314' title='bbox 1025 4862 1128 4923; x_wconf 79' lang='grc' dir='ltr'>τῆς</span> <span class='ocrx_word' id='word_1_315' title='bbox 1192 4854 1384 4923; x_wconf 79' lang='grc' dir='ltr'>ὑλικῆς</span> <span class='ocrx_word' id='word_1_316' title='bbox 1445 4852 1642 4917; x_wconf 81' lang='grc' dir='ltr'>δυάδος</span> <span class='ocrx_word' id='word_1_317' title='bbox 1674 4857 1752 4929; x_wconf 76' lang='grc'>(4)</span> <span class='ocrx_word' id='word_1_318' title='bbox 1783 4855 2085 4924; x_wconf 81' lang='grc' dir='ltr'>ἀντίθετον,</span> 
     </span>
    </p>
   </div>
   <div class='ocr_carea' id='block_1_55' title="bbox 418 4938 2083 5020">
    <p class='ocr_par' dir='ltr' id='par_1_55' title="bbox 418 4938 2083 5020">
     <span class='ocr_line' id='line_1_55' title="bbox 418 4938 2083 5020; baseline 0.001 -24"><span class='ocrx_word' id='word_1_319' title='bbox 418 4941 465 4996; x_wconf 85' lang='grc' dir='ltr'>ὧ</span> <span class='ocrx_word' id='word_1_320' title='bbox 497 4945 747 5000; x_wconf 69' lang='grc' dir='ltr'>θεσπέσιε</span> <span class='ocrx_word' id='word_1_321' title='bbox 780 4941 1016 5000; x_wconf 72' lang='grc' dir='ltr'>δέσποτα</span> <span class='ocrx_word' id='word_1_322' title='bbox 1048 4947 1149 5017; x_wconf 84' lang='grc'>(5),</span> <span class='ocrx_word' id='word_1_323' title='bbox 1197 4938 1343 5019; x_wconf 80' lang='grc' dir='ltr'>ἔχεις</span> <span class='ocrx_word' id='word_1_324' title='bbox 1381 4941 1530 5006; x_wconf 73' lang='grc' dir='ltr'>ἐντὸς</span> <span class='ocrx_word' id='word_1_325' title='bbox 1561 4951 1662 5014; x_wconf 85' lang='grc' dir='ltr'>τῆς</span> <span class='ocrx_word' id='word_1_326' title='bbox 1706 4941 1928 5020; x_wconf 86' lang='grc' dir='ltr'>καρδίας</span> <span class='ocrx_word' id='word_1_327' title='bbox 1963 4965 2083 5010; x_wconf 89' lang='grc' dir='ltr'>σου,</span> 
     </span>
    </p>
   </div>
   <div class='ocr_carea' id='block_1_56' title="bbox 419 5028 2084 5117">
    <p class='ocr_par' dir='ltr' id='par_1_56' title="bbox 419 5028 2084 5117">
     <span class='ocr_line' id='line_1_56' title="bbox 419 5028 2084 5117; baseline 0.002 -29"><span class='ocrx_word' id='word_1_328' title='bbox 419 5032 558 5106; x_wconf 85' lang='grc' dir='ltr'>πρὸς</span> <span class='ocrx_word' id='word_1_329' title='bbox 587 5032 723 5108; x_wconf 78' lang='grc' dir='ltr'>ὕψος</span> <span class='ocrx_word' id='word_1_330' title='bbox 758 5034 1013 5108; x_wconf 82' lang='grc' dir='ltr'>οὐράνιον</span> <span class='ocrx_word' id='word_1_331' title='bbox 1069 5028 1501 5103; x_wconf 75' lang='grc' dir='ltr'>ἆναϐιϐάζουσάν</span> <span class='ocrx_word' id='word_1_332' title='bbox 1545 5056 1640 5090; x_wconf 92' lang='grc' dir='ltr'>σου</span> <span class='ocrx_word' id='word_1_333' title='bbox 1677 5035 1768 5090; x_wconf 86' lang='grc' dir='ltr'>τὸν</span> <span class='ocrx_word' id='word_1_334' title='bbox 1824 5038 1948 5089; x_wconf 79' lang='grc' dir='ltr'>νοῦν</span> <span class='ocrx_word' id='word_1_335' title='bbox 1981 5036 2084 5117; x_wconf 63' lang='grc' dir='ltr'>(ϐ)ν</span> 
     </span>
    </p>
   </div>
   <div class='ocr_carea' id='block_1_57' title="bbox 491 5153 2080 5252">
    <p class='ocr_par' dir='ltr' id='par_1_57' title="bbox 491 5153 2080 5252">
     <span class='ocr_line' id='line_1_57' title="bbox 491 5153 2080 5252; baseline 0.004 -20"><span class='ocrx_word' id='word_1_336' title='bbox 491 5177 510 5199; x_wconf 77' lang='grc'><strong><em>⁵</em></strong></span> <span class='ocrx_word' id='word_1_337' title='bbox 543 5179 583 5252; x_wconf 68' lang='grc' dir='ltr'>Ε</span> <span class='ocrx_word' id='word_1_338' title='bbox 613 5179 817 5235; x_wconf 90' lang='lat' dir='ltr'>codice</span> <span class='ocrx_word' id='word_1_339' title='bbox 850 5182 939 5246; x_wconf 87' lang='lat'>39,</span> <span class='ocrx_word' id='word_1_340' title='bbox 974 5198 1030 5252; x_wconf 93' lang='lat' dir='ltr'>p.</span> <span class='ocrx_word' id='word_1_341' title='bbox 1068 5182 1188 5235; x_wconf 84' lang='grc'>165.</span> <span class='ocrx_word' id='word_1_342' title='bbox 1224 5153 1349 5244; x_wconf 84' lang='lat' dir='ltr'>Qua</span> <span class='ocrx_word' id='word_1_343' title='bbox 1388 5180 1599 5235; x_wconf 83' lang='lat' dir='ltr'>vixerit</span> <span class='ocrx_word' id='word_1_344' title='bbox 1628 5187 1798 5236; x_wconf 70' lang='lat' dir='ltr'>aetate</span> <span class='ocrx_word' id='word_1_345' title='bbox 1833 5181 2080 5238; x_wconf 88' lang='lat' dir='ltr'>Michael</span> 
     </span>
    </p>
   </div>
   <div class='ocr_carea' id='block_1_58' title="bbox 415 5249 2077 5322">
    <p class='ocr_par' dir='ltr' id='par_1_58' title="bbox 415 5249 2077 5322">
     <span class='ocr_line' id='line_1_58' title="bbox 415 5249 2077 5322; baseline 0.004 -19"><span class='ocrx_word' id='word_1_346' title='bbox 415 5249 922 5322; x_wconf 80' lang='lat' dir='ltr'>illeliamartolus</span> <span class='ocrx_word' id='word_1_347' title='bbox 950 5249 1179 5322; x_wconf 70' lang='lat' dir='ltr'>ignoro.</span> <span class='ocrx_word' id='word_1_348' title='bbox 1215 5253 1398 5306; x_wconf 88' lang='lat' dir='ltr'>Homo</span> <span class='ocrx_word' id='word_1_349' title='bbox 1421 5259 1578 5308; x_wconf 89' lang='lat' dir='ltr'>certe</span> <span class='ocrx_word' id='word_1_350' title='bbox 1602 5254 1714 5308; x_wconf 84' lang='lat' dir='ltr'>fuit</span> <span class='ocrx_word' id='word_1_351' title='bbox 1743 5254 2077 5309; x_wconf 83' lang='lat' dir='ltr'>litterarum</span> 
     </span>
    </p>
   </div>
   <div class='ocr_carea' id='block_1_59' title="bbox 2193 4313 3856 4389">
    <p class='ocr_par' dir='ltr' id='par_1_59' title="bbox 2193 4313 3856 4389">
     <span class='ocr_line' id='line_1_59' title="bbox 2193 4313 3856 4389; baseline 0.002 -19"><span class='ocrx_word' id='word_1_352' title='bbox 2193 4313 2649 4387; x_wconf 63' lang='lat' dir='ltr'>perseverantiae</span> <span class='ocrx_word' id='word_1_353' title='bbox 2669 4314 3026 4384; x_wconf 68' lang='lat' dir='ltr'>conspicuas.</span> <span class='ocrx_word' id='word_1_354' title='bbox 3059 4315 3339 4385; x_wconf 83' lang='lat' dir='ltr'>rejiciens</span> <span class='ocrx_word' id='word_1_355' title='bbox 3361 4317 3602 4386; x_wconf 88' lang='lat' dir='ltr'>quidem</span> <span class='ocrx_word' id='word_1_356' title='bbox 3636 4335 3856 4389; x_wconf 90' lang='lat' dir='ltr'>super-</span> 
     </span>
    </p>
   </div>
   <div class='ocr_carea' id='block_1_60' title="bbox 2195 4401 3858 4478">
    <p class='ocr_par' dir='ltr' id='par_1_60' title="bbox 2195 4401 3858 4478">
     <span class='ocr_line' id='line_1_60' title="bbox 2195 4401 3858 4478; baseline 0.002 -19"><span class='ocrx_word' id='word_1_357' title='bbox 2195 4404 2346 4459; x_wconf 82' lang='lat' dir='ltr'>ﬂuas</span> <span class='ocrx_word' id='word_1_358' title='bbox 2369 4402 2576 4458; x_wconf 90' lang='lat' dir='ltr'>mundi</span> <span class='ocrx_word' id='word_1_359' title='bbox 2607 4402 2874 4467; x_wconf 84' lang='lat' dir='ltr'>delicias,</span> <span class='ocrx_word' id='word_1_360' title='bbox 2900 4408 2959 4456; x_wconf 88' lang='lat' dir='ltr'>et</span> <span class='ocrx_word' id='word_1_361' title='bbox 2978 4401 3197 4458; x_wconf 86' lang='lat' dir='ltr'>blanda</span> <span class='ocrx_word' id='word_1_362' title='bbox 3218 4405 3546 4474; x_wconf 90' lang='lat' dir='ltr'>jactantem</span> <span class='ocrx_word' id='word_1_363' title='bbox 3578 4407 3858 4478; x_wconf 85' lang='lat' dir='ltr'>volupta-</span> 
     </span>
    </p>
   </div>
   <div class='ocr_carea' id='block_1_61' title="bbox 2197 4492 3855 4568">
    <p class='ocr_par' dir='ltr' id='par_1_61' title="bbox 2197 4492 3855 4568">
     <span class='ocr_line' id='line_1_61' title="bbox 2197 4492 3855 4568; baseline 0.003 -21"><span class='ocrx_word' id='word_1_364' title='bbox 2197 4499 2316 4547; x_wconf 87' lang='lat' dir='ltr'>tem</span> <span class='ocrx_word' id='word_1_365' title='bbox 2347 4492 2518 4563; x_wconf 90' lang='lat' dir='ltr'>quasi</span> <span class='ocrx_word' id='word_1_366' title='bbox 2577 4508 2888 4560; x_wconf 86' lang='lat' dir='ltr'>evacuaus,</span> <span class='ocrx_word' id='word_1_367' title='bbox 2948 4493 3230 4547; x_wconf 88' lang='lat' dir='ltr'>virtutum</span> <span class='ocrx_word' id='word_1_368' title='bbox 3281 4499 3479 4548; x_wconf 86' lang='lat' dir='ltr'>autem</span> <span class='ocrx_word' id='word_1_369' title='bbox 3512 4495 3748 4568; x_wconf 89' lang='lat' dir='ltr'>adipem</span> <span class='ocrx_word' id='word_1_370' title='bbox 3780 4498 3855 4553; x_wconf 89' lang='lat' dir='ltr'>ad</span> 
     </span>
    </p>
   </div>
   <div class='ocr_carea' id='block_1_62' title="bbox 2194 4579 3853 4654">
    <p class='ocr_par' dir='ltr' id='par_1_62' title="bbox 2194 4579 3853 4654">
     <span class='ocr_line' id='line_1_62' title="bbox 2194 4579 3853 4654; baseline 0.004 -18"><span class='ocrx_word' id='word_1_371' title='bbox 2194 4581 2569 4654; x_wconf 88' lang='lat' dir='ltr'>spiritualem</span> <span class='ocrx_word' id='word_1_372' title='bbox 2601 4579 2786 4636; x_wconf 89' lang='lat' dir='ltr'>animi</span> <span class='ocrx_word' id='word_1_373' title='bbox 2817 4587 3157 4652; x_wconf 85' lang='lat' dir='ltr'>provectum</span> <span class='ocrx_word' id='word_1_374' title='bbox 3191 4583 3512 4654; x_wconf 85' lang='lat' dir='ltr'>excipiens,</span> <span class='ocrx_word' id='word_1_375' title='bbox 3539 4601 3853 4642; x_wconf 81' lang='lat' dir='ltr'>conserva-</span> 
     </span>
    </p>
   </div>
   <div class='ocr_carea' id='block_1_63' title="bbox 2195 4671 3184 4743">
    <p class='ocr_par' dir='ltr' id='par_1_63' title="bbox 2195 4671 3184 4743">
     <span class='ocr_line' id='line_1_63' title="bbox 2195 4671 3184 4743; baseline 0.003 -19"><span class='ocrx_word' id='word_1_376' title='bbox 2195 4672 2541 4743; x_wconf 87' lang='lat' dir='ltr'>tionemque</span> <span class='ocrx_word' id='word_1_377' title='bbox 2574 4677 2632 4726; x_wconf 90' lang='lat' dir='ltr'>et</span> <span class='ocrx_word' id='word_1_378' title='bbox 2661 4671 3184 4742; x_wconf 88' lang='lat' dir='ltr'>perseverantiam.</span> 
     </span>
    </p>
   </div>
   <div class='ocr_carea' id='block_1_64' title="bbox 2267 4760 3848 4836">
    <p class='ocr_par' dir='ltr' id='par_1_64' title="bbox 2267 4760 3848 4836">
     <span class='ocr_line' id='line_1_64' title="bbox 2267 4760 3848 4836; baseline 0.004 -20"><span class='ocrx_word' id='word_1_379' title='bbox 2267 4762 2456 4816; x_wconf 89' lang='lat' dir='ltr'>Hocce</span> <span class='ocrx_word' id='word_1_380' title='bbox 2515 4761 2624 4816; x_wconf 90' lang='lat' dir='ltr'>alis</span> <span class='ocrx_word' id='word_1_381' title='bbox 2682 4760 3076 4832; x_wconf 86' lang='lat' dir='ltr'>spiritualiter</span> <span class='ocrx_word' id='word_1_382' title='bbox 3133 4763 3356 4818; x_wconf 89' lang='lat' dir='ltr'>auratis</span> <span class='ocrx_word' id='word_1_383' title='bbox 3405 4781 3514 4836; x_wconf 89' lang='lat' dir='ltr'>par</span> <span class='ocrx_word' id='word_1_384' title='bbox 3543 4767 3848 4836; x_wconf 87' lang='lat' dir='ltr'>eximium,</span> 
     </span>
    </p>
   </div>
   <div class='ocr_carea' id='block_1_65' title="bbox 2194 4850 3848 4928">
    <p class='ocr_par' dir='ltr' id='par_1_65' title="bbox 2194 4850 3848 4928">
     <span class='ocr_line' id='line_1_65' title="bbox 2194 4850 3848 4928; baseline 0.004 -22"><span class='ocrx_word' id='word_1_385' title='bbox 2194 4850 2524 4907; x_wconf 85' lang='lat' dir='ltr'>materialis</span> <span class='ocrx_word' id='word_1_386' title='bbox 2555 4850 2714 4922; x_wconf 89' lang='lat' dir='ltr'>paris</span> <span class='ocrx_word' id='word_1_387' title='bbox 2746 4851 3172 4914; x_wconf 88' lang='lat' dir='ltr'>adversarium.</span> <span class='ocrx_word' id='word_1_388' title='bbox 3206 4870 3238 4908; x_wconf 96' lang='lat' dir='ltr'>o</span> <span class='ocrx_word' id='word_1_389' title='bbox 3272 4855 3389 4909; x_wconf 89' lang='lat' dir='ltr'>Deo</span> <span class='ocrx_word' id='word_1_390' title='bbox 3427 4855 3714 4928; x_wconf 90' lang='lat' dir='ltr'>inspirate</span> <span class='ocrx_word' id='word_1_391' title='bbox 3745 4858 3848 4912; x_wconf 84' lang='lat' dir='ltr'>do-</span> 
     </span>
    </p>
   </div>
   <div class='ocr_carea' id='block_1_66' title="bbox 2194 4940 3847 5006">
    <p class='ocr_par' dir='ltr' id='par_1_66' title="bbox 2194 4940 3847 5006">
     <span class='ocr_line' id='line_1_66' title="bbox 2194 4940 3847 5006; baseline 0.005 -10"><span class='ocrx_word' id='word_1_392' title='bbox 2194 4942 2379 5006; x_wconf 92' lang='lat' dir='ltr'>mine,</span> <span class='ocrx_word' id='word_1_393' title='bbox 2414 4940 2597 4996; x_wconf 87' lang='lat' dir='ltr'>habes</span> <span class='ocrx_word' id='word_1_394' title='bbox 2628 4941 2787 4996; x_wconf 88' lang='lat' dir='ltr'>intra</span> <span class='ocrx_word' id='word_1_395' title='bbox 2807 4957 2910 4996; x_wconf 88' lang='lat' dir='ltr'>cor</span> <span class='ocrx_word' id='word_1_396' title='bbox 2939 4946 3130 5006; x_wconf 85' lang='lat' dir='ltr'>tuum,</span> <span class='ocrx_word' id='word_1_397' title='bbox 3159 4942 3232 4998; x_wconf 89' lang='lat' dir='ltr'>ad</span> <span class='ocrx_word' id='word_1_398' title='bbox 3254 4944 3539 5000; x_wconf 73' lang='lat' dir='ltr'>cmlorum</span> <span class='ocrx_word' id='word_1_399' title='bbox 3571 4947 3847 5005; x_wconf 86' lang='lat' dir='ltr'>altitudi-</span> 
     </span>
    </p>
   </div>
   <div class='ocr_carea' id='block_1_67' title="bbox 2193 5031 3848 5104">
    <p class='ocr_par' dir='ltr' id='par_1_67' title="bbox 2193 5031 3848 5104">
     <span class='ocr_line' id='line_1_67' title="bbox 2193 5031 3848 5104; baseline 0.004 -18"><span class='ocrx_word' id='word_1_400' title='bbox 2193 5048 2333 5086; x_wconf 92' lang='lat' dir='ltr'>nem</span> <span class='ocrx_word' id='word_1_401' title='bbox 2360 5036 2522 5085; x_wconf 87' lang='lat' dir='ltr'>tuam</span> <span class='ocrx_word' id='word_1_402' title='bbox 2580 5035 2844 5084; x_wconf 89' lang='lat' dir='ltr'>mentem</span> <span class='ocrx_word' id='word_1_403' title='bbox 2903 5031 3158 5104; x_wconf 82' lang='lat' dir='ltr'>erigens,</span> <span class='ocrx_word' id='word_1_404' title='bbox 3194 5038 3252 5088; x_wconf 91' lang='lat' dir='ltr'>et</span> <span class='ocrx_word' id='word_1_405' title='bbox 3279 5049 3315 5088; x_wconf 86' lang='lat' dir='ltr'>a</span> <span class='ocrx_word' id='word_1_406' title='bbox 3343 5034 3478 5089; x_wconf 89' lang='lat' dir='ltr'>telis</span> <span class='ocrx_word' id='word_1_407' title='bbox 3509 5035 3848 5093; x_wconf 81' lang='lat' dir='ltr'>exitialibus</span> 
     </span>
    </p>
   </div>
   <div class='ocr_carea' id='block_1_68' title="bbox 2261 5175 3251 5249">
    <p class='ocr_par' dir='ltr' id='par_1_68' title="bbox 2261 5175 3251 5249">
     <span class='ocr_line' id='line_1_68' title="bbox 2261 5175 3251 5249; baseline 0 -16"><span class='ocrx_word' id='word_1_408' title='bbox 2261 5179 2334 5248; x_wconf 73' lang='grc'>(4)</span> <span class='ocrx_word' id='word_1_409' title='bbox 2365 5176 2572 5249; x_wconf 83' lang='lat' dir='ltr'>Cordis</span> <span class='ocrx_word' id='word_1_410' title='bbox 2604 5175 2832 5231; x_wconf 89' lang='lat' dir='ltr'>scilicet</span> <span class='ocrx_word' id='word_1_411' title='bbox 2861 5182 2920 5249; x_wconf 89' lang='lat' dir='ltr'>et</span> <span class='ocrx_word' id='word_1_412' title='bbox 2940 5177 3251 5249; x_wconf 89' lang='lat' dir='ltr'>jecinoris.</span> 
     </span>
    </p>
   </div>
   <div class='ocr_carea' id='block_1_69' title="bbox 2261 5245 3839 5322">
    <p class='ocr_par' dir='ltr' id='par_1_69' title="bbox 2261 5245 3839 5322">
     <span class='ocr_line' id='line_1_69' title="bbox 2261 5245 3839 5322; baseline 0.002 -17"><span class='ocrx_word' id='word_1_413' title='bbox 2261 5245 2332 5322; x_wconf 80' lang='lat'>(5)</span> <span class='ocrx_word' id='word_1_414' title='bbox 2367 5251 2467 5304; x_wconf 88' lang='lat' dir='ltr'>Est</span> <span class='ocrx_word' id='word_1_415' title='bbox 2497 5245 2729 5301; x_wconf 67' lang='grc' dir='ltr'>δέσποτα</span> <span class='ocrx_word' id='word_1_416' title='bbox 2756 5245 2968 5322; x_wconf 74' lang='lat' dir='ltr'>titulus</span> <span class='ocrx_word' id='word_1_417' title='bbox 3005 5249 3222 5320; x_wconf 69' lang='lat' dir='ltr'>episcox</span> <span class='ocrx_word' id='word_1_418' title='bbox 3249 5266 3418 5322; x_wconf 77' lang='lat' dir='ltr'>orum</span> <span class='ocrx_word' id='word_1_419' title='bbox 3452 5252 3839 5321; x_wconf 80' lang='lat' dir='ltr'>honoriﬁcus,</span> 
     </span>
    </p>
   </div>
   <div class='ocr_carea' id='block_1_70' title="bbox 415 5318 3840 5403">
    <p class='ocr_par' dir='ltr' id='par_1_70' title="bbox 415 5318 3840 5403">
     <span class='ocr_line' id='line_1_70' title="bbox 415 5318 3840 5403; baseline 0.001 -27"><span class='ocrx_word' id='word_1_420' title='bbox 415 5321 758 5403; x_wconf 36' lang='lat' dir='ltr'>peritusret</span> <span class='ocrx_word' id='word_1_421' title='bbox 787 5325 889 5396; x_wconf 85' lang='lat' dir='ltr'>qui</span> <span class='ocrx_word' id='word_1_422' title='bbox 919 5318 1102 5397; x_wconf 67' lang='lat' dir='ltr'>probe</span> <span class='ocrx_word' id='word_1_423' title='bbox 1132 5329 1327 5379; x_wconf 83' lang='lat' dir='ltr'>vetere</span> <span class='ocrx_word' id='word_1_424' title='bbox 1351 5323 1553 5396; x_wconf 84' lang='lat' dir='ltr'>lingua</span> <span class='ocrx_word' id='word_1_425' title='bbox 1574 5332 1752 5398; x_wconf 90' lang='lat' dir='ltr'>atque</span> <span class='ocrx_word' id='word_1_426' title='bbox 1777 5325 2079 5398; x_wconf 85' lang='lat' dir='ltr'>eleganter</span> <span class='ocrx_word' id='word_1_427' title='bbox 2188 5318 2371 5403; x_wconf 64' lang='lat' dir='ltr'>Hodie</span> <span class='ocrx_word' id='word_1_428' title='bbox 2405 5323 2502 5403; x_wconf 80' lang='lat' dir='ltr'>qui</span> <span class='ocrx_word' id='word_1_429' title='bbox 2537 5318 3286 5403; x_wconf 73' lang='lat' dir='ltr'>compellantepiscopum.</span> <span class='ocrx_word' id='word_1_430' title='bbox 3313 5318 3546 5403; x_wconf 73' lang='grc' dir='ltr'>δεσπὸτη</span> <span class='ocrx_word' id='word_1_431' title='bbox 3576 5343 3709 5403; x_wconf 75' lang='grc' dir='ltr'>μου,</span> <span class='ocrx_word' id='word_1_432' title='bbox 3743 5318 3840 5380; x_wconf 52' lang='lat' dir='ltr'>sa;</span> 
     </span>
    </p>
   </div>
   <div class='ocr_carea' id='block_1_71' title="bbox 419 5395 737 5449">
    <p class='ocr_par' dir='ltr' id='par_1_71' title="bbox 419 5395 737 5449">
     <span class='ocr_line' id='line_1_71' title="bbox 419 5395 737 5449; baseline 0.003 -1"><span class='ocrx_word' id='word_1_433' title='bbox 419 5395 600 5449; x_wconf 88' lang='lat' dir='ltr'>sciret</span> <span class='ocrx_word' id='word_1_434' title='bbox 630 5395 737 5449; x_wconf 92' lang='lat' dir='ltr'>uti.</span> 
     </span>
    </p>
   </div>
   <div class='ocr_carea' id='block_1_72' title="bbox 486 5401 2072 5557">
    <p class='ocr_par' dir='ltr' id='par_1_72' title="bbox 486 5401 2072 5557">
     <span class='ocr_line' id='line_1_72' title="bbox 486 5401 2072 5557; baseline 0.002 -36"><span class='ocrx_word' id='word_1_435' title='bbox 486 5401 897 5557; x_wconf 43' lang='lat' dir='ltr'>{ﬁtA‘i-i-‘stotel.</span> <span class='ocrx_word' id='word_1_436' title='bbox 934 5467 1017 5557; x_wconf 64' lang='lat' dir='ltr'><strong>Pe</strong></span> <span class='ocrx_word' id='word_1_437' title='bbox 1049 5472 1201 5557; x_wconf 70' lang='lat' dir='ltr'>part.</span> <span class='ocrx_word' id='word_1_438' title='bbox 1236 5467 1580 5557; x_wconf 43' lang='lat' dir='ltr'>animalﬂm,</span> <span class='ocrx_word' id='word_1_439' title='bbox 1613 5472 1749 5557; x_wconf 45' lang='grc' dir='ltr'>ομ.</span> <span class='ocrx_word' id='word_1_440' title='bbox 1785 5469 1971 5557; x_wconf 75' lang='lat' dir='ltr'>Idem.</span> <span class='ocrx_word' id='word_1_441' title='bbox 2005 5469 2072 5525; x_wconf 85' lang='grc' dir='ltr'>Η.</span> 
     </span>
    </p>
   </div>
   <div class='ocr_carea' id='block_1_73' title="bbox 412 5536 2073 5614">
    <p class='ocr_par' dir='ltr' id='par_1_73' title="bbox 412 5536 2073 5614">
     <span class='ocr_line' id='line_1_73' title="bbox 412 5536 2073 5614; baseline 0.002 -23"><span class='ocrx_word' id='word_1_442' title='bbox 412 5538 737 5614; x_wconf 72' lang='lat' dir='ltr'>Anim._il,</span> <span class='ocrx_word' id='word_1_443' title='bbox 772 5543 874 5614; x_wconf 37' lang='lat' dir='ltr'>l5“:</span> <span class='ocrx_word' id='word_1_444' title='bbox 934 5536 1166 5614; x_wconf 66' lang='grc' dir='ltr'>Καρδίαν</span> <span class='ocrx_word' id='word_1_445' title='bbox 1228 5538 1419 5614; x_wconf 65' lang='grc' dir='ltr'>ᾅπαντ’</span> <span class='ocrx_word' id='word_1_446' title='bbox 1474 5536 1591 5614; x_wconf 78' lang='grc' dir='ltr'>ἔχει</span> <span class='ocrx_word' id='word_1_447' title='bbox 1647 5539 1744 5594; x_wconf 81' lang='grc' dir='ltr'>ὅσα</span> <span class='ocrx_word' id='word_1_448' title='bbox 1787 5541 1925 5614; x_wconf 82' lang='grc' dir='ltr'>αἷμα</span> <span class='ocrx_word' id='word_1_449' title='bbox 1955 5559 2073 5614; x_wconf 83' lang='grc' dir='ltr'>εχει</span> 
     </span>
    </p>
   </div>
   <div class='ocr_carea' id='block_1_74' title="bbox 415 5607 2071 5686">
    <p class='ocr_par' dir='ltr' id='par_1_74' title="bbox 415 5607 2071 5686">
     <span class='ocr_line' id='line_1_74' title="bbox 415 5607 2071 5686; baseline 0.004 -24"><span class='ocrx_word' id='word_1_450' title='bbox 415 5609 572 5686; x_wconf 55' lang='grc' dir='ltr'>...καί</span> <span class='ocrx_word' id='word_1_451' title='bbox 610 5607 1021 5686; x_wconf 40' lang='grc' dir='ltr'>[ἧπαρ-ἅπανθ’</span> <span class='ocrx_word' id='word_1_452' title='bbox 1066 5607 1180 5685; x_wconf 76' lang='grc' dir='ltr'>ἔχει</span> <span class='ocrx_word' id='word_1_453' title='bbox 1237 5609 1437 5685; x_wconf 77' lang='grc' dir='ltr'>ὅσαπερ</span> <span class='ocrx_word' id='word_1_454' title='bbox 1500 5607 1659 5686; x_wconf 79' lang='grc' dir='ltr'>α’ἶμα.</span> <span class='ocrx_word' id='word_1_455' title='bbox 1712 5607 1877 5669; x_wconf 77' lang='lat' dir='ltr'>Conf.</span> <span class='ocrx_word' id='word_1_456' title='bbox 1911 5607 2071 5669; x_wconf 71' lang='lat' dir='ltr'>Alio-</span> 
     </span>
    </p>
   </div>
   <div class='ocr_carea' id='block_1_75' title="bbox 385 5682 1554 5758">
    <p class='ocr_par' dir='ltr' id='par_1_75' title="bbox 385 5682 1554 5758">
     <span class='ocr_line' id='line_1_75' title="bbox 385 5682 1554 5758; baseline 0.003 -24"><span class='ocrx_word' id='word_1_457' title='bbox 385 5682 827 5758; x_wconf 72' lang='lat' dir='ltr'>_nymi_lntr0d.</span> <span class='ocrx_word' id='word_1_458' title='bbox 859 5682 1216 5758; x_wconf 30' lang='lat' dir='ltr'>An‘atomic.</span> <span class='ocrx_word' id='word_1_459' title='bbox 1253 5685 1339 5753; x_wconf 75' lang='grc'>14,</span> <span class='ocrx_word' id='word_1_460' title='bbox 1371 5682 1430 5758; x_wconf 65' lang='grc' dir='ltr'>ρζ</span> <span class='ocrx_word' id='word_1_461' title='bbox 1465 5687 1554 5740; x_wconf 83' lang='lat'>22.</span> 
     </span>
    </p>
   </div>
   <div class='ocr_carea' id='block_1_76' title="bbox 480 5753 1206 5830">
    <p class='ocr_par' dir='ltr' id='par_1_76' title="bbox 480 5753 1206 5830">
     <span class='ocr_line' id='line_1_76' title="bbox 480 5753 1206 5830; baseline 0 -20"><span class='ocrx_word' id='word_1_462' title='bbox 480 5757 553 5830; x_wconf 59' lang='grc' dir='ltr'>(ἓ)</span> <span class='ocrx_word' id='word_1_463' title='bbox 584 5753 968 5830; x_wconf 41' lang='grc' dir='ltr'>ροιιεχηκατὰ</span> <span class='ocrx_word' id='word_1_464' title='bbox 993 5756 1206 5830; x_wconf 65' lang='grc' dir='ltr'>ψυχήν.</span> 
     </span>
    </p>
   </div>
   <div class='ocr_carea' id='block_1_77' title="bbox 482 5825 1458 5895">
    <p class='ocr_par' dir='ltr' id='par_1_77' title="bbox 482 5825 1458 5895">
     <span class='ocr_line' id='line_1_77' title="bbox 482 5825 1458 5895; baseline 0.007 -18"><span class='ocrx_word' id='word_1_465' title='bbox 482 5825 554 5895; x_wconf 81' lang='lat'>(3)</span> <span class='ocrx_word' id='word_1_466' title='bbox 587 5826 964 5884; x_wconf 82' lang='lat' dir='ltr'>Homericum</span> <span class='ocrx_word' id='word_1_467' title='bbox 993 5825 1458 5885; x_wconf 78' lang='lat' dir='ltr'>hemistichium.</span> 
     </span>
    </p>
   </div>
   <div class='ocr_carea' id='block_1_78' title="bbox 2186 5393 3080 5449">
    <p class='ocr_par' dir='ltr' id='par_1_78' title="bbox 2186 5393 3080 5449">
     <span class='ocr_line' id='line_1_78' title="bbox 2186 5393 3080 5449; baseline -0.002 -1"><span class='ocrx_word' id='word_1_468' title='bbox 2186 5393 2496 5449; x_wconf 81' lang='lat' dir='ltr'>lutatinnis</span> <span class='ocrx_word' id='word_1_469' title='bbox 2527 5409 2724 5449; x_wconf 84' lang='lat' dir='ltr'>causa.</span> <span class='ocrx_word' id='word_1_470' title='bbox 2758 5393 2954 5447; x_wconf 92' lang='lat' dir='ltr'>dicere</span> <span class='ocrx_word' id='word_1_471' title='bbox 2989 5409 3080 5447; x_wconf 91' lang='lat' dir='ltr'>me</span> 
     </span>
    </p>
   </div>
   <div class='ocr_carea' id='block_1_79' title="bbox 2186 5460 3345 5538">
    <p class='ocr_par' dir='ltr' id='par_1_79' title="bbox 2186 5460 3345 5538">
     <span class='ocr_line' id='line_1_79' title="bbox 2186 5460 3345 5538; baseline -0.003 -18"><span class='ocrx_word' id='word_1_472' title='bbox 2186 5467 2284 5538; x_wconf 91' lang='lat' dir='ltr'>qui</span> <span class='ocrx_word' id='word_1_473' title='bbox 2318 5481 2452 5538; x_wconf 84' lang='lat' dir='ltr'>vero</span> <span class='ocrx_word' id='word_1_474' title='bbox 2475 5464 2921 5538; x_wconf 79' lang='lat' dir='ltr'>presbyterum.</span> <span class='ocrx_word' id='word_1_475' title='bbox 2951 5460 3187 5538; x_wconf 46' lang='lat' dir='ltr'>(Bima-ci</span> <span class='ocrx_word' id='word_1_476' title='bbox 3220 5483 3345 5534; x_wconf 86' lang='grc' dir='ltr'>μου.</span> 
     </span>
    </p>
   </div>
   <div class='ocr_carea' id='block_1_80' title="bbox 3151 5395 3837 5465">
    <p class='ocr_par' dir='ltr' id='par_1_80' title="bbox 3151 5395 3837 5465">
     <span class='ocr_line' id='line_1_80' title="bbox 3151 5395 3837 5465; baseline 0.004 -17"><span class='ocrx_word' id='word_1_477' title='bbox 3151 5400 3281 5465; x_wconf 88' lang='lat' dir='ltr'>ocet</span> <span class='ocrx_word' id='word_1_478' title='bbox 3307 5395 3537 5450; x_wconf 90' lang='lat' dir='ltr'>amicus</span> <span class='ocrx_word' id='word_1_479' title='bbox 3567 5397 3837 5465; x_wconf 68' lang='lat' dir='ltr'>Graecus;</span> 
     </span>
    </p>
   </div>
   <div class='ocr_carea' id='block_1_81' title="bbox 2253 5535 3838 5610">
    <p class='ocr_par' dir='ltr' id='par_1_81' title="bbox 2253 5535 3838 5610">
     <span class='ocr_line' id='line_1_81' title="bbox 2253 5535 3838 5610; baseline 0.002 -19"><span class='ocrx_word' id='word_1_480' title='bbox 2253 5540 2336 5605; x_wconf 86' lang='lat'>(6)</span> <span class='ocrx_word' id='word_1_481' title='bbox 2367 5537 2437 5592; x_wconf 90' lang='lat' dir='ltr'>Ut</span> <span class='ocrx_word' id='word_1_482' title='bbox 2466 5536 2592 5610; x_wconf 63' lang='grc' dir='ltr'>ΓιιὶιΔ</span> <span class='ocrx_word' id='word_1_483' title='bbox 2630 5536 2732 5589; x_wconf 88' lang='lat' dir='ltr'>ille</span> <span class='ocrx_word' id='word_1_484' title='bbox 2788 5535 3143 5610; x_wconf 71' lang='lat' dir='ltr'>monachus</span> <span class='ocrx_word' id='word_1_485' title='bbox 3169 5543 3478 5610; x_wconf 86' lang='lat' dir='ltr'>poetarum</span> <span class='ocrx_word' id='word_1_486' title='bbox 3512 5538 3838 5610; x_wconf 84' lang='lat' dir='ltr'>studiosus,</span> 
     </span>
    </p>
   </div>
   <div class='ocr_carea' id='block_1_82' title="bbox 2181 5606 3836 5694">
    <p class='ocr_par' dir='ltr' id='par_1_82' title="bbox 2181 5606 3836 5694">
     <span class='ocr_line' id='line_1_82' title="bbox 2181 5606 3836 5694; baseline 0.002 -31"><span class='ocrx_word' id='word_1_487' title='bbox 2181 5608 2383 5694; x_wconf 61' lang='lat' dir='ltr'>forsan</span> <span class='ocrx_word' id='word_1_488' title='bbox 2416 5606 2776 5694; x_wconf 60' lang='lat' dir='ltr'>meminerat</span> <span class='ocrx_word' id='word_1_489' title='bbox 2802 5607 2914 5662; x_wconf 92' lang='lat' dir='ltr'>loci</span> <span class='ocrx_word' id='word_1_490' title='bbox 2947 5606 3244 5694; x_wconf 73' lang='lat' dir='ltr'>Euripidei</span> <span class='ocrx_word' id='word_1_491' title='bbox 3271 5610 3510 5694; x_wconf 48' lang='lat' dir='ltr'>(Frag&#39;m’</span> <span class='ocrx_word' id='word_1_492' title='bbox 3553 5606 3836 5694; x_wconf 54' lang='lat' dir='ltr'>inc.&#39;l</span> 
     </span>
    </p>
   </div>
   <div class='ocr_carea' id='block_1_83' title="bbox 2179 5675 3840 5752">
    <p class='ocr_par' dir='ltr' id='par_1_83' title="bbox 2179 5675 3840 5752">
     <span class='ocr_line' id='line_1_83' title="bbox 2179 5675 3840 5752; baseline 0.002 -20"><span class='ocrx_word' id='word_1_493' title='bbox 2179 5679 2420 5748; x_wconf 81' lang='grc' dir='ltr'>Χρύσεαι</span> <span class='ocrx_word' id='word_1_494' title='bbox 2559 5697 2652 5752; x_wconf 89' lang='grc' dir='ltr'>μοι</span> <span class='ocrx_word' id='word_1_495' title='bbox 2685 5675 2942 5752; x_wconf 72' lang='grc' dir='ltr'>πτέρυγες</span> <span class='ocrx_word' id='word_1_496' title='bbox 2989 5675 3112 5752; x_wconf 76' lang='grc' dir='ltr'>περὶ</span> <span class='ocrx_word' id='word_1_497' title='bbox 3173 5675 3683 5752; x_wconf 56' lang='grc' dir='ltr'>νώτῳ...”Βάσομαί</span> <span class='ocrx_word' id='word_1_498' title='bbox 3710 5681 3758 5735; x_wconf 87' lang='grc' dir='ltr'>τ’</span> <span class='ocrx_word' id='word_1_499' title='bbox 3786 5675 3840 5745; x_wconf 71' lang='grc' dir='ltr'>ἒς</span> 
     </span>
    </p>
   </div>
   <div class='ocr_carea' id='block_1_84' title="bbox 2179 5748 3408 5829">
    <p class='ocr_par' dir='ltr' id='par_1_84' title="bbox 2179 5748 3408 5829">
     <span class='ocr_line' id='line_1_84' title="bbox 2179 5748 3408 5829; baseline 0.002 -23"><span class='ocrx_word' id='word_1_500' title='bbox 2179 5752 2364 5829; x_wconf 69' lang='grc' dir='ltr'>αἰθέρα</span> <span class='ocrx_word' id='word_1_501' title='bbox 2394 5748 2574 5807; x_wconf 80' lang='grc' dir='ltr'>πολὺν</span> <span class='ocrx_word' id='word_1_502' title='bbox 2607 5748 2876 5824; x_wconf 57' lang='grc' dir='ltr'>ἰ’ὶερθεὶς,⁷</span> <span class='ocrx_word' id='word_1_503' title='bbox 2900 5750 3030 5820; x_wconf 84' lang='grc' dir='ltr'>Ζηνὶ</span> <span class='ocrx_word' id='word_1_504' title='bbox 3063 5748 3408 5826; x_wconf 72' lang='grc' dir='ltr'>προσμίξων.</span> 
     </span>
    </p>
   </div>
  </div>
