4110 6416
423 366 574 427 1191

1168 361 1524 426 ANONYMI
1571 360 1879 421 VERSUS
1923 360 2022 418 ΕΧ

2226 355 2336 417 LTE
2383 356 2670 417 ΑΝΙΜΑΞ
2715 356 3098 422 DOLENTIS

3690 363 3847 424 1192

489 501 644 557 Telis
675 500 970 556 sauciatus
1027 513 1158 553 sum
1217 497 1635 569 cupiditatum,
1669 494 1804 551 telis
1853 492 2068 550 animm

2226 487 2382 544 ιέλεσι
2411 486 2688 563 τέτρωμαι
2729 493 2938 561 παθῶν,
2974 491 3158 566 βὲλεσι
3185 493 3592 572 ψυχοφθόροις·

424 592 721 656 exitiosis;
764 595 828 644 ut
873 589 1162 654 medicus,
1211 604 1391 655 sana;
1442 593 1508 642 ut
1551 587 1914 652 misericors,
1944 600 2074 640 ma-

422 697 566 736 num
599 679 812 751 prmbe.

493 773 729 824 Terram
766 768 1014 840 primam
1043 769 1223 824 habui
1255 773 1530 825 matrem.
1564 767 1782 822 iterum
1814 783 1908 822 me
1942 781 2076 820 con-

421 862 522 916 det
549 867 741 916 terra:
775 877 906 930 qum
938 866 1029 916 est
1057 860 1477 932 temporalium
1508 860 1710 915 fruitio
1733 861 1760 916 ‘I
1789 877 1922 931 qum
1945 859 2073 915 vitm

421 952 691 1007 voluntas
715 951 744 1006 ‘I

497 970 691 1024 nuptas
717 970 742 1006 γ

493 1043 597 1097 Hic
628 1057 862 1097 mecum
921 1041 1387 1110 lamentamini}:
1412 1058 1648 1097 mecum
1691 1041 1789 1096 hic
1837 1040 2072 1110 deﬂete,

418 1149 520 1188 vos
547 1134 763 1204 quibus
793 1133 1161 1205 compatiens
1211 1139 1302 1190 est
1351 1133 1611 1203 animus,
1658 1133 1876 1206 quibus
1905 1132 2074 1190 beni-

421 1240 538 1296 gna
565 1241 737 1279 mens
768 1229 878 1281 est.

493 1315 699 1370 Amovi
730 1314 992 1370 animam
1019 1329 1214 1370 meam
1245 1330 1279 1369 a
1307 1313 1688 1382 salutaribus,
1721 1313 2076 1370 nocentibus

420 1421 556 1460 vero
585 1403 862 1469 admovi;
895 1421 928 1458 o
977 1403 1238 1458 crudelis
1295 1403 1496 1458 error!
1554 1403 1732 1458 vitam
1764 1403 1934 1468 duco,
1971 1402 2076 1459 sed

424 1510 546 1549 non
577 1493 842 1565 quietam
869 1510 884 1560 ;
914 1493 1090 1549 malm
1117 1509 1264 1548 mem
1299 1493 1562 1548 actiones
1605 1493 1695 1548 vel
1725 1499 1864 1550 ante
1894 1493 2076 1549 ﬁnem

425 1584 679 1641 suadent
706 1584 898 1640 vivere
929 1584 992 1640 in
1023 1583 1234 1640 timore
1266 1590 1325 1640 et
1351 1585 1642 1658 angustia.

497 1767 743 1822 Peccavi
773 1767 877 1821 tibi
910 1767 1010 1838 qui
1033 1767 1216 1836 judex
1239 1785 1419 1840 super
1444 1769 1766 1824 humanam
1799 1773 2074 1824 naturam

2253 580 2344 642 Ὠς
2376 580 2561 654 ἱατρὸς
2593 582 2943 656 θεράπευσον
2978 581 3093 655 δὸς,
3152 585 3228 647 ὡς
3281 585 3604 660 οἰκτίρμων,
3659 593 3846 666 χεῖρα.

2183 763 2294 827 Γῆς
2323 753 2536 834 ἔσχηκα
2565 781 2916 836 προμητορα,
2949 766 3022 838 γῆ
3059 785 3127 836 με
3155 764 3387 839 καλύψει
3420 765 3586 822 πάλιν

2255 848 2350 912 Τίς
2377 854 2484 903 τῶν
2526 851 2874 925 προσκαίρων
2924 852 3112 923 ὅνησις
3142 873 3158 924 ;
3206 854 3298 918 Τίς
3346 853 3522 927 ἡδονή
3553 862 3652 914 τοῦ
3682 859 3807 935 βίου
3833 878 3848 932 ;

2185 1030 2344 1085 Δεῦτὲ
2378 1051 2474 1102 μοι
2499 1033 2929 1106 συνθρηνήσατε,
2958 1031 3111 1090 δεῦτε
3143 1032 3521 1110 συγκλαύσατὲ
3555 1059 3673 1111 μοι,

2255 1119 2329 1175 Τὸ
2351 1121 2627 1192 συμπαθὲς
2651 1121 2740 1184 οῖς
2761 1142 3073 1199 προσεστιν,
3096 1124 3186 1187 οἷς
3207 1123 3598 1204 φιλάνθρωπος
3621 1128 3845 1203 γνώμη.

2185 1298 2497 1373 Ἐμάκρυνά
2530 1319 2636 1372 μου
2665 1300 2765 1369 τήν
2801 1302 2987 1376 ψυχὴν
3019 1301 3126 1358 ἀπὸ
3155 1306 3266 1358 τῶν
3301 1305 3648 1378 σωζομένων,

2255 1390 2615 1465 ιιροσήγγισα
2668 1394 2788 1454 τοῖς
2859 1389 3220 1468 βλάπτουσιν
3280 1391 3326 1449 ὢ
3385 1394 3604 1466 πλάνης
3673 1396 3847 1453 ἀπαν-

3484 1489 3735 1564 [θρώπου
3758 1492 3773 1546 ε

2183 1577 2269 1628 Ζῶ
2304 1575 2451 1648 βίον,
2483 1573 2612 1631 ἀλλ’
2641 1575 2742 1632 οὐκ
2788 1575 3051 1652 ἄτρομον·
3103 1579 3160 1635 αἱ
3208 1579 3447 1656 πονηραί
3481 1602 3588 1653 μου
3625 1583 3849 1657 πράξεις

2256 1664 2355 1719 Καὶ
2386 1667 2494 1740 πρὸ
2521 1670 2620 1722 τοῦ
2641 1666 2838 1730 τέλους
2861 1668 3138 1734 πείθουσιν
3163 1669 3216 1725 ἂν
3240 1669 3432 1744 τρόμῳ
3452 1675 3552 1745 ζῇν
3571 1672 3849 1747 καὶπόνῳ.

2179 1756 2504 1828 Ἦμάρτηκά
2533 1777 2618 1811 σοι
2651 1761 2726 1830 τῷ
2757 1762 2927 1832 Κριτῇ
2962 1759 3096 1835 ὑπὶρ
3125 1760 3416 1835 ἀνθρώπου
3446 1763 3629 1827 φύσιν·

425 1855 681 1912 sedebis:
699 1856 840 1927 quid
863 1858 1000 1912 fiam
1014 1857 1170 1929 ?quo
1192 1857 1576 1930 fugiam?qur
1593 1857 1699 1913 tibi
1717 1856 2070 1913 abscondar‘l

2258 1845 2360 1906 Τίς
2390 1844 2634 1920 γὲνωμαι
2661 1869 2675 1916 ;
2707 1851 2813 1902 ποῦ
2851 1849 3158 1926 φεύξομαι;
3207 1849 3296 1905 καὶ
3346 1855 3453 1907 ποῦ
3497 1847 3854 1929 κρυϐήσομαί

496 2036 820 2108 Ingemisco
852 2042 910 2092 et
939 2053 1088 2092 saeve
1140 2039 1402 2110 exagitor
1454 2038 1661 2092 mortis
1691 2037 2074 2110 cogitationi-

421 2123 556 2192 bus,
586 2142 707 2181 non
738 2126 1134 2182 reformidans
1183 2127 1388 2193 finem,
1425 2127 1528 2182 sed
1568 2144 1699 2199 qum
1730 2133 1864 2200 post
1894 2128 2077 2182 ﬁnem

424 2221 772 2285 sequentur.

494 2303 955 2359 Misericorditer
1030 2305 1250 2376 aspice,
1336 2305 1620 2367 Salvator,
1681 2304 1743 2359 in
1813 2305 2077 2360 animam

420 2392 703 2451 miseram
737 2413 869 2466 qum
900 2397 962 2452 in
1000 2396 1206 2451 multis
1255 2395 1538 2466 peccavit,
1570 2413 1701 2467 qum
1734 2395 1884 2451 iram
1916 2402 2078 2453 tuam

424 2487 718 2543 excitavit.

501 2577 670 2631 Lucis
701 2575 881 2630 decus
911 2581 1184 2648 paratum
1218 2579 1307 2630 est
1350 2573 1469 2628 illis
1523 2575 1621 2645 qui
1656 2574 1750 2628 hic
1785 2579 1942 2629 recte
1974 2573 2079 2629 de-

425 2672 594 2740 gunt,
627 2666 886 2722 tenebrae
919 2667 1012 2721 his
1044 2666 1142 2738 qui
1173 2665 1676 2737 prmvaricantur;
1712 2663 2079 2738 fuge,anima

423 2774 576 2824 mea,
611 2757 716 2812 has
776 2757 1070 2812 tenebras.
1126 2757 1411 2811 Malorum
1470 2756 1887 2811 remissionem
1921 2756 2078 2812 dona

422 2847 592 2915 mihi,
626 2847 875 2906 Christe.
909 2847 1234 2912 actionum,
1259 2846 1361 2916 qui
1392 2846 1677 2901 bonitatis
1708 2863 1771 2900 es
1802 2845 2074 2918 abyssus,

422 2941 481 2990 et
509 2935 643 2990 fons
666 2934 1072 3007 benignitatis.

490 3026 628 3079 Post
650 3025 829 3079 ﬁnem
857 3025 1086 3078 inutilis
1108 3025 1362 3097 gemitus
1386 3024 1600 3086 omnis,
1629 3023 1825 3078 omnis
1849 3023 2074 3077 lamen-

417 3115 597 3181 tatio;
634 3131 791 3169 nunc
814 3114 1022 3168 efﬁcax
1046 3121 1135 3168 est
1156 3115 1430 3179 gemitus.
1460 3115 1666 3168 et‘ticax
1698 3117 1756 3166 et
1786 3112 2000 3166 luctus.

3642 1963 3730 1997 σοι
3757 1960 3774 2013 ;

3617 1943 3730 2016 [σοι

2184 2029 2380 2100 Θρηνῶ
2410 2028 2498 2080 καὶ
2530 2026 2807 2101 κόπτομαι
2839 2027 3030 2092 δεινῶς
3062 2031 3290 2086 θανάτου
3319 2036 3438 2094 ταῖς
3480 2031 3737 2106 ἐννοίαις,

2253 2115 2332 2173 Οὐ
2365 2113 2625 2179 δεδοικὼς
2664 2120 2763 2189 τήν
2795 2118 3080 2190 τελευτήν,
3113 2119 3262 2178 ἀλλὰ
3289 2123 3356 2178 τὰ
3390 2123 3524 2196 μετὰ
3550 2119 3734 2187 τέλος.

2180 2295 2375 2358 Ἵλεως
2405 2293 2576 2364 ἔπιδε,
2615 2303 2819 2373 Σῶτερ,
2851 2298 2939 2355 ἰπὶ
2970 2301 3156 2377 ψυχὴν
3187 2299 3404 2365 ἀθλίαν.

2255 2387 2373 2454 Τήν
2406 2387 2792 2462 ἆμαρτήσασαν
2826 2389 3032 2460 πολλὰ,
3062 2392 3162 2458 τήν
3189 2391 3594 2467 παροργὶσασάν
3629 2412 3709 2448 σε.

2184 2477 2409 2549 Κόσμος
2441 2476 2622 2542 φωτὸς
2651 2477 2982 2552 ἡτοίμασται
3016 2485 3127 2542 τοῖς
3158 2477 3266 2535 ὧδε
3295 2485 3646 2556 κατορθοῦσι,

2257 2565 2462 2629 Σκότος
2491 2571 2611 2628 τοῖς
2643 2565 3039 2624 ὄλισθαίνουσι’
3072 2574 3252 2647 φεῦγε,
3296 2573 3449 2646 ψυχή
3496 2592 3629 2643 μου,
3657 2575 3848 2628 τοῦτο.

2185 2653 2350 2708 Λύσιν
2381 2658 2562 2709 κακῶν
2616 2675 2710 2729 μοι
2763 2653 3032 2733 δώρησαι,
3082 2654 3260 2728 λύσιν,
3309 2659 3523 2728 Χριστὲ,
3566 2661 3851 2732 πταισμά-

3711 2772 3848 2821 των,

2257 2834 2651 2910 Χρηστότητος
2683 2833 2759 2892 ὢν
2792 2831 3044 2905 ἄϐυσσος,
3079 2839 3234 2913 πηγή
3268 2837 3705 2918 φιλανθρωπίας.

2186 3015 2336 3070 Μετᾶ
2358 3014 2422 3069 τὸ
2451 3013 2611 3077 τέλος
2665 3015 2914 3090 ἄπρακτα
2971 3020 3076 3081 πᾶς
3131 3019 3450 3092 στεναγμὸς,
3484 3023 3588 3080 πᾶς
3622 3020 3849 3092 θρῆνος.

2258 3107 2366 3161 Νῦν
2401 3103 2608 3182 ἐνεργεῖ
2637 3105 3018 3182 ὁξστεναγμὸς,
3050 3111 3137 3160 νῦν
3172 3106 3379 3182 ἐνεργεῖ
3407 3110 3468 3162 τὸ
3501 3108 3719 3170 πένθος.

489 3204 667 3274 Leges
720 3203 935 3257 Christi
1018 3202 1371 3272 contempsi,
1432 3202 1622 3274 legem
1679 3199 2070 3272 cupiditatum

2226 3193 2410 3268 Ῐόμους
2461 3200 2706 3270 Χρισποῦ
2746 3192 3086 3273 παρέϐλεψα,
3135 3198 3304 3272 νόμον
3352 3203 3540 3263 παθῶν
3572 3202 3847 3269 ποθήσας·

421 3292 716 3363 diligens:
743 3293 878 3364 quis
909 3291 980 3346 de
1034 3308 1126 3347 me
1177 3291 1416 3347 tandem
1449 3307 1570 3346 non
1604 3288 2077 3345 lamentabitur?

422 3383 556 3453 quis
587 3383 658 3436 de
681 3399 775 3437 me
797 3399 913 3436 non
949 3381 1256 3453 plorabit?

492 3471 764 3543 Hospites
798 3488 918 3526 non
980 3469 1179 3542 aspexi
1240 3468 1517 3541 benigne,
1559 3467 1922 3540 pauperibus
1951 3483 2073 3521 non

419 3578 550 3616 sum
584 3561 925 3622 inclinatus,
956 3559 1158 3632 egenis
1190 3558 1434 3614 domum
1465 3558 1652 3614 clausi
1679 3574 1692 3612 :
1721 3557 1870 3629 proh
1895 3557 1907 3611 ι
1937 3573 2075 3612 cru-

418 3649 614 3704 delem
646 3656 910 3704 mentem
939 3648 950 3702 ι

485 3741 663 3794 Totus
694 3756 776 3801 es,
811 3739 1097 3802 Salvator,
1149 3738 1426 3804 suavitas,
1471 3735 1867 3792 mansuetudo
1902 3735 2068 3790 inex-

417 3829 668 3884 hausta:
703 3827 954 3882 immuta
981 3827 1040 3880 in
1077 3826 1425 3882 suavitatem
1477 3827 1692 3881 animm
1725 3841 1870 3880 mem
1901 3840 2069 3879 acer-

417 3917 684 3972 bitatem.

490 4007 630 4061 Mari
653 4007 869 4077 jactor,
899 4007 1146 4074 Christe,
1205 4011 1582 4078 peccatorum
1609 4025 1624 4068 ς
1685 4005 1760 4058 da
1807 4004 1974 4075 mihi,
2007 4010 2073 4059 ut

419 4099 615 4166 Petro,
647 4113 888 4151 manum
916 4115 929 4165 ;
965 4097 1124 4152 salva
1162 4113 1256 4152 me
1287 4097 1441 4151 sicut
1470 4093 1852 4167 gubernator.

484 4276 858 4349 Negligenter
913 4275 1241 4348 disperdidi
1314 4289 1509 4328 meam
1565 4287 1806 4326 omnem
1866 4273 2065 4328 vitam.

411 4367 535 4420 Heu
567 4366 750 4420 mihi!
814 4367 1112 4437 quomodo
1171 4363 1447 4435 etl‘igiam
1504 4361 1797 4434 supplicia
1850 4361 2066 4418 intole-

411 4454 602 4510 randa
624 4456 651 4510 ?

483 4546 723 4600 Viscera
755 4552 855 4601 tua
885 4545 959 4600 ad
992 4545 1141 4598 iram
1174 4543 1360 4615 coegi,
1393 4543 1618 4597 viscera
1646 4546 1894 4612 paterna
1925 4546 2063 4608 tua;

415 4631 519 4688 sed
549 4633 800 4708 benigne
833 4632 1227 4706 reprehende,
1261 4648 1458 4704 neque
1489 4649 1584 4688 me
1615 4633 1676 4686 in
1709 4631 1797 4686 ira
1826 4631 2070 4704 castiga.

486 4905 766 4968 Qumnam
801 4908 892 4957 est
919 4901 1154 4958 bonitas
1184 4908 1304 4969 tua,
1328 4903 1578 4966 Christe,
1604 4919 1736 4973 qum
1767 4901 2070 4972 patientim

414 4994 602 5064 c0pia,
634 4993 790 5064 quod
822 4992 1045 5047 caduca
1074 4993 1453 5048 adamantem
1486 5009 1607 5047 non
1628 4992 1772 5058 uris,
1798 4991 1901 5046 sed
1935 5008 2068 5046 sus-

413 5082 565 5135 tines
585 5080 612 5134 ?

479 5169 885 5242 Cupiditatum
940 5169 1166 5242 sylvam
1227 5168 1519 5241 congessi,
1555 5167 1708 5239 ignis
1758 5169 2069 5223 materiam

409 5472 766 5527 cognoscere
793 5462 982 5527 poetm
1007 5472 1226 5510 nomen
1252 5472 1266 5518 ;
1300 5470 1436 5527 nam
1463 5451 1736 5523 politicos
1759 5469 2067 5527 nunquam

407 5525 521 5597 legi
547 5534 628 5584 (et
648 5528 766 5582 heu
787 5525 1046 5583 [multos
1067 5527 1206 5600 legi)
1229 5533 1345 5581 tam
1370 5525 1576 5600 bonos.
1602 5531 1717 5578 tam
1744 5525 2065 5600 elegantes,

410 5606 527 5653 tam
564 5600 720 5653 facili
758 5616 904 5655 vena
937 5597 1446 5670 proﬂuentesnisi
1475 5597 1673 5651 forsan
1707 5597 1859 5666 quos
1890 5597 2065 5669 parili

405 5670 799 5743 distichorum
828 5673 1081 5727 artificio
1105 5670 1712 5743 composuitSytneon
1746 5671 2068 5743 Metaphra-

404 5746 548 5806 stes,
583 5741 894 5811 ediditque
925 5743 1174 5796 Allatius
1209 5744 1391 5796 Diatr.
1435 5740 1506 5795 de
1537 5740 1810 5811 Symeon.
1845 5740 2062 5812 p.132.

2257 3285 2348 3347 Τίς
2379 3283 2445 3340 οὐ
2475 3286 2733 3362 θρηνήσει
2769 3306 2836 3360 με
2879 3284 3118 3358 λοιπόν;
3166 3287 3252 3350 τίς
3298 3286 3382 3343 ἐπ’
3423 3287 3520 3362 ἐμὲ
3555 3289 3631 3362 μὴ
3662 3286 3849 3344 κλαύ-

3597 3383 3696 3447 [σει
3727 3381 3849 3453 (¹);

2181 3461 2386 3527 Ξένους
2449 3467 2548 3520 οὐκ
2605 3463 2718 3521 ἴδον
2779 3468 3097 3540 συμπαθῶς,
3132 3468 3354 3537 πένησιν
3390 3466 3488 3522 οὐκ
3535 3465 3848 3544 ἐκάμφθην,

2253 3555 2529 3632 Ἀστέγοις
2559 3556 2707 3612 οἶκον
2740 3553 2981 3614 ἔκλεισα·
3016 3561 3114 3637 φεῦ
3156 3557 3382 3633 γνώμης
3426 3557 3802 3634 ἀπανθρώπου
3833 3559 3846 3615 l

2180 3735 2344 3800 Ὀλος
2377 3740 2447 3806 εἴ,
2483 3741 2690 3812 Σῶτερ,
2719 3737 3062 3814 γλυκασμὸς,
3094 3736 3309 3809 ήδύτης
3340 3739 3472 3813 ὑπὲρ
3499 3737 3687 3812 κόρον.

2252 3823 2580 3884 Μετάὸαλλε
2601 3828 2739 3901 πρὸς
2759 3827 3079 3903 γλυκασμὸν
3113 3831 3300 3905 ψυχῆς
3331 3850 3436 3903 μου
3459 3833 3560 3898 τήν
3593 3829 3844 3904 πικρίαν.

2179 4004 2414 4084 Πελάγει
2445 4003 2884 4080 κλυδωνίζομαι,
2916 4008 3134 4082 Χριστὶ,
3166 4015 3268 4078 τῆς
3298 4007 3590 4082 ἁμαρτίας.

2248 4096 2370 4167 Δὸς,
2403 4096 2478 4159 ώς
2533 4101 2613 4168 τῷ
2659 4099 2848 4173 Πέτρῳ
2896 4100 2994 4171 (2),
3041 4097 3204 4174 χεῖρά
3255 4118 3372 4172 μοι·
3407 4102 3607 4167 σῶσον,
3640 4097 3716 4160 ὡς
3748 4120 3849 4154 κυ-

3400 4183 3719 4262 [ϐερνήτης.

2191 4275 2466 4349 Ρᾳθύμως
2496 4275 2862 4346 κατηνάλωσα
2891 4277 2982 4332 τὸν
3015 4279 3225 4333 ἅπαντά
3258 4298 3363 4351 μου
3397 4277 3541 4352 βίον.

2248 4363 2418 4440 Οῗμοι
2449 4367 2461 4422 l
2496 4365 2599 4423 Καὶ
2631 4370 2749 4428 πῶς
2781 4364 3107 4444 ἐκφεύξομαι
3153 4364 3409 4430 κολάσεις
3437 4364 3799 4429 ἆνυποίστους
3833 4388 3848 4438 ;

2183 4541 2485 4621 Σπλαγχνα
2530 4544 2598 4599 τὰ
2657 4544 2722 4600 σὰ
2781 4544 3123 4622 παρώργισα,
3157 4543 3450 4622 σπλάγχνα
3495 4545 3564 4600 τὰ
3611 4544 3850 4621 πατρικά

3650 4653 3769 4688 σου·

2255 4724 2409 4794 Πλὴν
2458 4723 2862 4804 φιλανθρώπως
2911 4722 3226 4780 παίδευσον·
3285 4725 3362 4798 μὴ
3416 4745 3483 4797 με
3532 4635 3692 4796 Quid)
3749 4745 3851 4780 κο-

3531 4827 3600 4868 Αα
3681 4834 3732 4874 ς.

2180 4901 2280 4965 Τίς
2313 4905 2347 4972 ἡ
2382 4903 2700 4979 χρηστότης
2734 4904 2881 4973 dou,"
2903 4903 3124 4976 Χριστὶ,
3156 4902 3236 4965 τίς
3277 4904 3486 4977 ἀνοχῆς
3504 4815 3544 4958 [ὁ
3574 4835 3850 4972 πσλῃοῦτος,

2249 4993 2372 5049 ’Ὁτι
2409 4991 2638 5065 μανέντα
2679 4997 2795 5054 τοῖς
2846 4990 3092 5067 ῥευστοῖς
3146 4991 3208 5047 οὐ
3261 4990 3509 5068 φλέγεις,
3542 4989 3688 5046 ἀλλὰ
3724 4992 3848 5046 ne-

3635 5100 3679 5135 ει

2179 5169 2353 5243 Ὕλην
2381 5172 2566 5226 παθῶν
2601 5170 2896 5247 ὲσώρευσα,
2925 5171 3132 5249 τροφὴν
3165 5170 3335 5245 πυρὸς
3375 5081 3659 5225 ἆσϐἐστξῖ·
3687 5103 3711 5144 ς

2179 5454 2592 5527 Metaphrastm
2623 5453 2879 5527 disticha
2918 5454 3113 5527 legere
3163 5453 3278 5509 erit
3325 5469 3522 5526 Operm
3552 5451 3820 5524 pretium

2176 5543 2246 5582 ac
2277 5525 2415 5582 cum
2449 5526 2611 5581 hisce
2645 5525 2940 5584 conferre.

2249 5601 2326 5669 (1)
2356 5599 2572 5664 Codex,
2603 5595 2839 5666 κλαύσῃ.

2249 5673 2330 5743 (2)
2357 5670 2588 5728 Alludit
2614 5669 2691 5726 ad
2719 5670 2921 5728 Matth.
2953 5686 3067 5740 xiv,
3099 5673 3187 5727 31.
