4110 6424
304 442 462 505 1197

1836 432 2181 505 ΝΟΤΙΤῙΑ.

3572 461 3732 523 1198

306 594 441 635 mus
469 577 547 633 sit
574 577 675 649 (7),
711 593 889 648 quem
921 577 981 631 in
1014 576 1167 631 libro
1190 591 1305 667 suo
1326 575 1616 667 nominet.
1641 573 1959 667 Sedvirnm
1992 580 2049 645 Α
2080 577 2143 667 in
2177 579 2371 638 Suidas
2404 584 2611 643 Lexico
2633 594 2976 656 occurrunt,
3008 590 3080 646 de
3103 596 3276 648 aetate
3307 593 3437 665 ejus
3459 594 3737 667 judican-

305 669 724 725 doctissimum
774 667 1063 722 memoria
1118 666 1348 722 fefellit.
1400 668 1545 721 Nam
1575 665 1636 721 iu
1666 682 1717 722 ν.
1780 661 1964 738 Ἀδαμ

305 759 535 815 mentio
570 759 636 812 ﬁt
668 757 1045 828 imperatoris
1062 757 1307 812 Joannis
1329 755 1681 824 Zimiscaa(8)
1702 781 1714 821 ;
1736 762 1793 811 et
1824 756 1959 811 in'v.

308 843 886 908 Κωνσταντινοΰπολις
934 846 1135 900 Basilii
1169 852 1227 901 et
1256 845 1629 901 Constantini
1660 845 1911 900 fratrum
1947 864 1961 913 ;

310 938 409 1010 qui
443 953 653 992 omnes
692 937 1102 1003 Constantino,
1156 936 1365 990 Leonis
1425 936 1571 1000 ﬁlio,
1604 935 1963 1007 posteriores

311 1028 568 1083 fuerunt.
597 1027 993 1097 Hieronymus
1014 1025 1259 1079 Wolfius
1283 1024 1520 1079 Suidam
1550 1024 1737 1079 multo
1761 1041 1966 1079 recen-

312 1117 525 1172 tiorem
556 1115 714 1180 facit,
745 1121 803 1171 et
828 1115 901 1170 ad
917 1115 1308 1170 sasculumxrv
1325 1114 1505 1170 refert
1530 1114 1965 1181 ;hacinductus

306 1203 736 1275 ratione,quod
757 1203 1131 1259 Metochitam
1162 1204 1521 1276 logolhetam
1536 1204 1695 1271 citet,
1721 1203 1822 1274 qui
1854 1201 1965 1258 sub

308 1295 658 1368 Palaeologis
682 1295 909 1350 vixerit.
936 1294 1125 1350 Verba
1156 1295 1284 1366 ejus
1305 1294 1367 1349 in
1390 1293 1965 1350 Prrel‘at.adSuidam

309 1385 438 1441 hzec
462 1389 637 1439 sunt:
672 1384 840 1454 Atqui
867 1384 1025 1450 adeo,
1055 1399 1179 1439 cum
1230 1383 1579 1439 Metochitam
1630 1382 1967 1453 logothetum

311 1477 440 1530 citet
469 1476 567 1545 qui
589 1475 686 1529 sub
714 1472 1045 1542 Palaeologis
1084 1476 1246 1541 vixit,
1270 1478 1524 1544 apparet,
1552 1490 1674 1528 eum
1693 1475 1786 1528 vix
1806 1473 1966 1527 annis

315 1565 518 1621 abhinc
547 1566 652 1619 300
680 1566 919 1619 Lexicon
948 1565 1049 1619 hoc
1091 1566 1471 1634 composuisse.
1508 1563 1813 1619 Scribebat
1860 1574 1966 1617 au-

314 1660 432 1710 tem
469 1653 583 1710 ista
616 1653 862 1708 Wollius
894 1657 960 1711 A.
995 1654 1058 1708 D.
1094 1655 1251 1708 1564.
1287 1653 1398 1708 Sed
1430 1653 1748 1726 logotheta,
1783 1667 1963 1723 quem

311 1744 524 1800 Suidas
558 1743 806 1799 diversis
837 1743 900 1798 in
931 1744 1079 1798 locis
1105 1743 1329 1811 laudat,
1372 1760 1493 1799 non
1533 1748 1622 1798 est
1651 1742 1967 1798 Metochita

310 1834 635 1906 logotbeta,
665 1850 843 1905 quem
876 1834 1123 1888 ineunte
1156 1850 1289 1888 saec.
1322 1849 1414 1887 xiv
1445 1833 1659 1888 vixisse
1708 1835 1961 1899 constat,

2076 665 2218 722 dum
2243 676 2350 739 est,
2384 676 2781 733 recentiorem
2806 694 2943 734 eum
2971 680 3178 751 utique
3201 696 3330 737 esse
3356 665 3609 755 Oportet,
3637 690 3732 741 ut-

2075 763 2212 827 pote
2245 760 2345 830 qui
2380 770 2632 820 exeunte
2666 766 2877 822 saltem
2911 770 3128 824 saeculo
3159 786 3213 824 rx
3245 770 3335 825 vel
3370 771 3617 830 ineunte
3647 776 3732 830 ιιι

2077 845 2184 900 sub
2209 848 2414 904 Alexio
2438 851 2738 909 Comneno
2757 855 2984 912 vixerit.
3018 859 3179 926 Nam,
3220 858 3399 930 (quod
3422 877 3457 916 a
3484 864 3728 921 nomine

2078 934 2272 992 adhuc
2317 938 2693 998 obsarvatum
2752 960 2881 1000 esse
2938 944 3148 1018 video),
3210 948 3271 1003 in
3302 964 3352 1003 v.
3389 950 3639 1023 Γηώρας,
3672 967 3721 1007 v.

2074 1023 2328 1097 Δέρτρου,
2365 1036 2502 1086 etv.
2561 1030 2886 1105 Ἣγήτορες,
2930 1034 3063 1090 loca
3113 1037 3385 1108 quaedam
3446 1055 3517 1094 ex
3548 1040 3720 1097 Mich.

2073 1114 2267 1170 Psello
2299 1118 2410 1187 (11)
2438 1119 2835 1190 adducuntur,
2867 1124 2968 1194 qui
3025 1125 3136 1180 sub
3182 1125 3388 1182 Alexio
3419 1128 3723 1185 Comneno

2072 1202 2292 1271 ﬂoruit,
2328 1206 2624 1279 vitamque
2654 1225 2844 1282 usque
2874 1210 2947 1267 ad
2978 1213 3215 1269 initium
3246 1215 3447 1271 saeculi
3480 1234 3555 1272 xu
3582 1233 3722 1289 pro—

2074 1290 2261 1348 duxit.
2295 1293 2351 1349 Si
2382 1295 2562 1368 igitur
2581 1297 2708 1369 ipse
2741 1299 2947 1355 Suidas
2977 1300 3108 1358 loca
3137 1301 3250 1358 ista
3290 1303 3466 1359 Pselli
3514 1306 3722 1361 Lexico

2078 1397 2183 1437 suo
2207 1383 2476 1456 inseruit,
2507 1393 2641 1458 post
2662 1388 2923 1445 Psellum
2936 1391 3143 1463 utique
3160 1392 3373 1449 vixisse
3396 1411 3531 1449 eum
3554 1412 3721 1467 opor-

2076 1475 2188 1540 tet;
2207 1473 2309 1529 sed
2323 1480 2461 1531 ante
2478 1478 3104 1554 Eustathium,quippe
3126 1483 3226 1554 qui
3245 1485 3472 1555 primus
3494 1486 3555 1540 in
3568 1502 3724 1542 com-

2073 1564 2365 1619 mentario
2390 1564 2466 1620 ad
2483 1567 2803 1623 Homerum
2822 1570 3012 1626 nostri
3031 1573 3324 1627 meminit.
3346 1573 3503 1629 Vixit
3522 1580 3723 1631 autem

2070 1653 2412 1711 Eustathius
2469 1657 2678 1730 exiguo
2735 1664 2869 1731 post
2926 1661 3185 1718 Psellum
3243 1663 3575 1734 intervallo,
3617 1665 3725 1721 sub

2072 1744 2253 1799 ﬁnem
2271 1746 2555 1803 nimirum
2572 1749 2776 1805 saaculi
2793 1748 3155 1822 duodecimi,
3169 1758 3228 1808 et
3252 1755 3490 1811 initium
3507 1755 3721 1812 decimi

2074 1836 2251 1890 tertii.
2288 1837 2400 1893 Sed
2423 1838 2581 1910 quod
2608 1839 2683 1895 ad
2702 1839 2834 1897 loca
2854 1841 2960 1898 illa
2988 1843 3167 1899 Pselli
3191 1845 3404 1901 attinet
3428 1864 3441 1915 ;
3474 1845 3722 1902 dubium

312 1922 420 1979 sed
463 1924 718 1995 Symeon
762 1923 1184 1994 Metaphrastes
1241 1922 1543 1995 lgootbeta
1572 1922 1669 1992 (9),
1705 1921 1806 1992 qui
1838 1921 1962 1976 ini-
1994 1932 2042 1998 Β
2072 1941 2191 1980 non
2224 1930 2332 1997 est,
2363 1928 2507 1999 quin
2538 1944 2572 1983 a
2592 1930 3025 1988 recentioribus
3058 1933 3265 1990 Lexico
3297 1935 3492 1991 Suidas
3523 1934 3725 1991 addita

309 2012 394 2068 tio
423 2012 624 2067 saeculi
666 2029 701 2066 x
748 2010 993 2077 ﬂloruit,
1027 2016 1093 2065 ut
1122 2016 1179 2066 et
1210 2017 1347 2067 ante
1378 2027 1487 2066 nos
1519 2010 1849 2066 observavit
1876 2010 1964 2064 vir

310 2102 511 2174 magni
536 2103 693 2156 inter
713 2100 978 2157 eruditos
1009 2100 1270 2156 nominis
1291 2100 1617 2155 Richardus
1636 2100 1960 2165 Bentleius,

311 2191 376 2246 in
408 2190 696 2262 praeclara
724 2190 1149 2246 Dissertatione
1182 2190 1254 2244 de
1286 2190 1619 2245 Phalaridis
1672 2189 1961 2262 epistolis,

309 2296 369 2352 p.
404 2281 492 2335 22.
515 2280 667 2351 [pag
694 2281 725 2333 9
751 2277 844 2333 ed.
879 2278 1185 2349 Lennepii,
1220 2278 1391 2349 epist.
1417 2278 1650 2335 Phalar.
1684 2278 1960 2349 adjecta.]

310 2368 621 2423 Sententia
678 2367 861 2439 igitur
907 2367 1124 2435 Wolﬁi,
1185 2367 1298 2423 hoc
1346 2367 1636 2423 subducto
1694 2352 1962 2435 tibicine,

309 2462 522 2529 sponte
578 2457 821 2511 corruit.
882 2456 996 2510 Alii
1040 2457 1197 2511 inter
1254 2473 1403 2528 quos
1454 2461 1543 2511 est
1570 2456 1658 2511 vir
1686 2455 1960 2511 doctissi-

309 2564 446 2603 mus
475 2546 825 2602 Guilielmus
856 2547 1024 2612 Cave,
1058 2552 1330 2601 nostrum
1378 2551 1653 2618 vergente
1694 2545 1822 2617 jam
1855 2562 1964 2600 sae-

311 2636 444 2693 culo
476 2637 642 2707 x(10)
682 2635 791 2691 sub
835 2635 1050 2691 Basilio
1110 2651 1181 2690 ex
1238 2635 1626 2691 Constantino
1682 2635 1966 2691 fratribus

312 2725 521 2781 vixisse
553 2730 803 2781 censent
835 2741 848 2779 :
880 2742 986 2796 pro
1011 2741 1129 2796 qua
1157 2724 1439 2796 opinione
1486 2724 1682 2779 facere
1713 2725 1964 2797 videtur,

314 2817 469 2888 quod
517 2816 728 2871 Suidas
760 2817 822 2870 in
854 2832 903 2870 v.
938 2812 1153 2886 'ABa‘zp’,
1189 2815 1292 2870 ubi
1345 2814 1610 2871 diversas
1667 2831 1964 2873 annorum

313 2923 461 2962 teras
475 2906 595 2962 sive
617 2905 875 2978 epochas
898 2910 1188 2972 recenset,
1204 2904 1648 2978 chronologiam
1680 2906 1967 2977 perducat

310 3013 502 3067 usque
517 2995 592 3051 ad
614 2995 843 3050 obitum
871 2995 1117 3050 Joannis
1134 2995 1424 3062 Zimiscze,
1455 2995 1549 3051 cui
1568 3012 1725 3051 anno
1748 2996 1965 3052 Christi

311 3088 415 3140 975
448 3084 625 3139 modo
658 3083 800 3139 dicti
830 3082 1080 3138 Basilius
1113 3088 1171 3137 et
1199 3083 1629 3138 COnstantinus
1658 3083 1872 3140 fratres
1903 3084 1965 3140 in

310 3175 562 3246 imperio
595 3179 1028 3228 successerunt.
1063 3172 1186 3227 Huc
1216 3172 1462 3241 accedit,
1492 3172 1651 3245 quod
1674 3180 1877 3229 noster
1904 3175 1968 3231 in

310 3282 362 3319 ν.
400 3260 981 3324 Κωνσταντινούπολις
1039 3279 1228 3317 annos
1259 3280 1293 3318 a
1333 3262 1571 3318 condita
1601 3263 1771 3319 CPOli
1802 3281 1960 3320 com-

307 3359 547 3426 putans,
582 3352 869 3423 epocham
900 3368 1103 3406 eorum
1138 3352 1423 3406 terminet
1450 3352 1512 3407 in
1549 3369 1730 3425 regno
1762 3354 1962 3410 Basilii

308 3448 368 3498 et
397 3441 794 3507 Constantini,
829 3441 1547 3513 Porphyrogennetorum,
1581 3447 1647 3496 ut
1675 3442 1779 3497 illo
1812 3449 1964 3499 tem-

307 3548 474 3605 pore,
510 3547 625 3602 quo
659 3547 729 3586 ea
758 3530 1076 3599 scribebat,
1109 3530 1302 3584 adhuc
1336 3530 1784 3602 imperantium.
1832 3533 1965 3588 Haac

312 3638 456 3678 sane
471 3621 739 3692 speciosa
753 3624 912 3688 sunt,
936 3624 1202 3675 etveram
1223 3619 1415 3675 Suidas
1440 3625 1674 3675 aetatem
1698 3621 1964 3678 indicare

309 3710 606 3766 videntur.
629 3709 741 3765 Sed
764 3709 812 3765 si
835 3726 906 3765 ex
927 3709 1087 3764 notis
1108 3709 1229 3763 illis
1253 3714 1613 3784 temporum,
1633 3728 1765 3782 qua:
1787 3711 1965 3769 hodie

390 3854 461 3925 (7)
495 3853 869 3908 Hermannus
899 3851 1295 3919 Witekindus,
1328 3852 1483 3924 Rigas
1515 3857 1657 3908 tunc
1701 3871 1962 3923 versans,

317 3925 475 3980 Vitas
492 3924 976 3996 imperatorum,e
989 3923 1168 3996 suida
1180 3923 1625 3991 collectas,cum
1640 3927 1844 3983 Latina
1861 3943 1969 3983 sua

308 3994 597 4052 versione
628 3995 949 4067 separatim
991 3994 1178 4050 edidit
1224 3996 1590 4051 Francofurti
1624 4001 1781 4067 1527,
1814 4001 1868 4055 8.
1901 4004 1967 4054 ln

309 4069 405 4124 bis
427 4067 623 4122 ultimi
651 4070 1063 4122 memorantur
1082 4067 1526 4135 Constantinus,
1552 4070 1762 4125 Leonis
1778 4070 1968 4126 Isauri

310 4141 496 4207 filius,
526 4139 627 4212 qui
657 4142 723 4192 A.
760 4139 887 4212 775,
936 4138 1202 4212 Michaael
1251 4139 1488 4207 Balbus,
1521 4141 1622 4212 qui
1652 4146 1720 4197 Α.
1753 4144 1878 4210 829,
1909 4148 1969 4197 et

310 4211 695 4285 Theophilus,
720 4210 820 4285 qui
843 4213 909 4285 ᾼ.
936 4212 1044 4285 841
1061 4210 1226 4266 obiit.
1250 4210 1575 4285 Exercepta
1605 4212 1677 4268 de
1708 4214 1968 4285 impera~

310 4280 562 4349 toribus,
605 4300 675 4337 ex
723 4280 904 4336 Suida
932 4280 1201 4346 collecta,
1257 4282 1439 4337 habes
1471 4280 1650 4339 etiam
1683 4280 1879 4341 Graece
1911 4290 1970 4341 et

313 4356 517 4411 Latine
534 4354 594 4408 in
612 4352 767 4408 Frid.
787 4353 1080 4425 Sylburgii
1105 4358 1263 4408 tomo
1287 4355 1460 4408 tertio
1484 4355 1773 4411 Minorum
1797 4359 1966 4412 Rom.

312 4426 581 4482 historian
638 4425 1024 4498 Scriptorum,
1058 4425 1347 4498 Francof.
1383 4427 1541 4496 1590,
1590 4426 1716 4492 fol.,
1752 4428 1970 4498 quibus

312 4498 434 4554 alia
463 4499 711 4568 insuper
739 4496 812 4551 de
844 4497 1024 4551 rebus
1053 4497 1385 4552 CPolitanis
1418 4513 1488 4551 ex
1521 4498 1729 4553 eodem
1763 4496 1969 4554 Lexico

311 4569 589 4639 adjunxit
618 4585 752 4623 cum
781 4568 938 4623 Porti
969 4569 1235 4624 versione
1268 4568 1577 4639 Philippus
1610 4569 1875 4625 Labbeus
1906 4570 1969 4626 in

315 4647 479 4696 torno
506 4640 530 4694 Ι
554 4640 917 4710 Scriptorum
950 4639 1086 4693 hist.
1125 4641 1456 4711 Byzantines
1487 4640 1670 4696 Paris.
1705 4643 1842 4696 1648
1864 4641 1967 4697 fol.

387 4714 463 4783 (8)
493 4712 754 4767 Joannes
783 4712 1095 4766 Tzimisces
1126 4712 1451 4783 imperator
1498 4712 1613 4766 fuit
1662 4712 1734 4766 ab
1767 4714 1834 4767 A.
1867 4716 1970 4769 969

312 4783 390 4840 ad
422 4784 567 4851 975;
601 4784 741 4838 hinc
776 4783 1026 4838 Basilius
1055 4783 1126 4850 ΙΙ,
1159 4800 1193 4838 a

313 4872 451 4920 nus,
485 4856 614 4924 ejus
640 4855 840 4923 frater,
870 4854 945 4924 ad
978 4858 1042 4908 A.
1076 4857 1232 4910 1028.

389 4930 466 5001 (9)
498 4920 708 4982 Suidas
731 4920 1122 5001 ἱηίἊξᾳξιξὉ
1155 4923 1549 5001 Αογοβὲτηςέν
1584 4925 1666 5001 τῷ
1694 4931 1794 5001 τῆς
1824 4926 1981 5001 ἁγίας

389 4946 466 4998 (9)
498 4946 708 4982 Dulaas
731 4946 793 4981 ιιι
847 4946 1040 4996 Αοαξν
1079 4946 1122 4981 υ
1155 4946 1462 5050 negotist-qq
1495 4946 1549 4977 εν
1584 4946 1666 4996 τῳ
1694 4946 1794 4993 της
1824 4946 1978 5001 αγιας

314 4995 537 5071 Θᾷκλης
570 4995 874 5071 μαρτυρίῳ,
908 4999 980 5052 Et
1034 4997 1118 5071 in
1154 5003 1228 5050 No
1269 4997 1397 5071 εύες
1458 4997 1547 5071 Ἑν
1578 5000 1646 5070 τῇ
1676 5000 1773 5071 τφῦ
1808 5019 1978 5069 μακα-

317 5067 475 5144 ρίτςου
524 5066 837 5144 λὸγόθὲτ66
869 5069 1209 5144 ᾃμεταφρᾴσει
1236 5071 1304 5140 τῇ
1334 5066 1417 5144 sic"
1461 5066 1854 5144 “copap'rdptov
1882 5074 1981 5144 τοῦ

316 5141 480 5214 ἆγίου
510 5141 833 5214 Λούκιανοῦ.
868 5141 1040 5214 Bene:
1075 5141 1347 5196 observat
1392 5141 1716 5207 Bentleius,
1740 5141 1979 5214 μακαρί-

314 5213 422 5282 τήν
454 5231 490 5269 a
519 5214 737 5269 Graecis
769 5213 909 5278 dici,
944 5213 1046 5285 qui
1078 5213 1168 5268 vel
1226 5214 1496 5285 ipsorum
1549 5214 1859 5283 memoria,
1892 5213 1983 5271 vel

317 5303 445 5343 non
477 5286 624 5341 adeo
659 5285 762 5340 diu
791 5292 928 5340 ante
953 5284 1219 5341 obiisset.

389 5358 504 5430 (10)
540 5358 826 5430 vergente
887 5357 1104 5430 saeculo
1146 5374 1202 5411 χι
1249 5356 1357 5412 sub
1415 5354 1623 5410 Alexio
1657 5356 1981 5430 Gomneno,

320 5429 537 5484 Vosius
567 5428 673 5483 libi
707 5446 768 5493 ιι,
803 5431 880 5483 De
921 5428 1047 5482 hist.
1109 5430 1327 5495 Graecis,
1384 5443 1513 5498 cap.
1572 5429 1658 5480 26.
1711 5429 1881 5484 FABR.
1913 5462 1983 5472 —

323 5501 548 5574 Eadem
579 5501 876 5574 sententia
896 5501 1072 5554 Henr.
1102 5500 1314 5574 valesii
1339 5499 1397 5553 in
1422 5498 1590 5574 Praef:
1612 5498 1686 5553 ad
1710 5508 1987 5574 excerpta

325 5589 398 5629 ex
423 5571 808 5628 collectaneis
839 5572 1213 5641 Constantini
1245 5572 1513 5641 imperat.
1547 5570 1727 5625 HEUM.

398 5643 513 5715 (11)
544 5645 922 5713 Quaecunque
958 5639 1141 5715 ῥησεις
1173 5644 1235 5697 in
1295 5639 1487 5697 Sinden
1521 5641 1729 5715 Lexico
1783 5645 1986 5702 addito

321 5714 507 5773 Pselli
536 5717 802 5781 nomine,
840 5715 1138 5786 leguntur,
1170 5732 1270 5770 eas
1301 5730 1530 5786 omnes,
1563 5714 1851 5786 Kiislerus
1881 5717 1984 5773 ob-

309 5787 603 5855 _servavit,
631 5787 845 5855 petitas
876 5784 1006 5842 esse
1046 5804 1114 5842 ex
1151 5786 1452 5842 Michaelis
1483 5784 1662 5840 Pselli
1691 5786 1845 5843 libro
1893 5790 1985 5845 in-

333 5859 489 5932 dito,
520 5857 742 5915 multas
771 5857 1000 5931 glossas
1015 5873 1304 5928 vocesque
1321 5857 1606 5914 obscuras
1632 5858 1986 5930 explicante,

1265 4795 1332 4839 A.
1368 4786 1525 4849 1025,
1552 4789 1612 4838 et
1634 4784 1972 4840 Constanti-

2073 2014 2219 2082 sint;
2252 2016 2431 2087 idque
2465 2018 2536 2073 de
2560 2018 2690 2075 loco
2719 2019 2911 2092 primo
2944 2022 3076 2094 (12),
3110 2022 3212 2094 qui
3243 2018 3639 2080 adduciturin
3665 2041 3717 2079 v.

2072 2105 2321 2178 Γηώρας,
2351 2106 2636 2163 audacter
2664 2108 2966 2166 afﬁrmare
2994 2111 3186 2167 ausim
3216 2130 3230 2180 ;
3291 2114 3510 2186 quippe
3541 2128 3721 2186 quem

2072 2209 2214 2250 mss.
2288 2194 2467 2251 Paris.
2509 2212 2630 2253 non
2662 2204 3012 2272 agnoscunt.
3046 2201 3105 2256 Si
3135 2201 3314 2274 igitur
3369 2219 3481 2259 nec
3512 2220 3583 2258 ex
3611 2203 3722 2259 hac

2070 2290 2214 2340 nota
2242 2286 2530 2357 temporis
2558 2293 2702 2343 setas
2731 2288 2924 2344 Suidas
2951 2290 3149 2363 colligi
3178 2296 3394 2362 potest,
3418 2290 3565 2363 quid
3595 2297 3719 2348 tan-

2073 2371 2209 2427 dem
2236 2372 2431 2428 hacde
2461 2390 2524 2429 re
2539 2376 2920 2432 statuendum
2943 2376 3039 2442 sit,
3056 2379 3521 2448 quaeretLector.
3542 2381 3725 2452 Equi-

2073 2459 2230 2525 dem,
2269 2478 2379 2518 nos
2422 2462 2503 2519 ita
2560 2480 2908 2521 censemus:
2954 2466 3249 2522 incertum
3296 2468 3539 2540 quidem
3572 2485 3724 2538 esse,

2073 2567 2189 2620 quo
2217 2555 2485 2623 tempore
2515 2569 2691 2615 verus,
2716 2554 2946 2625 Suidas,
2982 2556 3099 2612 sive
3129 2557 3359 2628 primus
3390 2558 3583 2614 Lexici
3616 2559 3728 2615 hu-

2064 2639 2166 2710 jus
2197 2646 2405 2697 auctor
2430 2642 2641 2697 vixerit
2658 2660 2671 2710 ;
2688 2644 3090 2715 antiquiorem
3108 2650 3309 2703 tamen
3322 2648 3724 2719 proculdubio

2074 2744 2223 2800 esse,
2245 2747 2424 2801 quam
2453 2731 2625 2804 vulgo
2644 2732 2956 2803 credatur;
2990 2751 3124 2790 cum
3154 2752 3509 2807 persuasum
3547 2737 3724 2793 nobis

2074 2817 2151 2872 sit
2179 2818 2437 2890 plurima
2456 2819 2605 2888 loca,
2631 2838 2763 2891 quas
2785 2824 3181 2879 recentiorem
3202 2829 3438 2881 aetatem
3463 2826 3722 2897 sapiunt,

2073 2905 2146 2960 ab
2175 2906 2309 2962 aliis
2335 2914 2541 2979 postea
2573 2909 2780 2964 Lexico
2831 2910 2970 2966 huic
2999 2911 3203 2968 addita
3233 2930 3382 2969 esse.
3418 2914 3583 2970 Patet
3611 2914 3724 2971 hoc

2072 2996 2165 3051 vel
2195 3012 2267 3051 ex
2304 3014 2417 3053 ms.
2452 2998 2633 3054 Paris.
2668 3002 2733 3055 A.
2769 3000 2872 3071 qui
2906 3001 3086 3056 trium
3117 3002 3384 3058 codicem
3414 3020 3556 3060 mss.
3591 3005 3725 3061 Sui-

2076 3084 2185 3155 dsc,
2219 3087 2319 3157 qui
2359 3087 2422 3142 in
2449 3087 2809 3144 bibliotheca
2836 3090 2998 3163 regia
3028 3091 3291 3147 Pariensi
3323 3099 3724 3163 asservantur,

2077 3176 2337 3247 optimus
2364 3181 2455 3231 est
2506 3182 2565 3231 et
2594 3178 3051 3235 vetustissimus.
3086 3181 3153 3236 In
3202 3198 3272 3237 eo
3328 3180 3487 3238 enim
3537 3181 3729 3240 multa

2003 3293 2038 3344 η
2076 3263 2227 3333 loca,
2252 3282 2383 3337 qua)
2406 3266 2466 3322 in
2488 3267 2925 3334 recentioribus
2942 3285 3108 3337 mss.,
3134 3270 3535 3344 omnibusque
3557 3272 3724 3330 editt.

2077 3355 2383 3411 hodiernis
2419 3356 2820 3427 reperiuntur,
2851 3357 2942 3413 vel
2973 3360 3218 3415 omnino
3249 3359 3486 3429 desunt,
3515 3362 3605 3418 vel
3635 3378 3728 3418 re-

2075 3444 2655 3500 centioreinterdum
2675 3462 2859 3502 manu
2881 3446 2954 3502 ad
2977 3449 3308 3520 marginem
3333 3450 3552 3522 scripta
3564 3456 3724 3506 sunt:

2072 3534 2251 3589 veluti
2280 3551 2486 3589 versus
2542 3535 2886 3605 Onicrotici,
2918 3537 3017 3607 qui
3051 3553 3122 3592 ex
3153 3540 3610 3610 Astrampsycho
3637 3539 3729 3596 vel

2075 3623 2403 3695 Nicephora
2436 3624 2495 3678 in
2529 3624 2782 3680 Lexicon
2832 3626 2943 3681 hoc
3001 3627 3297 3693 translati,
3333 3636 3473 3683 sunt
3503 3648 3516 3697 ;
3552 3629 3729 3686 item-

2075 3728 2189 3783 que
2247 3712 2381 3768 loca
2436 3730 2506 3768 ex
2558 3714 2740 3770 Paulo
2798 3716 3065 3787 IEgineta
3121 3723 3417 3789 excerpta,
3470 3724 3529 3774 et
3583 3718 3725 3789 alia,

2076 3855 2178 3927 qui
2210 3856 2269 3909 in
2300 3855 2573 3911 bibliolh.
2610 3857 2781 3925 Regis
2811 3858 3304 3915 Cbristianissimi
3364 3864 3556 3916 exstat
3584 3859 3720 3916 cod.

2078 3928 2235 4003 1837,
2268 3927 2367 4003 fol.
2406 3929 2509 4003 184
2540 3929 2649 4003 hoc
2683 3926 2852 3984 titulo
2876 3946 2887 3982 :
2908 3927 3132 4003 Ψέλλςιυ
3155 3929 3376 4003 σύνοψις
3400 3927 3488 3985 διὰ
3518 3930 3723 4003 στίχων

2074 3998 2170 4078 καὶ.
2196 3995 2497 4078 ποᾈιτικῷν
2514 3998 2650 4078 Anapi
2696 4004 2882 4054 πασῶν
2907 4003 3019 4078 τῷγ
3075 3995 3417 4078 ἐπιισῖημῶν,
3458 3995 3725 4078 γενριλένη

2075 4070 2213 4144 πρὸς
2240 4069 2333 4123 τὸν
2384 4064 2763 4126 εὐσεϐἔότατον
2826 4069 3060 4144 βασιλάα
3108 4064 3292 4162 χύρίόῦ
3351 4064 3725 4149 nixis-(3X16;

2078 4139 2830 4218 nodxav__é_x_1rpoc'r_aiyparuq_
2874 4141 2971 4198 τοῦ
3027 4163 3230 4218 nemo;
3264 4143 3428 4199 αὐτοῦ
3457 4145 3547 4199 καὶ
3583 4145 3731 4218 βασι-

2078 4209 2238 4273 λέως.
2273 4209 2523 4289 Michael
2549 4209 2760 4289 Ducas,
2793 4209 3167 4289 Constantini
3197 4217 3372 4272 Ducas
3420 4219 3506 4284 F.,
3539 4209 3729 4289 impe-

2076 4292 2240 4342 rator
2270 4285 2384 4341 fuit
2411 4285 2484 4341 ab
2517 4298 2584 4339 A.
2612 4288 2742 4341 1071
2779 4286 2853 4341 ad
2892 4287 3047 4341 1078.

2150 4359 2262 4429 (12)
2284 4357 2576 4421 Quoniam
2608 4358 2893 4412 Kﬁsterus
2920 4357 3182 4429 primum
3214 4358 3626 4429 tantummodo
3649 4359 3735 4414 lo-

2079 4428 2213 4486 cum
2247 4445 2368 4500 non
2424 4429 2893 4500 agnosciagmss.
2932 4428 3388 4500 'Parisiensibus
3435 4429 3729 4500 observat,

2078 4500 2218 4556 hinc
2240 4498 2671 4571 videtur—tacite
2703 4498 2883 4571 simul
2910 4499 3232 4571 professus,
3264 4506 3480 4556 caetera
3508 4501 3641 4557 loca
3661 4498 3733 4558 ex

2079 4571 2272 4627 Psello
2303 4570 2632 4627 adductain
2656 4570 3102 4643 codicibusillis
3124 4572 3441 4639 contineri,
3477 4589 3733 4643 quorum

2081 4658 2268 4715 unum
2299 4657 2593 4697 annorum
2627 4642 3332 4715 saltemrquingentorum
3379 4642 3735 4702 vetustatem

2080 4714 2298 4787 habere
2330 4715 2486 4769 infra
2508 4716 2536 4782 §
2564 4716 2626 4787 16
2649 4731 2769 4769 non
2801 4714 3130 4769 diftlitetur.
3154 4716 3358 4787 Itaque
3379 4733 3578 4773 veram
3593 4724 3734 4787 puto

2082 4786 2322 4861 illorum
2356 4786 2741 4861 sententiam,
2778 4787 2891 4861 qui
2938 4791 3225 4861 statuant,
3254 4786 3322 4843 ex
3359 4789 3551 4861 _Pselli
3582 4786 3736 4845 libro

2089 4857 2330 4912 Suidam
2359 4858 2556 4929 ipsum
2572 4856 2845 4928 quaedam
2879 4857 2939 4912 in
2972 4859 3225 4914 Lexicon
3274 4856 3449 4916 suum
3476 4866 3735 4918 transtu-

2089 4929 2251 4995 lisse,
2275 4934 2334 4983 et
2356 4928 2463 4984 sub
2487 4929 2729 4984 Alexion
2751 4930 3075 4995 Comneno,
3099 4936 3166 4986 ut
3187 4931 3373 4987 visum
3397 4933 3579 4988 etiam
3605 4934 3741 4988 Vos-

2090 5001 2202 5061 sio.
2232 5001 2392 5056 circa
2422 5000 2623 5056 saeculi
2646 5018 2701 5055 xi
2757 5008 3087 5057 extremum
3141 5002 3435 5059 floruisse.
3470 5004 3641 5058 FARR.
3671 5034 3739 5045 —-

2090 5072 2452 5147 Hamberger
2476 5073 2575 5127 in:
2610 5072 2823 5147 Zuuerl.
2880 5074 3081 5147 Nachr.
3129 5076 3222 5128 ιν.
3281 5092 3411 5147 pag.
3449 5077 3571 5136 185,
3604 5090 3741 5130 cum

2091 5143 2321 5219 Qudino
2344 5143 2654 5219 Cpmment_._
2675 5145 2742 5199 de
2759 5145 2974 5219 S_S._E.,
3001 5151 3145 5203 tom.
3168 5147 3240 5213 Il,
3265 5143 3395 5219 pag.
3413 5146 3588 5219 _1454,
3610 5161 3708 5219 me
3724 5174 3741 5186 -

2093 5215 2189 5271 dio
2223 5215 2440 5271 saeculo
2463 5233 2539 5270 xu
2557 5215 2763 5288 alligat
2782 5215 2977 5288 Suidas
2993 5222 3247 5280 (etatem,
3265 5215 3433 5288 quod
3453 5215 3744 5272 citetloca

2092 5287 2548 5359 quaedamMich.
2568 5287 2742 5343 Pselli
2758 5305 2827 5344 ac
2844 5287 3138 5343 Simeonis
3151 5287 3558 5359 Metaphrastis
3574 5304 3588 5353 ;
3604 5303 3743 5343 con-

2095 5358 2184 5415 tra
2213 5358 2285 5414 ab
2320 5360 2626 5414 Eustathio
2648 5359 3162 5415 Thessalonicensi
3194 5358 3491 5427 laudetur,
3533 5359 3742 5415 Saxius

2093 5436 2292 5486 tamen
2322 5431 2445 5501 (qui
2495 5431 2697 5502 plures
2754 5430 2958 5486 laudat
3005 5432 3112 5484 VV.
3167 5431 3309 5497 DD.)
3340 5431 3402 5486 in
3434 5431 3739 5502 Onomast.

2094 5503 2180 5584 lit.
2193 5504 2299 5584 "ll,
2316 5500 2468 5584 pag;
2485 5500 2607 5570 154,
2630 5574 2642 5584 .
2668 5502 2989 5584 subscribit
3005 5502 3359 5584 Agententirp.
3420 5502 3605 5584 Pagii,
3640 5500 3744 5572 qui

2095 5574 2157 5629 in
2187 5573 2766 5630 Critica‘Baroniana
2784 5573 2860 5629 ad
2880 5590 2979 5629 an.
3003 5574 3126 5638 975,
3152 5590 3213 5629 n.
3238 5574 3382 5644 XIX,
3412 5573 3569 5629 cHoc
3590 5578 3744 5628 tem-

2094 5668 2121 5696 «
2143 5660 2306 5717 pore,
2336 5647 2538 5714 inquit,
2560 5646 2834 5701 ﬂoruisse
2854 5644 3088 5699 videtur
3106 5644 3318 5702 Suidas
3336 5676 3404 5686 -
3422 5662 3561 5701 voce
3584 5644 3748 5699 enim

2095 5741 2123 5768 ι(
2143 5712 2336 5789 ’Ἀδὰμ
2366 5712 2629 5773 diversas
2658 5733 2954 5789 annorum
2985 5733 3251 5789 summas
3272 5718 3561 5789 colligens
3581 5733 3746 5772 com-

2096 5788 2513 5861 «putationem
2540 5805 2708 5844 suam
2726 5788 3063 5861 iterminant
3092 5788 3155 5843 in
3186 5789 3350 5845 obitu
3375 5788 3618 5861 Joannis
3650 5789 3749 5843 Zi-

2097 5884 2125 5913 ‹‹
2146 5860 2378 5930 miscis,
2412 5861 2709 5933 imperat,
2724 5860 2837 5917 hoc
2852 5875 3011 5916 anno
3033 5867 3223 5918 morte
3255 5861 3493 5935 sublati.
3522 5883 3550 5913 »
3572 5860 3748 5917 ΒΑΜ..
