4110 6414
427 383 578 447 1211

1712 388 2020 450 SUIDAS.
2068 421 2145 431 —
2188 388 2531 449 NOTITIA.

3664 375 3814 466 121s

424 543 453 571 «
481 522 975 594 Hesychio,quem
998 523 1456 595 compilabant,»
1478 523 1570 580 vel
1590 524 1724 581 aliis
1745 524 2071 597 glossariis,
2103 521 2158 589 Α
2188 523 2568 596 dilucideque
2595 526 2876 597 patefecit
2894 527 2969 583 cl.
2994 528 3295 598 Mullerus,
3315 534 3505 590 rector
3519 534 3809 609 Citzensis,

425 627 585 665 nunc
616 611 789 666 nobis
819 611 1054 683 ignotis,
1089 611 1327 683 debere,
1360 613 1451 669 vel
1506 615 1746 686 proprio
1780 614 1976 669 studio
2008 630 2081 669 ex

423 705 684 754 veterum
718 701 1075 771 scriptorum
1134 704 1582 759 commentariis
1615 709 1672 759 et
1702 703 1945 759 scholiis
1977 719 2075 757 ex-

424 790 753 860 cerpsisse;
788 790 861 845 de
890 790 1103 863 glossis
1138 792 1320 848 sacris
1368 793 1757 864 Hesychianis
1802 792 1946 864 quid
1976 792 2078 847 alii

422 879 528 933 viri
561 878 718 934 docti
744 879 1037 952 judicent,
1054 881 1183 954 jam
1206 881 1460 938 vidimus
1482 883 1545 937 in
1568 882 1758 954 capite
1790 883 1863 938 de
1896 883 2079 953 Hesy-

423 970 556 1025 chio
582 987 595 1038 ;
630 969 870 1025 Suidam
903 976 1102 1027 autem
1133 990 1201 1028 ex
1224 973 1357 1028 aliis
1378 973 1757 1045 potissimum
1788 973 2075 1041 fontibus,

419 1059 597 1114 hodie
627 1059 949 1116 maximam
1009 1067 1240 1133 partem
1295 1062 1456 1118 haud
1514 1063 1750 1136 ignotis,
1784 1063 2074 1133 hausisse,

422 1148 629 1205 itidem
661 1150 723 1203 in
753 1150 865 1204 hoc
897 1149 1087 1222 capite
1117 1151 1551 1207 adnotavimus.
1579 1184 1647 1193 —
1670 1151 1790 1208 Cel.
1824 1152 2076 1208 Schulzii

422 1240 725 1312 specimen
754 1240 1080 1297 Observatt.
1110 1242 1360 1297 miscell.
1385 1243 1447 1297 in
1474 1242 1717 1299 Suidam
1740 1244 1867 1314 jam
1898 1260 2079 1315 supra

419 1331 812 1387 laudavimus.
846 1332 948 1387 Vir
1002 1338 1201 1388 autem
1258 1332 1414 1388 doct.
1470 1335 1850 1406 persequitur
1890 1334 2080 1390 multa

420 1421 613 1477 Suidas
638 1421 770 1476 loca
825 1422 897 1476 ab
956 1420 1157 1483 Ἀατος
1209 1439 1399 1494 usque
1456 1423 1531 1479 ad
1590 1423 1846 1499 ’Eepaoa,
1889 1439 2076 1495 eaque

419 1510 596 1566 modo
626 1510 755 1566 face
794 1509 1000 1566 critica
1052 1511 1331 1579 illustrat,
1391 1512 1567 1567 modo
1623 1513 1819 1568 fontes
1863 1513 2075 1585 aperit,

416 1598 578 1655 unde
609 1599 875 1654 hauserit
896 1599 1309 1665 Suidas,modo
1341 1617 1435 1656 res
1458 1600 1751 1673 verbaque
1781 1617 2076 1674 gramma~

417 1690 673 1744 ticorum
702 1705 866 1743 more
906 1689 1179 1761 explicat.
1244 1721 1307 1731 —
1365 1691 1582 1745 Locum
1641 1690 1835 1745 Suidas
1872 1692 2074 1765 Πτερο-

419 1777 647 1856 φοίτωρ,
682 1785 792 1834 etc.
826 1779 1143 1835 emendare
1175 1780 1564 1835 instituerunt
1587 1781 1851 1836 Brucker
1881 1785 1940 1836 et
1966 1781 2073 1836 Fa-

420 1868 642 1924 bricius
670 1868 730 1923 in
778 1869 1000 1923 mutuis
1047 1868 1336 1940 epistolis,
1372 1869 1656 1941 subjectis
1686 1869 1965 1936 Reimari,
2002 1871 2077 1925 De
2108 1884 2156 1950 Β

417 1962 660 2014 viti-.etc.
686 1956 931 2013 Fabricii
949 1962 1611 2031 commentario,pag.225
1631 1975 1719 2030 sq.
1762 1991 1812 1999 -
1833 1958 2075 2014 Suidam

417 2048 733 2120 aliquoties
757 2047 1318 2120 emendavitTaylor
1339 2049 1398 2102 in
1414 2048 1775 2103 lectionibus
1794 2049 2074 2121 Lysiacis,

415 2139 581 2212 praaf.
614 2139 778 2193 illius
811 2138 1058 2193 editioni
1091 2138 1560 2209 Lysias,[.ondini
1591 2138 1750 2201 1739,
1773 2140 1826 2207 4,
1853 2155 1984 2209 cap.
2017 2139 2070 2193 3.

416 2231 565 2285 Num
627 2233 826 2283 autem
877 2228 962 2283 J0.
1020 2226 1253 2297 Taylori
1331 2227 1629 2298 appendix
1682 2231 1956 2282 notarum
2017 2228 2080 2282 in

418 2317 611 2373 Suidas
644 2317 895 2372 Lexicon
926 2318 999 2384 (v.
1034 2317 1445 2388 Bruggemann
1482 2317 1632 2371 View
1655 2317 1824 2385 ofthe
1848 2316 2081 2385 English

417 2409 692 2471 Editions,
726 2411 861 2471 etc.,
894 2423 1023 2479 pag.
1077 2408 1222 2476 448),
1283 2406 1480 2461 lucem
1537 2406 1768 2472 viderit,
1803 2407 2079 2478 equidem

418 2501 643 2555 nescio.
678 2498 967 2553 Villoison
998 2499 1061 2553 in
1092 2500 1299 2555 Anerd.
1335 2499 1429 2555 Gr.
1461 2499 1537 2564 Il,
1568 2516 1698 2571 pag.
1734 2500 1823 2569 31,
1857 2516 1916 2554 n.
1955 2504 2082 2568 1,et

419 2606 551 2663 pag.
592 2591 714 2650 163.
737 2593 884 2655 not.,
911 2587 1027 2643 duo
1052 2588 1244 2643 Suidas
1266 2588 1397 2643 loca
1421 2588 1684 2645 illustrat
1705 2589 2076 2645 emendatve.

421 2679 530 2735 Sed
564 2679 868 2733 infinitum
899 2678 1068 2741 foret,
1094 2679 1297 2733 omnia
1327 2695 1649 2751 congerere
1681 2682 1735 2733 et
1768 2678 2076 2746 adnotare,

419 2788 550 2841 quas
580 2769 1012 2835 Hemsterhus.,
1061 2769 1510 2837 Valckenarius,
1553 2770 1883 2840 Markland,
1916 2771 2080 2825 Pier-

419 2877 549 2926 son,
582 2861 766 2928 Koen,
800 2860 1158 2931 interpretes
1210 2859 1282 2914 ad
1334 2861 1620 2916 Thomam
1678 2862 1822 2931 Mag.
1856 2859 2079 2931 aliique

416 2950 588 3006 multi
622 2949 727 3005 viri
759 2951 957 3005 Greece
989 2949 1147 3006 docti
1175 2950 1397 3021 passim
1427 2951 1488 3005 in
1512 2951 1672 3005 notis
1704 2951 1777 3006 ad
1808 2955 2081 3006 auctores

416 3042 699 3098 classicos
763 3046 865 3096 aut
910 3041 1052 3096 alibi
1102 3041 1164 3095 in
1221 3040 1391 3096 libris
1441 3041 1647 3111 Obss.,
1695 3040 2080 3097 Emendatio-

418 3148 583 3200 num,
618 3136 755 3197 etc.,
789 3129 862 3186 ad
895 3130 1134 3186 Suidam
1169 3129 1591 3186 illustrandum
1631 3130 2080 3201 corrigendum-

418 3238 532 3292 que
562 3221 722 3276 varia
777 3220 1009 3275 ratione
1067 3224 1126 3274 et
1178 3219 1419 3275 fortuna
1447 3220 1848 3276 contulerunt.
1883 3222 2078 3275 Pauca
2106 3251 2152 3321 α

417 3314 649 3366 tantum
713 3308 976 3363 indicare
1029 3307 1177 3362 libet
1226 3325 1426 3379 opera,
1486 3309 1548 3363 in
1605 3308 1843 3379 quibus,
1877 3307 2079 3363 dedita

416 3416 597 3471 opera
629 3402 687 3453 et
715 3398 951 3470 copiose
1010 3402 1407 3469 pertractatur
1462 3397 1654 3452 Suidas
1704 3396 1977 3452 Lexicon.
2009 3427 2079 3439 --

417 3489 650 3544 Ernesti
673 3487 883 3559 junior
910 3488 972 3542 in
1003 3488 1228 3543 Comm.
1266 3485 1338 3541 de
1372 3485 1641 3559 Procopii
1672 3487 1885 3542 Caesar.
1914 3502 2080 3542 com-

416 3577 748 3643 mentariis,
784 3581 920 3644 etc.,
951 3592 1083 3648 pag.
1116 3577 1171 3641 4,
1193 3579 1448 3642 notarat,
1474 3575 1774 3632 Olearium
1806 3575 2079 3647 exemplo

419 3685 525 3723 suo
553 3667 773 3723 multas
835 3665 994 3721 obss.
1056 3664 1261 3720 doctas
1316 3665 1686 3736 ascripsisse.
1730 3667 1942 3721 Postea
1973 3665 2077 3720 viri

420 3757 584 3812 illius
614 3754 1033 3811 humanissimi
1056 3771 1198 3810 cura
1223 3755 1281 3808 in
1306 3753 1501 3810 lucem
1533 3754 1653 3809 illze
1676 3754 2029 3827 prodierunt
2050 3770 2081 3810 e

420 3846 684 3902 tenebris
715 3845 776 3899 in
809 3844 961 3899 libro
994 3843 1279 3916 inscripto
1313 3862 1324 3898 :
1355 3847 1439 3899 Io.
1476 3843 1867 3915 Aug.Ernesti
1887 3845 2083 3900 Obser-

422 3942 563 3990 vatt.
618 3933 1207 4004 philologica-criticaz
1265 3935 1323 3988 in
1386 3934 1769 4004 Aristophanis
1800 3932 2001 3998 Nubes
2032 3938 2083 3988 et

423 4025 605 4079 Flavii
631 4022 857 4094 Josephi
884 4022 1126 4093 Antiqq.
1158 4022 1287 4077 Jud.
1322 4025 1734 4079 Accesserunt.
1767 4021 2082 4077 Godofredi

425 4113 639 4171 Olearii
669 4118 819 4169 nota?
848 4112 922 4167 ad
950 4110 1420 4183 Suidamlipsiaa
1454 4114 1612 4176 1795,
1642 4111 1839 4165 Mai.8.
1879 4110 2087 4164 Enim—

421 4220 559 4259 vero
589 4206 745 4257 notze
775 4201 849 4256 ad
881 4200 1141 4267 Suidam,
1172 4218 1303 4273 quae
1344 4200 1644 4256 immerito
1676 4199 2087 4254 attribuuntur

424 4292 679 4357 Oleario,
712 4297 771 4347 et
799 4291 1175 4362 potissimum
1209 4294 1484 4362 spectant
1529 4288 1603 4344 ad
1653 4305 1750 4344 res
1780 4289 2087 4344 homines-

424 4398 559 4454 que,
595 4381 666 4435 de
698 4380 914 4451 quibus
945 4396 1140 4436 sermo
1164 4383 1255 4434 est
1275 4377 1430 4448 apud
1457 4377 1718 4441 Suidam,
1741 4378 2086 4434 Reinesium

422 4472 621 4544 potius
650 4469 874 4525 habent
919 4473 1252 4542 parentem.
1287 4497 1355 4507 -—
1386 4467 1489 4523 Hic
1521 4467 1681 4522 enim
1714 4468 1804 4522 vir
1840 4467 2084 4524 doctiss.

424 4565 483 4615 et
527 4559 956 4614 solertissimus
1013 4555 1229 4621 Suidas,
1289 4556 1362 4612 ab
1421 4556 1654 4612 zEmilio
1689 4559 1865 4612 Porto
1918 4557 2083 4626 editi,

2191 614 2254 669 in
2283 616 2484 685 Progr.
2540 614 2610 670 de
2662 615 2863 685 Suida,
2914 617 3423 676 observationibus
3452 625 3702 679 Reinesii
3731 644 3820 681 or-

2191 708 2351 770 nato,
2381 703 2550 757 Citzzn
2608 708 2668 758 et
2724 705 2933 776 Lipsia)
2989 708 3147 775 1796,
3179 710 3231 763 8.
3268 708 3428 764 Idem
3470 710 3679 775 docuit,
3704 714 3822 784 jam

2190 792 2508 847 Kusterum
2538 787 2715 847 tacite
2747 809 3068 865 usurpasse
3116 794 3427 851 observatt.
3462 798 3593 854 illas
3624 801 3821 856 Reine-

2191 895 2411 935 Sianas.
3195 925 3207 931 -

2261 970 2327 1023 In
2361 968 2571 1040 primis
2614 971 2892 1026 notandaa
2925 977 3066 1027 sunt
3092 974 3177 1028 Jo.
3212 973 3414 1045 Toupii
3446 976 3826 1034 emendutiones

2189 1061 2248 1113 in
2273 1058 2525 1129 Suidam,
2557 1059 2619 1114 in
2651 1059 2867 1131 quibus
2925 1061 3185 1134 plurima
3234 1062 3364 1118 loca
3393 1068 3525 1118 vett.
3564 1066 3735 1121 Graec.
3766 1099 3825 1108 —

2189 1155 2313 1205 tum
2347 1148 2737 1221 explicantur,
2774 1156 2898 1206 tum
2930 1153 3331 1209 emandantur
3354 1197 3367 1220 ,
3403 1155 3646 1209 Londini
3679 1158 3823 1211 1760-

2192 1243 2349 1309 1767,
2384 1246 2526 1296 tom.
2561 1241 2661 1309 IIl,
2694 1244 2745 1297 8.
2780 1274 2849 1283 —
2889 1243 3174 1315 Ejusdem
3238 1247 3478 1316 Epistola
3534 1247 3721 1301 critica
3762 1247 3826 1302 ad

2191 1331 2544 1388 Galielmum
2606 1333 2786 1405 episc.
2843 1334 3127 1392 Glocestr.
3193 1336 3442 1391 Londini
3502 1339 3656 1403 1767,
3692 1339 3827 1391 8.-

2188 1419 2469 1492 Ejusdem
2497 1435 2642 1477 curae
2672 1424 2975 1479 novissimae
3030 1442 3075 1479 s.
3129 1424 3524 1496 appendicula
3576 1430 3827 1481 notarum

2191 1513 2250 1565 et
2277 1509 2769 1566 emendationum
2830 1512 2892 1566 in
2951 1512 3216 1582 Suidam,
3258 1520 3394 1578 etc.,
3427 1513 3569 1570 ibid.
3603 1515 3753 1581 1775,
3781 1515 3830 1568 8.

2189 1599 2327 1664 Quae
2361 1599 2563 1655 omnia
2593 1600 2853 1671 primum
2880 1618 3091 1657 recusa
3113 1608 3253 1657 sunt
3282 1602 3462 1674 hujus
3495 1602 3788 1657 sententias
3815 1620 3826 1656 :

2190 1689 2278 1743 Jo.
2317 1689 2489 1759 Toup.
2546 1690 2809 1759 opuscula
2866 1693 3080 1753 critica,
3144 1692 3353 1763 Lipsiae
3413 1692 3551 1746 1780
3600 1691 3826 1757 et1781,

2189 1779 2469 1844 tom.ll,8.
2485 1809 2552 1818 —
2574 1778 2799 1834 Deinde
2817 1796 2950 1835 cum
2970 1780 3189 1853 insigni
3207 1781 3548 1837 accessione
3567 1795 3827 1835 novarum

2187 1864 2250 1919 in
2274 1863 2516 1919 Suidam
2538 1866 3121 1923 animadversionum
3147 1873 3327 1940 atque
3362 1867 3829 1923 emendationum

2186 1952 2250 2006 in
2284 1952 2640 2022 Hesychium
2674 1952 3042 2019 uberiorum,
3104 1960 3163 2009 et
3219 1956 3280 2010 in
3341 1955 3639 2010 Pollucem
3671 1959 3829 2023 atque

2190 2042 2715 2113 Harpocrationem
2743 2044 3183 2114 pauciorum,et
3206 2044 3533 2116 appendice
3553 2040 3831 2116 Tyrwhitti

2190 2130 2464 2202 aliusque
2486 2132 2910 2187 V.D.notarum
2943 2133 3003 2187 in
3035 2134 3242 2204 Toupii
3270 2133 3594 2189 emendatt.
3620 2132 3678 2186 in
3704 2131 3831 2185 Sui-

2193 2216 2636 2287 dam,defuncto
2653 2222 3137 2288 auctore,iterum
3161 2222 3222 2277 in
3246 2223 3458 2296 Anglia
3479 2237 3617 2277 cura
3638 2226 3833 2275 etcum

2191 2307 2538 2380 praafatione
2570 2310 2774 2366 Thom.
2800 2311 3115 2383 Burghess.
3141 2312 3282 2367 edit.
3306 2318 3448 2368 sunt
3477 2327 3611 2367 eum
3642 2308 3831 2365 inscri-

2191 2398 2424 2471 ptione:
2452 2399 2868 2455 Emendationes
2888 2402 2946 2454 in
2968 2401 3198 2456 Suidam
3220 2408 3270 2457 et
3288 2400 3619 2471 Hesychium
3642 2406 3689 2453 et
3710 2397 3834 2452 alios

2195 2488 2609 2558 texieographos
2657 2489 2888 2546 Graecos.
2944 2490 3190 2562 Scripsit
3223 2492 3309 2546 Jo.
3344 2492 3527 2561 Toup.
3588 2487 3831 2544 ecclesia:

2191 2577 2423 2634 cathed.
2457 2579 2641 2634 Exon.
2664 2578 3113 2650 prasbendarius
3146 2584 3206 2636 et
3236 2581 3513 2635 ecclesias
3536 2580 3595 2639 S.
3620 2576 3829 2633 Martini

2193 2684 2327 2724 cum
2358 2667 2587 2739 capella
2617 2669 2688 2723 de
2720 2669 2834 2724 Loo
2886 2670 2947 2724 in
3008 2686 3147 2741 agro
3209 2670 3609 2726 Cornubiensi
3643 2660 3845 2723 rector.~

2192 2757 2400 2813 Oxonii
2434 2772 2464 2812 e
2497 2758 2898 2831 typographeo
2944 2759 3303 2815 Clarendon.
3401 2763 3524 2827 790,
3558 2760 3611 2823 8,
3642 2759 3709 2811 IV
3736 2754 3834 2809 vol.

2190 2847 2372 2918 Toup.
2408 2850 2535 2902 erat
2563 2851 2731 2903 actus
2792 2848 3035 2920 quidem
3091 2849 3353 2916 criticus,
3400 2848 3501 2905 sed
3538 2847 3706 2903 etiam
3737 2846 3839 2900 im-

2190 2935 2532 2992 moderatus
2553 2941 2732 3008 atque
2754 2937 3262 3001 inhumanus,nec
3285 2956 3429 2994 raro
3454 2936 3695 3011 agrestis
3716 2950 3839 3001 erga

2190 3024 2359 3079 alios.
2378 3026 2525 3078 Num
2549 3041 2683 3080 vero
2706 3025 3011 3080 Pearsonii
3034 3029 3095 3080 et
3116 3025 3425 3080 Aerunii
3448 3025 3653 3097 opibus
3674 3020 3839 3076 fuerit

2189 3111 2515 3183 adjutus,et
2537 3112 2847 3173 alieno,uti
2874 3113 3252 3179 aiunt,vitulo
3276 3115 3485 3181 ararit,
3512 3114 3595 3169 uti
3626 3107 3837 3165 Eckard

2190 3202 2282 3257 in:
2306 3222 2337 3251 ‹‹
2371 3201 2715 3256 Uebersicbt
2740 3201 2845 3256 der
2873 3203 3080 3258 Oerter
3103 3233 3167 3243 —
3195 3202 3319 3258 und
3347 3200 3725 3259 Grund-salze
3749 3213 3839 3252 zur

2190 3311 2219 3339 «
2252 3289 2600 3345 Geschichte
2631 3290 2738 3344 der
2791 3290 3234 3357 Bibliotheken,
3270 3313 3297 3340 ››
3329 3309 3467 3365 pag.
3506 3292 3622 3356 115,
3656 3285 3833 3357 suspi-

2186 3383 2353 3434 catus
2393 3378 2515 3433 fere
2548 3384 2655 3447 est,
2698 3380 2978 3449 equidem
3031 3382 3231 3436 nescio
3266 3386 3321 3436 et
3352 3398 3445 3437 νη
3477 3376 3833 3437 crediderim.

2186 3499 2256 3510 —
2285 3468 2636 3540 Ingeniosus
2668 3485 2926 3540 quoque,
2989 3474 3049 3524 at
3105 3486 3256 3541 pene
3289 3470 3578 3527 audacior
3606 3467 3833 3523 criticus

2189 3562 2296 3613 est.

2262 3645 2557 3703 Gilbertus
2574 3646 2899 3703 Wakeﬁeld
2922 3648 2984 3703 in
3008 3672 3035 3699 «
3062 3647 3219 3704 Lilva
3249 3649 3478 3713 critica.
3505 3649 3622 3704 sive
3652 3647 3711 3701 in
3742 3660 3835 3698 au-

2191 3758 2219 3786 ‹‹
2234 3742 2429 3792 ctores
2442 3753 2641 3792 sacros
2658 3738 2794 3808 prof
2793 3754 3061 3809 anosque
3086 3739 3519 3795 commentario
3534 3732 3833 3810 philologi-

2192 3849 2220 3878 ‹‹
2244 3843 2332 3881 co.
2351 3848 2378 3875 ››
2397 3826 3191 3899 Cantabrigim1789-17958,
3209 3830 3253 3881 V
3276 3834 3456 3899 part.,
3482 3829 3579 3899 qui
3606 3842 3709 3898 per
3728 3838 3840 3878 om-

2191 3933 2299 3972 nes
2318 3917 2582 3987 quinque
2605 3921 2803 3987 partes
2825 3917 3059 3972 criticas
3079 3917 3139 3972 in
3166 3917 3409 3972 Suidam
3432 3918 3607 3974 modo
3634 3913 3843 3987 parcio-

2190 4004 2460 4074 re,modo
2482 4004 2825 4060 liberaliore
2852 4022 3031 4061 manu
3046 4007 3265 4078 sparsit
3278 4005 3676 4064 animadversi
3695 4018 3848 4058 ones.

2266 4094 2619 4150 Praeclaram
2652 4094 2971 4165 futuraque
3029 4096 3224 4151 Suidm
3285 4096 3501 4153 editori
3537 4092 3842 4152 admodum

2193 4185 2403 4241 utilem
2436 4199 2676 4254 operam
2710 4185 2991 4255 suscepit,
3016 4185 3270 4256 aliisque
3296 4186 3651 4242 monstravit
3677 4184 3839 4246 viam,

2195 4291 2264 4330 ex
2296 4273 2429 4330 aliis
2462 4272 2706 4328 scholiis
2739 4278 2797 4328 et
2827 4274 3132 4346 glossariis
3160 4275 3285 4346 pari
3312 4276 3548 4331 ratione
3581 4280 3635 4329 et
3668 4268 3843 4327 consi-

2195 4364 2275 4419 lio
2309 4362 2646 4417 illustrandi
2680 4362 3159 4433 emendandique
3193 4364 3405 4431 Suidas,
3443 4366 3518 4421 cl.
3566 4360 3845 4433 Hoepfne-

2194 4470 2319 4518 rus,
2352 4456 2609 4507 conrect.
2646 4452 2947 4522 Gymnasii
3009 4452 3295 4507 lslebens.
3356 4455 3580 4524 optime
3611 4450 3844 4508 meritus

2196 4543 2318 4614 (qui
2351 4541 2477 4612 ipse
2509 4540 2832 4612 aliquando
2851 4556 3061 4596 novam
3094 4540 3499 4597 meditabatur
3522 4540 3847 4610 Lexicogra-

423 4648 769 4719 exemplari.
805 4647 962 4719 quod
992 4646 1162 4703 Citzzn
1192 4644 1255 4700 in
1285 4645 1431 4703 bibl.
1466 4646 1706 4718 publica
1735 4646 1928 4703 adhuc
1959 4663 2082 4703 ser-
2116 4627 2161 4692 Π
2192 4632 2293 4704 Phi
2327 4630 2671 4700 editionem:
2706 4628 2809 4685 Sed
2842 4629 3055 4685 deinde
3088 4630 3407 4686 οοηδίιίῑιπι
3442 4627 3843 4719 ἂδάθοίῖλίξαφ

422 4743 610 4806 vatur,
646 4737 836 4792 multa
863 4735 1243 4806 ascripserat,
1264 4736 1481 4806 quibus
1508 4737 1841 4792 versionem
1875 4753 2080 4791 emen-

420 4828 592 4884 darat
622 4828 909 4893 Latinam,
933 4823 1023 4880 vel
1048 4827 1271 4879 textum
1296 4825 1515 4896 ipsum,
1539 4825 1835 4898 praecipue
1868 4842 2084 4881 secun-

420 4918 563 4973 dum
585 4915 725 4973 edit.
751 4914 1203 4979 Mediolanens.,
1226 4932 1380 4987 saape
1412 4931 1519 4986 per
1547 4916 2086 4986 conjecturam,aut

420 5023 529 5078 per
548 5003 1056 5077 comparationem
1078 5007 1388 5058 auctorum
1413 5020 1443 5059 e
1466 5004 1682 5074 quibus
1704 5003 1915 5059 Suidas
1947 5021 2084 5060 suas

420 5096 620 5151 hausit
644 5095 893 5167 glossas,
917 5091 1227 5163 supplerat
1256 5092 1523 5158 lacunas,
1548 5099 1652 5148 aut
1677 5109 1873 5148 veram
1906 5095 2081 5150 resti-

420 5189 615 5241 tuerat
644 5183 988 5249 lectionem,
1021 5180 1237 5252 szepius
1268 5181 1514 5236 nomina
1543 5181 1909 5253 explicuerat
1937 5200 2082 5254 pro-

422 5274 553 5349 pria
583 5285 911 5340 eorumque
941 5269 1060 5323 vim
1119 5273 1173 5322 et
1231 5272 1589 5339 potestatem
1619 5273 1721 5323 aut
1750 5269 2081 5339 historiam,

420 5368 523 5418 aut
544 5360 710 5417 novis
732 5358 1144 5432 locupletarat.
1176 5359 1289 5413 Has
1318 5357 1705 5413 Reinesianas
1730 5357 2087 5417 observatio-

422 5469 529 5507 nes
546 5453 608 5507 in
629 5467 800 5506 suum
821 5449 1089 5505 Olearius
1107 5448 1498 5504 transtulerat
1514 5447 1818 5521 exemplar
1834 5466 1846 5504 :
1865 5451 2085 5507 multas

422 5545 624 5596 tamen
683 5544 887 5595 acutas
945 5538 1205 5593 Reinesii
1267 5537 1723 5593 emendationes
1763 5538 2087 5611 doctasque

427 5630 826 5703 expositiones
859 5628 1139 5701 neglexit,
1200 5633 1409 5683 contra
1468 5629 1741 5700 proprias
1775 5630 2086 5701 quasdam,

427 5733 645 5790 easque
701 5717 1005 5775 interdum
1064 5717 1318 5774 leviores
1353 5717 1611 5785 adlevit;
1667 5717 1749 5789 id,
1782 5719 1939 5789 quod
1970 5719 2088 5776 late

2191 4720 2407 4778 edidit:
2431 4744 2457 4771 (ι
2475 4720 2815 4776 Glossarum
2833 4719 3025 4774 Suidas
3041 4737 3071 4775 e
3088 4720 3375 4791 Sophocle
3394 4722 3443 4793 ej
3454 4736 3645 4792 usque
3668 4712 3842 4774 schol.

2193 4811 2729 4883 «depromptarum
2782 4811 3085 4882 specimen
3144 4812 3166 4864 1
3223 4813 3563 4868 accuratius
3595 4806 3842 4879 collegit.

2193 4923 2222 4952 «
2242 4899 3491 4971 emendavit,illustravitI.G.C.Hoepfnerin
3511 4902 3733 4955 :Neuen
3747 4895 3848 4950 Ma-

2200 5011 2221 5039 ι
2246 4990 2409 5064 gazin
2428 4990 2523 5044 fﬁr
2543 4988 2942 5054 Schullehrer,
2962 4988 3448 5062 herausgegeben
3465 5006 3577 5044 von
3602 4986 3849 5043 G.A.Ru—

2197 5105 2225 5133 «
2250 5082 2401 5155 perti
2423 5079 2547 5136 und
2569 5081 2632 5135 Η.
2662 5079 3151 5148 Schilchthorst,»
3178 5076 3841 5152 tom.l,part.1,pag.250,

2194 5176 2319 5229 264.
2351 5204 2421 5213 ——
2449 5173 2735 5242 Specimen
2766 5174 2825 5226 II
2850 5171 2991 5226 ibid.
3026 5176 3180 5243 part.
3211 5189 3277 5237 ιι,
3311 5189 3444 5245 pag.
3479 5170 3734 5226 452474.
3782 5190 3844 5205 -—-

2196 5262 2484 5334 Specimen
2510 5262 2597 5317 II!
2622 5260 2682 5314 in
2739 5259 3087 5316 eorumdem
3144 5260 3441 5316 editorum
3476 5260 3731 5328 Magazin
3760 5256 3847 5323 fur

2194 5351 2545 5421 Philologen,
2577 5353 2718 5404 tom.
2751 5350 2797 5415 Ι,
2848 5366 2977 5422 pag.
3039 5351 3297 5404 146-154.
3333 5380 3397 5390 —
3430 5351 3511 5404 Ex
3542 5347 3636 5402 his
3664 5340 3846 5401 mani.

2194 5442 2412 5498 festum
2446 5440 2531 5507 ﬁt,
2566 5446 2824 5510 quantus
2856 5445 3055 5511 pateat
3083 5456 3330 5511 campus
3362 5440 3413 5495 ei
3449 5439 3549 5512 qui
3584 5436 3643 5490 in
3677 5429 3848 5489 Suida

2194 5532 2567 5588 restituendo
2597 5532 2750 5587 vires
2779 5531 3003 5603 ingenii
3067 5536 3244 5601 atque
3301 5528 3653 5587 eruditionis
3686 5536 3843 5579 exer-

2198 5638 2330 5678 cere
2360 5621 2520 5675 velit.
2560 5621 2733 5676 HARL.
2795 5621 2986 5693 [Post
3043 5620 3331 5693 Ludolphi
3389 5618 3623 5676 Kusteri
3686 5610 3846 5667 ditio-

2199 5734 2338 5776 nem
2394 5734 2552 5776 anno
2632 5720 2790 5785 1705,
2863 5715 3252 5791 Cantabrigiae
3322 5716 3543 5782 datam,
3604 5708 3847 5767 Lexicon
