4110 6436
364 436 527 497 1217

1695 429 1794 489 DE
1835 423 2128 496 QUIBUS
2170 423 2482 487 SUIDAS.

3638 431 3797 493 1318

436 568 778 626 Acamatius
811 563 1302 637 Heliopolitanus,
1335 561 1676 634 philosophi
1730 562 2019 617 aﬂ‘ectans
2054 574 2103 637 Α
2205 556 2459 629 Εάοείο,
2509 557 2925 629 Alexandrina,
2988 560 3240 616 Hermia
3305 577 3475 630 uxor,
3537 569 3798 636 cognata

368 675 616 723 nomen,
651 672 786 712 cum
814 654 980 709 rudis
1013 659 1172 709 esset
1199 658 1259 708 et
1287 652 1623 723 imperitus.

2143 647 2399 719 Syriani,
2430 646 2608 715 ﬁlios,
2632 648 3016 704 Ammonium
3039 649 3586 721 etHeliodorum,in
3607 654 3801 726 philo-

442 749 719 812 Achzeus,
752 746 1181 816 Syracusanus,
1219 742 1493 814 tragicus,
1529 741 1769 813 scripsit
1824 747 2032 808 tragce-
2138 735 2349 809 sophia
2378 735 2737 792 erudiendos
2764 738 2988 793 curavit
3018 755 3053 794 a
3082 740 3312 796 Proclo.

364 840 492 895 dias
522 838 725 893 decem.

445 928 714 993 Achaeus,
736 923 1057 997 Pythodori
1084 940 1187 979 seu
1208 921 1624 997 Pythodoridis
1646 922 1705 976 F.
1732 919 2027 975 Eretrien-

374 1019 477 1085 sis,
512 1017 790 1089 tragicus,
833 1014 1034 1069 docuit
1086 1013 1305 1083 fabulas
1359 1014 1547 1079 XLIV,
1607 1010 1719 1078 vel,
1780 1014 1847 1065 ut
1902 1006 2027 1072 alii,

367 1108 546 1175 XXX,
603 1106 696 1160 vel
752 1104 945 1174 XXIV,
1016 1119 1267 1174 quarum
1317 1118 1439 1157 una
1494 1100 1650 1156 vicit.
1735 1096 2027 1170 Sophocle

364 1196 545 1269 paulo
568 1194 796 1267 junior,
815 1209 951 1248 cum
976 1191 1254 1262 Euripide
1276 1190 1509 1247 fabulas
1533 1188 1719 1244 edidit
1746 1187 1819 1244 ab
1842 1187 2029 1258 olym-

365 1288 542 1360 piade
578 1285 868 1340 LXXXIII.

436 1376 671 1445 Achias,
703 1374 1014 1447 propheta.

441 1465 697 1520 Achilles
729 1463 971 1533 Statius,
1030 1459 1487 1528 Alexandrinus,
1535 1458 1775 1530 scripsit
1799 1455 1865 1510 ’ιᾶ
1887 1455 2025 1510 κατὰ

371 1553 691 1621 Λευκίππην
722 1548 813 1605 καὶ
842 1547 1233 1624 Κλειτογῶντα
1262 1547 1353 1602 καὶ
1412 1544 1558 1602 ἄλλα
1607 1544 1861 1621 ἐρωτικὰ,
1890 1567 1917 1597 ‹‹
1951 1544 2024 1600 de

363 1667 392 1697 «
426 1643 719 1714 Leucippe
754 1647 812 1697 et
844 1640 1236 1712 Clytophonte
1272 1643 1332 1693 et
1360 1638 1479 1693 alia
1508 1637 1798 1693 amatoria
1853 1635 2023 1690 libris

363 1733 504 1787 VIII.
542 1753 570 1781 »
602 1729 867 1785 Tandem
898 1728 1088 1784 factus
1143 1727 1516 1783 Christianus
1571 1732 1630 1781 et
1679 1726 2015 1798 episcopus.

361 1822 609 1893 Scripsit
636 1817 761 1892 περί
793 1820 1024 1896 σφαίρας
1054 1815 1145 1871 καὶ
1185 1814 1642 1890 ἐτυμολογίας,ἀε
1692 1817 1933 1886 sphaera,
1967 1820 2021 1870 et

2206 827 2486 882 Claudius
2517 826 2780 883 rElianus
2810 844 2882 883 ex
2910 830 3210 885 Prmneste
3256 829 3462 900 Italiae,
3522 849 3794 891 summus

2135 916 2399 988 pontifex
2431 921 2489 971 et
2518 917 2802 989 sophista,
2837 923 2973 989 post
3000 919 3243 974 Adriani
3272 925 3537 992 tempore
3594 926 3795 979 Romae

2135 1003 2358 1073 docuit,
2386 1003 2768 1078 μελίγλωσσος
2804 1005 2923 1062 sive
2973 1003 3373 1083 μελίφθογγος,
3425 1012 3632 1067 mellea.”
3680 1014 3799 1067 lin-

2134 1109 2262 1163 guae
2284 1093 2404 1149 sive
2432 1095 2637 1149 melleas
2664 1097 2810 1150 vocis
2833 1095 2939 1152 vir.

2205 1183 2487 1252 Elianus,
2531 1183 2674 1239 belli
2705 1184 2844 1255 dux,
2877 1184 3141 1242 Valentis
3196 1187 3341 1259 imp.
3402 1189 3795 1260 temporibus,

2134 1266 2383 1332 παιδείας
2414 1268 2539 1326 οὔτε
2570 1272 2719 1333 ἐντὸς
2753 1271 2827 1326 ὥν
2861 1268 2985 1327 οὔτε
3014 1276 3266 1350 ἄμοιρος.

2201 1358 2450 1428 Αἴλινον,
2480 1357 2627 1423 εἶδος
2672 1363 2875 1437 θρήνου
2929 1362 3019 1417 καὶ
3072 1360 3246 1435 ᾠδῆς,
3298 1382 3466 1435 genus
3525 1367 3792 1423 lamenta-

2131 1450 2295 1508 tionis
2325 1458 2376 1508 et
2405 1454 2687 1508 caminis.

2201 1542 2413 1598 IEneas
2443 1542 2683 1611 scripsit
2710 1539 2836 1616 περὶ
2865 1545 3110 1616 πυρσῶν,
3155 1546 3221 1600 de
3266 1546 3501 1613 facibus,
3559 1562 3681 1616 qua
3734 1549 3795 1601 in

2126 1632 2363 1701 speculis
2392 1632 2788 1701 accenduntur,
2819 1638 2888 1689 ut
2932 1633 3017 1688 ait
3058 1634 3361 1706 Polybius,
3396 1642 3453 1690 et
3481 1636 3604 1711 περὶ
3632 1653 3796 1709 στρα-

2127 1724 2468 1794 τηγημάτων
2524 1721 2852 1795 ὑπόμνημα,
2903 1724 3363 1780 commentarium
3406 1726 3472 1781 de
3522 1732 3792 1795 stratege-

2128 1811 2388 1867 matibus.

366 1911 717 1982 etymologia,
742 1915 801 1964 et
819 1906 1061 1982 ἱστορίαν
1089 1905 1419 1979 σύμμικτον.
1445 1908 1734 1962 historiam
1753 1905 2007 1961 miscella-

2198 1901 2869 1969 zEnicus,Atheniensis,
2886 1900 3153 1957 comicus
3176 1902 3438 1974 antiquas
3461 1904 3787 1973 commdiap,

2135 1993 2208 2013 η..
2239 1992 2453 2013 Δ.ι.--12-
2495 1993 2615 2013 -x---
2672 1990 2887 2013 'A,,__._-

360 2016 540 2068 neum,
572 2015 704 2069 quae
730 1997 1056 2052 multorum
1083 2000 1141 2051 et
1171 2012 1525 2068 magnorum
1548 1996 1809 2051 virorum
1850 2010 2018 2049 men-

363 2088 593 2143 tionem
622 2086 784 2142 facit.
820 2086 1018 2157 Stylus
1048 2084 1271 2156 ubique
1295 2084 1508 2140 similis
1534 2084 1624 2139 illi
1649 2099 1766 2155 quo
1789 2082 2020 2138 inama-

364 2178 534 2233 toriis
564 2177 772 2232 utitur.

432 2267 698 2335 Acesius,
732 2267 1190 2322 Novatianorum
1222 2266 1558 2338 episcopus,
1611 2264 1713 2335 qui
1762 2263 2017 2320 concilio

365 2357 648 2428 (Nicamo)
679 2354 968 2411 interfuit.

422 2451 639 2513 Acron,
697 2445 1129 2517 'Acigentinus,
1214 2444 1505 2512 medicus,
1589 2442 1847 2498 Xenonis
1930 2443 2014 2511 F.,

354 2535 600 2593 Athedis
631 2532 1025 2611 ἐσοφίστευσεν,
1053 2534 1495 2606 philosophiam
1553 2532 1756 2587 docuit
1800 2535 2014 2604 Empeo

354 2626 539 2681 doclis
586 2631 873 2696 tempore,
931 2629 1066 2680 ante
1122 2624 1535 2695 Hippocratem
1596 2621 1836 2693 scripsit
1892 2619 2015 2694 περὶ

368 2713 634 2784 ἲατρικῆς,
667 2715 734 2769 de
781 2720 903 2769 arte
957 2714 1187 2769 medica.
1251 2712 1457 2767 Dorice
1513 2716 1571 2766 et
1622 2709 1747 2785 περί
1804 2716 2013 2786 τροφῆς

363 2802 632 2876 ὑγιεινῶν,
664 2804 731 2858 de
769 2803 981 2859 salubri
1030 2806 1202 2857 victus
1258 2804 1492 2856 ratione.
1553 2802 1655 2855 Est
1707 2800 1805 2854 hic
1860 2814 2016 2855 unus

356 2895 623 2963 illorum,
657 2895 758 2966 qui
789 2901 1099 2949 ventorum
1129 2894 1393 2949 rationes
1424 2892 1904 2947 observaverunt.

422 2984 756 3052 Acusilaus,
789 2983 960 3040 Cabaa
992 2985 1052 3039 F.
1086 2984 1355 3056 Argivus,
1388 2999 1457 3036 ex
1516 2981 1789 3047 Cercade,
1843 2979 2015 3052 oppi-

353 3072 429 3129 do
464 3091 648 3146 prope
681 3074 978 3142 Aulidem,
1012 3073 1332 3128 historicus
1362 3071 1839 3142 antiquissimus,
1866 3069 2013 3125 scri-

352 3163 473 3235 psit
502 3163 909 3236 Genealogias,
944 3163 1127 3218 aeneis
1157 3179 1301 3218 usus
1330 3161 1560 3229 tabulis,
1586 3162 1649 3215 in
1672 3177 1819 3232 quas
1840 3159 2010 3214 aiunt

2128 1993 2211 2047 Ex
2239 1992 2457 2048 fabulis
2489 1993 2639 2064 ejus,
2672 1990 2910 2048 Ἄντεια.

2193 2084 2433 2149 Ᾰέῐιοιιε,
2463 2078 2725 2153 (Αἵνειος)
2758 2081 3046 2153 sophista,
3081 2083 3251 2153 cujus
3308 2081 3468 2155 libri,
3514 2082 3569 2135 αἱ
3623 2079 3784 2154 μετά-

2123 2165 2309 2239 ϐολοι,
2342 2172 2514 2244 quasi
2547 2178 3003 2228 transmutatores
3025 2172 3210 2228 dicas.

2192 2263 2522 2329 Eschines,
2568 2262 2832 2331 Charini,
2889 2262 3150 2330 fartoris,
3203 2261 3263 2316 F.
3312 2261 3413 2330 (al.
3474 2261 3786 2333 Lysaniaa),

2124 2352 2529 2423 Atheniensis,
2591 2351 2915 2424 Sphettius,
2976 2352 3372 2424 philosophus
3431 2352 3787 2420 Socraticus,

2122 2442 2294 2515 cujus
2324 2442 2563 2515 dialogi,
2600 2442 2913 2510 Miltiades,
2947 2441 3185 2507 Callias,
3224 2441 3483 2510 Rhinon,
3516 2442 3786 2513 Aspasia,

2121 2533 2441 2599 Axiochus,
2473 2533 2702 2606 (confer
2731 2533 2892 2588 Suid.
2944 2533 3007 2588 in
3067 2531 3345 2605 Ἀξίοχος)
3403 2534 3686 2605 Telauges
3730 2537 3789 2587 et

2120 2622 2476 2679 Alcibiades.
2512 2625 2629 2679 Nec
2659 2630 2782 2679 non
2812 2623 2922 2690 illi,
2957 2624 3057 2694 qui
3088 2626 3374 2678 vocantur
3393 2622 3698 2694 Acephali,
3721 2624 3790 2677 ut

2120 2713 2402 2782 Phaedon,
2434 2714 2772 2785 Polymnus,
2808 2715 3059 2780 Dracon,
3092 2713 3360 2785 Eryxias,
3413 2712 3485 2767 de
3535 2713 3779 2779 virtute,

2121 2803 2531 2866 Erasistratus,
2568 2804 2844 2874 Scythici.
2883 2803 2986 2858 Hic
3040 2804 3346 2858 fEschines
3396 2803 3457 2857 in
3520 2803 3786 2859 Siciliam

2118 2893 2193 2949 ad
2225 2893 2574 2965 Dionysium
2606 2895 2874 2966 pecunias
2906 2910 3084 2949 causa
3114 2893 3415 2965 profectus
3444 2899 3552 2950 est.

2189 2984 2514 3052 1Eschines,
2547 2984 2949 3053 Atheniensis,
2981 2985 3269 3039 Atrometi
3315 2989 3373 3039 et
3404 2985 3781 3041 Glaucotheaa

2119 3074 2237 3130 sive
2269 3074 2651 3129 Leucothecre
2684 3075 2743 3129 F.
2772 3073 3104 3146 discipulus
3136 3073 3573 3129 Aleidamantis
3609 3074 3780 3130 Elea-

2118 3171 2213 3233 taa,
2274 3164 2506 3234 histrio,
2566 3162 2781 3219 deinde
2836 3163 3049 3232 scriba,
3109 3169 3318 3235 postea
3391 3169 3609 3219 orator.
3671 3163 3777 3219 Hic

351 3257 584 3325 patrem
607 3253 734 3326 ejus
756 3252 1061 3321 incidisse,
1085 3268 1222 3307 cum
1242 3251 1440 3307 locum
1458 3248 1778 3321 quemdam
1802 3249 2014 3304 domus
2045 3302 2086 3326 η
2124 3254 2524 3326 Ctesiphontis
2552 3259 2863 3309 accusator
2892 3269 2928 3309 a
2956 3254 3352 3310 Demosthene
3383 3254 3572 3310 victus
3616 3254 3776 3310 Rho-

354 3360 479 3399 suse
511 3344 757 3399 foderet.

424 3432 759 3503 Acusilaus,
793 3432 1201 3498 Atheniensis,
1228 3431 1585 3505 Agathocliae
1618 3432 1702 3498 F.,
1749 3430 1849 3501 qui
1898 3431 2012 3485 Ro»

350 3539 517 3578 mam
550 3528 815 3595 tempore
848 3523 1044 3579 Galbae
1074 3522 1339 3589 veniens,
1364 3538 1436 3577 ex
1472 3520 1729 3576 oratoria
1778 3525 2009 3575 tantum

347 3620 441 3669 est
460 3613 817 3681 lucratus,ut
841 3612 1306 3668 Atheniensibus
1328 3616 1568 3667 centum
1591 3609 1781 3666 millia
1797 3608 2010 3665 drach-

349 3720 587 3758 marum
617 3704 680 3759 in
710 3704 914 3759 fenore
949 3704 1141 3775 posita
1170 3702 1522 3773 reliquierit.

422 3792 659 3848 Admeti
695 3790 862 3863 μέλος
896 3799 955 3847 et
984 3792 1312 3861 Harmodii,
1363 3791 1437 3846 de
1480 3791 1660 3846 rebus
1707 3787 2005 3856 facilibus,

349 3879 572 3948 σκολιὰ,
604 3883 891 3951 carmina,
924 3882 999 3938 ad
1027 3882 1228 3938 vinum
1259 3881 1565 3937 decantari
1596 3878 1790 3936 solita.

423 3971 744 4038 Adrianus,
776 3972 921 4043 imp.
974 3969 1126 4047 φύσει
1184 3967 1489 4048 φιλόλογος
1545 3967 1596 4022 ἐν
1656 3967 1881 4043 ἑκατέρᾳ
1933 3969 2005 4041 τῇ

344 4056 572 4136 γλώσσῃ
608 4059 698 4115 καί
727 4080 847 4114 τινα
877 4060 1013 4128 πεζὰ
1062 4060 1146 4114 καὶ
1209 4058 1262 4114 ἐν
1322 4053 1470 4114 ἔπεσι
1528 4059 1813 4130 ποιήματα
1868 4076 2006 4112 παν-

349 4146 566 4204 τοδαπὰ
593 4147 874 4219 κατέλιπε,
908 4173 934 4201 ‹‹
969 4155 1185 4206 natura
1215 4150 1501 4206 doctrinae
1531 4165 1740 4205 amans
1770 4148 1832 4202 in
1849 4152 2006 4204 utra-

345 4262 372 4290 κ
399 4256 515 4311 que
544 4239 747 4313 lingua
779 4245 836 4295 et
866 4255 1040 4311 prosa
1069 4246 1127 4295 et
1148 4239 1412 4295 carmine
1445 4238 1667 4310 scripta
1686 4237 1882 4292 omnis
1900 4254 2003 4309 ge-

344 4353 369 4383 a
399 4330 563 4385 neris
592 4329 906 4401 reliquit...
944 4326 1280 4403 βουλόμενος
1308 4327 1523 4382 πάντων
1556 4326 1608 4380 ἐν
1641 4331 1772 4380 πᾶσι
1792 4332 2002 4400 περιεῖ-

341 4442 369 4469 ‹‹
402 4440 511 4490 ναι,
543 4427 643 4474 etc.
678 4420 824 4475 Cum
856 4418 1033 4473 vellet
1062 4424 1342 4490 praestare
1374 4417 1676 4485 omnibus,
1735 4416 1890 4472 viros
1938 4417 2001 4471 in

343 4510 590 4582 «aliquo
605 4509 800 4565 studio
819 4516 1171 4582 praestantes
1186 4509 1565 4565 oderatllinc
1579 4508 2002 4563 etFavorinum

346 4620 375 4652 α
396 4599 627 4654 Gallum
660 4604 718 4654 et
741 4598 1104 4671 Dionysium.
1128 4598 1443 4668 Milesium,
1459 4596 1779 4669 sophistas,
1801 4596 2000 4667 oppri-

2043 3302 2087 3370 ί)
2124 3302 2928 3417 ἇζιέιῖιῖέὲἐ⁷ἐῦίᾷἷεῖὧῖιᾷίέῖ

2186 3414 2497 3506 Eschylus
2528 3414 2933 3502 Atheniensis,
2965 3414 3255 3507 tragicus:
3283 3435 3681 3506 Euphorionis
3713 3435 3773 3490 F.

2116 3529 2175 3580 et
2202 3524 2386 3580 frater
2415 3523 2670 3591 Amitiae,
2702 3523 3099 3595 Euphorionis
3131 3530 3189 3579 et
3218 3524 3528 3597 Cynregiri.
3580 3525 3780 3580 Certa-

2114 3615 2197 3670 vit
2222 3612 2560 3686 Olympiade
2592 3613 2776 3680 LXIX,
2835 3618 3011 3669 natus
3068 3629 3258 3670 annos
3313 3615 3475 3668 XLV.
3537 3614 3775 3669 Primus

2114 3709 2321 3761 auctor
2346 3704 2475 3770 fuit,
2509 3708 2576 3759 ut
2605 3703 2811 3776 tragici
2842 3704 3116 3776 personis
3156 3703 3524 3758 terribilibus
3579 3707 3639 3757 et
3682 3703 3775 3775 pi-

2113 3794 2244 3862 ctis,
2277 3792 2640 3864 arbylisque,
2673 3793 2792 3847 sive
2825 3792 3172 3848 elatioribus
3204 3792 3420 3848 calceis
3437 3797 3771 3848 uterentur.

2112 3884 2363 3957 Scripsit
2392 3884 2612 3957 elegias
2644 3889 2703 3939 et
2744 3883 3061 3956 tragmdias
3108 3883 3222 3939 XC.
3274 3883 3425 3939 Vicit
3482 3883 3669 3939 octies
3712 3888 3773 3937 et

2111 3975 2290 4030 vicies
2317 3991 2329 4029 :
2365 3974 2455 4029 vel
2484 3978 2551 4029 ut
2579 3974 2703 4046 alii,
2736 3972 2933 4030 decies
2966 3978 3073 4030 ter.
3107 3972 3288 4028 Filios
3336 3972 3548 4028 habuit
3593 3971 3765 4041 duos,

2112 4064 2387 4138 tragicos,
2412 4063 2853 4137 Euphorionem
2877 4068 2935 4118 et
2961 4064 3225 4118 Bionem.
3257 4061 3416 4117 Obiit
3445 4066 3540 4117 ast.
3573 4061 3764 4129 LVIII,

2113 4154 2172 4209 in
2204 4154 2424 4224 Sicilia,
2455 4160 2569 4209 etc.

2180 4247 2451 4317 1Esopus,
2471 4244 2705 4300 Samius
2718 4243 2812 4299 vel
2832 4240 3276 4308 Sardianus,vel
3292 4239 3760 4295 Mesembrianus

2107 4334 2199 4390 vel
2229 4334 2487 4405 denique
2519 4333 2844 4404 Cotyrensis
2871 4333 3085 4403 Phryx,
3104 4328 3442 4385 fabularum
3469 4327 3763 4395 conditor,

2108 4439 2143 4478 a
2173 4424 2370 4477 Grceso
2398 4422 2653 4477 dilectus
2688 4421 2847 4494 (ante
2880 4419 3226 4491 Pythagorae
3276 4422 3566 4487 tempora,
3609 4416 3768 4471 circa

2108 4512 2328 4585 olymp.
2349 4511 2486 4582 XL.)
2510 4526 2712 4566 servus
2737 4508 2957 4564 Xanthi
2986 4507 3179 4578 Lydii:
3212 4506 3304 4560 vel
3326 4505 3509 4560 Samii
3530 4505 3767 4560 Iadmo-

2105 4600 2219 4667 nis,
2246 4600 2417 4671 cujus
2439 4614 2609 4654 serva
2630 4602 2757 4652 erat
2781 4596 3083 4667 Rhodopis
3103 4595 3375 4661 Thressa,
3393 4610 3524 4665 qua)
3550 4593 3768 4648 deinde

339 4711 369 4739 ‹‹
399 4705 560 4745 mere
593 4660 1056 4757 studebam-cum
1088 4688 1220 4743 aliis
1252 4660 1601 4754 modis,tu-m
1616 4660 1773 4741 vero
1794 4660 1998 4741 adver-
2031 4660 2079 4724 D
2108 4660 2445 4761 Sapphonis
2472 4686 2661 4753 fratri,
2694 4660 3010 4752 Charaxo;
3034 4683 3258 4755 nupsit.
3310 4660 3562 4755 scripsit
3601 4680 3668 4735 τὰ
3716 4678 3773 4737 ἐν

342 4800 369 4831 ι
412 4779 583 4834 sariis
644 4794 873 4845 eorum,
928 4778 1273 4833 hominibus
1330 4775 1554 4832 nullius
1611 4774 1703 4830 vel
1759 4774 1996 4830 minimi

342 4888 366 4919 α
401 4868 575 4940 pretii
611 4867 983 4923 extollendis.
1025 4867 1129 4922 Hic
1161 4868 1222 4921 in
1255 4865 1509 4938 epistola
1537 4864 1816 4937 quadam,
1838 4870 1941 4920 etc.
1969 4885 1998 4914 ι)

413 4956 736 5025 Adrianus,
772 4956 1060 5028 sophista,
1086 4955 1334 5012 Herodis
1355 4954 1705 5026 discipulus,
1729 4959 1998 5025 tempore

337 5046 412 5100 M.
446 5046 754 5114 Antonini,
789 5045 1038 5101 Athenis
1069 5044 1323 5100 aemulus
1372 5043 1667 5111 Aristidm,
1714 5044 1996 5111 rhetoris,

337 5136 540 5190 Romae
596 5135 957 5191 rhetoricam
1014 5134 1234 5205 docuit,
1297 5134 1550 5190 dictator
1609 5132 1998 5204 epistularum

334 5225 645 5281 Commodi
678 5226 820 5298 imp.
860 5225 1098 5296 scripsit
1132 5222 1384 5297 μλέτας,
1444 5245 1473 5275 ‹‹
1507 5222 1995 5294 declamationes,

338 5338 366 5365 η
407 5313 880 5391 μεταμορφώσεις,
948 5316 1359 5386 metaphorses
1414 5312 1586 5368 libris
1665 5314 1783 5382 VII,
1871 5311 1997 5383 περί

332 5428 361 5456 ‹‹
398 5402 555 5458 ἰδεῶν
591 5403 785 5478 Λόγου,
810 5405 884 5460 de
902 5406 1111 5461 formis
1138 5405 1426 5461 orationis
1454 5403 1623 5458 libris
1645 5405 1708 5473 ν,
1732 5401 1856 5476 περὶ
1886 5404 1995 5456 τῶν

331 5517 360 5546 ιι
396 5492 449 5547 ἑν
476 5498 596 5553 ταῖς
629 5493 870 5547 σνάσεσιν
906 5490 1247 5566 ἰδιωμάτων.
1281 5493 1355 5548 de
1387 5498 1647 5548 statuum
1670 5491 1999 5563 proprieta-

330 5607 360 5635 ι(
395 5584 553 5639 tibus
586 5584 770 5638 libros
800 5584 876 5637 III
902 5601 916 5650 ;
950 5583 1246 5654 Epistolas
1276 5590 1327 5639 et
1346 5580 1550 5656 λόγους
1575 5577 1995 5646 ἐπιδεικτικοὺς,

330 5697 359 5725 ‹‹
393 5674 693 5729 orationes
725 5672 1212 5740 declamatorias;
1248 5673 1532 5727 Phalarim
1561 5669 1916 5743 (orationem)
1945 5680 1999 5729 et

337 5785 367 5815 «
398 5760 874 5836 παραμυθητικὸν,
909 5762 1376 5819 consolatoriam
1411 5763 1472 5816 in
1499 5760 1787 5817 Celerem.
1823 5782 1853 5810 »

2110 4774 2341 4854 Δελφοῖς
2369 4775 2519 4845 αὑτῷ
2550 4768 2851 4846 συμϐάντα,
2885 4774 2951 4828 de
2977 4773 3071 4839 iis,
3104 4786 3225 4843 quae
3282 4770 3394 4842 ipsi
3444 4773 3598 4842 apud
3639 4772 3774 4827 Del-

2103 4867 2243 4938 phos
2272 4866 2612 4921 acciderunt.
2676 4864 2841 4918 libros
2908 4864 2975 4919 II.
3027 4862 3144 4917 Alii
3201 4862 3373 4916 aiunt
3423 4859 3777 4932 ἀποκρίματα

2108 4951 2435 5030 γεγραφέναι
2474 4952 2664 5025 μόνον,
2702 4952 2923 5022 fabulas
2972 4952 3149 5007 solum
3205 4949 3505 5021 scripsisse.
3558 4948 3769 5019 Delphi

2108 5046 2389 5115 zEsopum
2422 5041 2872 5097 Phasdriadibus
2903 5040 3341 5113 praecipitatum
3388 5036 3638 5108 rupibus
3669 5051 3766 5090 oc-

2110 5132 2388 5188 ciderunt
2416 5129 2760 5203 Olympiade
2793 5129 2929 5197 LIV,
2965 5135 3076 5185 etc.

2180 5222 2408 5289 Aetius,
2442 5219 2871 5289 Antiochenus,
2899 5219 3184 5291 magister
3204 5213 3502 5284 Eunomii,
3528 5212 3764 5268 Paulini

2109 5311 2265 5385 Tyrii
2295 5314 2574 5378 sectator,
2601 5309 3020 5378 haeresiarcha,
3052 5307 3191 5362 Ario
3218 5304 3605 5375 suffragatus:
3631 5318 3766 5357 cum

2109 5401 2418 5474 discipulis
2450 5416 2521 5456 ex
2548 5400 2863 5473 categoriis
2883 5396 3217 5454 Aristotelis
3234 5391 3767 5463 disseruit,Episto-

2110 5489 2548 5561 lascomposuit
2603 5489 2679 5545 ad
2736 5490 2880 5561 imp.
2939 5484 3374 5545 Constantium.
3431 5482 3766 5538 Sectatores

2108 5581 2238 5651 ejus
2264 5578 2496 5634 Aetiani
2530 5582 2588 5633 et
2613 5576 2987 5634 Eunomiani.

2179 5668 2512 5737 Africanus,
2544 5669 2774 5738 Sextus,
2801 5667 2938 5723 Afer
2966 5663 3380 5738 philosophus,
3406 5661 3508 5732 qui
3531 5658 3771 5730 scripsit

2106 5755 2363 5826 Κεστοὺς,
2394 5757 2572 5813 Cestos
2602 5757 2774 5813 libris
2805 5756 2996 5825 XXIV,
3029 5755 3101 5810 de
3148 5749 3430 5807 remediis
3481 5747 3765 5821 physicis,
