4110 6444
335 427 492 489 1219

1637 414 1881 485 INDEX
1923 414 2427 481 SCRIPTORUM

3596 416 3756 479 1220

333 565 392 616 et
421 577 553 631 quae
586 575 653 612 ex
682 555 893 624 verbis,
928 550 1438 609 incantationibus
1469 555 1529 605 et
1556 548 1797 621 scripsit
1842 548 1985 604 cha-
2016 552 2068 619 Α
2167 549 2520 621 Alexander,
2553 552 2837 621 Milesius,
2870 553 2983 625 (51)
3022 552 3377 626 polyhistor,
3410 555 3615 609 Romae
3644 551 3762 607 fuit

331 648 660 706 racteribus
691 650 988 710 constant,
1021 644 1325 714 mirosque
1357 642 1604 697 effectus
1626 638 1868 695 habent.
1895 637 1985 694 Ad

335 740 602 811 ejusdem
646 740 1015 808 argumenta,
1076 738 1284 788 contra
1340 730 1649 786 historiam
1699 729 1985 785 Susanna

330 831 531 891 allata,
564 826 873 898 respondit
902 825 1208 897 Origenes.

400 923 717 991 Agapctus,
744 914 1115 986 Synadorum
1146 912 1485 984 episcopus,
1518 910 1590 966 de
1622 925 1739 981 quo
1772 908 1985 964 Euseb.

329 1009 472 1081 (imo
496 1004 925 1076 Philostorgius
953 1021 965 1057 :
989 1001 1194 1057 confer
1213 1000 1690 1065 Tillemont.T.V,
1716 1000 1988 1062 memor.)

400 1095 679 1168 Agapius,
711 1091 1115 1157 Atheniensis,
1150 1089 1562 1162 philosophus,
1613 1093 1748 1159 post
1793 1085 1990 1141 Procli

333 1186 583 1252 obitum,
620 1180 984 1253 temporibus
1016 1180 1245 1235 Marini.
1279 1182 1374 1248 (ex
1404 1176 1757 1246 Damascio.)

400 1273 682 1347 Agapius,
713 1268 1174 1337 Alexandrinus,
1204 1266 1375 1324 CPoli
1406 1263 1665 1339 ἰατρικῶν
1731 1260 1984 1336 μαθημά-

328 1385 438 1419 των
471 1361 760 1435 ἐξηγητής.

399 1453 701 1526 Agathias,
759 1448 1171 1514 scholasticus,
1238 1449 1524 1518 μυριναῖος
1611 1443 1989 1516 Myrinensis,

333 1545 572 1616 scripsit
604 1542 910 1598 historiam
941 1557 1013 1595 ex
1038 1556 1107 1594 eo
1132 1543 1417 1610 tempore,
1441 1536 1543 1592 ubi
1570 1535 1747 1591 desiit
1773 1537 1983 1589 Proco-

332 1635 466 1706 pius
495 1650 505 1687 :
532 1650 643 1687 nec
667 1647 789 1686 non
810 1629 962 1686 alios
982 1627 1166 1683 libros
1187 1627 1405 1699 partim
1430 1625 1631 1698 ligata,
1655 1624 1874 1695 partim
1893 1638 1993 1677 so-

330 1725 459 1779 luta
489 1723 779 1789 oratione,
840 1724 899 1775 et
957 1716 1251 1794 Δαφνισκᾶ,
1312 1720 1371 1771 et
1421 1713 1625 1768 κῦκλον
1686 1716 1796 1767 τῶν
1853 1711 1987 1765 νέςην

334 1811 787 1887 ἐπιγραμμάτων.

2099 641 2470 711 temporibus
2489 641 2664 714 Syllae
2687 648 2746 697 et
2773 648 2941 697 ante:
2964 659 3000 699 a
3020 642 3292 699 Cornelio
3311 642 3757 714 Lentulo,cujus

2095 728 2450 803 paedagogus
2471 747 2539 786 ac
2562 731 2811 786 libertus
2832 731 2960 798 fuit,
2988 731 3245 787 Cornelii
3268 732 3512 787 sortitus
3533 748 3751 804 cogno-

2093 819 2523 883 men,Laurenti
2544 820 2975 891 periit,asdibus
2988 821 3203 892 ejusab
3220 822 3352 894 igne
3367 822 3758 892 consumptis,

2098 907 2256 978 quod
2286 908 2387 963 ubi
2420 910 2710 980 comperit
2739 927 2889 964 uxor
2944 915 3092 981 ejus,
3150 910 3394 980 Helena,
3452 910 3752 979 ἀπήγξατο,

2096 995 2312 1067 laqueo
2342 999 2521 1054 vitam
2582 1000 2786 1054 ﬁnivit.
2842 1000 2975 1055 Fuit
3028 1000 3422 1072 grammatici,
3481 1000 3759 1066 Cratetis,

2099 1088 2449 1161 discipulus,
2483 1087 2783 1163 συνέγραψε
2817 1083 3008 1164 βιϐλία
3036 1089 3275 1162 ἀριθμοῦ
3292 1089 3543 1165 κρείττω,
3568 1090 3759 1144 libros

2100 1178 2340 1251 scripsit
2370 1179 2739 1248 innumeros,
2774 1185 2833 1235 et
2881 1178 3005 1252 περὶ
3053 1178 3303 1251 Ῥώμης,
3353 1179 3419 1235 de
3471 1182 3645 1234 Roma
3688 1180 3764 1235 li-

2100 1270 2222 1325 bros
2259 1271 2323 1326 V.

2167 1359 2521 1429 Alexander,
2550 1360 2823 1416 Numenii
2848 1362 2906 1415 F.
2944 1361 3232 1433 sophista.

2168 1448 2523 1518 Alexander,
2555 1448 2929 1518 Pleuronius,
2965 1467 3035 1506 ex
3064 1450 3380 1516 Pleurone,
3419 1450 3647 1505 Etolim
3678 1450 3762 1505 ci-

2098 1538 2299 1603 vitate,
2332 1539 2524 1610 Satyri
2552 1545 2611 1594 et
2640 1539 2979 1595 Stratoclea:
3010 1541 3096 1607 F.,
3127 1540 3550 1612 grammaticus
3580 1540 3763 1607 (circa

2100 1627 2323 1699 olymp.
2346 1628 2584 1698 CXXIV)
2610 1629 2924 1701 tragoedias
2947 1631 3210 1702 scripsit,
3235 1646 3391 1685 unus
3412 1646 3484 1685 ex
3513 1629 3756 1686 Pleiade

2102 1718 2481 1789 magicorum.

2176 1807 2531 1876 Alexander,
2564 1808 2980 1877 Seleuciensis,
3002 1809 3171 1878 Cilix,
3199 1808 3538 1876 Alexandri,
3562 1810 3760 1866 causi-

406 1902 689 1973 Agathon,
725 1899 1001 1971 tragicus,
1034 1903 1094 1952 et
1121 1892 1547 1953 commdiurum
1578 1891 1855 1963 scriptor,
1888 1891 1993 1945 SO-
2024 1908 2070 1975 Β
2103 1897 2242 1970 dici,
2275 1900 2335 1954 F.
2368 1899 2594 1969 rhetor,
2627 1896 3005 1967 πηλοπλάτων
3058 1900 3177 1955 sive
3224 1900 3400 1956 luteus
3445 1898 3606 1956 Plato
3658 1918 3763 1957 co-

334 1992 513 2047 cratis
546 1989 897 2060 discipulus.

403 2081 657 2143 Alcaeus,
688 2076 1090 2145 Atheniensis,
1144 2074 1422 2147 tragicus,
1474 2088 1655 2144 quem
1712 2068 1992 2127 nonnulli

335 2172 595 2243 primum
626 2169 810 2224 fuisse
845 2167 1133 2239 tragicum
1162 2162 1552 2220 contendunt.

404 2261 652 2316 Alcaeus.
688 2256 1079 2329 Mytilenasus,
1113 2252 1329 2308 deinde
1359 2249 1764 2317 Atheniensis,
1797 2247 1985 2304 comi-

340 2367 442 2407 cus
473 2348 687 2404 veteris
717 2344 1020 2402 comcediaa
1080 2343 1345 2414 quintus,
1399 2339 1564 2395 Micci
1618 2340 1705 2408 F.,
1760 2335 2000 2409 scripsit

339 2438 632 2496 comazdias
659 2438 722 2492 X.

411 2527 772 2595 Alcidamas,
805 2525 1058 2588 Eleates,
1104 2521 1360 2577 Asianus
1388 2516 1803 2591 philosophus,
1837 2515 1997 2571 illius

340 2616 584 2683 Dioclis,
619 2615 718 2686 qui
754 2613 984 2669 musica
1026 2611 1284 2683 scripsit,
1347 2614 1405 2664 et
1451 2607 1674 2680 Gorgiae
1726 2603 1997 2661 Leontini

342 2706 693 2777 discipulus.

409 2795 769 2861 Alcimenes,
802 2791 1183 2865 Megarensis,
1216 2788 1493 2862 tragicus.

411 2886 774 2950 Alcimenes,
811 2880 1212 2943 Atheniensis,
1246 2878 1529 2934 comicus.

411 2974 736 3046 Alciphron
770 2974 1004 3045 Magnes
1035 2976 1095 3027 et
1132 2967 1429 3040 Magnesia
1481 2965 1557 3021 ad
1609 2962 1993 3033 Maeandrum,

337 3065 753 3138 philosophus.

407 3155 676 3221 Alcman,
702 3154 891 3207 Lacon
924 3152 1279 3205 Messoates:
1314 3144 1641 3203 secundum
1698 3145 1993 3199 Cratetem

336 3240 713 3314 πταίονταζίῑι
762 3241 874 3296 hoc
932 3240 1167 3310 lapsum
1214 3237 1333 3294 sive
1383 3234 1725 3306 errantem),
1778 3231 1991 3304 Lydus,

335 3332 619 3388 Sardibus
646 3329 962 3385 oriundus:
983 3345 1052 3384 ex
1074 3327 1354 3382 servitute
1378 3323 1801 3389 manumissus,
1836 3321 1995 3377 ﬁlius

334 3421 639 3478 Damantis
674 3419 757 3475 vel
787 3419 986 3474 Titari.
1025 3417 1228 3473 Dorice
1250 3414 1510 3487 scripsit,
1542 3419 1609 3468 ut
1660 3412 1855 3468 solent
1886 3410 1994 3465 La-

339 3511 719 3568 cedaemonii:
745 3510 1016 3564 inventor
1046 3504 1320 3578 ἐρωτικῶν
1353 3499 1561 3575 μελῶν,
1593 3503 1993 3558 amatoriornm

335 3601 663 3658 carminum.
692 3597 939 3671 Scripsit
958 3596 1145 3652 libros
1172 3612 1273 3650 sex
1302 3593 1627 3666 lyricorum
1659 3590 1994 3647 carminum

335 3698 397 3747 et
419 3682 814 3761 κολυμϐώσας,
846 3693 1123 3755 natantes,
1153 3687 1372 3758 πρῶτος
1402 3679 1681 3755 εἷσήγαγε,
1743 3679 1820 3751 μή
1871 3677 1989 3750 ἐξα-

338 3779 557 3854 μὲτροις
595 3773 887 3849 μελῳδεῖν,
912 3798 937 3830 α
958 3776 1186 3847 primus
1209 3771 1539 3828 introduxit
1558 3787 1754 3836 usum,
1779 3775 1846 3825 ut
1861 3785 1990 3825 car-

336 3894 363 3923 «
389 3870 554 3925 mina
572 3866 787 3923 melica
808 3863 1074 3920 versibus
1094 3880 1215 3919 non
1246 3860 1610 3918 hexametris
1640 3857 1990 3915 conscribe-

340 3983 367 4012 ‹‹
399 3963 629 4016 rentur.
663 3979 690 4005 »

405 4047 676 4115 Alcman,
709 4044 861 4100 alius
893 4041 1239 4108 Messenius,
1274 4040 1482 4096 itidem
1512 4039 1749 4110 lyricus.

408 4135 767 4203 Alexander,
791 4135 1211 4206 Aigwus,pater
1230 4124 1991 4200 Caelii,philosophusperi-

336 4227 650 4300 pateticus,
674 4240 809 4279 cum
831 4224 1238 4287 Chmremone,
1261 4219 1641 4293 philosopho,
1664 4220 1995 4289 praeceptor

336 4319 607 4381 Neronis,
637 4314 781 4385 imp.
817 4329 994 4385 quem
1026 4311 1252 4368 vocavit
1280 4306 1459 4378 πηλὸν
1493 4302 1685 4378 α’ίματι
1706 4303 1990 4381 πεφυρμὲ-

332 4427 442 4478 νον,
477 4406 654 4461 lutum
683 4405 952 4473 sanguine
983 4407 1338 4458 maceratum.

403 4491 760 4559 Alexander,
794 4490 1221 4556 Antiochenus,
1256 4491 1390 4558 post
1419 4484 1813 4557 Porphyrium
1845 4483 1995 4555 epis-

333 4601 537 4655 copus,
596 4581 964 4653 temporibus
1021 4576 1446 4650 Chrysostomi,
1506 4575 1741 4643 virtute,
1799 4572 1990 4645 philo-

335 4673 543 4745 sophia
573 4674 632 4727 et
662 4670 1003 4742 eloquentia
1034 4667 1305 4739 insignis.

406 4761 758 4828 Alexander,
790 4758 1286 4832 Aphrodisiensis,
1321 4754 1734 4828 philosophus.

407 4850 765 4917 Alexander,
799 4848 1089 4905 Casilonis
1121 4847 1208 4914 F.,
1242 4846 1465 4917 rhetor,
1498 4844 1683 4900 frater
1729 4841 1992 4912 Eusebii,

335 4940 612 5008 rhetoris,
644 4938 865 4995 Iuliani
897 4935 1246 5008 discipulus.
1936 4924 1950 4937 ⁸

409 5028 765 5097 Alexander,
799 5026 1100 5094 Claudius,
1134 5025 1353 5081 rhetor.

402 5118 759 5183 Alexander,
782 5115 1283 5187 Hierapolitanus,
1309 5113 1490 5185 episc.
1516 5115 1575 5166 et
1595 5111 1992 5182 martyr,scri-

332 5209 474 5282 psit,
512 5207 563 5261 τί
619 5206 804 5262 καινὸν
861 5205 1141 5278 εἰσήνεγκε
1198 5200 1429 5275 Χριστὸς
1486 5197 1563 5259 εἷς
1614 5197 1704 5252 τὸν
1760 5197 1992 5271 κόσμον,

334 5296 603 5373 κεφάλαια
642 5298 740 5366 Θ“.,
773 5296 837 5352 de
866 5297 1025 5352 rebus
1055 5295 1229 5359 novis,
1264 5307 1401 5362 quas
1443 5290 1689 5346 Christus
1737 5290 1795 5343 in
1832 5306 1996 5345 mun-

338 5389 470 5444 dum
496 5388 711 5458 intulit,
744 5390 931 5459 capita
957 5388 1053 5454 1X,
1112 5383 1334 5440 librum
1384 5378 1633 5454 egregiis
1683 5380 1995 5437 sententiis

336 5478 640 5535 refertum.

410 5656 523 5729 (5,1)
554 5657 839 5713 Kusterus
860 5655 1019 5729 hunc
1049 5651 1395 5729 Cornelium
1428 5646 1823 5729 Alexandrum
1857 5669 2000 5729 con-

339 5720 537 5781 fundit.
551 5745 668 5783 cum
683 5729 736 5783 al
746 5734 868 5782 tero
884 5728 1055 5799 longe
1061 5726 1302 5799 juniore
1320 5720 1668 5799 Alexandro,
1682 5721 1971 5799 Cotyamsi
1984 5766 1997 5791 ,

343 5812 413 5849 ex
444 5799 808 5867 Asclepiades
841 5792 1044 5852 schola
1062 5792 1490 5867 grammatico,
1540 5792 1711 5864 cujus
1767 5792 1999 5851 obitum

2103 1988 2505 2055 gnominatus.

2173 2076 2374 2134 Alexis
2405 2094 2479 2132 ex
2506 2078 2744 2141 Thurio,
2786 2094 2920 2149 quae
2976 2084 3114 2135 ante
3154 2078 3413 2150 Sybaris,
3472 2078 3763 2145 comicus,

2105 2166 2308 2222 docuit
2334 2167 2566 2222 fabulas
2597 2168 2844 2224 CCXLV.
2878 2169 3129 2224 Patruus
3161 2168 3463 2224 Menandri
3520 2168 3768 2238 comici,

2107 2256 2412 2328 Stephani,
2444 2256 2651 2311 itidem
2681 2257 2893 2312 comici
2924 2263 3113 2329 pater.

2173 2345 2460 2414 Amelius,
2520 2346 2927 2417 Apameensis,
2987 2345 3401 2417 philosophus,
3479 2346 3769 2419 magister

2104 2435 2439 2507 Porphyrii,
2472 2436 2720 2506 aequalis
2753 2436 3051 2492 Ammonii
3085 2442 3145 2492 et
3173 2435 3463 2509 Origenis.

2175 2527 2625 2584 Ammonianus.
2651 2526 3093 2598 grammaticus,
3118 2526 3372 2599 Syriani,
3397 2526 3762 2599 philosophi,

2103 2615 2473 2687 propinquus
2520 2613 2706 2689 ἠγάπα
2758 2615 2857 2682 τήν
2910 2612 2996 2668 ἐπὶ
3055 2618 3303 2685 ποιητῶν
3363 2614 3614 2689 ἐξηγήσει
3672 2614 3765 2671 καὶ

2106 2699 2396 2773 διορθώσει
2424 2710 2525 2772 τῆς
2552 2700 2890 2773 Ἑλληνικῆς
2924 2701 3121 2773 λέξεως
3152 2704 3478 2775 καθειμένην
3536 2704 3764 2778 τέχνην,

2107 2816 2134 2844 ‹‹
2169 2800 2358 2850 artem
2390 2795 2452 2849 in
2483 2799 2793 2867 poetarum
2819 2795 3198 2850 enarratione
3236 2800 3296 2850 et
3326 2796 3539 2852 Graeca:
3561 2795 3768 2851 dictio-

2107 2904 2134 2933 α
2168 2884 2262 2938 nis
2294 2883 2715 2939 emendatione
2738 2890 3086 2954 occupatam
3118 2883 3422 2956 diligebat.
3449 2905 3478 2933 »
3502 2883 3672 2943 Οὗτος
3692 2881 3762 2952 ἦν

2105 2971 2516 3042 ’Δμμωνιανὸς,
2550 2971 2596 3043 ᾦ
2628 2972 2917 3041 κεκτῆσθαι
2948 2965 3291 3043 συμϐέϐηκεν
3332 2966 3454 3026 ὄνον
3506 2973 3763 3044 (servum

2104 3062 2217 3118 hoc
2247 3064 2513 3133 nomine)
2545 3061 2730 3138 σεφίας
2760 3061 3055 3136 ἀκροατήν.

2175 3152 2526 3208 Ammonius
2555 3151 2786 3216 Saccas,
2819 3151 3209 3223 philosophus
3243 3151 3399 3207 Alex.
3442 3168 3511 3207 ex
3559 3150 3764 3208 Chris-

2108 3241 2271 3297 tiano
2305 3241 2600 3311 ethnicus,
2635 3246 2785 3295 teste
2817 3239 3165 3312 Porphyrio.

2187 3330 2559 3397 Ammonius,
2593 3329 2892 3384 Ammonii
2922 3330 3006 3398 F.,
3041 3330 3370 3402 discipulus
3421 3329 3766 3400 Alexandri,

2103 3419 2495 3493 grammatici,
2532 3420 2632 3490 qui
2662 3418 2724 3473 in
2750 3418 2955 3475 schola
2979 3420 3302 3475 Aristarchi
3330 3435 3637 3475 successor
3652 3419 3768 3475 fuit

2104 3514 2240 3564 ante
2273 3508 2520 3580 Augusti
2552 3510 2692 3580 imp.
2730 3514 3019 3580 tempora.

2173 3598 2493 3669 Amphion,
2525 3598 2785 3668 antiquae
2818 3598 3060 3654 musicas
3090 3598 3384 3666 inventor,
3414 3599 3672 3655 Julianus
3703 3601 3767 3653 in

2102 3687 2275 3757 Epist.

2173 3781 2380 3843 Amus,
2410 3776 2735 3849 (Egyptius,
2767 3778 2829 3831 in
2854 3782 3056 3833 monte
3088 3777 3286 3832 Nitriae
3328 3779 3682 3834 monachus.

2172 3866 2553 3932 Anacharsis,
2588 3866 2764 3939 Gnyri
2798 3868 2882 3933 F.,
2917 3866 3133 3939 Scytha
3163 3866 3577 3939 philosophus,
3626 3866 3760 3921 fra-

2102 3963 2192 4014 ter
2214 3952 2453 4013 Καδουΐα
2478 3957 2738 4023 Οειςίυἰω,
2770 3959 3121 4030 Scytharum
3148 3976 3213 4014 re
3232 3960 3536 4031 gis,matre
3560 3960 3763 4015 Grmca

2101 4052 2298 4115 natus,
2333 4047 2573 4118 scripsit
2599 4043 2810 4117 νόμιμα
2837 4047 3063 4101 Κκυθῶν
3098 4044 3169 4100 δι’
3219 4045 3388 4115 ἐπῶν,
3438 4048 3504 4103 de
3553 4048 3765 4117 legibus

2102 4136 2374 4193 institutis
2403 4136 2737 4205 Scytharum
2769 4154 2937 4192 versu
2996 4138 3253 4193 heroico.
3309 4135 3436 4209 Περὶ
3487 4133 3765 4197 εὐτελείας

2100 4227 2208 4278 τῶν
2242 4222 2317 4284 εἷς
2373 4224 2463 4278 τὸν
2524 4223 2861 4297 ἀνθρώπινον
2922 4222 3064 4300 βίον,
3125 4228 3191 4281 de
3241 4227 3574 4296 frugalitate
3629 4228 3766 4283 vita?

2104 4316 2377 4383 humanm,
2403 4330 2617 4386 poema
2638 4315 2943 4370 heroicum
2962 4316 3228 4371 versibus
3252 4314 3445 4372 DCCC.
3469 4316 3764 4370 Ancoram

2105 4411 2164 4460 et
2190 4410 2383 4460 rotam
2440 4404 2708 4476 ﬁglinam
2765 4404 3015 4471 invenit,
3077 4404 3335 4476 vixitque
3392 4404 3765 4476 temporibus

2101 4493 2303 4559 Crcesi,
2338 4497 2450 4549 etc.

2171 4590 2507 4651 Anacreon,
2535 4583 2728 4648 Teius,
2764 4583 3005 4655 lyricus,
3040 4583 3305 4656 Scythini
3364 4582 3464 4654 (al.
3507 4582 3762 4651 Eumeli,

2013 4658 2398 4729 DParthenii
2450 4671 2542 4727 vel
2592 4672 2947 4745 Aristocriti)
3005 4673 3186 4739 filius,
3247 4673 3502 4728 dialecto
3564 4672 3768 4727 Ionica

2097 4763 2337 4834 scripsit
2365 4763 2587 4831 elegias,
2622 4760 2875 4836 παροίνια
2910 4759 3076 4834 μὲλη,
3134 4763 3251 4817 sive
3306 4765 3578 4826 carmina,
3636 4778 3766 4832 quae

2100 4855 2247 4907 inter
2272 4852 2479 4922 pocula
2508 4851 2898 4919 cantabantur,
2923 4859 2975 4907 et
3002 4853 3228 4919 iambos,
3263 4857 3321 4907 et
3360 4869 3493 4923 qua
3542 4867 3759 4907 vocan-

2102 4947 2199 4996 tur
2227 4942 2642 4997 Anacreontica.
2677 4940 2833 4996 Vixit
2860 4946 3128 5013 tempore
3170 4941 3517 5013 Polycratis,
3574 4941 3755 4996 Samii

2104 5031 2341 5102 tyranni
2372 5030 2533 5086 circa
2562 5028 2785 5102 olymp.
2818 5030 2882 5085 LI
2913 5030 3036 5100 (alii
3072 5031 3162 5085 LII
3209 5036 3471 5103 tempore
3516 5029 3648 5101 Cyri
3705 5033 3766 5085 et

2102 5119 2454 5192 Cambysce).
2486 5121 2599 5175 Teo
2622 5119 2830 5191 pulsus
2847 5120 2920 5174 ob
2945 5120 3168 5177 Histiaei
3194 5121 3549 5176 seditionem
3576 5117 3769 5174 Abde-

2107 5226 2176 5266 ra
2204 5209 2413 5265 urbem
2440 5210 2700 5265 Thracim
2732 5210 3024 5283 migravit.

2177 5299 2550 5367 Anastasius,
2588 5298 2984 5368 Silentiarius,
3023 5301 3166 5373 imp.
3196 5301 3532 5356 haereticus.

2179 5394 2582 5460 Anaxagoras,
2606 5390 2875 5461 sophista
2895 5390 2976 5460 (id
3000 5395 3089 5445 est
3116 5388 3555 5462 philosophus.)
3580 5388 3764 5459 Hege-

2107 5476 3263 5552 sibuliF.Clazomenius,cognominatus
3284 5480 3409 5539 νοῦς
3446 5476 3564 5533 sive
3595 5479 3769 5542 Mens,

2109 5662 2167 5713 et
2190 5656 2398 5713 laudes
2430 5656 2654 5714 diserta
2685 5658 2953 5714 oratione
2974 5657 3274 5715 decoravit
3291 5653 3598 5712 Aristides.
3624 5653 3769 5709 Vide

2109 5746 2239 5800 qum
2273 5730 2344 5783 de
2377 5731 2487 5783 hoc
2512 5731 2753 5801 juniore
2778 5730 3112 5786 Alexandro
3137 5731 3254 5785 dixi
3290 5729 3391 5783 lib.
3429 5745 3501 5795 ιν,
3523 5743 3648 5798 cap.
3677 5727 3765 5778 37.

2110 5804 2263 5872 [pag
2311 5805 2374 5855 17
2407 5818 2497 5870 sq.
2528 5803 2588 5855 in
2621 5802 2732 5857 hoc
2764 5802 2903 5873 vol.]
