4110 6434
315 409 469 472 1221

1640 411 1744 473 DE
1786 410 2077 482 QUIBUS
2123 409 2404 473 SUlDAS

3593 416 3616 473 1
3632 417 3746 476 222

319 542 612 599 Periclem
644 542 785 598 licet
806 560 998 599 causa;
1022 559 1144 598 suae
1174 547 1384 599 nactus
1401 546 1719 616 patronum
1736 541 1983 599 Athenis
2011 550 2068 616 Α
2097 541 2201 597 sed
2233 542 2395 598 illius
2425 548 2482 598 et
2510 542 2883 600 Stesimbroti
2914 544 3186 601 auditor:
3218 545 3363 601 vixit
3381 551 3521 602 ante
3550 545 3746 603 Plato-

321 632 550 704 pulsus,
587 632 894 705 Lampsaci
926 631 1104 689 vitam
1138 632 1328 687 ﬁnivit
1350 632 1572 701 inedia,
1606 638 1717 687 etc.
1742 631 1872 687 vide
1895 631 1988 685 in-

322 721 415 777 {ra
458 719 840 782 Απολλώνιος.

390 810 865 880 Anaxandrides,
896 812 1340 880 AnaxandriF.,
1375 828 1405 867 e
1437 811 1669 867 Camiro
1694 808 1986 885 Rhodius,

321 902 434 970 vel,
469 908 535 957 ut
563 902 688 970 alii,
721 902 1144 974 Colophonius,
1177 901 1337 956 ludis
1368 901 1625 973 Philippi
1649 899 1984 956 Macedonis

322 990 547 1063 olymp.
588 994 709 1054 101,
743 990 1035 1059 interfuit,
1069 991 1420 1063 scripsitque
1471 990 1791 1046 comoedias
1824 989 1983 1056 LXV,

320 1096 396 1135 ex
430 1081 646 1152 quibus
679 1080 897 1137 vicitX.
919 1082 1153 1137 Primus
1183 1097 1418 1138 amores
1440 1080 1500 1135 in
1534 1096 1775 1137 scenam
1799 1079 1985 1135 intro-

321 1169 508 1225 duxit.

399 1260 701 1331 Anaxilas,
736 1260 998 1316 comicus
1028 1266 1223 1333 poeta.

398 1349 864 1417 Anaximander,
882 1350 1184 1406 Praxiadaa
1201 1350 1285 1418 F.,
1307 1348 1569 1404 Milesius
1592 1348 1985 1421 phiIOSOphus

333 1446 640 1513 cognatus,
674 1440 1004 1513 discipulus
1027 1445 1085 1495 et
1112 1457 1421 1497 successor
1448 1438 1728 1495 Thaletis.
1750 1439 1986 1494 Primus

325 1529 752 1599 aequinoctium
779 1530 1004 1585 invenit
1036 1572 1050 1598 ,
1084 1535 1142 1584 et
1172 1529 1428 1585 solstitia
1458 1534 1517 1584 et
1540 1527 1846 1601 horologia
1881 1572 1897 1596 ,
1927 1532 1987 1583 et

322 1622 546 1673 terram
579 1618 639 1673 in
698 1619 895 1675 medio
959 1618 1168 1675 mundi
1218 1620 1391 1674 sitam
1452 1635 1603 1674 esse.
1658 1618 2021 1673 Cnomonis-

320 1708 505 1762 etiam
544 1726 717 1764 usum
774 1709 1126 1776 introduxit,
1160 1715 1218 1764 et
1265 1706 1601 1783 γεωμετρίας
1636 1704 1981 1761 ὑποτύπωσιν

323 1790 547 1868 ἔδειξεν,
590 1798 932 1872 geometria)
976 1798 1413 1853 institutionem
1444 1797 1704 1853 tradidit.
1741 1797 1988 1869 Scripsit

322 1884 453 1961 περί
499 1885 733 1964 φύσεως,
784 1888 851 1943 de
901 1896 1107 1943 natura
1150 1905 1331 1943 rerum
1365 1904 1383 1941 :
1410 1892 1513 1961 γῆς
1544 1882 1813 1960 περίοδον,
1865 1887 1983 1942 des-

332 1976 667 2046 criptionem
700 1983 886 2046 terrae,
927 1976 1051 2052 περί
1083 1979 1194 2030 τῶν
1224 1974 1482 2030 ἀπλανῶν
1513 1974 1601 2029 καὶ
1644 1980 1893 2052 σφαῖραν,
1927 1976 1993 2031 de

324 2065 431 2121 stet
462 2064 528 2120 (is
557 2066 688 2134 ﬁxis
719 2071 777 2120 et
805 2066 1115 2136 sphaeram,
1149 2066 1407 2137 aliaque.

402 2156 859 2227 Anaximander,
885 2155 1310 2213 Anaximandri
1336 2157 1419 2225 F.,
1454 2156 1735 2224 Milesius,
1762 2156 1989 2229 junior,

325 2247 671 2316 historicus,
697 2247 1068 2320 temporibus
1088 2247 1429 2303 Artaxerxis
1455 2247 1811 2303 Mnemonis.
1837 2245 1992 2301 Scri-

327 2336 409 2392 sit
470 2329 768 2409 συμϐὁλων
827 2334 1206 2411 Ποθειγορείων
1287 2334 1566 2411 ἐξήγησιν,
1626 2336 1991 2407 symbolarum

325 2427 830 2497 Pythagoricorum
864 2426 1395 2498 interpretationem.

404 2517 826 2586 Anaximenes,
860 2518 1114 2572 Eustrati
1149 2518 1235 2586 F.,
1268 2516 1551 2584 Milesius,
1576 2516 1990 2588 philosophus,

335 2605 664 2677 discipulus
692 2612 750 2661 et
783 2623 1093 2662 successor
1148 2604 1599 2672 Anaximandri,
1649 2604 1879 2671 Milesii,
1902 2604 1993 2660 vel

335 2702 402 2751 ut
429 2696 550 2765 alii,
575 2696 967 2751 Parmenidis.
996 2696 1147 2750 Vixit
1172 2695 1510 2767 Olympiade
1532 2696 1637 2750 LV.
1667 2710 1784 2765 qua
1809 2696 1993 2765 Cyrus

325 2785 590 2841 Croesum
623 2802 817 2857 regno
851 2786 1031 2841 exuit.

408 2875 827 2941 Anaximenes,
855 2873 1165 2929 Arictoclis
1198 2875 1283 2942 F.,
1314 2875 1771 2944 Lampsacenus,
1796 2876 1996 2928 orator

325 2966 388 3017 et
419 2963 749 3035 discipulus
786 2963 1062 3036 Diogenis
1095 2962 1293 3031 Canis,
1329 2969 1388 3017 et
1418 2963 1584 3032 Zoili,
1619 2961 1995 3034 Amphipoli-

324 3052 472 3119 tani,
506 3053 901 3125 grammatici,
928 3058 1258 3124 praeceptor
1280 3052 1598 3108 Alexandri
1635 3051 1991 3108 Macedonis.

322 3158 360 3197 a
387 3159 505 3213 quo
553 3143 758 3214 patria)
811 3160 932 3197 sua;
967 3142 1202 3197 veniam
1229 3147 1286 3197 et
1338 3142 1591 3197 salutem
1636 3141 1990 3212 impetravit.

2099 648 2255 687 nem.
2291 632 2345 705 (ν
2382 634 2615 689 Kﬁsteri
2646 634 2798 707 not.)

2170 722 2570 792 Antimachus,
2607 724 3079 797 Heliopolitanus
3115 727 3439 799 Egyptius,
3474 728 3574 799 qui
3609 727 3750 783 scri-

2099 810 2217 880 psit
2244 807 2624 882 Κοσμοποιΐαν
2650 813 2917 869 versibus
2948 814 3200 871 heroicis
3240 818 3400 871 3780.

2168 900 2575 971 Antimachus,
2594 908 2766 975 poeta
2793 904 3062 971 melicus,
3086 903 3277 960 dictus
3289 903 3477 978 ψεκὰς,
3496 906 3744 978 perinde

2097 992 2165 1042 ut
2192 991 2301 1059 (52)
2330 991 2672 1063 Olympicus
2717 993 2981 1063 quidam,
3036 994 3195 1064 quod
3252 995 3577 1066 discipulos
3608 1014 3746 1051 suos

2096 1077 2253 1133 inter
2284 1079 2699 1136 disserendum
2730 1090 3149 1154 conspergeret
3178 1100 3245 1139 ac
3276 1085 3555 1140 minutim
3581 1102 3750 1141 cons-

2097 1174 2324 1239 pueret.
2349 1170 2658 1226 Decretum
2674 1171 2831 1240 fecit,
2852 1172 3155 1228 neminem
3177 1173 3238 1228 in
3270 1190 3448 1230 scena
3474 1174 3748 1230 nomina—

2097 1258 2203 1311 tim
2234 1274 2269 1313 a
2298 1260 2543 1315 comicis
2573 1262 3115 1335 perstringendum.
3146 1263 3437 1335 [Quinque
3486 1266 3747 1319 Antima-

2096 1347 2224 1403 chas
2254 1348 2463 1405 Suidas
2493 1350 2784 1407 nominat.
2810 1356 2850 1406 t.
2883 1353 2925 1421 Ι,
2958 1368 3089 1424 pag.
3114 1355 3239 1423 2'25,
3272 1353 3370 1407 ubi
3403 1370 3451 1408 ν.
3487 1355 3746 1423 Kﬁster.|

2167 1439 2516 1509 Antiochus,
2539 1441 2707 1509 Cilix,
2736 1442 3021 1515 Cynicum
3045 1458 3106 1497 se
3129 1441 3548 1514 philosophum
3573 1444 3751 1498 simu-

2096 1529 2228 1585 lans
2260 1536 2319 1585 et
2373 1531 2724 1588 homoribus
2756 1539 2964 1589 auctus
2995 1550 3030 1589 a
3062 1534 3271 1589 Severo
3305 1540 3362 1588 et
3392 1535 3645 1589 Antonio
3678 1534 3752 1590 ad

2095 1619 2436 1686 Tiridatem,
2473 1627 2533 1677 et
2561 1639 2694 1677 cum
2728 1639 2797 1677 eo
2830 1622 2903 1678 ad
2941 1623 3190 1678 Parthos
3221 1623 3573 1694 transfugit;
3618 1624 3754 1678 hinc

2096 1708 2124 1762 ὁ
2156 1705 2513 1781 Αὐτὸμολος,
2546 1714 2859 1781 transfuga,
2891 1711 3085 1767 dictus
3109 1718 3218 1768 est.

2163 1798 2494 1870 Antipater,
2526 1800 2711 1855 Joalai
2746 1800 2804 1855 F.
2839 1800 3167 1872 discipulus
3202 1799 3757 1866 Aristotelis,‘Alex-

2021 1914 2071 1980 Β
2100 1886 2271 1980 andri
2308 1888 2380 1980 Μ.
2417 1889 2534 1943 dux
2580 1894 2653 1980 et
2701 1889 3046 1980 deinderex
3083 1889 3757 1980 Macedoniae_;_reliquit

2099 1976 2499 2048 Epistolarum
2531 1974 2865 2051 σύγγραμμα
2888 1978 3056 2033 libris
3089 1976 3341 2046 duobus,
3368 1982 3425 2031 et
3446 1977 3756 2033 historiam

2098 2066 2196 2127 τὰς
2226 2062 2533 2139 Περδίκκου
2561 2065 2781 2141 πράξεις
2812 2063 3147 2142 Ἰλλυρικάς.

2174 2156 2502 2228 Antipater,
2537 2156 2761 2212 Nicolai
2819 2156 3189 2225 Damasceni,
3249 2156 3539 2223 historici,
3570 2160 3759 2228 pater,

2104 2245 2468 2300 Stratonices
2499 2246 2770 2315 maritus,
2803 2245 3145 2317 eloquentia
3175 2243 3458 2316 pollebat,
3493 2261 3611 2316 qua
3652 2262 3756 2301 ne-

2102 2334 2328 2389 minem
2364 2336 2540 2407 laesit,
2575 2335 2782 2407 patria:
2817 2341 2876 2390 et
2904 2335 3131 2390 civibus
3160 2334 3400 2406 profuit.

2176 2422 2564 2495 Antiphanes,
2619 2422 3022 2489 Atheniensis,
3082 2422 3365 2490 comicus,
3409 2422 3617 2495 junior
3646 2423 3757 2477 Pa-

2103 2513 2304 2568 naatio.

2173 2616 2543 2689 Antiphanes
2573 2616 2895 2689 Carystius,
2927 2617 3102 2673 Trani
3157 2618 3243 2683 F.,
3277 2616 3609 2690 Thespidis,
3641 2623 3758 2672 tra-

2100 2706 2234 2779 gici,
2263 2716 2549 2778 tempore,
2584 2708 2850 2762 comicus
2881 2707 3206 2777 antiquior.

2172 2798 2565 2869 Antiphanes,
2599 2797 3001 2869 Demophanis
3031 2797 3122 2851 vel
3154 2798 3434 2868 Stephani
3467 2799 3527 2853 F.
3556 2798 3761 2869 Smyr-

2102 2904 2290 2953 naaus,
2317 2886 2427 2953 vel,
2448 2902 2517 2940 ex
2540 2886 2803 2957 Dionysii
2828 2886 3149 2953 sententia,
3184 2886 3472 2954 Rhodius,
3497 2887 3760 2943 comicus

2104 2975 2316 3032 medim
2339 2975 2664 3043 comcedizn;
2683 2992 2755 3030 ex
2785 2975 3065 3030 servitute
3096 2976 3522 3042 manumissus,
3546 2975 3765 3031 claruit

2103 3066 2261 3120 circa
2311 3064 2531 3135 olymp.
2576 3064 2764 3131 XCIII,
2824 3064 3064 3136 scripsit
3101 3064 3421 3119 comoedias
3451 3065 3750 3122 CCCLXV.

2102 3154 2195 3210 vel
2223 3159 2281 3209 et
2310 3155 2411 3209 alii
2435 3153 2739 3221 CCLXXX,
2772 3153 3028 3224 vicitque
3058 3153 3257 3209 decies
3284 3159 3392 3209 ter.
3419 3153 3634 3209 Filium
3653 3155 3751 3211 hae

331 3233 712 3342 Τιιξοςρωρο
746 3232 813 3332 in_
838 3232 1042 3342 odiufn
1086 3231 1437 3342 adduffindq
1492 3230 1998 3342 ιώτιιῐξιῐνιιιεςξινίι
2026 3275 2070 3342 C
2108 3244 2238 3299 buit
2266 3244 2633 3315 Stephanum
2682 3243 2997 3309 comicum;
3031 3243 3180 3298 obiit
3217 3244 3279 3298 in
3303 3244 3427 3312 Cio,
3459 3245 3586 3315 piro
3610 3245 3761 3300 forte

329 3321 441 3377 sub
464 3321 622 3376 ulius
654 3322 897 3377 nomine
920 3321 1203 3377 adversus
1226 3320 1621 3375 Athenienses
1645 3326 1705 3376 et
1726 3319 1995 3375 Lacedae-

333 3412 591 3479 monios,
653 3410 967 3485 συγγραφήν
1001 3406 1256 3484 λοίδορον
1309 3406 1361 3471 ἐς
1390 3410 1452 3463 τὸ
1484 3402 1868 3482 ἀκριϐέστατον
1902 3429 1996 3481 μι-

345 3498 663 3572 μησάμενος
696 3543 709 3568 ,
772 3501 1158 3556 historiarum
1222 3500 1585 3571 Theopompi
1637 3499 1996 3555 maledicum

331 3589 555 3661 stylum
587 3595 864 3646 accurate
894 3591 1183 3646 imitatus.

406 3678 756 3751 Andocides,
787 3680 1194 3748 Atheniensis,
1220 3679 1461 3752 Leogori
1493 3679 1576 3748 F.,
1610 3696 1765 3735 unus
1797 3696 1868 3734 ex
1899 3679 1997 3733 de-

330 3785 462 3825 cem
495 3769 854 3837 oratoribus,
896 3786 1083 3842 genus
1115 3768 1341 3824 ducens
1371 3768 1794 3838 aTelemacho,
1834 3768 1994 3840 Ulys-

338 3858 421 3913 sis
454 3858 578 3913 filio
612 3863 671 3913 et
699 3859 1009 3927 Nausicaa,
1044 3863 1107 3914 ut
1140 3858 1319 3912 tradit
1349 3857 1711 3913 Hellanicus.

407 3947 777 4015 Adroclides,
841 3947 1068 4020 Synesii
1127 3947 1268 4019 Lydi
1327 3946 1874 4019 Philadelphiensis
1904 3948 1991 4015 F.,

337 4042 606 4109 tempore
656 4038 989 4109 Porphyrii,
1052 4037 1414 4110 philosophi,
1477 4038 1697 4107 docuit,
1740 4039 1990 4110 ejusque

339 4129 617 4184 meminit
646 4130 707 4184 in
742 4130 1007 4185 oratione
1041 4130 1106 4185 de
1135 4132 1221 4184 sui
1253 4131 1509 4201 temporis
1540 4132 1870 4186 doctoribus.

412 4218 862 4274 Andromachus
894 4236 964 4274 ex
991 4218 1233 4291 Neapoli
1267 4218 1468 4291 Syriae,
1503 4220 1787 4292 sophista,
1821 4221 1993 4276 Zonae

339 4307 432 4362 vel
461 4307 664 4363 Sabini
697 4308 756 4365 F.
794 4308 995 4363 docuit
1053 4307 1409 4363 Nicomedia:
1459 4309 1826 4380 temporibus
1858 4309 1990 4365 Dio-

338 4397 581 4453 cletiani
614 4398 756 4469 imp.

410 4486 760 4559 Androtion,
794 4488 1094 4542 Andronis
1141 4487 1299 4543 filius
1358 4488 1763 4558 Atheniensis,
1795 4495 1996 4547 orator

334 4581 394 4631 et
414 4576 793 4649 demagogus,
826 4580 1103 4632 Isocratis
1134 4576 1483 4647 discipulus.

405 4668 711 4737 Angelius,
748 4668 1017 4723 Valentis
1049 4672 1314 4739 tempore
1347 4668 1662 4740 episcopus
1679 4671 1850 4727 CPol.

333 4758 672 4824 Anniceris,
706 4762 913 4813 auctor
941 4763 1115 4812 secta)
1146 4757 1506 4825 Anniceriaa,
1533 4763 1797 4830 tempore
1830 4760 1996 4817 Alex-

337 4846 515 4902 andri
543 4848 612 4901 M.
648 4848 987 4919 Cyrenaeus,
1020 4846 1414 4917 philosophus
1438 4847 1751 4918 epicureus
1781 4849 1993 4919 factus,

336 4940 397 4990 et
420 4935 470 4990 si
503 4935 807 4991 Parabatee
860 4935 1072 4991 fuisset
1128 4935 1480 5008 discipulus,
1532 4937 1635 5008 qui
1692 4939 1998 4997 audiverat

332 5023 725 5097 Aristippum.
750 5027 955 5081 Frater
973 5025 1353 5082 Anniceridis
1383 5024 1703 5095 Nicoteles,
1731 5028 1999 5100 philoso-

338 5114 517 5186 phus.
552 5115 888 5186 Discipulus
921 5115 1193 5183 celebris,
1225 5114 1601 5172 Posidonius.

412 5206 818 5279 Antigenides,
854 5206 1043 5277 Satyri
1075 5208 1159 5273 F.,
1192 5205 1505 5261 Thebanus
1536 5207 1822 5277 musicus,
1856 5209 1994 5265 tibi-

337 5312 450 5350 cen
494 5295 822 5351 Philoxeni.
875 5295 1122 5366 Scripsit
1186 5290 1353 5365 μέλη,
1408 5298 1658 5351 carmina
1714 5298 1996 5368 (modulis

332 5385 598 5441 animata
630 5384 919 5455 musicis.)

401 5473 815 5541 Antimachus,
870 5473 1297 5545 Colophonius,
1358 5474 1650 5547 Hyparchi
1681 5476 1765 5544 F.,
1798 5493 1994 5550 gram-

326 5564 588 5620 maticus
636 5570 696 5619 et
722 5568 916 5634 poeta.
950 5561 1281 5635 Panysidis,
1316 5569 1528 5635 poetae,
1591 5582 1712 5622 non
1766 5584 1990 5642 servus,

2028 4633 2075 4697 D

2110 3350 2452 3405 percussus,
2486 3350 2643 3388 anno
2675 3333 2865 3388 astatis
2898 3333 3136 3388 LXXIV.

2174 3424 2495 3495 Antiphon,
2524 3422 2925 3489 Atheniensis,
2985 3419 3410 3494 τερατοσκόπος,
3460 3424 3760 3496 prodigio-

2104 3530 2237 3568 rum
2279 3514 2605 3585 conjector,
2638 3519 2811 3585 poeta
2860 3512 3063 3583 epicus
3095 3517 3154 3567 et
3209 3512 3514 3584 sophista:
3565 3513 3759 3568 dictus

2105 3600 2513 3677 λογομάγειρος
2543 3603 2713 3674 quasi
2742 3618 3052 3657 sermonum
3071 3618 3302 3672 coquum
3325 3601 3563 3658 dixeris.
3589 3604 3763 3656 Eum-

2105 3692 2241 3747 dem
2272 3708 2401 3747 esse
2430 3697 2595 3764 puto,
2629 3708 2806 3763 quem
2836 3690 3012 3762 paulo
3057 3696 3191 3763 post
3220 3688 3591 3764 ὀνειροκρίτῃν
3626 3692 3759 3745 Sui-

2105 3782 2210 3836 das
2236 3786 2406 3836 vocat
2457 3786 2516 3837 et
2569 3780 2694 3855 περὶ
2725 3779 2961 3853 κρίσεως
3019 3777 3244 3850 ὀνείρων
3305 3781 3371 3835 de
3426 3782 3761 3836 somniorum

2097 3871 2339 3940 judiciis
2370 3870 2453 3926 ait
2483 3871 2815 3942 scripsisse.

2176 3960 2503 4032 Antiphon,
2526 3961 2750 4032 Sophili
2774 3962 2857 4031 F.,
2879 3961 3281 4031 Atheniensis,
3307 3960 3527 4032 populo
3549 3961 3767 4017 Rham-

2106 4050 2339 4120 nusius,
2367 4051 2717 4123 cognomine
2750 4053 2978 4120 Nestor,
3013 4056 3149 4124 post
3165 4049 3436 4122 Gorgiam
3457 4050 3519 4105 in
3538 4050 3757 4106 forensi

2105 4139 2338 4195 dicendi
2371 4156 2586 4212 genere
2620 4140 2918 4208 excelluit,
2954 4139 3235 4213 magister
3264 4138 3644 4210 Thucydidis.
3678 4140 3757 4210 [v.

2108 4229 2340 4284 Kiisteri
2373 4230 2523 4301 not.]

2180 4314 2579 4387 Antisthenes,
2631 4326 2796 4391 patre
2842 4319 3213 4391 cognomine,
3253 4317 3657 4386 Atheniensis,
3688 4334 3761 4372 ex

2107 4414 2339 4464 oratore
2371 4409 2762 4480 philosophus
2794 4409 3147 4477 Socraticus,
3180 4407 3605 4479 Peripateticus
3634 4408 3762 4478 pri-

2106 4516 2273 4553 mum
2305 4497 2520 4566 dictus,
2554 4499 2770 4553 deinde
2820 4499 2881 4554 in
2912 4499 3245 4571 Cynosarge
3298 4496 3500 4552 doCuit
3528 4497 3761 4567 Cynicae

2109 4595 2282 4645 secta:
2316 4590 2614 4661 princeps,
2649 4589 2944 4662 Diogenis,
2966 4589 3191 4661 Cynici,
3220 4594 3572 4660 praeceptor.
3605 4588 3758 4642 Scri-

2108 4678 2187 4733 sit
2216 4684 2407 4734 tomos
2436 4679 2501 4746 X,
2545 4678 2807 4750 primum
2864 4680 3181 4750 magicum,
3213 4678 3277 4732 in
3309 4694 3425 4749 quo
3457 4683 3663 4732 narrat
3689 4676 3762 4731 de

2108 4769 2413 4825 Zoroastre
2447 4813 2462 4839 ,
2510 4767 2819 4839 sapientia:
2870 4773 3194 4840 repertore.
3246 4768 3412 4823 Hunc
3460 4766 3765 4823 Aristoteli

2110 4857 2373 4929 quidam,
2409 4856 2509 4913 alii
2542 4856 2837 4912 Rhodioni
2873 4856 3160 4913 tribuunt.

2181 4940 2484 5013 Antonius,
2507 4945 2967 5010 Alexandrinus,
2987 4946 3148 5001 Gazae
3170 4950 3229 5001 et
3258 4945 3519 5018 Byzantii
3551 4960 3760 5001 causas

2108 5037 2247 5109 egit,
2279 5035 2470 5092 sacria
2498 5035 2720 5107 alioqui
2750 5035 3008 5090 maxime
3054 5035 3312 5103 deditus,
3344 5034 3427 5089 ita
3456 5039 3523 5089 ut
3553 5035 3760 5090 Gazam

2107 5123 2385 5180 redderet
2416 5123 2868 5195 religiosiorem.

2175 5219 2430 5286 Anytus,
2454 5212 2870 5268 Anthemionis
2891 5213 2978 5283 F.,
3006 5211 3408 5280 Atheniensis,
3432 5217 3650 5267 orator.

2175 5304 2436 5376 Apelles,
2466 5302 2886 5373 Colophonius.
2910 5301 3104 5372 Pythii
3136 5302 3222 5373 F.,
3255 5300 3492 5373 Ephori,
3524 5301 3761 5372 Ephesii

2106 5399 2166 5449 et
2195 5388 2514 5464 Pamphili,
2542 5389 3039 5463 Amphipolitani,
3073 5389 3419 5461 discipulus,
3453 5390 3645 5461 pictor
3666 5406 3762 5445 ce-

2106 5484 2312 5554 lebris,
2338 5482 2412 5539 ad
2444 5480 2718 5553 Ephesiis
2752 5479 2983 5535 civitate
3023 5480 3300 5552 donatus,
3326 5479 3511 5536 frater
3539 5480 3763 5536 Ctesio-

2105 5574 2221 5643 chi,
2256 5571 2525 5646 pictoris,

403 5734 513 5805 (52)
540 5739 623 5789 tta
651 5731 894 5795 Ψεκαδες
927 5735 1067 5791 dicti
1097 5735 1415 5793 recentiori
1447 5740 1634 5792 aataete
1665 5738 1920 5796 Atciatus
1951 5746 2008 5798 et
2030 5742 2333 5800 Malherba.
