4110 6430
400 438 558 504 1223

1699 442 1942 507 INDEX
1988 436 2496 506 SCRIPTORUM

3657 449 3679 505 1
3695 448 3808 507 224

470 577 854 647 Apelliconis,
881 578 1024 649 Teii,
1056 574 1421 636 bibliotheca
1449 594 1483 634 a
1514 578 1673 651 Sylla
1703 580 1766 634 in
1798 583 2053 651 potesta-
2081 580 2132 646 Α
2168 577 2361 631 «tium
2376 576 2661 632 orationis
2684 575 2867 632 libros
2886 576 3046 648 IV.3)
3066 580 3146 632 De
3167 576 3343 632 verbo
3357 578 3475 633 sive
3489 574 3807 651 ῥηματικὸν,

398 671 518 721 tem
551 666 806 721 redacta.

468 756 796 827 Aphareus,
832 757 1217 813 Atheniensis
1248 762 1468 827 orator,
1501 759 1663 813 ﬁlius
1693 759 1940 830 Hippia»,
1966 775 2053 813 so-

396 845 632 915 phistae,
666 850 724 900 et
752 845 1047 912 Platanes,
1080 848 1356 902 Isocratis
1386 848 1687 921 privignus
1715 845 2048 923 (πρόγονος),

397 934 592 989 clarus
624 935 781 990 circa
801 935 1203 1008 Olympiadem
1232 938 1397 1005 XCV,
1447 938 1677 1006 eodem,
1713 954 1828 1009 quo
1858 938 2047 1006 Plato,

390 1027 679 1095 tempore.

461 1114 765 1185 Appianus
798 1114 916 1170 sive
947 1116 1213 1187 'Apiauus
1239 1117 1480 1189 scripsit
1502 1120 1828 1174 Romanam
1859 1116 2045 1172 histo-

386 1203 562 1272 riam,
618 1202 717 1271 τὴν
779 1200 1128 1276 καλουμένην
1221 1201 1647 1281 βασιλικὴν.....
1703 1203 2046 1278 Ῥωμαϊκοὺς

383 1288 582 1367 λόγους
619 1289 773 1346 ἐννέα
807 1299 919 1350 etc.

406 1364 409 1371 ’
458 1364 530 1436 Μ.
557 1383 823 1454 Apicius,
859 1389 970 1439 etc.

450 1474 662 1542 Apion,
695 1473 1040 1529 Plistonicis
1097 1476 1182 1546 F.,
1245 1481 1646 1549 cognomento
1707 1476 2039 1544 Morhthus,

388 1562 701 1633 :Egyptius,
737 1564 857 1617 sive
889 1564 1206 1633 Cretensis,
1239 1567 1687 1639 grammaticus,
1708 1567 2039 1639 discipulus

385 1651 707 1720 Apollonii,
742 1652 1003 1707 Archibii
1027 1660 1084 1708 et
1103 1656 1527 1726 Euphranoris,
1546 1658 1888 1713 centenario
1915 1674 2038 1712 ma-

365 1739 544 1811 joris,
580 1746 637 1794 et
665 1740 920 1811 Didymi.
955 1743 1165 1798 Docuit
1228 1744 1427 1800 Romaa
1471 1746 1690 1801 Tiberii
1723 1753 1780 1802 et
1808 1745 2037 1801 Claudii

373 1834 583 1894 astate,
647 1847 955 1886 successor
1017 1833 1275 1890 Theonis
1332 1835 1730 1907 grammatici,
1790 1835 2037 1907 mqualis

2162 686 2189 715 «
2213 664 2385 720 libris
2412 666 2476 719 V.
2501 666 2556 737 4)
2579 667 2659 720 De
2686 665 2878 721 verbis
2901 664 3178 721 derivatis
3200 666 3260 720 in
3285 686 3346 736 μι
3381 666 3807 725 desinentibus.

2161 776 2189 805 ‹‹
2215 757 2265 815 5)
2294 756 2372 810 De
2405 755 2750 811 nominibus
2777 756 2898 811 sive
2921 754 3260 826 ὁνοματικόν.
3295 759 3350 823 6)
3373 757 3452 811 De
3475 758 3810 813 nominibus

2157 865 2185 893 «
2205 861 2311 915 per
2326 845 2516 900 varias
2536 845 2843 901 dialectos.
2871 849 2926 913 7)
2951 846 3029 900 De
3054 846 3364 900 nominum
3388 846 3809 902 femininorum

2158 954 2187 983 ‹‹
2222 950 2361 989 casu
2392 940 2573 989 recto.
2610 936 2661 1005 8)
2689 936 2764 989 De
2803 934 3167 1006 paronymis.
3192 936 3246 1006 9)
3275 935 3356 990 De
3377 935 3804 1006 comparatisis.

2156 1043 2185 1073 ‹‹
2212 1025 2298 1092 10)
2334 1023 2686 1079 Dedialectis
2709 1025 2938 1092 Dorica,
2971 1025 3192 1089 Ionica,
3214 1024 3459 1093 Eolica,
3489 1026 3699 1080 Attica.
3724 1027 3807 1097 11)

2156 1132 2185 1161 ‹‹
2218 1110 2299 1166 De
2331 1111 2535 1184 ﬁguris
2567 1114 2913 1169 Homericis.
2946 1115 3029 1185 12)
3050 1112 3174 1186 περὶ
3198 1108 3640 1186 κατεψευσμένης
3665 1113 3805 1168 ἱστο-

2155 1223 2183 1251 ‹‹
2210 1201 2353 1276 ρίας,
2384 1203 2457 1258 de
2488 1203 2739 1259 historia
2769 1205 3198 1260 commentitia.
3240 1205 3324 1276 13)
3370 1205 3451 1259 De
3482 1205 3805 1260 affectioni-

2156 1313 2185 1341 «
2209 1291 2344 1359 bus,
2363 1291 2489 1366 περὶ
2512 1292 2720 1350 παθῶν.
2751 1294 2836 1367 14)
2859 1291 2982 1368 περὶ
3003 1291 3175 1347 τόνων
3204 1291 3800 1368 κατηναγκασμμὲνων,

2156 1402 2178 1433 ι
2207 1381 2278 1437 de
2300 1383 2457 1438 tonis
2490 1384 2709 1440 coactis
2755 1383 2942 1440 libros
2968 1384 3137 1441 duos.
3193 1387 3279 1455 15)
3302 1382 3430 1459 περὶ
3459 1382 3634 1437 τόνων
3680 1404 3801 1437 σκο-

2156 1490 2179 1519 σ
2210 1466 2366 1535 λιῶν,
2401 1472 2472 1529 de
2496 1474 2653 1529 tonis
2680 1473 2958 1545 obliquis.
2986 1476 3072 1545 16)
3092 1473 3216 1548 περὶ
3238 1469 3595 1547 προσῳδιῶν,
3622 1472 3692 1528 de
3713 1490 3804 1529 ac-

2150 1580 2179 1609 ‹‹
2211 1561 2489 1617 censibus
2506 1561 2688 1617 libros
2715 1564 2776 1617 V.
2799 1565 2887 1636 17)
2909 1566 3032 1635 περὶ
3055 1560 3372 1636 στοιχείων,
3403 1561 3476 1618 de
3499 1562 3801 1618 elementis

2147 1670 2175 1698 ‹‹
2210 1649 2330 1704 sive
2348 1649 2583 1705 litteris.
2620 1653 2705 1721 18)
2738 1652 2817 1707 De
2848 1652 3400 1724 praepositionibus.
3429 1652 3518 1724 19)
3549 1649 3671 1725 περί
3698 1654 3798 1704 τῶν

2147 1760 2175 1787 α
2204 1733 2455 1810 Λιδῦμου
2477 1742 2745 1805 πιθανῶν,
2771 1740 2845 1796 de
2867 1741 3101 1813 Didymi
3138 1741 3575 1813 probabilibus.
3612 1740 3699 1812 20)
3727 1741 3800 1798 De

2149 1849 2175 1877 «
2212 1828 2665 1899 compositione.
2690 1831 2777 1896 2t)
2804 1831 2881 1885 De
2906 1831 3000 1901 iis,
3033 1847 3165 1902 quin
3188 1829 3425 1886 duobus
3449 1829 3641 1885 modis
3670 1832 3799 1885 eﬂ'e-

372 1918 634 1989 Dionysii
672 1921 1129 1978 Halicarnassei.
1160 1924 1409 1996 Scripsit
1437 1923 1681 1999 ἱστορίαν
1734 1925 1850 1979 κατ’
1883 1921 2027 1986 ἔθνος

2154 1938 2175 1966 ι(
2200 1923 2429 1972 runtur.
2457 1918 2550 1990 22)
2582 1919 2662 1974 De
2691 1919 2900 1975 vocula
2927 1938 3028 1979 τις.
3060 1918 3156 1991 23)
3214 1920 3295 1975 De
3337 1919 3680 2015 generibus.
3712 1919 3799 2015 24)

373 2006 660 2064 historiam
687 2012 751 2065 de
778 2014 1017 2081 singulis
1055 2015 1328 2084 gentibus.
1361 2015 1618 2087 aliaque.

444 2099 837 2169 Apollinaris,
872 2102 1260 2171 Laodicenus,
1305 2109 1573 2177 tempore
1625 2106 1956 2161 Constantii
1978 2111 2038 2162 et

372 2186 612 2255 Juliani,
646 2189 975 2254 Parabataa,
1037 2192 1485 2263 grammaticus,
1545 2192 1938 2264 philosophus
1978 2199 2038 2248 et

367 2282 562 2347 poeta,
612 2278 853 2349 scripsit
911 2287 1105 2335 contra
1159 2281 1535 2351 Porphyrium
1580 2282 1745 2337 libros
1774 2281 1943 2350 XXX,
1978 2287 2037 2336 et

370 2364 641 2419 versibus
672 2366 889 2420 Graacis
946 2367 1205 2423 heroicis
1262 2371 1434 2422 πᾶσαν
1494 2369 1594 2436 τήν
1625 2373 1733 2423 τῶν
1766 2364 2031 2445 Ἐϐραίων

370 2452 613 2527 γραφήν,
666 2458 853 2509 totum
888 2456 1066 2510 Vetus
1095 2458 1538 2514 Testamentum
1587 2459 1864 2515 reddidit.
1898 2460 2032 2532 Epi-

388 2540 572 2595 stolas
604 2541 748 2597 item
780 2542 1018 2614 scripsit
1074 2552 1131 2600 et
1187 2547 1407 2602 multos
1461 2548 1523 2603 in
1580 2548 1634 2604 S.
1666 2549 2032 2621 Scripturam

381 2632 865 2687 commentarios.
898 2632 1060 2689 Idem
1113 2635 1448 2705 heareticus,
1482 2637 1641 2693 ﬁlius
1673 2639 2031 2710 Apollinaris

373 2719 782 2776 Alexandrini.

445 2810 735 2882 Apologus
787 2812 1012 2868 Alcinoi
1069 2811 1157 2867 ἐπέ
1215 2818 1324 2869 τῶν
1381 2814 1794 2893 φλυαρούντων,
1828 2819 1900 2875 de
1933 2820 2027 2889 iis,

383 2899 484 2968 qui
518 2899 673 2954 futili
706 2906 764 2955 et
784 2902 1011 2973 prolixo
1042 2921 1317 2960 sermone
1348 2912 1619 2964 utuntur.

440 2988 858 3059 Apollodorus,
886 2992 1289 3063 Atheniensis,
1314 2995 1598 3066 comicus,
1633 2996 1865 3055 fabulas
1887 3000 2026 3056 scri-

379 3076 498 3147 psit
528 3078 747 3134 XLVII.
780 3079 933 3134 Vicit
962 3082 1301 3153 quinquies.

439 3166 858 3236 Apollodorus,
879 3169 1113 3237 Gelous,
1131 3174 1417 3242 comicus,
1434 3176 1740 3231 Menandri
1755 3179 2021 3250 aequalis.

364 3257 507 3328 Ejus
538 3257 844 3315 dramata:
905 3260 1325 3339 Ἀποκαρτερῶν
1357 3266 1393 3333 ἡ
1439 3264 1794 3343 φιλάδελφοι,
1831 3277 2022 3324 Δευσο-

405 3322 424 3328 -
1120 3322 1128 3337 I
1216 3322 1225 3339 I
1382 3322 1393 3333 '
1451 3322 1461 3343 Ι
1693 3322 1702 3343 Ι
1782 3322 1794 3338 ⁷
1860 3322 1889 3323 νγ
1908 3322 1916 3324 ἡ
1943 3322 1952 3324 ἡ
1975 3322 1987 3324 ⁷

362 3343 540 3415 ποιὸς,
600 3345 810 3416 Ἱέρεια,
858 3347 1379 3423 Γραμματόδειπνος
1439 3357 1582 3429 (aut,
1646 3364 1713 3412 ut
1750 3359 1964 3415 Kuster
1993 3376 2024 3415 e
2057 3322 2099 3388 Ο

362 3433 601 3521 Polluce
636 3437 755 3492 VII.
794 3438 883 3492 23.
936 3439 1130 3512 legere
1182 3443 1370 3509 malit,
1421 3443 2026 3521 Γραμματσδιοποιὸς,)

375 3519 668 3593 Ψευδαίας,
696 3525 955 3603 Σίσυφος,
989 3527 1287 3603 Αἰσχρίων.

436 3614 856 3685 Apollodorus,
879 3618 1210 3686 Tarsensis,
1230 3622 1508 3696 tragicus,
1535 3626 1706 3699 cujus
1729 3626 2017 3686 dramata:

360 3700 731 3775 ἀκανθοπλήξ,
790 3705 1159 3778 τεκνοκτόνος,
1190 3706 1483 3785 Ἕλληνες,
1543 3713 1802 3785 Θυέστης,
1862 3716 2023 3772 ἳκὲτι·

366 3785 476 3855 δες,
509 3788 816 3853 Ὀδυσσεὺς.

441 3879 857 3949 Apollodorus,
883 3884 1279 3955 Atheniensis,
1314 3888 1685 3961 Asclepiadis
1714 3894 1801 3962 F.,
1835 3909 2025 3966 gram-

364 3968 641 4033 maticus,
676 3971 946 4040 Panaetii,
981 3973 1193 4030 Rhodii
1215 3976 1583 4051 philosophi,
1616 3987 1674 4036 et
1696 3983 2022 4040 Aristarchi

359 4058 756 4129 grammatici,
793 4059 1142 4134 discipulus,
1169 4065 1399 4136 primus
1434 4085 1579 4125 usus
1636 4070 2020 4145 tragiambico

365 4148 649 4204 carminis
679 4167 918 4224 genere,
958 4151 1089 4228 ἦρξε
1120 4150 1176 4209 δὲ
1230 4159 1448 4231 πρῶτος
1503 4164 1611 4215 τῶν
1663 4162 2021 4236 καλουμένων

365 4232 745 4311 τραγιάμϐων.

434 4329 813 4402 Apollonius,
863 4334 1340 4403 Alexandrinus,
1400 4346 1575 4411 poeta
1639 4343 1863 4414 epicus,
1917 4344 2018 4415 qui

367 4418 557 4473 Rhodi
589 4420 748 4489 vixit,
784 4422 944 4479 ﬁlius
979 4425 1164 4497 Sillei,
1196 4427 1543 4485 Callimachi
1576 4430 1925 4504 discipulus,
1961 4439 2021 4489 et

362 4509 770 4566 Eratosthenis
819 4514 1088 4584 aequalis,
1123 4521 1181 4571 et
1228 4524 1362 4589 post
1412 4518 1587 4575 illum
1639 4520 2016 4579 bibliotheca)

361 4596 779 4655 Alexandrinas
822 4604 1155 4672 praefectus.

2149 2027 2178 2055 ‹‹
2213 2006 2293 2061 De
2325 2007 2657 2079 spiritibus.
2694 2011 2787 2078 25)
2817 2008 2895 2063 De
2916 2008 3289 2081 possessivis.
3349 2012 3442 2081 26)
3474 2007 3598 2081 περὶ
3647 2012 3799 2076 συζυ-

2136 2115 2175 2145 .‹‹
2207 2092 2352 2169 γίας,
2387 2097 2459 2151 de
2487 2098 2928 2170 conjugatione.
2966 2122 2987 2148 ι

2213 2184 2586 2255 Apollonius,
2615 2187 2935 2242 Archebuli
2990 2187 3111 2243 sive
3161 2187 3443 2244 Archebii
3476 2190 3535 2244 F.
3569 2189 3797 2261 scripsit

2144 2271 2217 2327 de
2276 2273 2640 2331 dictionibus
2700 2277 3051 2346 Homericis,
3111 2278 3323 2333 ordino
3385 2278 3790 2350 alphabetico:

2140 2361 2306 2434 [Ejus
2337 2362 2570 2419 lexicon
2598 2365 2976 2422 Homericum
3009 2366 3188 2423 hodie
3212 2373 3425 2440 exstat,
3458 2385 3493 2424 a
3526 2368 3793 2424 Villoiso-

2141 2451 2265 2521 nio,
2299 2452 2438 2508 dein
2459 2470 2495 2509 a
2522 2455 2711 2510 Tullio
2745 2456 2992 2514 editum.
3019 2457 3039 2530 ]

2210 2542 2583 2613 Apollonius,
2610 2545 3115 2617 Aphodrisiensis,
3141 2565 3417 2605 summus
3442 2550 3718 2605 sacerdos
3745 2553 3794 2603 et

2140 2629 2480 2702 historicus,
2517 2635 2757 2706 scripsit
2799 2634 3010 2707 Καρικᾶ
3040 2635 3159 2692 sive
3211 2638 3506 2695 historiam
3538 2640 3792 2697 Caricam.

2139 2718 2273 2793 Περὶ
2305 2718 2625 2794 Τράλλεων,
2659 2725 2731 2779 De
2760 2726 3054 2781 Trallibus.
3091 2725 3221 2799 Περὶ
3256 2728 3510 2805 Ὀρφέως
3558 2728 3644 2783 καὶ
3690 2731 3789 2782 τῶν

2134 2807 2369 2863 τελετῶν
2402 2809 2592 2869 αὐτοῦ.
2628 2815 2703 2868 De
2729 2815 2941 2885 Orpheo
2963 2822 3015 2871 et
3046 2819 3217 2887 ipsius
3246 2821 3446 2874 sacris.

2211 2899 2673 2973 ApolIOphanes,
2734 2904 3137 2972 Atheniensis,
3173 2907 3447 2964 comicus
3497 2910 3787 2980 antiquus,

2136 2988 2306 3059 cujus
2335 2988 2650 3046 dramata:
2705 2990 2888 3061 Δάλις,
2922 2990 3227 3069 Ἰφιγέρων,
3298 2996 3540 3073 Κρῆτες,
3598 3007 3787 3067 Δαναη,

2135 3075 2459 3152 Κένταυροι.

2205 3186 2476 3256 Apsines,
2520 3188 2924 3260 Atheniensis,
2979 3192 3247 3265 50phista
3293 3197 3591 3268 egregius,
3632 3202 3789 3268 pater

2135 3273 2424 3343 Onasimi,
2457 3276 2761 3347 sophistes,
2796 3279 2897 3350 qui
2926 3281 3168 3352 Apsinis
3197 3288 3365 3354 pater
3403 3285 3533 3342 fuit.

2209 3363 2483 3434 Apsines,
2514 3365 2889 3437 Gadarensis,
2919 3369 3204 3441 sophista,
3238 3389 3308 3426 ex
3330 3373 3517 3441 Pane,
3550 3379 3613 3429 ut
3638 3374 3786 3429 fama

2132 3450 2267 3519 fert,
2316 3453 2551 3525 genitus
2592 3454 2863 3528 Smyrna;
2896 3499 2910 3525 ,
2974 3458 3302 3531 discipulus
3358 3462 3480 3519 fuit
3535 3462 3781 3519 Heracli-

2134 3538 2250 3609 dis,
2284 3540 2467 3613 Lycii,
2494 3548 2555 3599 et
2609 3543 2825 3601 deinde
2884 3547 3143 3618 Basilici,
3195 3550 3579 3609 Nicomedia).
3615 3553 3783 3610 Athe-

2134 3629 2231 3685 nis
2263 3637 2450 3687 artem
2468 3632 2826 3691 rhetoricam
2849 3636 3154 3708 professus
3186 3644 3297 3708 est,
3319 3641 3652 3714 imperante
3674 3643 3782 3697 Ma-

2134 3718 2418 3789 ximiano,
2453 3726 2512 3777 et
2539 3722 2614 3778 ad
2645 3725 3023 3782 consularem
3055 3727 3403 3801 dignitatem
3429 3732 3714 3805 pervenit.

2205 3810 2459 3880 Apsines
2493 3853 2507 3880 ,
2567 3813 2829 3869 Onasimi
2858 3856 2872 3883 ,
2927 3816 3333 3886 Atheniensis,
3395 3821 3676 3894 sophistm
3723 3821 3780 3875 F.

2135 3897 2422 3969 sophista,
2449 3901 2658 3973 junior
2681 3904 2906 3974 Apsine
2937 3905 3281 3965 Gadarensi.

2202 3991 2514 4061 Apsyrtus,
2548 3992 2921 4063 Prusaensis,
2944 3994 3035 4052 vel
3066 3997 3557 4071 Nicomediensis,
3592 4001 3778 4068 miles,

2132 4077 2233 4148 qui
2267 4077 2376 4133 sub
2407 4078 2550 4151 imp.
2584 4081 2972 4141 Constantino
2994 4086 3066 4142 ad
3097 4089 3314 4145 Istrum
3336 4091 3399 4146 in
3423 4092 3659 4166 Scythia
3675 4090 3782 4147 mi-

2129 4164 2339 4222 litavit.
2373 4168 2477 4224 Hic
2508 4168 2727 4226 librum
2759 4172 2832 4228 de
2865 4191 3156 4246 equorum
3206 4164 3512 4237 medicina
3553 4181 3782 4252 scripsit

2131 4260 2191 4310 et
2214 4254 2285 4311 de
2308 4256 2519 4313 iisdem
2544 4258 2735 4316 brutis
2760 4263 3164 4323 animantibus
3190 4268 3504 4341 physicum
3534 4271 3779 4327 alterum

2130 4344 2385 4417 aliaque.
2413 4347 2660 4421 Scripsit
2694 4352 2874 4407 etiam
2903 4352 3116 4426 Cimon,
3149 4356 3554 4429 Atheniensis,
3604 4357 3783 4416 admi-

2127 4436 2377 4491 rabilem
2409 4438 2627 4495 librum
2685 4440 3112 4518 ἱπποσκοπικὸν,
3144 4447 3215 4504 de
3257 4466 3548 4520 equorum
3578 4451 3773 4522 inspe-

2130 4527 2345 4583 ctione.

2197 4618 2435 4690 Aquila,
2481 4620 2896 4695 philosophus,
2932 4628 3170 4698 scripsit
3200 4626 3404 4703 σχόλια
3437 4627 3632 4708 λογικᾶ
3660 4626 3774 4705 περὶ

436 4688 467 4738 Α
481 4686 1158 4763 pollonius,Tyanensis,
1179 4696 1593 4769 philosophus,
1614 4699 1914 4772 Apollonii
1939 4703 2025 4773 F.,

2154 4686 2552 4781 rullioywizuiv.

362 4775 730 4845 temporibus
762 4779 1012 4845 Claudii,
1046 4783 1167 4837 Caii
1187 4789 1245 4838 et
1273 4786 1522 4842 Neronis
1551 4804 1741 4861 usque
1771 4790 1844 4847 ad
1876 4793 2016 4847 Ner-

361 4879 493 4917 vam
527 4864 743 4921 clarus.
779 4866 1025 4940 Scripsit
1051 4869 1273 4935 τελετὰς
1302 4874 1470 4931 initia
1497 4878 1611 4933 sive
1635 4879 1703 4941 de
1730 4882 2017 4952 sacriﬁciis

364 4946 657 5022 διαθήκην,
714 4962 1118 5029 testamentum,
1182 4963 1490 5036 χρησμοὺς,
1550 4972 1797 5034 oracula,
1856 4946 2016 5026 Ἔπι-

356 5038 575 5111 στολὰς,
614 5046 904 5115 Epistolas,
937 5049 1255 5124 Πυθαγόρου
1291 5052 1431 5126 βίον,
1458 5059 1631 5113 vitam
1666 5060 2012 5131 Pythagora.

365 5131 550 5186 Vitam
587 5135 889 5205 Apollonii
922 5140 1161 5211 scripsit
1189 5142 1606 5218 Philostratus,
1641 5154 1753 5204 etc.

430 5221 807 5292 Apollonius,
840 5228 1141 5299 Tyaneus,
1184 5231 1580 5307 philosophus
1602 5236 1831 5307 junior,
1863 5244 2014 5296 tem-

356 5311 602 5401 poribus
662 5314 908 5371 Adriani
966 5318 1109 5391 imp.
1146 5325 1293 5378 teste
1351 5324 1779 5397 Agresphonte.
1839 5324 1890 5382 ἐν
1934 5332 2015 5401 τῷ

353 5399 477 5472 περὶ
511 5401 843 5474 ὁμωνύμων.

426 5491 802 5561 Apollonius.
850 5497 1015 5554 Alex.
1078 5508 1473 5573 cognomento
1505 5504 1813 5575 Dyscolus,
1844 5513 2015 5580 pater

2201 4802 2238 4849 Α
2252 4798 2437 4867 quila,
2470 4802 2921 4871 grammaticus:
2956 4807 3240 4865 musicus.

2197 4886 2436 4955 Araros,
2471 4888 2874 4959 Atheniensis,
2918 4896 3200 4963 comicus,
3248 4899 3409 4955 ﬁlius
3437 4898 3775 4969 AristOpha-

2126 4975 2241 5042 nis,
2274 4977 2508 5043 comici,
2543 4979 2642 5049 qui
2668 4980 2927 5051 primum
2982 4983 3181 5041 docuit
3241 4990 3562 5045 commdias
3594 4987 3777 5058 olym-

2124 5063 2299 5135 piade
2336 5068 2456 5121 101.
2491 5067 2572 5121 Ex
2591 5067 2963 5128 dramatibus
2995 5075 3126 5147 ejus
3159 5084 3324 5133 sunt:
3359 5079 3608 5143 Καινεὺς,
3635 5077 3777 5146 Καμ-

2123 5149 2370 5223 πυλίωη,
2408 5153 2580 5217 Πανὸς
2636 5158 2814 5233 γοναὶ,
2845 5159 3152 5237 Ὑμέναιος,
3190 5163 3451 5236 Ἄδωνις,
3516 5160 3774 5242 Παρθενί·

2126 5239 2258 5299 διον.
2896 5304 2899 5307 .

2194 5335 2431 5404 Aratus,
2471 5335 2733 5395 Solensis
2772 5342 2943 5409 Cilix,
3003 5346 3371 5404 Athenodori
3429 5351 3518 5411 F.,
3549 5345 3777 5402 auditor

2122 5424 2496 5491 Menecratis,
2530 5431 2905 5497 grammatici
2964 5435 3227 5506 Ephesii,
3261 5437 3773 5509 philosophorum.

2120 5512 2383 5568 Timonis
2416 5520 2474 5570 et
2504 5517 2856 5576 Menedemi.
2883 5522 3038 5578 Vixit
3075 5525 3412 5599 Olympiade
3443 5526 3658 5585 CXXIV
3690 5522 3775 5576 fa-

1844 5578 1863 5580 _
3085 5578 3235 5597 ,-,__
3282 5578 3411 5583 Ἦ-
3449 5578 3583 5585 ---η

353 5578 694 5637 Herodiaui.
726 5590 1120 5656 grammatici,
1183 5594 1279 5644 τοῦ
1335 5592 1739 5668 τεχνογράωσυ,
1774 5598 2011 5671 scripsit
2117 5602 2374 5659 miliaris
2405 5605 2703 5679 Antigono
2737 5612 2977 5668 Conatus
3010 5616 3129 5688 regi
3163 5578 3545 5681 Marcedoniae,
3578 5616 3773 5669 Deme-

349 5670 426 5737 (ι)
450 5668 571 5741 περὶ
601 5676 893 5744 μερισμοῦ,
916 5700 942 5726 ‹‹
979 5677 1052 5732 de
1078 5680 1398 5749 partitione
1426 5685 1689 5755 partium
1719 5689 2005 5745 orationis

353 5776 379 5803 ‹‹
414 5755 598 5811 libros
624 5760 716 5815 IV.
740 5764 793 5829 2)
826 5762 947 5836 περὶ
970 5763 1286 5837 συντάξεως,
1312 5769 1382 5824 de
1405 5777 1845 5833 constructione
1869 5796 2005 5849 par-

2120 5692 2239 5759 trii,
2272 5693 2638 5762 Poliocretas,
2676 5699 2821 5770 ﬁlio,
2847 5704 3097 5774 aequalis
3129 5708 3461 5781 Antagorm,
3488 5702 3694 5761 Rhodii
3719 5702 3774 5754 et

2118 5781 2460 5854 Alexandri,
2506 5787 2701 5857 :Etoli,
2727 5789 2939 5848 fratres
2970 5794 3409 5870 habuitMyrin,
3452 5791 3767 5854 Calondam
