4110 6426
255 366 412 426 1295

1565 376 1666 434 DE
1709 374 1998 446 QUIBUS
2042 377 2340 442 SUIDAS.

3515 403 3670 464 1226

252 503 312 599 et
339 500 809 605 Athenodorum.
832 505 1028 605 Poeta.
1043 506 1244 605 spicus
1285 508 1525 578 scripsit
1563 506 1897 605 .‘I’al‘vott‘sva,
1932 511 1982 576 Α
2013 527 2190 605 nona,
2227 515 2646 587 quadragentis
2680 522 2855 577 annis
2889 530 3022 594 post
3050 526 3276 585 bellum
3309 533 3628 605 Trojanum
3658 552 3672 592 :

254 588 316 644 in
349 589 566 660 quibus
602 592 841 647 initium
872 594 1225 652 admirabile
1259 601 1316 651 et
1338 597 1577 652 Homeri
1609 598 1749 652 felix
1778 599 1913 653 imi-

249 679 418 734 tatio.
469 683 712 750 Hymnos
767 685 826 737 in
876 685 1099 753 Panem,
1162 681 1603 761 Σπονδοφόρους,
1660 685 1910 761 Παίγνια.

254 765 659 843 Ἀστρολογίαν
687 771 776 823 καὶ
819 771 1221 841 Ἀστροθεσίαν,
1282 772 1537 836 Σύνθεσιν
1595 775 1910 850 φαρκπὶχων,

252 861 542 930 Θηριακῶν
595 856 911 930 ἐπιτήδεια,
972 861 1479 937 ’Δνθρωπογονίαν,
1542 863 1908 933 Ἐπιουτικόν,

253 943 329 1006 εἴς
387 946 705 1020 Θεόπροπον
766 951 1166 1024 (epicedium),
1228 951 1304 1015 εἷς
1361 952 1690 1027 Ἀντίγονον.
1751 955 1910 1009 Ἠθο-

256 1031 460 1102 ποιΐας,
513 1035 865 1107 Ἐπιστολάς,
921 1041 1433 1114 Ἐπιγράμματα,ἱη
1463 1044 1704 1112 Philam,
1738 1045 1906 1098 Anti-

251 1126 405 1196 patri
438 1125 644 1197 filiam,
677 1129 957 1202 Antigoni
996 1147 1264 1198 uxorem,
1300 1131 1630 1204 Ἀνατομήν,
1663 1135 1729 1188 In
1759 1136 1908 1188 Pau-

247 1217 482 1286 saniam,
517 1217 916 1274 Macedonem.
941 1222 1260 1291 Epicedium
1289 1221 1636 1278 Cleombroti.
1670 1221 1907 1296 Διόροω-

249 1323 331 1356 σιν
364 1300 692 1376 Ὀδυσσείας,
735 1309 1166 1366 emendationem
1217 1312 1481 1381 Odyssea,
1538 1318 1596 1367 et
1652 1314 1909 1383 epistolas

250 1394 519 1451 oratione
554 1397 768 1453 soluta.

321 1485 631 1557 Arcadius,
674 1490 1119 1560 grammaticus,
1179 1491 1606 1560 Antiochenus,
1669 1493 1910 1564 scripsit

248 1574 321 1629 de
353 1577 792 1649 orthographia,
829 1579 900 1634 de
933 1582 1374 1637 constructione
1399 1581 1654 1653 partium
1686 1583 1907 1637 oratio-

248 1664 344 1720 nis
370 1681 384 1731 ;
419 1668 854 1723 onomasticum
885 1669 1256 1725 admirabile.

323 1755 678 1824 Arcesilaus,
714 1759 1128 1830 philosophus.

2023 600 2205 698 [quod
2228 605 2319 659 vix
2352 606 2656 676 probabile
2699 616 2806 680 est,
2841 613 2965 669 vide
3016 633 3212 688 supra,
3248 621 3362 676 vol.
3392 600 3438 688 Ι,
3469 641 3604 698 pag.
3639 629 3672 680 9

2022 705 2153 760 sqq-
2185 693 2206 760 ]

2019 780 2246 849 Ariani,
2281 783 2680 855 Psathyriani,
2701 793 2812 844 etc.

2091 879 2392 951 Arignote,
2419 885 2639 948 Samia,
2675 886 2969 958 discipula
3013 893 3357 966 Pythagorae
3403 902 3461 952 et
3488 899 3669 954 Thea-

2019 983 2152 1037 nus,
2213 970 2569 1043 phiIOSOpha
2620 976 3028 1048 Pythagorica.
3099 983 3349 1054 Scripsit
3406 987 3678 1042 Bacchica

2018 1057 2135 1112 sive
2171 1057 2432 1112 Διονύσου
2475 1058 2718 1130 τελετὰς,
2755 1070 2812 1118 et
2840 1068 2906 1120 de
2956 1069 3164 1126 Cereris
3198 1075 3489 1140 mysteriis,
3536 1091 3676 1130 nec-

2017 1163 2139 1201 non
2163 1149 2605 1218 Epigrammata.
2640 1154 2850 1209 Fertur
2880 1157 3060 1212 etiam
3092 1159 3254 1215 illius
3287 1161 3394 1216 sub
3428 1163 3673 1219 nomine

2017 1234 2158 1291 liber
2185 1254 2358 1308 sacer,
2391 1237 2532 1312 ἱερὸς
2565 1237 2756 1315 λόγος.

2084 1329 2290 1396 Arion,
2350 1331 2545 1401 Cyclei
2606 1334 2690 1401 F.,
2749 1336 3199 1408 Methymnaeus,
3253 1339 3493 1411 lyricus,
3527 1343 3675 1400 vixit

2011 1417 2346 1489 Olympiade
2379 1421 2682 1478 XXXVIII.
2719 1425 2970 1488 Quidam
2996 1427 3302 1484 Alemanis
3335 1430 3526 1486 lilium
3551 1438 3666 1487 tra-

2013 1506 2217 1563 didere
2251 1550 2262 1562 .
2326 1510 2572 1581 Scripsit
2625 1507 2841 1582 ᾅσματα
2877 1556 2890 1582 ,
2951 1519 3173 1572 cantica
3231 1524 3289 1573 et
3351 1517 3619 1592 προοίμια
3654 1563 3668 1589 ,

2014 1597 2244 1665 hymnos
2266 1598 2339 1652 ad
2365 1615 2568 1654 versus
2593 1601 2866 1658 heroicos
2888 1604 2978 1659 bis
3009 1607 3192 1662 mille.
3217 1607 3443 1662 Dicitur
3468 1611 3669 1682 tragici

2013 1685 2172 1740 modi
2193 1687 2464 1741 inventor
2491 1688 2676 1744 luisse
2699 1695 2758 1744 et
2783 1693 3013 1762 primus
3035 1696 3284 1751 chorum
3316 1696 3670 1766 instituisse,

2015 1782 2074 1831 et
2095 1777 2538 1847 dithyrambum
2569 1780 2880 1850 cecinisse,
2915 1789 2974 1837 et
3003 1785 3086 1840 ita
3133 1787 3478 1842 nominasse
3511 1789 3670 1858 quod

325 1845 691 1942 Ατοξιθάίουξ
707 1844 1201 1942 κωμῳδιογρ-ἀφος,
1227 1850 1326 1920 (Illi
1351 1855 1556 1942 contra
1579 1851 1905 1942 DemQQha‘
1933 1874 1982 1938 Β
2012 1881 2047 1919 a
2076 1865 2257 1920 choro
2289 1867 2542 1936 canitur,
2577 1874 2636 1922 et
2684 1875 2914 1942 satyros
2966 1873 3368 1931 introduxisse
3401 1844 3671 1932 versibus

252 1949 401 2001 rem,
426 1935 842 1992 Demosthenis
860 1938 1080 1992 sororis
1105 1939 1316 2004 lilium,
1341 1940 1598 2011 scripsit.
1623 1943 1703 1994 Ex
1727 1939 1901 1996 fabu-

251 2019 328 2075 lis
361 2022 490 2093 ejus
523 2026 976 2099 δυηιδθησαυρὸς
1008 2033 1064 2081 et
1096 2028 1506 2100 Διαμαρτάνων.

324 2112 674 2183 Archelaus,
706 2115 1050 2186 Apollodori
1084 2117 1173 2171 vel
1207 2117 1455 2173 Midonis
1496 2120 1580 2183 F.,
1615 2118 1900 2189 Milesius,

248 2199 642 2272 philosophus
672 2204 970 2275 physicus,
1003 2206 1234 2277 primus
1266 2223 1336 2262 ex
1383 2207 1547 2262 lonia
1595 2207 1899 2278 physiolo-

242 2289 404 2361 giam
437 2291 496 2346 in
530 2293 812 2349 Graeciam
849 2295 1200 2365 introduxit,
1237 2297 1565 2368 discipulus
1591 2299 1896 2369 Anaxago-

245 2393 351 2446 rae,
382 2387 715 2452 praeceptor
743 2383 998 2439 Socratis
1029 2389 1088 2438 et
1114 2385 1412 2456 Euripidis
1439 2402 1451 2439 :
1483 2386 1722 2456 scripsit
1750 2386 1897 2458 phy-

246 2468 556 2542 siologiam
588 2477 646 2526 et
677 2471 793 2527 alia
821 2473 1133 2528 nonnulla.
1171 2473 1574 2545 Nihiljustum
1605 2475 1696 2529 vel
1729 2481 1899 2547 turpe

249 2564 464 2614 natura
495 2577 623 2616 esse
657 2561 878 2630 docuit,
912 2563 1016 2617 sed
1041 2563 1313 2617 instituto
1346 2564 1567 2618 omnia.

321 2649 668 2718 Archelaus,
692 2651 951 2706 Coloniae
975 2652 1304 2724 presbyter,
1329 2658 1536 2708 contra
1557 2668 1735 2724 quem
1761 2653 1900 2708 scri-

253 2737 374 2808 psit
406 2739 672 2807 Basilius,
702 2741 1030 2812 Irenopolis
1063 2742 1396 2813 episcopus.

319 2831 666 2901 Archiadas,
724 2833 1096 2905 Theagenem
1157 2832 1230 2888 ob
1288 2833 1599 2889 facultates
1648 2834 1899 2890 amissas

247 2919 566 2975 consolans
597 2925 688 2990 (ea:
723 2923 1056 2989 Damascio).

314 3010 584 3079 Archias,
644 3005 1055 3086 φυγαδοθήρας,
1115 3011 1214 3082 qui
1275 3017 1560 3080 oratores,
1617 3012 1756 3085 fuga
1785 3013 1899 3068 sibi

245 3099 557 3170 cupientes
597 3100 931 3170 consulere,
991 3107 1240 3156 venatus
1298 3108 1405 3170 est,
1466 3107 1531 3158 ut
1586 3103 1896 3174 Antipatro

241 3189 530 3246 traderet.

320 3279 651 3348 Archibius,
694 3279 994 3351 Apollonii
1042 3281 1127 3348 F.,
1184 3281 1627 3352 grammaticus,
1662 3283 1902 3355 scripsit

243 3365 506 3442 ἐξήγησιν
540 3371 1002 3440 epigrammatum
1032 3370 1376 3426 Callimachi.

317 3458 656 3526 Archibius,
687 3458 992 3514 Ptolemaei
1027 3461 1114 3526 F.,
1163 3461 1490 3517 Leucadius
1521 3462 1614 3517 vel
1644 3463 1896 3518 Alexan-

244 3550 458 3606 drinus
487 3551 934 3624 grammaticus,
978 3569 1048 3607 ex
1079 3569 1288 3608 eorum
1337 3571 1608 3622 numero,
1642 3555 1742 3626 qui
1785 3557 1900 3610 Ro-

245 3657 361 3695 mae
393 3657 582 3712 usque
614 3641 686 3696 ad
713 3642 949 3713 Trajani
982 3642 1124 3714 imp,
1160 3649 1427 3715 tempora
1457 3643 1807 3700 docuerunt.

320 3731 702 3805 Archigenes,
728 3731 983 3803 Philippi
1016 3733 1507 3805 F.,Apameensis
1539 3735 1739 3806 Syrus,
1773 3751 1900 3791 me-

247 3821 439 3889 dicus,
466 3822 739 3894 Agathini
765 3822 1114 3893 discipulus,
1141 3824 1241 3894 qui
1265 3827 1464 3879 Romae
1495 3825 1731 3896 Trajani
1753 3831 1898 3880 tem-

239 3928 388 3982 pore
419 3917 608 3967 artem
626 3912 918 3966 medicam
951 3914 1232 3967 exercuit.
1259 3914 1414 3968 Vixit
1445 3930 1633 3970 annos
1666 3915 1899 3983 LXXIII,

243 4001 607 4071 scripsitque
640 4001 828 4056 multa
861 4001 1090 4056 medica
1119 4003 1504 4074 physicaque.

316 4090 709 4146 Archilochus
737 4091 1084 4158 maledicus,
1115 4092 1382 4164 alioquin
1423 4093 1674 4166 insignis
1705 4099 1898 4165 poeta,

238 4200 446 4254 quem,
481 4200 515 4238 a
538 4183 801 4238 Calonda
822 4183 1220 4251 interfectum,
1258 4185 1460 4256 Pythia
1489 4186 1613 4240 ulta
1643 4191 1753 4253 est,
1787 4191 1898 4241 etc.

318 4273 728 4343 Archimedes,
788 4273 1152 4340 Trallianus,
1198 4274 1608 4345 philosOphus,
1662 4277 1902 4347 scripsit

236 4362 601 4435 ⁰ι⁶πόμνημα,
652 4364 1117 4421 Commentarium
1147 4366 1205 4418 in
1234 4366 1551 4432 Homerum,
1592 4371 1640 4420 et
1670 4365 1899 4420 Mecha-

241 4471 396 4509 nica.

2017 1956 2352 2028 loquentes.

2086 2047 2486 2114 Aristarchus,
2548 2047 2689 2103 θέσει
2748 2051 3155 2125 (habitatione)
3206 2055 3666 2127 Alexandrinus,

2015 2137 2167 2212 φύσει
2223 2140 2442 2210 (gente)
2501 2139 2849 2197 Samothrax
2881 2185 2894 2210 ,
2946 2145 3270 2200 Aristarchi
3337 2147 3420 2212 F.,
3471 2146 3668 2201 clarus

2013 2227 2234 2298 olymp.
2251 2228 2404 2282 CLVI
2425 2233 2686 2300 tempore
2704 2232 3007 2288 Ptolemaei
3026 2234 3467 2302 Philometoris,
3492 2237 3667 2308 cujus

2014 2317 2206 2371 filium
2241 2317 2476 2374 erudiit.
2510 2319 2718 2374 Fertur
2748 2322 3056 2393 scripsisse
3088 2324 3245 2378 ultra
3274 2325 3452 2380 DCCC
3477 2325 3664 2380 libros

2014 2406 2426 2480 ὑπομνημάτων
2498 2411 2616 2466 sive
2666 2415 3278 2482 commentariorum._
3331 2415 3668 2485 Discipulus

2011 2498 2448 2570 Aristophanis,
2479 2503 2870 2572 grammatici.
2931 2519 3067 2558 cum
3123 2505 3376 2570 Cratete,
3438 2507 3654 2575 Perga-

2011 2603 2210 2654 meno,
2248 2591 2514 2660 Pergami
2549 2608 2705 2662 saepe
2746 2593 3126 2648 concertavit.
3181 2593 3515 2665 Discipulos
3566 2594 3669 2648 ha-

2012 2677 2143 2731 buit
2171 2680 2589 2750 grammaticos
2621 2682 2858 2737 circiter
2877 2685 2993 2737 XL.
3028 2686 3234 2738 Annos
3264 2689 3438 2738 natus
3473 2684 3671 2738 LXXII

2011 2767 2073 2820 in
2105 2769 2292 2838 Cypro
2315 2786 2470 2838 aqua
2491 2770 2784 2825 intercute
2807 2771 3083 2826 laborens
3105 2789 3313 2827 necem
3339 2772 3448 2826 sibi
3470 2772 3671 2827 inedia

2011 2857 2316 2924 conscivit,
2351 2857 2576 2912 relictis
2615 2859 2775 2924 filiis,
2818 2860 3160 2914 Aristarcho
3208 2867 3266 2915 et
3307 2860 3667 2932 Aristagora,

2011 2943 2239 2998 nullius
2269 2945 2512 3016 ingenii,
2549 2963 2620 3000 ex
2651 2947 2866 3016 quibus
2907 2949 3315 3004 Aristarchum
3356 2947 3664 3003 venditum

2010 3033 2409 3089 Athenienses
2438 3035 2843 3090 redemerunt.

2080 3125 2482 3192 Aristarchus,
2523 3127 2822 3198 Tegeates,
2879 3127 3154 3200 tragicus,
3194 3128 3442 3199 aequalis
3494 3127 3666 3182 Euri-

1940 3240 1982 3306 α
2013 3212 2187 3306 pidis,
2218 3215 2317 3306 qui
2358 3215 2588 3306 primus
2628 3215 2898 3306 dramata
2936 3218 3010 3272 ad
3051 3218 3217 3273 illam
3249 3217 3659 3306 prolixitatem

2015 3301 2314 3373 produxit,
2376 3303 2580 3359 docuit
2638 3305 2952 3374 tragmdias
3011 3307 3172 3374 LXX,
3223 3306 3362 3361 vicit
3411 3305 3664 3362 duabus.

2015 3390 2169 3445 Obiit
2199 3393 2540 3448 centenario
2591 3393 2802 3464 major.
2863 3395 3062 3449 Morbo
3121 3411 3258 3450 cum
3315 3395 3667 3464 laborasset,

2014 3482 2346 3553 Aisculapio
2391 3500 2497 3553 pro
2557 3485 2830 3540 restituta
2887 3485 3223 3541 valetudine
3276 3485 3484 3541 drama
3537 3485 3666 3540 ’Λσ-

2011 3566 2250 3639 κλήπιον
2285 3570 2550 3640 ded'pavi
2560 3578 2598 3626 ι.

2087 3660 2370 3726 Aristeas,
2408 3662 2850 3717 Democharidis
2898 3667 3000 3718 aut
3041 3663 3373 3719 Canstrobii
3405 3666 3490 3730 F.,
3523 3665 3667 3719 Pro-

2017 3749 2356 3816 connesius,
2399 3757 2574 3821 poeta
2631 3751 2852 3821 epicus,
2915 3753 3154 3824 scripsit
3203 3751 3671 3826 τᾶ⁷Δριμάσπεια

2015 3838 2328 3910 καλούμενα
2360 3837 2460 3909 ἔπη
2496 3845 2744 3896 carmina
2802 3845 3130 3914 Arimaspea
3180 3844 3300 3899 sive
3358 3844 3671 3900 historiam

2015 3930 2466 4000 Arimasporum
2521 3931 3036 4002 Hyperboreorum
3082 3933 3252 3988 libris
3283 3935 3358 3988 III
3390 3940 3449 3988 et
3480 3934 3676 3990 soluta

2018 4020 2286 4074 oratione
2308 4019 2620 4087 nonnulla,
2672 4026 2728 4074 et
2778 4021 3143 4090 Theogoniam
3176 4022 3441 4076 versibus
3482 4022 3668 4077 mille.

2018 4109 2273 4180 [Aristiae
2302 4109 2587 4175 fabulam,
2612 4109 2840 4180 Cyc10ps
2868 4117 3154 4179 vocatam,
3206 4116 3502 4166 memorat
3531 4112 3670 4165 Sui-

2018 4198 2124 4252 das
2155 4199 2197 4263 Ι,
2233 4214 2362 4270 pag.
2397 4199 2520 4264 324,
2548 4197 2648 4252 ubi
2681 4216 2732 4252 ν.
2763 4201 2994 4254 Kusteri
3027 4206 3147 4254 not.
3186 4201 3275 4270 1.]

2017 4285 2333 4353 Aristides,
2389 4286 2797 4352 Adrianensis,
2858 4303 2929 4340 ex
2984 4286 3262 4341 Adrianis
3322 4286 3518 4357 Mysiae
3551 4287 3672 4340 sive

2016 4374 2329 4444 Bithyniae,
2363 4375 2649 4444 sophista,
2683 4375 3024 4431 Polemonis
3075 4376 3362 4447 Smyrnaei
3414 4376 3671 4429 rhetoris

2017 4461 2368 4533 discipulus,
2403 4461 2560 4516 ﬁlius
2596 4463 2954 4517 Eudemonis
3013 4464 3350 4534 philosophi
3411 4463 3675 4517 Ilaminis

323 4544 693 4648 Archippus,
714 4544 1128 4648 Atheniensis,-
1145 4543 1408 4648 comicus
1447 4544 1749 4615 antiqUUS,
1775 4544 1897 4632 qui,
1945 4585 1988 4648 Β
2020 4551 2204 4648 Dialis
2237 4551 2297 4648 in
2329 4551 2679 4648 patria-sua.
2702 4553 2954 4648 Athe-nis
2989 4553 3278 4648 Herodem
3401 4552 3673 4625 Pergami

246 4633 443 4688 semel
474 4634 612 4689 vicit
640 4634 976 4706 Olympiade
1009 4633 1166 4705 XCIJ

325 4722 632 4793 Archytas,
666 4724 1042 4790 Tarentinus,
1077 4723 1388 4778 HestiaeiF.
1432 4729 1534 4778 aut
1582 4723 1908 4778 Mnesarchi

248 4811 346 4866 vel
379 4813 756 4885 Mnasagorae,
780 4812 1173 4884 philosophus
1194 4811 1638 4884 Pythagoricus,
1662 4812 1763 4883 qui
1787 4811 1914 4867 Pla-

248 4906 459 4955 tonem
493 4903 764 4970 servavit,
815 4919 949 4957 cum
1009 4919 1144 4957 eum
1203 4901 1276 4957 ad
1335 4907 1589 4958 mortem
1620 4905 1916 4972 quaereret

249 4990 580 5061 Dionysius
633 4996 941 5062 tyrannus.
976 4991 1350 5063 Empedoclis
1366 4991 1696 5062 discipulus
1726 4991 1916 5062 philo-

255 5080 535 5149 sophiam
560 5081 762 5136 docuit
784 5081 1322 5152 multosquelibros
1344 5081 1600 5153 scripsit.
1634 5082 1916 5135 Inventor

254 5165 552 5242 πλατλιγῆς
587 5171 704 5226 sive
736 5169 1103 5242 crepitaculi.
1161 5171 1267 5222 Τοῦ
1296 5172 1484 5223 κοινοῦ
1531 5172 1638 5223 τῶν
1668 5166 1919 5223 Ἰταλιω-

254 5260 372 5312 τῶν
432 5256 696 5332 προέστη,
766 5259 1063 5332 στρατηγὸς
1120 5256 1348 5330 αἱρεθεὶς
1401 5255 1751 5332 αὐτοκράτωρ
1815 5259 1918 5313 ὑπὸ

258 5350 376 5400 τῶν
404 5345 648 5402 πολιτῶν
693 5347 785 5402 καὶ
815 5351 922 5402 τῶν
955 5345 1078 5418 περὶ
1109 5352 1310 5402 εκεῖνον
1368 5347 1460 5400 τὸν
1520 5347 1684 5401 τόπον
1720 5345 1922 5418 Ἐλλή-

260 5456 399 5504 νων,
427 5438 716 5493 Communi
744 5439 1098 5493 Italiotarum
1141 5438 1404 5508 praefuit,
1436 5438 1674 5493 dictator
1703 5454 1736 5492 a
1783 5441 1920 5493 civi-

263 5525 366 5580 bus
396 5527 673 5582 et‘ricinis
705 5528 906 5582 Graecis
934 5532 1166 5581 creatus.

335 5615 638 5685 Arctinus,
667 5615 948 5683 Milesius,
984 5620 1180 5687 poeta,
1215 5615 1451 5670 Homeri
1490 5615 1582 5685 (ut
1623 5615 1706 5671 ait
1748 5617 1918 5671 Arte-

252 5704 450 5775 mon),
485 5702 815 5776 discipulus
843 5710 900 5759 et
931 5709 1130 5759 tamen
1158 5703 1374 5760 vixisse
1421 5703 1639 5760 dicitur
1694 5703 1918 5778 olymp.

548 5825 814 5889 PATROL.
858 5826 951 5887 GR
965 5867 982 5886 .
1024 5823 1270 5888 CXVII.

2020 4639 2392 4695 Aristochem
2423 4640 2666 4707 audivit,
2696 4641 3014 4712 floruitque
3043 4643 3327 4697 Antonini
3359 4642 3500 4712 imp.
3534 4649 3679 4696 tem-

2021 4746 2163 4801 pore
2197 4735 2254 4784 et
2309 4729 2488 4783 vitam
2546 4746 2733 4800 usque
2793 4730 2868 4785 ad
2927 4731 3316 4786 Commodum
3375 4730 3674 4802 produxit.

2023 4817 2332 4874 Orationes
2365 4817 2494 4889 ejus
2525 4835 2702 4889 quam
2726 4819 3021 4890 plurimae,
3055 4820 3186 4875 aliae
3208 4820 3368 4892 apud
3400 4820 3549 4875 alios
3571 4820 3680 4874 cir-

2026 4906 2459 4963 cumferuntur.

2097 4994 2451 5065 Aristippus,
2497 4994 2750 5049 Aritadae
2785 4996 2867 5063 F.,
2898 4998 3218 5066 Cyrenaeus
3268 4994 3681 5065 philosophus,

2027 5082 2284 5138 Socratis
2311 5083 2567 5148 auditor,
2603 5088 2778 5138 sectae
2822 5091 3029 5138 auctor
3059 5083 3420 5154 Cyrenaica),
3453 5083 3683 5152 primus

2031 5171 2485 5236 Socraticorum,
2523 5171 2625 5241 qui
2671 5172 3008 5227 mercedem
3048 5188 3083 5227 a
3125 5170 3434 5240 discipulis
3467 5170 3682 5241 exegit.

2029 5260 2416 5331 XenOphonti
2448 5259 2720 5328 infestus,
2772 5261 3137 5316 austeritatis
3184 5259 3555 5313 Antisthenis
3587 5259 3687 5313 de-

2032 5349 2205 5403 risor.
2239 5351 2283 5403 A
2315 5349 2570 5421 Diogene
2603 5349 2729 5420 ipse
2762 5350 2954 5405 dictus
2985 5347 3128 5401 κύων
3164 5345 3470 5420 βασιλικός.
3507 5347 3686 5402 Plura

2033 5439 2162 5510 ejus
2219 5437 2494 5493 feruntur
2553 5439 3074 5512 apophthegmata,
3108 5442 3218 5492 etc.
3267 5436 3501 5491 Audivit
3550 5453 3687 5492 eum

2032 5530 2202 5584 Arete
2233 5527 2376 5598 lilia,
2409 5529 2578 5600 cujus
2613 5529 2792 5596 ﬁlius,
2824 5527 3155 5597 Aristippus
3194 5523 3422 5596 junior,
3474 5526 3687 5581 Metro-

2033 5615 2304 5671 didactus
2335 5616 2690 5689 appellatus.
2725 5618 2911 5688 Hujus
2933 5614 3166 5670 auditor
3184 5611 3546 5680 Theodorus,
3571 5613 3692 5669 dic-

2035 5711 2131 5762 tus
2161 5705 2394 5776 atheus,
2421 5724 2560 5764 mox
2589 5706 2758 5764 deus.
2777 5703 3149 5763 Theodorum
3170 5701 3502 5774 Antipater,
3524 5703 3692 5758 Anti-

3335 5820 3412 5883 39
