4110 6432
396 388 551 451 1321

1712 380 1956 443 INDEX
2003 352 2521 447 SCRIPTORUM

3675 389 3839 451 1228

391 526 629 593 patrum
660 516 1043 592 Epitimedes,
1073 518 1410 589 Cyrenaeus,
1442 515 1837 589 Epitimedem
1865 518 2043 571 Para-
2073 517 2127 584 Α
2156 515 2462 571 comsediae
2493 515 2750 588 proximi
2779 515 2968 584 fuere,
2990 516 3135 572 belli
3166 516 3660 591 Peloponnesiaci
3689 521 3838 575 tem-

393 610 591 677 bates,
648 607 1001 664 Parabatem
1034 606 1334 678 Hegesias,
1381 605 1791 662 Pisithanatus
1835 603 2051 673 dictus,

395 701 704 774 Hegesiam
729 699 1062 765 Auniceris,
1077 714 1198 753 non
1220 697 1322 752 ille
1345 697 1445 768 qui
1468 697 1778 753 Platonem
1800 682 2056 753 redemit

464 792 682 855 Aristo,
716 789 984 845 Platonis
1014 793 1201 860 pater,
1237 792 1349 843 etc.

398 879 622 947 Aristo,
657 877 932 945 Lembus,
964 877 1067 949 qui
1124 876 1346 934 librum
1404 875 1723 933 Herodiani
1754 876 1791 944 ἡ
1817 872 2055 930 καθόλου

393 967 555 1039 (scil.
587 966 780 1041 τέχνη)
810 966 1188 1039 inscriptum,
1234 966 1298 1021 in
1355 965 1778 1037 compendium
1829 965 2059 1038 redegit

397 1059 722 1129 Danaoque
752 1056 1082 1129 inscripsit.

467 1146 817 1215 Aristocles,
842 1146 1192 1212 Messeuius,
1211 1146 1605 1218 philosophus
1626 1146 2059 1218 Peripateticus

400 1235 643 1308 scripsit
679 1235 802 1309 περὶ
839 1232 1192 1311 φιλοσοφίας,
1225 1236 1291 1290 de
1312 1235 1677 1307 philosophia
1704 1236 1869 1292 libros
1896 1238 1964 1304 Χ,
1995 1236 2059 1292 in

404 1326 621 1398 quibus
651 1342 862 1383 omnes
892 1326 1283 1398 philosophos
1337 1330 1397 1383 et
1427 1326 1695 1398 ipsorum
1748 1327 2060 1398 opiniones

400 1421 697 1475 recenset.
730 1414 968 1489 Πότερον
1001 1411 1424 1484 σπουδαιότερος
1465 1415 1716 1487 ’Όμηρος
1740 1412 1775 1483 ἢ
1810 1412 2060 1483 Πλάτων,

411 1504 605 1558 Utrum
659 1504 927 1559 Homerus
992 1504 1373 1574 praestantior,
1442 1519 1516 1560 an
1577 1502 1736 1559 Plato
1765 1501 1793 1559 ?
1847 1501 2063 1576 Τὲχνας

414 1589 751 1666 ῥητορικὰς,
810 1598 987 1651 artem
1034 1591 1366 1648 rhetoricam
1424 1589 1558 1665 Περὶ
1608 1587 1945 1665 Σαράπιδος,

409 1681 703 1751 Serapide.
740 1679 952 1748 Ἠθιχὰ,
984 1681 1051 1739 de
1078 1681 1319 1739 moribus
1349 1682 1513 1737 libros
1541 1683 1635 1737 IX.

480 1770 827 1840 Aristocles,
869 1770 1331 1842 Lampsacenus,
1362 1770 1756 1842 philosophus
1813 1770 2064 1839 Stoicus,

412 1858 652 1930 scripsit
706 1856 965 1932 ἐξήγησιν
1022 1862 1130 1915 τῶν
1198 1857 1522 1933 Χρυσίππου
1580 1857 1705 1934 περὶ
1785 1862 1882 1913 τοῦ
1940 1862 2059 1921 πῶς

411 1943 608 2001 ἕκαστα
665 1946 896 2022 λὲγομεν
946 1948 1038 2002 καὶ
1096 1944 1493 2021 διανοούμεθα,
1545 1952 1948 2007 enarrationem
2003 1952 2061 2011 in

411 2038 780 2109 Chrysippum
834 2038 901 2095 de
955 2041 1191 2107 ratione,
1240 2055 1354 2110 qua
1388 2038 1613 2109 singula
1660 2040 1969 2112 eloquimur
2014 2047 2069 2097 et

413 2129 742 2198 cogitamus,
776 2128 932 2184 libris
959 2130 1060 2184 IV.

482 2218 827 2289 Aristocles,
871 2222 1296 2291 Pergamenus,
1355 2220 1641 2292 sophista,
1701 2222 1803 2292 qui
1833 2220 2070 2294 Trajani

415 2313 474 2363 et
504 2308 747 2366 Adriani
799 2309 1169 2381 temporibus
1227 2310 1391 2365 vixit.
1443 2310 1692 2382 Scripsit
1728 2318 1903 2367 artem
1940 2312 2066 2370 rhe-

415 2397 688 2466 toricam;
721 2400 1014 2468 epistolas;
1044 2400 1111 2455 de
1162 2399 1440 2455 rhetorica
1469 2400 1636 2455 libros
1702 2401 1767 2455 V.
1799 2398 2067 2470 Μελὲτας,

412 2487 880 2554 declamationes;
938 2487 1080 2561 Πρὸς
1161 2487 1253 2544 τὸν
1337 2486 1567 2563 βασιλέα
1623 2487 1710 2543 ἐπὶ
1769 2492 1837 2563 τῇ
1890 2486 2066 2546 διανι-

416 2574 579 2647 μήσει
610 2577 706 2630 τοῦ
737 2573 991 2650 χρυσίου,
1050 2578 1125 2634 ad
1153 2581 1541 2650 imperatorem
1570 2579 1635 2635 de
1691 2578 1823 2637 auri
1867 2580 2065 2637 distri-

410 2665 651 2721 butione.

475 2752 858 2826 Aristogenes
892 2796 906 2822 ,
962 2754 1241 2823 Thasius,
1300 2755 1591 2828 medicus,
1650 2756 1836 2815 libros
1892 2759 2065 2814 XXIV

413 2842 672 2913 scripsit,
706 2842 769 2897 in
793 2842 1008 2913 quibus
1034 2844 1450 2915 priestautiora
1472 2845 1743 2917 judicata
1771 2852 1911 2902 sunt
1938 2843 2064 2919 περὶ

409 2927 625 3001 διαίτης
652 2932 895 2989 devictus
929 2933 1170 3003 ratione,
1229 2931 1354 3006 περὶ
1410 2932 1715 3006 δυνάμεως,
1765 2937 1833 2993 de
1881 2939 2063 3006 facul-

409 3025 543 3087 tate,
583 3020 709 3095 περὶ
760 3017 1018 3091 δακέτων,
1077 3024 1142 3077 de
1196 3026 1477 3081 venenatis
1528 3026 1883 3092 animalibus,
1938 3024 2064 3098 περὶ

407 3128 744 3182 σπερματος,
772 3112 839 3168 de
866 3113 1089 3179 semine,
1118 3111 1370 3186 ὑγιεινὸν,
1395 3115 1462 3169 de
1490 3116 1805 3172 valetudine
1835 3117 2060 3185 tuenda,

406 3196 785 3267 Ἐπιστολικὰ,
818 3204 1053 3272 quassita
1098 3218 1206 3273 per
1252 3204 1551 3273 epistolas:
1592 3204 1867 3277 Ἐπιτομή
1902 3225 2058 3278 φυσι-

2162 621 2307 677 pore
2342 604 2566 677 olymp.
2603 605 2863 661 LXXXV.
2898 605 3101 661 Dictus
3130 606 3459 682 Θυροποιός.

2231 692 2623 761 Aristonicus,
2637 692 3097 765 Alexandrinus,
3125 697 3573 768 grammaticus.
3599 698 3841 770 scripsit

2161 781 2284 855 περὶ
2315 784 2425 835 τῶν
2480 785 2728 853 σημεῖων
2785 785 2931 839 notis
2986 785 3201 840 criticis
3256 788 3316 840 in
3369 786 3690 857 Theogonia
3718 791 3832 844 He-

2160 870 2328 941 siodi,
2363 876 2421 927 et
2458 871 2643 927 libros
2676 872 2742 928 Vl
2770 874 2894 928 Τῶν
2929 878 3026 941 τῆς
3084 870 3321 935 Ἰλιάδος
3365 873 3457 928 καὶ
3516 871 3835 938 Ὀδυσσείας

2164 958 2508 1015 ἀσυντάκτων
2568 958 2879 1033 ὀνομάτων,
2942 963 3009 1017 de
3063 962 3378 1019 nominibus
3427 965 3491 1018 in
3555 964 3733 1021 Iliade
3779 972 3835 1022 et

2165 1050 2425 1122 Odyssea,
2457 1066 2583 1121 qua
2621 1066 2656 1106 a
2682 1053 2958 1108 communi
2985 1055 3391 1108 constructione
3432 1054 3720 1111 recedunt.

2239 1139 2677 1211 Aristonymus,
2705 1140 2992 1210 comicus,
3031 1147 3297 1213 tempore
3326 1142 3633 1198 Ptolemaai
3666 1144 3828 1200 Phil-

2166 1228 2404 1299 adelphi
2437 1234 2497 1284 et
2527 1230 2947 1302 Philopatoris,
2982 1236 3200 1303 etpost
3228 1231 3617 1303 Apollonium
3649 1234 3832 1305 (Rho-

2169 1317 2357 1390 dium)
2411 1316 2793 1385 bibliotheca
2846 1319 3022 1393 regias
3070 1320 3311 1391 prmfuit
3351 1338 3581 1378 annum
3644 1339 3832 1396 agens

2169 1406 2351 1462 LXIV.
2393 1408 2539 1464 Cum
2569 1407 2769 1479 fugam
2821 1408 3136 1465 moliretur
3181 1409 3257 1465 ad
3298 1411 3648 1480 Eumenem,
3682 1429 3833 1469 con-

2161 1496 2360 1568 jectus
2390 1503 2481 1553 est
2536 1499 2600 1554 in
2658 1515 2981 1570 carcerem,
3013 1504 3074 1557 et
3097 1506 3234 1572 post
3285 1500 3531 1573 aliquod
3590 1507 3828 1575 tempus

2169 1585 2446 1656 emissus,
2479 1588 2629 1644 obiit
2657 1605 2729 1644 ex
2760 1589 3096 1662 stranguria
3124 1606 3284 1646 anno
3324 1590 3519 1646 aetatis
3568 1591 3831 1648 LXXVII.

2170 1675 2400 1748 Scripta
2426 1678 2556 1749 ejus
2587 1680 2887 1750 permulta
2916 1685 3058 1736 sunt
3094 1697 3108 1748 ;
3142 1697 3214 1736 ex
3243 1681 3552 1737 commdiis
3601 1683 3731 1754 ejus
3761 1683 3838 1740 ab

2169 1765 2457 1822 Athenaeo
2481 1766 2698 1823 citatur
2717 1765 2915 1828 Ἥλιος
2945 1766 3140 1843 ῥιγῶν,
3170 1769 3253 1825 sol
3278 1770 3492 1840 algens.

2244 1856 2678 1929 Aristophanes
2710 1901 2724 1925 ,
2774 1858 3117 1930 Byzantius,
3161 1860 3612 1931 grammaticus,
3666 1862 3831 1921 ﬁlius

2180 1944 2423 2015 Apellis,
2449 1945 2551 2017 qui
2571 1946 2813 2003 ordines
2836 1947 3023 2015 duxit,
3041 1947 3372 2020 discipulus
3401 1949 3749 2007 Callimachi
3775 1955 3837 2007 et

2173 2034 2478 2105 Zenodoti,
2513 2052 2769 2107 quorum
2800 2036 2960 2093 hunc
2977 2038 3241 2110 juvenis,
3284 2038 3457 2094 illum
3487 2056 3637 2111 puer
3663 2041 3842 2097 audi-

2174 2124 2280 2192 vit,
2320 2130 2381 2179 et
2408 2130 2701 2196 prmterea
2741 2127 3009 2199 Dionysii
3057 2126 3245 2184 Iambi
3296 2133 3356 2183 et
3405 2129 3830 2204 Euphronidm,

2177 2216 2489 2286 Corinthii,
2523 2216 2643 2272 sive
2675 2217 2957 2289 Sicyonii.
2991 2218 3147 2273 Vixit
3176 2218 3517 2291 olympiade
3547 2220 3753 2276 CXLV.

2249 2305 2699 2377 Aristophanes,
2733 2307 3020 2376 Rhodius,
3055 2307 3176 2362 sive
3207 2307 3455 2365 Lindius
3484 2308 3643 2379 (aliis
3671 2312 3845 2383 Egy-

2176 2394 2357 2466 ptius,
2390 2394 2524 2451 aliis
2554 2395 2962 2469 Camirensis),
3008 2396 3242 2453 civitate
3290 2397 3697 2466 Atheniensis,
3728 2416 3835 2456 co-

2176 2485 2389 2552 micus,
2421 2485 2583 2541 illius
2612 2485 2896 2558 Philippi,
2930 2486 2992 2541 in
3037 2502 3217 2542 scena
3273 2487 3519 2543 certavit
3539 2488 3832 2560 olympiae

2178 2574 2250 2629 de
2284 2574 2447 2631 CXIV
2480 2575 2813 2630 tetrametri
2863 2580 2923 2630 et
2951 2576 3261 2631 octametri
3291 2576 3592 2634 inventor.
3652 2577 3830 2633 Filios

2174 2663 2734 2735 habuitArarotem,
2753 2664 3097 2736 Philippum
3121 2670 3182 2720 et
3210 2665 3617 2735 Philetasrum,
3649 2668 3830 2723 comi-

2174 2770 2293 2809 cos.
2325 2753 2576 2818 Quidam
2588 2749 2922 2821 ἀπόδουλον,
2939 2754 3220 2811 libertum
3233 2754 3419 2810 fuisse
3436 2755 3831 2815 tradiderunt.

2175 2843 2453 2898 Dramata
2483 2842 2613 2914 ejus
2645 2848 2788 2899 sunt
2835 2843 2969 2910 LIV,
3004 2841 3139 2916 ἅπερ
3174 2840 3232 2897 δὲ
3262 2841 3649 2917 πεπράχαμεν,
3700 2854 3835 2916 qua:

2174 2936 2374 2986 autem
2406 2932 2808 3003 tractavimus,
2856 2932 2975 2987 sive
3016 2932 3079 2988 in
3119 2949 3269 3003 quas
3307 2934 3694 2990 commentati
3732 2950 3836 2990 su-

2172 3037 2307 3077 mus
2364 3021 2497 3093 (5L),
2546 3021 2949 3089 Acharnenses,
3000 3024 3188 3088 Ranae,
3218 3024 3363 3090 Pam,
3415 3022 3834 3092 Ecclesiazusae,

2174 3111 2721 3182 Tesmophoriazusz,
2770 3111 3018 3182 Equites,
3069 3111 3405 3181 Lusistrata,
3437 3113 3636 3181 Nubes,
3663 3113 3823 3180 Aves,

2178 3199 2390 3264 Plutus,
2427 3200 2633 3270 Vesper.

404 3293 515 3344 κῶν
548 3268 919 3363 βοηθημάτων
960 3268 1464 3368 πρὸς-Ἀντίγονον,
1516 3268 1867 3353 naturalium:
1889 3268 2054 3355 reme-

2247 3268 2610 3357 Aristoteles,
2649 3288 2991 3345 Nicomachi
3044 3292 3105 3346 et
3160 3288 3475 3349 Phaastidis
3530 3291 3592 3347 F.
3636 3291 3835 3360 (Nico-

406 3380 626 3439 diorum
655 3383 1033 3453 compendium
1065 3384 1139 3439 ad
1166 3385 1529 3455 Antigonum.

473 3472 874 3545 Aristogeues,
898 3472 1163 3541 Cnidius,
1192 3473 1480 3543 medicus,
1516 3493 1718 3533 servus
1748 3476 2058 3549 Chrysippi

400 3560 762 3633 philosophi,
798 3566 857 3616 et
886 3562 1165 3633 Antigoni
1199 3564 1438 3619 Gonatae
1468 3565 1757 3626 medicus.

468 3650 855 3723 Aristogiton,
887 3649 1231 3721 Cydimachi
1283 3652 1579 3725 (Scydimi)
1638 3656 1767 3723 (53),
1826 3655 1917 3710 vel
1949 3655 2053 3728 [.y-

399 3740 652 3797 simachi
684 3741 767 3807 F.,
799 3741 1204 3805 Atheniensis,
1239 3742 1464 3808 rhetor,
1515 3748 1703 3800 matre
1755 3743 2055 3828 libertina,

394 3834 639 3901 prOpter
682 3828 1117 3900 impudentiam
1166 3831 1330 3887 Canis
1386 3833 1836 3904 cognominatus
1868 3839 1927 3889 et
1981 3833 2054 3891 ab

395 3915 863 3973 Atheniensibus
889 3918 1259 3989 interfectus,
1294 3925 1406 3976 etc.
1441 3921 1690 3992 Scripsit
1720 3923 2052 3980 orationes:

396 4007 736 4076 Apologiam
787 4008 1045 4064 adversus
1118 4010 1531 4065 Demosthenem
1599 4010 1742 4068 belli
1802 4012 2052 4070 ducem:

396 4095 653 4151 adversus
697 4098 1027 4167 Lycurgum,
1086 4099 1340 4154 adversus
1392 4100 1748 4167 Timotheum,
1800 4102 2056 4165 adversus

402 4186 774 4254 Timarchum,
819 4187 1075 4245 adversus
1126 4189 1460 4259 Hyperidem
1492 4190 1692 4260 (quem
1742 4190 1815 4246 ob
1847 4190 2051 4248 decre-

395 4280 522 4330 tum
554 4281 689 4347 post
735 4276 966 4332 cladem
1024 4279 1484 4335 Chaeronensem
1540 4279 1764 4335 factum
1820 4281 2055 4343 actione

389 4367 498 4419 τῶν
531 4365 861 4438 παρανόμων
899 4374 1249 4440 persecutus
1281 4374 1392 4433 est,
1436 4369 1538 4426 sed
1568 4369 1832 4442 frustra),
1858 4371 2053 4428 adver-

389 4469 481 4509 sus
521 4454 886 4526 Thrasyllum,
945 4462 1005 4512 et
1049 4456 1374 4534 Ὀρφανικὸν
1425 4459 1549 4515 sive
1597 4461 1905 4517 orationem
1942 4477 2052 4531 pro

391 4543 653 4612 pupillis.

2166 3377 2415 3433 machus
2471 3382 2671 3433 autem
2730 3376 2997 3435 medicus
3050 3377 3163 3433 fuit
3207 3394 3278 3435 ex
3334 3378 3831 3452 Asclepiadarum

2164 3483 2406 3540 genere,
2439 3484 2474 3523 a
2503 3466 2883 3533 Nicomacho,
2907 3467 3248 3524 Machaonis
3293 3468 3441 3535 tilio,
3493 3468 3833 3542 oriundus),

2164 3573 2236 3612 ex
2261 3557 2511 3629 Stagira,
2544 3555 2692 3612 urbe
2740 3556 3003 3611 Thraciae
3052 3556 3466 3628 philosophus,
3499 3556 3834 3629 discipulus

2162 3644 2449 3715 Platonis,
2507 3642 2744 3718 τραυλὸς
2799 3643 2898 3711 τήν
2931 3642 3115 3720 φωνὴν
3176 3645 3339 3701 balba
3392 3662 3539 3701 voce.
3596 3647 3831 3709 Fratres

2160 3733 2370 3790 habuit
2399 3734 2804 3793 Arimuestum
2838 3738 2898 3789 et
2926 3734 3350 3801 Arimnestem,
3386 3734 3715 3807 filiamque,
3749 3753 3824 3792 ex

2161 3823 2446 3895 Pythiade
2470 3823 2748 3895 (Hermia)
2780 3823 3065 3893 eunuchi,
3094 3824 3301 3879 Atarni
3330 3823 3391 3879 in
3412 3825 3635 3881 Troade
3658 3827 3832 3897 prin-

2160 3913 2329 3984 cipis,
2363 3912 2532 3983 ﬁlia),
2565 3912 2679 3983 ipsi
2711 3916 2936 3981 natam,
2961 3929 3093 3983 qum
3124 3912 3315 3969 tribus
3358 3915 3591 3970 maritis
3618 3915 3830 3986 nupsit

2160 4001 2607 4071 liberorumque
2637 4000 2870 4071 aliquot
2899 4006 3093 4057 mater
3121 4007 3260 4057 ante
3283 4007 3516 4074 patrem
3547 4004 3835 4077 decessit.

2158 4090 2375 4146 Habuit
2404 4096 2462 4145 et
2489 4089 2703 4156 tilium,
2739 4091 3188 4157 Nicomachum,
3212 4108 3284 4147 ex
3316 4092 3652 4164 Hepyllide,
3680 4110 3825 4149 con-

2158 4180 2393 4247 cubina,
2429 4184 2564 4245 etc.,
2594 4178 2835 4250 praefuit
2880 4195 2987 4251 per
3029 4197 3222 4237 annos
3252 4182 3359 4236 XII
3405 4181 3821 4253 Peripateticae

2157 4269 2577 4341 philosophias,
2598 4270 2681 4325 ita
2706 4269 2878 4325 diem
2901 4265 2993 4324 διὰ
3009 4270 3070 4325 τὸ
3104 4267 3153 4323 ἐν
3188 4268 3475 4344 περιπάτῳ
3496 4268 3623 4339 ἤτοι
3655 4273 3831 4345 κήπῳ

2157 4355 2388 4429 διδάξαι,
2423 4358 2710 4429 quoniam
2763 4359 2826 4419 in
2882 4361 3146 4430 Peripato
3206 4360 3328 4423 sive
3382 4361 3553 4418 horto
3621 4361 3832 4421 docuit

2157 4449 2527 4516 Aristoteles,
2558 4449 2771 4505 relicta
2827 4448 3163 4518 Academia,
3213 4451 3273 4505 in
3323 4466 3441 4521 qua
3498 4450 3664 4506 Plato
3709 4452 3826 4507 do-

2159 4542 2382 4594 cuerat.
2420 4538 2601 4593 Natus
2631 4543 2723 4595 est
2764 4537 2934 4593 XCIX
2983 4538 3323 4610 Olympiade
3357 4556 3371 4594 :
3406 4544 3464 4595 et
3513 4539 3825 4612 Chalcide,

459 4630 891 4700 Aristomenes,
933 4634 1337 4705 Atheniensis,
1371 4637 1656 4708 comicus,
1688 4640 1794 4707 τῶν
1825 4632 2041 4691 ἐπιδευ-

2171 4633 2368 4683 riausto
2396 4628 2654 4696 aconito,
2685 4627 2854 4698 obiit,
2880 4627 3022 4699 quia
3064 4629 3129 4683 in
3168 4628 3272 4700 jus
3316 4628 3636 4686 vocabatur
3664 4630 3829 4702 quod

405 4737 579 4794 τερων
603 4725 703 4788 τῆς
737 4720 973 4796 ἀρχαίας
1029 4720 1363 4795 Κωμῳδίας,
1414 4741 1507 4795 ex_
1533 4726 1606 4783 iis
1637 4727 1739 4798 qui
1789 4728 2052 4799 antiquae

462 4927 579 5008 (ξίβ)
608 4930 781 5008 Apud
813 4930 1060 5008 Suidam
1086 4936 1331 5008 tom_._I,_
1352 4951 1482 5008 pag.
1517 4938 1643 5005 325,
1680 4935 2046 5007 Aristogiton,

462 4953 579 4999 μω)
608 4953 781 5000 apuu
813 4953 1054 4986 annuam
1087 4953 1230 4988 tom.
1275 4953 1318 5000 1,
1393 4953 1482 5008 ag.
1517 4953 1643 5005 JZD,
1680 4953 2044 5007 aristognon,

389 4999 736 5082 Cydimachi
782 5002 873 5056 vel
933 5003 1269 5082 Lysimachi
1306 4953 1485 5082 fiiius,
1519 5008 1590 5063 ab
1649 5009 2044 5082 Aristogitone,

388 5071 647 5150 Scydimi
679 5073 763 5139 F.,
796 5071 1182 5150 sycophanta,
1216 5071 1593 5147 discernitur,
1615 5083 1673 5133 et
1700 5079 1774 5135 de
1795 5071 2045 5150 utroque

390 5144 711 5232 separatim
787 5144 1008 5232 agitur;
1060 5148 1371 5228 Enimvero
1427 5156 1485 5204 et
1540 5144 1705 5232 prior
1762 5144 2043 5232 adversus

389 5213 747 5295 Hyperidem
771 5213 948 5295 verba
982 5218 1215 5289 fecisse,
1250 5227 1308 5275 et
1332 5213 1627 5292 posterior
1657 5237 1890 5292 quoque
1926 5213 2041 5295 Hy-

382 5285 652 5363 peridem
685 5287 757 5342 ob
790 5288 1094 5363 decretum
1127 5285 1519 5347 memoratum
1554 5285 1897 5363 quanquam
1924 5285 2041 5349 fru-

380 5362 521 5429 stra,
557 5366 903 5429 persecutus
935 5361 1161 5417 dicitur.
1195 5366 1342 5419 Num
1367 5361 1793 5419 autem—revera
1821 5365 2037 5421 diversi

376 5426 620 5511 fuerint,
655 5437 714 5486 et
744 5439 995 5511 uterq_ue
1023 5436 1360 5511 scripserit
1406 5442 1612 5491 contra
1652 5436 2033 5511 Hyperidem,

374 5515 451 5554 an
485 5503 683 5571 potius
716 5521 852 5577 cum
902 5503 1293 5577 Taylorofqui
1325 5507 1384 5562 in
1415 5513 1540 5573 not,
1596 5507 1669 5563 ad
1709 5503 2030 5567 Demosth:

374 5578 547 5652 oratt.
585 5579 725 5652 tom.
759 5575 834 5630 IIl
866 5575 995 5646 (ubi
1014 5594 1146 5651 pag.
1179 5575 1282 5652 509
1314 5595 1463 5652 se_q.,
1514 5578 1586 5652 de
1628 5579 2032 5652 Aristogitone
2139 5575 2242 5634 ille
2273 5594 2376 5634 voc

2140 5655 2249 5721 est,
2287 5665 2483 5721 neque
2533 5649 2968 5722 interpretatio,
3027 5652 3344 5722 superstites
3390 5657 3537 5721 sunt,
3588 5650 3804 5709 admit-

370 5641 927 5736 EPE’i}E§_d.‘,SRFtéE»
955 5641 1330 5736 striis-.510,
1364 5641 1736 5736 melius
1767 5641 2026 5736 θκῐίεδιλ

2164 4717 2524 4774 Pseanemin
2547 4717 2849 4781 Hermiam
2899 4718 3241 4775 eunuchum
3299 4720 3641 4791 scripserat.
3705 4720 3823 4775 Alii

2159 4933 2265 4990 das
2296 4951 2330 4990 a
2359 4932 2708 4989 confusione
2747 4949 2948 4989 rerum
3006 4933 3442 5005 homniumque
3502 4934 3662 4990 haud
3688 4952 3819 4991 om-

2157 5004 2751 5079 ninoestimmunis,
2782 5022 2830 5079 v.
2867 5022 3069 5079 supra,
3103 5005 3177 5061 ad
3210 5004 3353 5061 sect.
3392 5009 3443 5074 7,
3477 5008 3628 5079 not.)
3659 5024 3817 5063 unus

2156 5078 2234 5132 sit
2261 5077 2540 5147 idemque
2572 5076 2906 5145 habendus,
2939 5076 3262 5133 decernere
3286 5094 3408 5133 non
3429 5076 3644 5133 ausim.
3669 5081 3817 5137 Pos-

2154 5149 2339 5204 terius
2371 5154 2571 5203 tameu
2601 5149 2983 5204 verisimilius
3033 5148 3182 5204 mihi
3217 5149 3466 5207 videtur.
3501 5149 3668 5206 Conf.
3713 5167 3815 5205 su-

2150 5238 2258 5292 pra
2309 5219 2384 5275 ad
2433 5219 2546 5275 vol.
2589 5221 2660 5290 II,
2695 5236 2825 5293 pag.
2860 5222 2984 5275 858.
3024 5226 3147 5277 not.
3184 5226 3242 5276 et
3267 5221 3383 5276 vol.
3412 5221 3510 5287 III,
3542 5238 3673 5296 pag.
3708 5225 3813 5278 512

2150 5309 2256 5345 sea
2280 5334 2291 5345 .
2328 5292 2502 5345 HARL.

2150 5309 2256 5347 εθσ
2280 5334 2291 5345 .
2330 5308 2502 5347 ﬂARL.

2218 5309 2504 5439 gsbﬂstiiit
2530 5362 2709 5439 verba
2741 5363 3628 5439 scholiastm‘Aristophanis,ad
3659 5362 3809 5439 πράτ-

2144 5432 2252 5503 ξεις
2285 5432 2425 5491 suas
2456 5435 2845 5508 incomicum
2886 5435 3287 5508 reSpicientis.
3310 5432 3539 5508 'FABR.”
3573 5432 3807 5508 Kusteri

2142 5508 2325 5580 igitur
2374 5506 2601 5580 opinio,
2662 5505 3162 5580 eﬁpzﬁxauevipro
3220 5506 3610 5580 πεπράχαμεν,
3645 5507 3806 5579 quod

2457 5578 2623 5650 ulum
2656 5578 2999 5650 suspectum
3031 5578 3230 5649 habet,
3277 5578 3443 5636 haud
3466 5578 3804 5636 necessaria

370 5726 492 5768 non
523 5714 813 5774 discernit
842 5714 979 5775 ilics
1008 5714 1149 5775 n'ec'
1165 5714 1374 5778 differe
1397 5721 1632 5795 judicat
1660 5726 1862 5795 (atque
1894 5714 2027 5780 Sui-4
2137 5714 2340 5781 tende.
2379 5714 2555 5778 Hm.
