4110 6440
400 454 562 518 1229

1710 448 1809 508 DE
1854 443 2147 519 QUIBUS
2188 445 2502 509 SUIDAS.

3668 452 3828 513 1230

399 605 473 645 ex
504 585 714 643 morbo
746 584 1074 641 decessisse
1107 598 1297 639 annos
1327 586 1535 638 natum
1594 580 1763 636 LXX.
1808 579 2052 634 Timaeus

2181 575 2487 648 Ῥωμαϊκὰς
2520 579 2794 651 συνέταξεν
2830 582 3119 639 historiam
3147 580 3346 639 Latine
3396 586 3705 653 composuit
3759 584 3828 639 li-

397 675 784 734 Aristotelem
808 674 1087 730 omnibus
1109 671 1443 745 proscindit
1462 669 1764 736 conviciis;
1783 666 1887 724 sed
1910 666 2061 722 alio-

404 783 540 823 rum
582 764 817 838 judicio
845 770 946 833 τῆς
977 760 1191 823 φύσεως
1223 759 1596 838 γραμματεὺς,
1628 766 1853 818 naturae
1881 758 2063 814 scriba

402 856 538 925 fuit,
564 853 659 909 τὸν
688 850 943 926 κάλαμον
976 846 1307 928 ἆπυϐρὲχων
1342 850 1418 913 είς
1449 855 1593 921 νοῦν,
1645 853 1742 923 qui
1788 849 2061 905 calamum

399 948 461 1002 in
496 952 731 1001 mentem
775 946 1032 1011 intina‘it,
1093 960 1389 1017 quemque
1446 941 1598 999 nihil
1654 941 1805 1015 fugit
1858 954 2060 996 rerum

403 1034 648 1093 utilium
678 1033 1246 1103 abstrusiorumque.

481 1123 895 1191 Aristoxenus,
927 1122 1165 1177 Mnesim
1207 1120 1530 1194 Spintheri,
1580 1118 1794 1176 musici
1842 1118 2059 1173 Taren-

407 1211 542 1281 tini,
574 1213 661 1281 F.,
690 1210 847 1284 apud
879 1210 1317 1268 Mantineenses
1349 1225 1591 1283 operam
1610 1207 1773 1266 dedit
1796 1206 2057 1280 philoso-

408 1301 566 1374 phias
586 1305 645 1357 et
668 1299 1179 1370 musicae,auditor
1198 1299 1385 1372 patris
1402 1303 1459 1355 et
1477 1297 1732 1371 Lampri,
1748 1293 2057 1370 Erythraei,

404 1389 749 1463 Xenophili,
773 1389 1218 1462 Pythagorei,et
1241 1388 1499 1461 denique
1518 1387 2059 1457 Aristotelis,quem

412 1480 761 1537 defunctum
788 1480 1071 1537 conviciis
1100 1479 1428 1535 insectatus
1484 1484 1592 1548 est,
1641 1478 1801 1550 quod
1840 1476 2059 1533 scholas

405 1587 814 1626 successorem
870 1570 1344 1642 Theophrastum
1389 1569 1752 1641 reliquisset,
1805 1585 1925 1624 non
1974 1584 2057 1636 se,

402 1659 574 1731 cujus
598 1664 717 1714 tam
742 1675 956 1732 magna
982 1663 1138 1714 esset
1157 1657 1314 1714 inter
1334 1658 1834 1730 auditoresipsius
1848 1656 2055 1730 gloria.

400 1749 665 1820 )Equalis
694 1749 808 1805 fuit
853 1748 1199 1816 Dicaaarchi,
1248 1747 1545 1814 Messenii,
1597 1747 1668 1803 ab
1721 1747 2059 1819 Olympiade

401 1839 547 1896 CXI.
579 1838 945 1911 Conscripsit
992 1838 1242 1907 musica,
1296 1837 1731 1911 philosophica,
1779 1836 2059 1893 historias

405 1934 464 1986 et
493 1928 825 2001 omnigenus
876 1927 1231 1984 eruditionis
1287 1927 1473 1983 libros
1530 1927 1842 1983 CCCCLllI.
1890 1926 2059 1981 Alius

401 2024 778 2089 Aristoxenus,
836 2022 1176 2094 Cyrenaeus,
1241 2020 1409 2075 luxui
1471 2019 1619 2075 adeo
1678 2019 1935 2088 deditus,
1993 2024 2060 2074 ut

404 2112 668 2168 lactucas
694 2112 756 2167 in
787 2111 959 2167 horto
993 2128 1099 2167 suo
1151 2109 1381 2183 vesperi
1434 2109 1629 2165 mulso
1680 2109 1917 2182 rigaret,
1969 2108 2057 2164 di-

402 2218 566 2269 cens,
599 2201 820 2257 virides
849 2201 990 2257 inde
1016 2200 1326 2273 placentas
1358 2199 1469 2256 sibi
1504 2199 1725 2256 enasci.

479 2291 804 2362 Arnuphis,
838 2290 1143 2364 Egyptius
1172 2289 1587 2362 philosophus,
1623 2288 1723 2361 qui
1752 2287 2056 2359 Romanis,

402 2380 503 2436 siti
535 2379 970 2450 laborantibus,
1002 2381 1297 2451 praesente
1324 2378 1515 2434 Marco
1546 2378 1849 2433 Antonino
1886 2377 2055 2449 imp.,

405 2472 626 2531 dicitur
654 2476 780 2529 arte
812 2472 1076 2545 coegisse
1106 2470 1296 2527 nubes
1328 2475 1387 2525 et
1405 2470 1657 2527 imbrem
1681 2470 2054 2527 conciliasse.

402 2561 521 2618 Alii
550 2561 738 2629 aiunt,
772 2562 885 2617 hoc
916 2560 1185 2616 effecisse
1214 2559 1540 2627 lulianum,
1572 2559 1938 2616 Chaldaeum.

474 2651 815 2717 Arrhesius,
848 2650 1200 2706 monachus.

474 2739 784 2808 Arrianus,
817 2742 994 2811 poeta
1025 2738 1228 2810 epicus
1250 2736 1518 2794 versibus
1551 2737 1765 2793 Grazcis
1797 2736 2055 2793 heroicis

402 2829 648 2903 Georgia
681 2828 903 2899 Virgilii
936 2826 1216 2893 reddidit,
1250 2826 1608 2900 scripsitque
1638 2821 2056 2900 Ἀλεξανδριάδα

403 2918 524 2974 sive
554 2918 625 2975 de
656 2917 835 2974 rebus
864 2917 1046 2991 gestis
1068 2915 1385 2973 Alexandri
1403 2914 1751 2988 rhapsodias
1774 2914 1940 2971 XXIV
1965 2933 1978 2985 ;
1999 2920 2057 2972 et

400 3005 465 3062 in
497 3007 783 3078 Attalum,
819 3007 1267 3080 Pergamenum,
1300 3009 1595 3078 poemata.

472 3098 786 3168 Arrianus,
816 3095 1309 3161 Nicomediensis,
1351 3094 1745 3168 philosophus
1793 3092 2054 3162 Ἐπικτή.

392 3208 561 3256 τειος,
594 3187 802 3244 Iunior
829 3186 1244 3258 Xenophonte.
1280 3186 1480 3241 Roma:
1510 3185 1655 3239 vixit
1686 3185 2053 3258 temporibus

390 3277 660 3346 Adriani,
692 3275 979 3332 Antonini
1012 3279 1070 3330 et
1098 3274 1299 3342 Marci,
1350 3273 1800 3347 imperatorum,
1853 3278 1912 3329 et
1958 3269 2047 3329 διὰ

380 3360 487 3428 τὴν
542 3363 645 3427 τῆς
698 3352 947 3418 παιδείας
1007 3349 1314 3427 δεξιότητα,
1394 3361 1639 3428 propter
1693 3355 2045 3429 praeclaram

385 3449 743 3515 doctrinam,
776 3450 929 3502 teste
961 3444 1290 3513 Heliconio,
1324 3444 1398 3501 ad
1428 3444 1809 3501 consularem
1856 3462 2047 3516 usque

385 3537 741 3611 dignitatem
798 3538 1054 3592 evectus.
1117 3534 1365 3606 Scripsit
1420 3532 1609 3589 libros
1670 3549 1849 3605 quam
1908 3534 2045 3607 plu-

392 3628 602 3684 rimos.

465 3716 901 3783 Artemidorus,
934 3731 1004 3771 ex
1030 3714 1222 3782 Daldi,
1258 3715 1446 3786 Lycias
1487 3714 1728 3788 oppido,
1778 3715 2047 3788 philoso-

386 3808 565 3880 phus,
598 3807 838 3879 scripsit
864 3802 1317 3880 Ὀνειροκριτικᾶ,
1365 3805 1433 3860 de
1478 3807 1815 3861 somniorum
1868 3808 2046 3861 inter—

379 3896 703 3968 pretatione
751 3896 919 3953 libros
969 3897 1068 3951 IV.
1120 3894 1565 3965 Οίωνοσκοπικᾶ,
1622 3897 1689 3952 de
1740 3898 1993 3967 auguriis
2020 3913 2044 3961 ;

386 3986 809 4063 χειροσχοπικὰ,
842 3988 909 4043 de
947 3987 1310 4056 divinatione,
1359 4003 1482 4058 qua
1527 3990 1591 4057 ﬁt
1630 4004 1736 4059 per
1779 4004 2044 4044 manuum

385 4068 807 4141 inspectionem.

459 4159 894 4227 Artemidorus,
972 4157 1680 4231 Pseudoaristophanius,
1757 4159 2045 4217 vocabula

390 4248 756 4325 opsartytica
785 4247 909 4304 sive
939 4246 1011 4303 de
1041 4264 1106 4303 re
1136 4247 1484 4319 coquinaria
1514 4247 1772 4321 collegit.

458 4337 866 4411 Asclepiades,
898 4335 1138 4392 Diotimi
1170 4337 1256 4401 F.,
1289 4335 1624 4407 Myrleanus
1655 4337 1750 4409 (ex
1802 4338 2039 4411 Myrlea,

386 4428 701 4501 Bithynius,
751 4424 968 4482 deinde
1024 4424 1184 4482 dicta
1238 4425 1544 4498 Apamea),
1604 4430 1665 4481 at
1717 4425 1779 4480 τὸ
1837 4423 2039 4491 ἄνωθεν

384 4519 569 4594 γένος,
602 4517 651 4572 si
684 4515 863 4572 altius
903 4530 1089 4587 genus
1126 4514 2047 4589 repetas,Nicaaensis,gramma-

2172 667 2284 723 bris
2309 670 2480 726 XVII.
2516 669 2692 735 Οὗτος
2739 674 2962 744 πρῶτος
3016 669 3356 741 Ἑλληνικήν
3399 671 3638 744 ἱστορίαν
3688 674 3830 730 Ῥω·

2175 761 2387 830 μαϊκῶς
2460 760 2849 835 συνεγράψατο.
2927 765 3147 819 Primus
3216 762 3509 819 historiam
3582 765 3829 821 Graecam

2170 850 2310 919 style
2344 851 2539 907 Latino
2570 853 2824 908 tradidit.
2858 854 3027 908 FABR.
3062 884 3127 893 —
3158 852 3242 908 De
3297 870 3364 910 eo
3413 852 3685 924 pluribus
3736 852 3825 926 egi

2170 938 2234 995 in
2264 941 2587 997 lntroduct.
2624 942 2688 997 in
2718 942 2995 999 notitiam
3048 942 3293 999 litterat.
3344 945 3625 999 Romanas
3674 947 3819 998 tom.

2168 1028 2239 1099 II,
2272 1045 2404 1101 pag.
2436 1030 2539 1085 237
2568 1048 2698 1102 sqq.
2732 1032 2906 1087 HABL.

2241 1119 2513 1189 Aspasia,
2538 1119 2783 1191 Milesia,
2810 1120 3037 1176 femina
3057 1120 3818 1194 celeberrimaetsingulari

2171 1208 2515 1280 eloquentia
2543 1210 2814 1283 praedita,
2857 1211 3197 1283 sophistria,
3250 1206 3577 1273 διδάσκαλος
3637 1206 3816 1285 λόγων

2170 1296 2502 1373 ῥητορικῶν,
2535 1300 2823 1373 magistra
2852 1305 2911 1355 et
2939 1301 3131 1356 amica
3160 1301 3404 1357 Periclis
3432 1306 3491 1357 et
3529 1317 3677 1357 uxor
3706 1299 3817 1355 de-

2170 1389 2374 1460 nique.
2410 1405 2542 1461 quae
2574 1389 2829 1446 duorum
2870 1389 3189 1455 bellorum,
3240 1390 3495 1447 Samiaci
3542 1395 3601 1445 et
3647 1389 3821 1446 Pelo—

2169 1477 2542 1549 ponnesiaci,
2577 1495 2757 1535 causa
2785 1478 2971 1534 fuisse
3002 1479 3278 1548 traditur,
3320 1484 3380 1535 et
3426 1494 3498 1534 ex
3546 1494 3663 1550 qua
3707 1479 3822 1533 Pe-

2169 1566 2347 1623 ricles
2396 1568 2614 1634 filium,
2676 1568 2789 1623 sibi
2848 1568 3290 1643 cognominem,
3354 1570 3633 1639 suscepit.
3692 1566 3826 1623 Fuit

2169 1660 2229 1711 et
2257 1655 2464 1725 altera,
2497 1656 2801 1725 meretrix,
2834 1656 2907 1712 ab
2947 1657 3198 1729 Aspasia
3222 1657 3468 1712 Periclis
3498 1656 3744 1711 diversa.

2239 1745 2549 1817 Aspasius,
2599 1744 2862 1817 Byblius,
2912 1746 3199 1818 sophista,
3250 1745 3499 1817 aequalis
3547 1742 3820 1800 Aristidis

2169 1838 2229 1890 et
2254 1833 2523 1903 Adriani,
2558 1834 2797 1906 scripsit
2824 1834 2890 1889 de
2920 1835 3112 1904 Byblo,
3171 1832 3296 1909 περὶ
3353 1835 3587 1887 στάσεων
3649 1831 3819 1907 ἐσχη-

2091 1950 2136 2016 B
2172 1919 2562 2016 partapévwxg
2590 1924 2657 1978 de
2688 1924 2925 1983 statibus
2975 1926 3275 1994 ﬁguratis;
3336 1920 3585 2016 μελέτας,
3638 1924 3819 1978 ἀθεία-

2161 2016 2470 2080 mationes;
2499 2013 2710 2088 Τὲχνας
2763 2021 2938 2070 artcm
2988 2015 3364 2080 rhetoricam;
3423 2011 3816 2084 ὑπομνήματα,

2161 2103 2626 2169 commentarios;
2697 2099 2916 2172 λαλιὰς,
2989 2120 3282 2160 sermones.
3374 2104 3697 2158 Encomium
3755 2106 3816 2160 in

2159 2191 2474 2248 Adrianum
2503 2194 2639 2263 imp.
2675 2198 2724 2247 et
2757 2193 2814 2246 in
2845 2193 2983 2247 alios
3016 2191 3301 2263 quosdam.

2231 2282 2535 2354 Aspasius,
2575 2281 2806 2354 Tyrius,
2843 2280 3109 2353 scphista
3131 2285 3189 2336 et
3207 2278 3550 2347 historicus,
3578 2280 3819 2353 scripsit

2161 2372 2228 2428 de
2257 2373 2423 2443 Epiro
2449 2378 2499 2426 et
2530 2371 2690 2426 rebus
2723 2370 3020 2443 Epiroticis
3040 2369 3332 2425 historiam
3356 2365 3665 2440 σύμμικτον
3698 2370 3817 2425 sive

2160 2461 2568 2517 miscellaneam
2601 2460 2759 2515 librie
2789 2461 2903 2514 XX.
2940 2461 3017 2514 De
3046 2465 3167 2514 arte
3195 2458 3499 2525 rhetorica,
3535 2462 3592 2512 et
3622 2457 3758 2515 alia.

2232 2550 2538 2623 Aspasius,
2571 2548 2960 2622 Demetriani,
2993 2549 3185 2603 critici
3214 2553 3272 2604 et
3303 2548 3707 2604 mathematici
3731 2549 3816 2614 F.,

2160 2638 3169 2712 Ravennas,50phista,temporibus
3181 2636 3500 2693 Alexandri
3513 2639 3816 2694 Mammem

2159 2728 2400 2802 scripsit
2427 2726 2563 2802 πρὸς
2590 2724 2720 2789 τοὺς
2743 2723 3171 2804 φιλολοιδόρους
3202 2723 3290 2780 καὶ
3322 2724 3459 2799 πρὸς
3489 2725 3813 2798 Ἀρίστωνα,

2158 2818 2418 2873 adversus
2445 2816 2741 2873 maledicos
2796 2822 2847 2871 et
2905 2817 3222 2871 Aristonem
3276 2817 3462 2870 varias
3515 2817 3810 2871 orationes.

2156 2906 2395 2963 Audivit
2414 2906 2770 2961 Pausaniam
2785 2910 2845 2961 et
2874 2904 3364 2977 Hippodromum,
3390 2908 3450 2959 et
3468 2908 3657 2959 artem
3682 2905 3746 2960 rh
3758 2923 3816 2963 e-

2159 2998 2408 3054 toricam
2437 2999 2638 3053 Roma)
2670 2996 2893 3064 docuit,
2926 2996 3027 3052 ubi
3059 2996 3162 3053 diu
3194 2995 3394 3051 clarus
3423 2995 3558 3052 fuit.

2231 3088 2704 3161 Astramsychus,
2739 3087 2978 3159 scripsit
3010 3079 3229 3160 βιϐλίον
3265 3083 3508 3158 ἰατρικὸν
3542 3082 3618 3147 εἷς
3670 3080 3808 3139 ὄνων

2161 3176 2470 3247 θεραπείαν,
2505 3177 2707 3232 librum
2749 3178 3148 3233 veterinarium
3206 3176 3273 3231 de
3323 3177 3608 3231 asinorum
3656 3193 3812 3232 cura-

2161 3270 2328 3339 tione,
2360 3273 2419 3324 et
2448 3264 2899 3341 ὀνειροκριτικὸν,
2944 3267 3010 3323 de
3058 3268 3517 3336 interpretatione
3568 3267 3808 3323 somnio-

2157 3375 2283 3414 rum
2292 3400 2302 3411 .

2226 3447 2668 3504 Astronomiam
2700 3447 2859 3502 inter
2898 3445 3261 3518 Babylonios
3314 3445 3543 3518 primus
3587 3445 3815 3502 invenit

2155 3538 2494 3594 Zoroastres
2517 3543 2575 3593 et
2604 3541 2741 3609 post
2760 3554 2899 3593 eum
2920 3538 3232 3606 Hostanes,
3258 3535 3361 3607 qui
3385 3553 3455 3591 ex
3469 3537 3743 3609 genitura
3755 3542 3813 3593 et

2155 3631 2322 3683 motu
2362 3627 2496 3682 caeli
2535 3626 2658 3682 fata
2709 3626 3021 3682 hominum
3070 3626 3449 3681 nascentium
3497 3625 3809 3681 observare

2155 3721 2482 3788 cmperunt.
2516 3715 2603 3771 Ab
2652 3715 2747 3771 his
2812 3716 3064 3789 Egyptii
3128 3720 3187 3771 et
3236 3715 3421 3773 Graeci
3473 3714 3807 3771 doctrinam

2152 3805 2321 3861 illam
2352 3820 2655 3877 accepere,
2690 3805 2792 3876 qui
2845 3805 3229 3861 nascentibus
3285 3803 3494 3861 itidem
3542 3805 3808 3862 themata

2153 3895 2444 3951 notabilia
2471 3894 2802 3967 assignant.

2223 3986 2529 4055 Astyages,
2557 3984 3003 4056 grammaticus,
3037 3986 3276 4058 scripsit
3302 3992 3478 4041 artem
3522 4002 3803 4057 gramma-

2154 4077 2339 4131 ticam.
2372 4076 2450 4129 De
2479 4073 2749 4130 dialectis.
2785 4076 2861 4129 De
2900 4077 3090 4131 metris
3134 4073 3365 4135 κανόνας
3424 4071 3803 4144 ὀνοματικοὺς,

2150 4165 2371 4235 regulas
2399 4166 2684 4219 nominum
2706 4181 2727 4229 ;
2757 4167 3209 4220 commentarium
3232 4166 3291 4219 in
3313 4164 3729 4220 Callimachum.

2223 4257 2602 4326 Astyanassa,
2637 4254 2877 4325 scripsit
2905 4252 3028 4326 περὶ
3078 4253 3381 4329 σχημάτων
3432 4272 3804 4307 συνουσιαστι-

2149 4344 2284 4399 κῶν.
2316 4344 2460 4398 Eam
2492 4342 2737 4398 imitata)
2769 4341 3055 4398 Philaenis
3084 4348 3142 4397 et
3170 4342 3589 4414 Elephantine.

2223 4433 2598 4506 Astydamas,
2632 4434 2855 4503 senior,
2889 4434 3051 4490 ﬁlius
3082 4433 3344 4490 Morsimi
3379 4438 3437 4490 et
3457 4450 3644 4506 nepos
3666 4432 3803 4489 Phi-

2150 4523 2344 4589 loclis,
2379 4523 2764 4597 tragicorum,
2798 4523 3057 4596 tragicus
3089 4528 3148 4579 et
3199 4523 3350 4597 ipse,
3399 4522 3807 4590 Atheniensis,

384 4610 565 4675 ticus,
622 4604 923 4679 Apollonii
983 4604 1332 4677 discipulus,
1393 4604 1495 4676 qui
1547 4604 1695 4659 vixit
1747 4606 1924 4661 Attali
1985 4613 2044 4665 et
2151 4613 2389 4685 scripsit
2420 4612 2732 4686 tragoedias
2762 4612 2969 4683 CCXL,
2996 4612 3136 4670 vicit
3163 4613 3286 4669 XV.
3340 4614 3673 4684 Antequam
3725 4610 3806 4666 ad

386 4697 695 4765 Eumenis,
727 4696 1232 4768 Pergamenorum
1262 4710 1493 4767 regum,
1536 4698 1824 4767 tempore.
1877 4695 2041 4753 Scri-
2075 4697 2120 4763 D
2153 4702 2471 4776 tragaadias
2502 4701 2848 4758 scribendas
2878 4718 2940 4758 se
2970 4702 3289 4774 conferret,
3321 4702 3545 4759 audivit
3581 4704 3811 4759 Isocra-

385 4786 511 4860 psit
532 4781 848 4862 φιλοσόφων
882 4776 1116 4857 βιϐλίων
1150 4779 1500 4858 διορθωτικὰ,
1526 4782 2041 4856 philosophicorum

2181 4808 2296 4848 em.

386 4873 659 4930 librorum
710 4871 1168 4940 emendationem,
1228 4871 1463 4943 aliaque
1539 4872 1750 4928 multa.
1832 4874 2046 4930 Docuit
2222 4880 2595 4954 Astydamas,
2624 4880 2854 4953 junior,
2880 4881 3098 4953 prioris
3130 4881 3312 4952 filius,
3333 4883 3611 4957 tragicus,
3638 4881 3810 4955 cujus

386 4965 591 5019 Homaa
640 4966 908 5032 tempore
960 4961 1228 5033 Pompeii
1286 4960 1500 5034 Magni,
1555 4966 1615 5017 et
1670 4960 2044 5019 Alexandria;

2181 4970 2427 5027 lramata
2454 4967 2735 5040 Ἡρακλῆς
2780 4969 3090 5045 σατυρικὸς,
3131 4971 3441 5046 Ἐπίγονοι,
3470 4970 3631 5032 ’Δῖας
3682 4990 3814 5042 μαι-

385 5056 676 5125 regnante
707 5050 1031 5106 Ptolemaeo
1062 5055 1275 5122 quarto
1315 5051 1665 5108 adolescens
1713 5068 2043 5110 commora-

388 5148 490 5198 tus
523 5146 634 5198 est.

461 5239 853 5312 Asclepiades,
904 5238 1143 5306 medici,
1201 5238 1274 5296 ab
1323 5238 1677 5312 Esculapio,
1731 5240 2046 5299 medicinae

386 5330 671 5404 praeside.

461 5419 937 5493 Asclepiodotus,
962 5419 1425 5489 Alexandrinus,
1464 5418 1537 5476 de
1566 5435 1682 5492 quo
1708 5421 1898 5479 multa
1918 5422 2052 5480 Sui-

387 5508 495 5567 das
522 5511 569 5576 I,
599 5527 734 5584 pag.
770 5513 875 5566 352
905 5527 993 5581 sq.
1029 5527 1061 5565 e
1100 5510 1440 5568 Damascio.

458 5601 775 5670 Asconius,
807 5599 1152 5657 Pmdianus.

462 5691 759 5760 Ascraaus,
793 5689 1110 5748 Hesiodus.

460 5780 706 5839 Asinius
761 5777 1083 5855 (Ἀσίννιος)
1146 5780 1366 5856 Pollio,
1425 5782 1752 5855 Romanus,
1810 5780 2054 5859 ἱστορίας

2153 5060 2404 5133 νόμενος,
2448 5058 2921 5136 Βελλεροφόντης,
2980 5059 3163 5137 Τυρὼ,
3222 5059 3541 5136 Ἀλκμήνη,
3600 5059 3810 5131 Φοῖνιξ,

2156 5148 2312 5205 Παλα
2321 5151 2395 5222 μή
2404 5146 2469 5220 δη
2480 5170 2527 5211 ς.

2229 5249 2576 5318 Athenaeus,
2610 5250 2971 5318 Naucratita,
3001 5249 3445 5323 grammaticus,
3505 5248 3607 5320 qui
3634 5247 3810 5304 Marci

2160 5339 2305 5411 imp.
2338 5344 2609 5411 tempore
2640 5339 2806 5405 vixit,
2838 5339 3077 5412 scripsit
3102 5339 3323 5397 librum
3348 5340 3449 5411 qui
3465 5337 3816 5395 inscribitur

2161 5427 2612 5503 Δειπνοσοφισταὶ
2625 5470 2639 5497 ,
2672 5434 2784 5488 etc.

2233 5518 2676 5592 Athenodorus,
2701 5518 2925 5576 stoicus
2949 5518 3346 5591 philosophus
3368 5517 3477 5574 sub
3497 5516 3813 5575 Octaviano

2166 5611 2338 5683 imp.,
2367 5615 2479 5668 etc.

2235 5699 2674 5769 Athenodorus,
2695 5699 2926 5773 junior,
2957 5699 3237 5757 omnibus
3267 5699 3342 5758 ad
3372 5698 3816 5773 philosophiam

2171 5788 2457 5848 subsidiis
2487 5789 2561 5848 ab
2593 5790 2835 5865 ingenio
2870 5795 2930 5847 et
2956 5794 3121 5848 recta
3148 5790 3335 5849 animi
3381 5790 3685 5849 voluntate
3736 5790 3823 5847 in-
