4110 6422
341 453 499 515 1237

1664 453 1762 515 DE
1805 449 2094 527 QUIBUS
2137 451 2441 515 SUIDAS.

3617 457 3645 514 1
3657 457 3776 519 238

409 585 786 642 Chaeremon.
821 587 1084 643 comicus
1131 588 1270 660 (57),
1303 605 1372 644 ex
1430 589 1602 662 cujus
1633 588 2001 645 dramatibus
2039 589 2095 656 Α
2124 586 2549 650 Diocletianus,
2582 583 2865 658 Egyptiis
2895 586 3170 654 infestus,
3202 589 3388 644 libros
3411 588 3483 644 de
3518 589 3774 658 chemia,

336 681 479 732 sunt
537 673 901 748 Τρευματίας,
957 675 1180 750 Οὐρεὺς,
1245 671 1617 755 ’Λλφεσίϐοια,
1678 673 1997 752 Κένταυρος.

342 764 622 834 Διόνυσος,
649 762 954 832 Ὀδυσσεὺς,
985 764 1242 837 Θυέστης,
1277 766 1499 822 Μινύαι.

408 856 577 911 Alius
608 856 980 919 Chaeremon,
1011 857 1111 927 qui
1146 859 1384 930 scripsit
1413 858 1876 932 hieroglyphica.

407 945 804 1017 Chmrephon,
838 946 1060 1001 Socrati
1108 948 1365 1003 maxime
1410 948 1764 1004 familiaris:
1821 948 2000 1020 hujus

333 1034 570 1089 nullum
594 1035 884 1106 scriptum
906 1041 1138 1090 exstare
1167 1036 1405 1093 dicitur.
1427 1039 1572 1092 Cum
1593 1037 1772 1092 fratre
1795 1054 1999 1109 graves

333 1127 714 1178 exercentem
765 1123 1112 1180 inimicitias
1163 1126 1400 1181 monuit
1438 1127 1728 1194 Socrates,
1763 1126 1997 1181 nullum

328 1214 511 1269 etiam
535 1213 843 1269 oculorum
867 1214 955 1268 vel
979 1230 1266 1270 manuum
1289 1221 1391 1270 aut
1412 1216 1630 1287 pedum
1652 1232 1779 1271 esse
1799 1232 1994 1281 usum,

327 1303 446 1360 nisi
479 1303 806 1358 concordes
837 1304 1080 1358 fuerint.
1105 1307 1194 1360 Ea:
1218 1307 1598 1377 Xenophonte,
1621 1305 1723 1362 lib.
1746 1306 1814 1360 Il.
1840 1307 1909 1360 M.
1937 1305 1993 1361 S.

399 1394 644 1460 Chaeris,
677 1393 1060 1461 citharaadus,
1094 1399 1205 1450 etc.

403 1483 830 1538 Chalcenterus
859 1483 1050 1539 dictus
1091 1487 1182 1539 est
1233 1483 1517 1556 Didymus
1548 1485 1993 1557 grammaticus,

325 1578 573 1645 propter
601 1573 913 1628 assiduum
946 1573 1209 1628 studium
1251 1573 1410 1644 quod
1463 1573 1632 1629 libris
1665 1574 1990 1646 impendit:

323 1663 497 1717 aiunt
529 1663 688 1717 enim
722 1678 904 1734 super
952 1663 1064 1718 tria
1114 1662 1306 1719 millia
1352 1662 1645 1719 librorum
1676 1681 1812 1719 eum
1844 1663 1993 1719 scri-

322 1768 542 1824 psisse.

396 1841 680 1910 Chaldzei,
707 1857 930 1896 nomen
967 1841 1161 1914 gentis
1194 1843 1254 1898 in
1301 1843 1670 1898 astronomia
1701 1844 1990 1900 exercita-

321 1923 593 1978 tissimm.
626 1918 910 1977 Χαλδαϊκὰ
942 1919 1368 1994 ἐπιτηδεύματα,
1403 1929 1515 1981 etc.

395 2014 697 2080 Chanaan,
730 2029 764 2068 a
797 2030 914 2084 quo
943 2013 1289 2082 Chananmi,
1323 2031 1355 2069 a
1387 2015 1565 2070 Josua
1615 2015 1855 2087 regione
1886 2031 1994 2070 sua

319 2103 574 2174 expulsi,
630 2103 730 2174 qui
789 2102 1008 2157 deinde
1064 2102 1323 2158 Africam
1381 2104 1712 2170 incoluere,
1755 2102 1846 2156 κιὶ
1887 2087 1989 2157 εἶσὶ

325 2189 494 2266 μέχρι
553 2195 645 2244 νῦν
726 2190 781 2244 αἱ
855 2188 1106 2246 τοιαῦται
1180 2190 1410 2260 πλάκες,
1489 2190 1542 2246 ἐν
1602 2196 1673 2266 τῇ
1721 2189 1992 2265 Νουμιδία

316 2276 682 2354 περιέχουσαι
738 2278 932 2341 οὕτως·
1021 2280 1216 2352 Ἡμεῖς
1299 2280 1458 2353 ἐσμεν
1527 2280 1840 2351 χαναναῖοι,
1899 2280 1992 2344 οὕς

321 2368 541 2442 ἐδίωξεν
575 2370 786 2440 Ἰησοῦς
818 2369 845 2422 ὁ
879 2366 1108 2442 λῃστής.

391 2462 644 2528 Charax,
677 2461 1099 2531 Pergamenus,
1151 2460 1432 2516 sacerdos
1483 2465 1542 2516 et
1571 2461 1988 2533 philosophus,

317 2552 395 2607 de
427 2567 545 2622 quo
580 2549 947 2622 epigramma
990 2553 1178 2616 vetus,
1212 2549 1406 2604 Suidae
1456 2550 1700 2605 lectum.
1745 2550 1992 2622 Scripsit

325 2643 659 2696 Graecarum
709 2638 1094 2693 historiarum
1141 2637 1328 2693 libros
1369 2640 1482 2695 XL.
1533 2640 1803 2694 Secundo
1836 2639 1988 2695 libro

324 2731 601 2786 meminit
647 2729 917 2801 Augusti,
968 2732 1034 2782 ut
1077 2727 1477 2799 imperatoris,
1521 2727 1650 2798 jam
1702 2727 1845 2782 olim
1887 2727 1987 2783 de'

321 2820 509 2876 functi
537 2838 549 2888 ;
586 2824 646 2875 et
668 2819 822 2873 libro
858 2817 1110 2888 septimo
1143 2818 1390 2873 Neronis
1413 2823 1472 2872 et
1502 2834 1709 2873 eorum
1731 2817 1833 2889 qui
1855 2823 1988 2890 post

319 2911 494 2966 illum
525 2909 963 2981 imperitarunt.

388 2999 638 3067 Charax,
675 2998 1006 3069 Sapphonis
1036 2997 1241 3052 frater.

386 3087 653 3143 Charetis
682 3086 1148 3158 pollicitationes
1181 3085 1252 3140 de
1285 3086 1377 3153 iis,
1414 3086 1515 3156 qui
1545 3085 1718 3140 facile
1751 3085 1982 3157 quidvis

310 3175 778 3248 pollicentur,ut
799 3175 1016 3230 Chares
1039 3174 1340 3246 quondam
1364 3175 1482 3230 dux
1506 3175 1980 3233 Atheniensium.

385 3266 699 3333 Charmus,
733 3266 1160 3336 Syracusanus,
1194 3266 1256 3319 in
1287 3265 1521 3336 singula
1550 3265 1820 3333 obsonia,
1849 3283 1980 3337 qum

2118 694 2154 733 a
2186 679 2478 735 veteribus
2523 680 2797 752 scriptos,
2847 678 3196 749 perquisivit
3233 683 3291 734 et
3337 679 3458 751 igni
3509 679 3777 746 tradidit,

2117 784 2192 823 ne
2225 785 2294 823 ex
2351 774 2476 826 arte
2536 768 2883 839 hujusmodi
2943 768 3063 823 illis
3116 785 3280 841 opes,
3342 774 3400 824 et
3449 785 3518 824 ex
3558 769 3775 840 opibus

2116 857 2334 913 ﬁducia
2364 858 2695 914 rebellandi
2731 858 2975 930 posthac
3007 863 3367 930 suppeteret.

2184 946 2338 1014 Χῆναι
2368 945 2621 1018 ὀμνύναι,
2667 965 2770 1018 per
2816 964 3058 1002 anserem
3101 949 3321 1017 jurare.
3356 950 3434 1002 Ne
3461 947 3535 1002 ad
3565 963 3774 1002 omnes

2114 1051 2210 1090 res
2269 1053 2490 1092 nomen
2551 1037 2653 1091 Dei
2714 1035 3119 1103 adhiberetur,
3175 1036 3617 1092 Rhadamantus
3668 1053 3776 1107 per

2113 1141 2385 1181 anserem
2420 1132 2480 1181 et
2507 1127 2752 1181 arietem
2778 1126 2983 1197 jurare
3005 1127 3209 1198 jussit,
3242 1143 3382 1193 non,
3409 1132 3474 1180 ut
3505 1126 3771 1197 quidam,

2112 1215 2402 1271 Socrates.
2875 1216 2894 1225 “

2181 1304 2422 1374 Χιάζειν,
2481 1306 2641 1360 Chios
2688 1305 2922 1360 imitari.
2977 1305 3382 1370 Praxidamas,
3454 1307 3770 1360 Democra-

2111 1402 2259 1463 tum,
2321 1397 2554 1463 Chium,
2616 1401 2675 1451 et
2729 1395 3190 1462 Theoxenidem,
3271 1395 3604 1466 Sipbnium,
3664 1396 3769 1478 ait,

2108 1486 2333 1557 primos
2383 1491 2678 1557 poemata,
2730 1490 2902 1557 pacta
2958 1485 3255 1551 mercede,
3315 1485 3742 1555 conscripsisse

2109 1575 2362 1650 πρώτους
2419 1575 2508 1629 ἐπὶ
2585 1576 2876 1650 χρήματος
2950 1573 3102 1644 τάξαι
3182 1571 3318 1628 ἰδίαν
3377 1575 3622 1643 ποιήσω.
3682 1577 3771 1630 Ex

2109 1670 2345 1724 Isocrate
2373 1667 2443 1723 ad
2472 1668 2774 1723 Idotheam.

2177 1757 2365 1824 Chilo,
2401 1757 2701 1829 Damageti
2725 1757 2808 1818 F.,
2833 1755 3341 1823 Lacedaemonius,
3363 1772 3518 1810 unus
3541 1760 3770 1826 septem

2106 1846 2464 1916 sapientum,
2514 1845 2627 1899 fuit
2668 1844 3070 1916 breviloquus.
3127 1846 3318 1910 Quare
3373 1844 3768 1914 Aristagoras,

2025 1969 2070 2035 Β
2105 1935 2388 2001 Milesius,
2413 1935 2574 1989 hunc
2606 1934 2848 1989 modum
2879 1933 3116 1988 dicendi
3151 1933 3463 1988 Chilonium
3486 1932 3766 2002 appellat.

2171 2024 2511 2092 Chionides,
2543 2022 3220 2088 Atheniensis,comicus
3253 2021 3516 2092 antiquae
3548 2038 3768 2077 comm-

2101 2111 2233 2179 ἀίω,
2267 2111 2438 2182 cujus
2488 2111 2660 2166 aiunt
2707 2111 3039 2182 principem
3089 2109 3272 2164 fuisse
3321 2114 3380 2163 et
3425 2114 3555 2162 octo
3587 2108 3762 2162 annis

2099 2205 2236 2256 ante
2266 2199 2491 2254 bellum
2523 2199 2834 2254 Persidum
2865 2198 3096 2254 fabulas
3142 2199 3438 2265 docuisse,
3483 2214 3512 2251 e
3545 2197 3761 2268 quibus

2098 2294 2241 2344 sunt
2268 2289 2476 2359 ”Ηρως,
2511 2285 2763 2360 Πτωχοὶ,
2797 2291 2998 2358 Περσαι
3025 2281 3060 2353 ἤ
3096 2284 3398 2358 Ἀσσύριοι.

2168 2377 2410 2444 Chiron,
2453 2379 2805 2446 Centaurus,
2840 2377 2939 2446 qui
2975 2377 3207 2447 primus
3240 2375 3598 2430 medicinam
3633 2375 3768 2428 her-

2094 2465 2325 2522 bariam
2359 2466 2604 2522 invenit.
2639 2466 2888 2536 Scripsit
2919 2463 3219 2532 ὑποθήκας,
3245 2471 3551 2534 praecepta,
3579 2463 3763 2517 versi-

2096 2555 2232 2621 bus,
2282 2556 2356 2611 ad
2405 2555 2719 2628 Achillem.
2782 2556 2930 2609 Item
2987 2551 3380 2625 Ἰππιατρικὸν,
3429 2551 3765 2607 Medicinam

2093 2648 2518 2706 veterinariam;
2541 2661 2726 2716 quare
2745 2645 2923 2699 etiam
2943 2645 3274 2699 Centaurus
3295 2647 3384 2697 est
3403 2641 3758 2713 appellatus.

2166 2734 2434 2802 Coerilus,
2459 2733 2866 2801 Atheniensis,
2903 2733 3182 2804 tragicus,
3209 2732 3308 2802 qui
3337 2731 3556 2802 olymp.
3593 2731 3762 2786 LXIV

2093 2823 2157 2878 in
2204 2840 2384 2878 scena
2438 2827 2667 2878 certare
2725 2823 2925 2892 cwpit,
2982 2821 3184 2876 docuit
3239 2820 3473 2876 fabulas
3525 2820 3628 2882 CL,
3673 2819 3761 2873 vi-

2092 2913 2174 2970 cit
2201 2913 2348 2968 XIII.
2404 2913 2528 2980 Hic,
2582 2917 2647 2967 ut
2695 2911 2937 2983 quidam
2987 2909 3250 2978 tradunt,
3285 2915 3344 2964 et
3373 2909 3668 2964 larvarum
3698 2915 3760 2964 et

2091 3003 2336 3058 vestitus
2367 3002 2589 3058 scenici
2621 3001 2852 3073 primus
2885 3005 3092 3056 auctor
3120 2999 3252 3054 fuit.

2160 3091 2470 3156 Chazrilus,
2503 3091 2758 3157 Samius,
2792 3090 2882 3146 vel
2932 3089 3215 3157 Iasensis,
3248 3091 3351 3144 aut
3379 3087 3754 3144 Halicarnas-

2089 3181 2302 3249 sensis,
2337 3181 2584 3253 aequalis
2606 3181 2892 3252 Panyasis
2917 3184 2977 3234 et
2997 3179 3349 3236 adolescens
3373 3178 3500 3250 jam
3530 3177 3753 3233 Persici

2035 3271 2230 3342 ibelli
2292 3271 2684 3342 tomporibus,
2760 3270 2981 3341 olymp.
3036 3270 3246 3324 LXXV.
3326 3267 3488 3323 Idem
3549 3284 3753 3323 servus

311 3355 572 3411 convivis
604 3354 1082 3426 apponebantur,
1111 3354 1436 3409 versiculos
1469 3359 1528 3408 et
1579 3355 1889 3426 proverbia
1919 3355 1981 3410 in
2020 3341 2063 3412 C
2091 3356 2274 3412 fuisse
2301 3341 2554 3413 traditur
2577 3357 2753 3412 Samii
2780 3356 3111 3428 cujusdam,
3138 3356 3330 3411 forma
3350 3355 3754 3428 pulcherrima

312 3451 595 3518 promptu
625 3445 881 3500 habebat
927 3445 1083 3516 (qua;
1135 3444 1295 3516 apud
1349 3445 1588 3500 Suidam
1631 3450 1985 3516 sequuntur,

313 3536 446 3608 jam
478 3536 644 3590 fuere
678 3551 879 3606 supra,
912 3551 962 3589 v.
996 3535 1336 3604 Athenaeus),
1389 3538 1530 3588 sunt
1579 3540 1778 3589 autem
1820 3535 1982 3589 haec:

318 3624 662 3689 Clearchus,
699 3624 986 3688 Solensis,
1018 3641 1232 3695 poema
1261 3623 1410 3679 illud
1434 3621 1783 3696 Δεινολογιαν
1816 3629 1987 3680 vocat

334 3713 438 3769 alii
526 3711 876 3786 Ὀψολογίαν,
936 3713 1298 3785 Chrysippus
1367 3711 1795 3788 Γαστρονομίαν,
1845 3713 1986 3769 'alii

320 3798 702 3857 Ἡδυπάθειαν.

320 3893 576 3960 Charon,
611 3891 1070 3963 Lampsacenus,
1123 3891 1424 3962 Pythoclis
1464 3892 1550 3955 F.,
1583 3891 1682 3962 qui
1719 3894 1983 3962 tempore

317 3983 496 4056 primi
557 3984 716 4038 Darii
791 3983 996 4037 floruit
1079 3983 1300 4054 olymp.
1391 3982 1582 4038 LXXV
1644 3983 1982 4038 historicus.

313 4075 564 4146 Scripsit
591 4075 928 4144 Ethiopica,
949 4076 1174 4130 Persica
1198 4074 1356 4130 libris
1379 4076 1453 4129 II.
1482 4075 1672 4129 Graeca
1700 4075 1854 4129 libris
1883 4077 1968 4129 IV

313 4167 390 4221 De
443 4166 744 4233 Lampsaco
797 4161 952 4218 libris
1000 4165 1074 4218 11.
1131 4163 1355 4232 Libyca.
1400 4164 1560 4217 Fines
1589 4165 1984 4232 Lampsaceno-

317 4271 442 4310 rum
475 4254 632 4309 libris
667 4255 761 4309 IV.
797 4254 1072 4323 Prytanes
1125 4253 1245 4308 sive
1299 4253 1603 4308 Archontes
1640 4254 1988 4309 Lacedaemo-

314 4347 566 4414 niorum,
623 4343 782 4415 quod
837 4348 928 4398 est
983 4360 1131 4414 opus
1189 4342 1696 4415 chronologicum.
1737 4345 1988 4412 Origines

315 4433 562 4501 urbium,
597 4433 756 4487 libris
812 4434 888 4499 II,
949 4432 1165 4486 Cretica
1217 4430 1372 4486 libris
1420 4433 1519 4499 III,
1555 4431 1614 4484 in
1657 4447 1774 4501 quo
1806 4447 1984 4502 opere

315 4523 499 4579 etiam
534 4523 718 4591 leges,
773 4537 808 4576 a
855 4521 1046 4576 Minoe
1097 4521 1268 4588 latas,
1316 4519 1522 4574 refert.
1572 4522 1986 4589 Navigationem

316 4616 465 4669 circa
525 4628 680 4667 oram
737 4612 1082 4667 maritimam
1153 4616 1313 4664 extra
1377 4609 1658 4664 columnas
1717 4609 1982 4664 Herculis.

2091 3446 2415 3517 praeditus:
2461 3451 2520 3501 et
2571 3447 2740 3500 Samo
2785 3446 3069 3517 profugus
3113 3461 3249 3500 cum
3301 3443 3616 3513 Herodoto,
3658 3444 3754 3499 hi-

2093 3536 2331 3606 storico,
2391 3551 2635 3606 operam
2683 3534 2872 3602 daret,
2920 3534 3255 3591 litterarum
3305 3539 3364 3588 et
3392 3533 3751 3604 eloquentia:

2091 3639 2292 3680 amore
2326 3628 2534 3694 captus
2564 3623 2746 3678 fuisse
2776 3640 2788 3676 :
2833 3623 3003 3694 cujus
3035 3623 3214 3677 etiam
3247 3624 3538 3677 amasium
3569 3621 3754 3676 fuisse

2091 3712 2317 3768 dicunt.
2355 3713 2637 3767 Animum
2670 3712 2742 3767 ad
2796 3713 3090 3784 poeticam
3122 3711 3356 3784 appulit
3387 3717 3445 3766 et
3474 3712 3535 3766 in
3567 3712 3756 3765 Mace-

2090 3801 2270 3858 donia
2319 3801 2468 3856 obiit
2510 3801 2666 3873 apud
2713 3802 3096 3868 Archelaum,
3148 3807 3294 3857 tunc
3347 3801 3474 3873 ejus
3531 3816 3753 3872 regem.

2091 3891 2338 3963 Scripsit
2363 3891 2652 3947 victoriam
2704 3891 2958 3947 adversus
3009 3894 3245 3946 Xerxem
3285 3895 3646 3962 reportatam
3679 3889 3754 3945 ab

2089 3982 2578 4051 Atheniensibus,
2612 3998 2716 4053 pro
2764 3983 2935 4053 cujus
2967 3982 3260 4052 poematis
3293 3981 3543 4053 singulis
3573 3979 3756 4035 versi-

2091 4071 2203 4127 bus
2234 4088 2483 4127 aureum
2526 4077 2804 4126 staterem
2856 4072 3104 4142 accepit.
3155 4073 3468 4126 Decretum
3510 4071 3757 4141 insuper

2091 4161 2224 4228 fuit,
2247 4167 2314 4215 ut
2341 4177 2554 4232 poema
2587 4161 2735 4216 illud
2766 4178 2901 4216 cum
2935 4161 3170 4215 Homeri
3204 4160 3570 4216 carminibus
3599 4159 3753 4214 reci-

2092 4255 2337 4306 taretur.
2371 4253 2653 4317 Lamiaca,
2713 4255 2772 4304 et
2819 4249 2938 4304 alia
2991 4249 3268 4320 quaedam
3320 4249 3448 4320 ejus
3478 4253 3755 4320 poemata

2091 4339 2618 4395 circumferuntur.

2162 4428 2596 4485 Choriambicis
2642 4427 2907 4482 versibus
2957 4427 3222 4497 .lEsopias
3252 4425 3484 4481 fabulas
3516 4426 3757 4497 scripsit

2091 4518 2260 4573 libris
2292 4519 2338 4572 Χ
2373 4517 2614 4572 Babrias
2647 4533 2750 4571 seu
2782 4516 3049 4582 Babrius,
3083 4514 3156 4570 de
3187 4532 3303 4587 quo
3336 4531 3535 4587 supra.

2162 4605 2418 4680 Χορικὸς,
2449 4605 2609 4662 chori
2659 4607 2776 4659 dum
2824 4612 2874 4660 et
2921 4607 3203 4674 magister.
3261 4604 3414 4659 Talis
3457 4604 3568 4659 fuit
3600 4607 3750 4674 Aga-

388 4701 641 4768 Charon,
676 4698 1182 4771 Carthaginensis,
1238 4698 1580 4763 historicus,
1633 4697 1872 4769 scripsit
1909 4698 1980 4752 de
2013 4722 2058 4787 ο
2092 4695 2260 4762 thon,
2315 4696 2415 4765 qui
2475 4695 2828 4750 histrionica
2878 4694 3166 4761 carmina,
3229 4691 3551 4766 ὑποκριτικὰ
3606 4691 3747 4765 μὲλη

318 4791 614 4862 tyrannis,
647 4793 942 4861 quotquot
996 4788 1058 4842 in
1117 4789 1354 4859 Europa
1405 4792 1464 4842 et
1509 4787 1649 4842 Asia
1697 4786 1976 4857 fuerunt;

317 4880 468 4935 vitas
500 4879 825 4934 illustrium
856 4878 1118 4934 virorum
1149 4877 1321 4933 libris
1361 4879 1452 4944 IV,
1485 4876 1806 4932 mulierum
1837 4877 1980 4932 item

313 4970 464 5024 vitas
493 4969 664 5024 libris
697 4968 787 5022 lV.

391 5061 650 5127 Charon,
679 5057 1035 5124 Naucratita,
1072 5056 1412 5113 historicus.
1447 5057 1696 5129 Scripsit
1723 5057 1788 5113 de
1811 5074 1984 5114 sacer-

319 5152 542 5206 dotibus
589 5149 976 5204 Alexandrinis
1027 5153 1078 5202 et
1122 5149 1397 5216 liga/puis
1453 5152 1512 5201 et
1560 5163 1655 5202 res
1699 5147 1807 5202 sub
1839 5164 1984 5203 uno-

321 5258 558 5313 quoque
591 5245 804 5313 gestas.
839 5242 915 5295 De
943 5239 1183 5308 regibus,
1217 5237 1318 5308 qui
1371 5237 1582 5310 priscis
1617 5239 1982 5308 temporibus

315 5332 380 5386 in
440 5345 800 5402 unaquaque
858 5333 1030 5400 gente
1087 5328 1348 5382 fuerunt.
1385 5328 1458 5382 De
1501 5329 1808 5390 Naucrate:
1840 5329 1982 5383 item

319 5420 438 5476 alia
471 5418 747 5490 quasdam
777 5417 843 5472 de
868 5421 1123 5486 Egypto.

394 5508 659 5576 Chemia,
711 5507 830 5562 sive
874 5522 970 5561 ars
1025 5502 1382 5560 conficiendi
1450 5505 1674 5576 argenti
1722 5511 1781 5561 et
1828 5505 1978 5561 auri.

393 5758 660 5835 (5'7)__Imo
696 5755 958 5824 tragicus.
991 5752 1140 5834 Eum
1187 5751 1444 5835 quidem
1472 5753 1793 5835 Athenaeus
1824 5755 1980 5835 XIII,

319 5845 454 5903 pag.
490 5831 613 5896 562,
656 5841 932 5900 expresse
983 5829 1253 5881 nominat
1301 5829 1612 5898 tragicum,
1648 5831 1706 5882 et
1736 5829 1982 5882 nomina

2089 4785 2448 4855 composuit,
2479 4790 2539 4839 et
2567 4783 2693 4856 ipse
2726 4783 3081 4838 histrionem
3121 4783 3183 4838 in
3225 4798 3404 4838 scena
3431 4783 3550 4855 egit
3576 4782 3752 4852 (infra

2089 4874 2152 4928 in
2182 4877 2239 4928 Μ
2241 4877 2474 4943 ῃνγηθω).

2160 4962 2331 5036 Χορὸν
2379 4958 2606 5034 δίδωμι,
2665 4963 2892 5018 chorum
2949 4964 3040 5030 do,
3092 4962 3251 5018 idem
3282 4962 3437 5018 valet
3463 4979 3531 5017 ac
3560 4962 3750 5033 gloria

2091 5055 2383 5110 excellere
2405 5071 2472 5109 ac
2491 5055 2746 5109 vincere.
2776 5055 2918 5108 Nam
2943 5053 3098 5126 apud
3121 5053 3514 5108 Athenienses
3537 5051 3747 5106 comici

2097 5148 2158 5198 et
2186 5144 2388 5216 tragici
2422 5149 2609 5214 poeta)
2640 5143 2887 5198 chorum
2921 5143 3321 5215 impetrabant
3349 5157 3468 5195 non
3501 5157 3746 5195 omnes:

2101 5233 2204 5288 sed
2238 5232 2521 5288 clariores
2552 5233 2834 5304 dignique
2867 5231 3073 5301 habiti,
3106 5235 3419 5303 postquam
3451 5230 3595 5284 artis
3627 5246 3748 5284 sum

2094 5325 2398 5395 specimen
2431 5323 2780 5378 edidissent.

2162 5412 2354 5484 Χορὸς,
2389 5415 2446 5468 in
2483 5415 2752 5470 ecclesiis
2797 5413 3163 5469 cantantium
3211 5417 3413 5467 cmtus.
3457 5412 3748 5468 Ecclesia-

2091 5520 2226 5559 rum
2259 5505 2423 5560 chori
2456 5504 2627 5559 divisi
2685 5504 2849 5558 fuere
2909 5503 2969 5557 in
3028 5502 3174 5557 duas
3231 5507 3429 5573 partes
3477 5507 3744 5573 tempore

2088 5753 2424 5810 fabularum
2475 5755 2559 5810 rei
2615 5754 2919 5810 veritatem
2983 5767 3218 5823 quoque
3287 5755 3600 5808 testantur.
3669 5755 3740 5811 V.

2087 5826 2318 5883 Kusler.
2352 5833 2477 5884 not.
2509 5832 2650 5883 tom.
2683 5827 2780 5897 IIl,
2812 5841 2943 5898 pag.
2976 5826 3100 5881 661.
3134 5825 3309 5880 Ηλιιι.
