4110 6456
359 458 515 520 1239

1687 459 1926 520 INDEX
1972 458 2489 522 SCRIPTORUM

3632 465 3807 526 1240

360 593 713 660 Constantii,
733 595 1105 652 Constantini
1127 598 1198 654 Μ.
1226 597 1356 665 ﬁlii,
1382 601 1440 652 et
1459 595 2017 667 Flaviani,episcopi
2050 602 2098 666 Α
2201 595 2539 666 Cleanthes,
2562 598 2820 668 Cassius,
2845 599 3086 655 Phanim
3108 599 3193 666 F.,
3214 596 3439 666 Assius,
3460 598 3802 671 discipulus

362 684 713 749 Antiochiaa,
738 685 1011 741 bifariam
1038 687 1273 742 Davidis
1299 687 1572 743 Psalmos
1603 685 2021 750 canentes.Qui

363 788 493 827 mos
537 774 1069 846 (antiphonarum),
1119 777 1450 831 Antiochiae
1482 777 1743 848 primum
1772 779 2020 845 emptus,

362 866 553 917 totum
585 868 878 919 terrarum
906 866 1110 921 orbem
1142 872 1348 938 postea
1386 866 1663 938 pervasit.

435 953 777 1020 Chosroem,
805 970 1005 1027 regem
1036 957 1375 1023 Persarum,
1407 954 1813 1027 depraadicant
1843 968 2023 1024 supra

361 1041 551 1112 ipsius
571 1043 853 1097 meritum
885 1060 1007 1098 non
1030 1048 1263 1098 tantum
1295 1043 1502 1107 Persae,
1526 1042 1630 1097 sed
1657 1047 1717 1096 et
1745 1038 2019 1095 nonnulli

363 1131 789 1198 Romanorum,
841 1138 907 1186 ut
950 1132 1286 1188 litterarum
1335 1138 1661 1187 amatorem
1693 1132 1915 1202 quique
1946 1128 2019 1184 ad

360 1220 753 1292 philosophiae
777 1226 996 1276 nostra)
1021 1220 1259 1275 culmen
1283 1219 1696 1287 evaserit,eum
1725 1218 1776 1273 ei
1801 1218 2023 1273 Graaca-

360 1310 498 1366 nica
543 1311 766 1382 scripta
821 1311 895 1367 ab
954 1311 1278 1382 interprete
1337 1310 1596 1382 quodam
1626 1309 1690 1363 in
1721 1307 2019 1363 Persicam

359 1399 624 1473 linguam
659 1405 861 1456 essent
889 1416 1192 1468 conversa,
1212 1401 1296 1455 ita
1315 1405 1382 1456 ut
1406 1398 1783 1454 Aristolelem
1806 1396 2020 1451 melius

360 1490 691 1556 edidicerit,
717 1507 895 1561 quam
922 1489 1353 1545 Demosthenes
1373 1486 1867 1560 Thucydidem,et
1886 1485 2018 1541 Pla-

361 1580 580 1635 tonicis
625 1579 998 1652 dogmatibus
1059 1584 1217 1634 totus
1273 1582 1432 1633 esset
1486 1577 1762 1641 refertus,
1796 1580 1863 1629 ut
1908 1589 2020 1628 nec

363 1668 618 1722 Timmus
650 1668 779 1739 ejus
810 1668 1268 1741 intelligentiam
1299 1666 1591 1739 effugerit,
1615 1681 1727 1720 nec
1758 1661 2019 1719 Phaedon

365 1772 478 1811 nec
509 1757 771 1828 Gorgias,
804 1761 915 1813 etc.
950 1761 1035 1813 Ea:
1062 1756 1321 1826 Agathia.

436 1852 873 1922 Christodorus,
909 1855 1141 1909 Panisci
1173 1855 1255 1919 F.,
1285 1869 1356 1908 ex
1376 1854 1559 1924 Copto
1588 1850 1737 1906 urbe
1768 1849 2016 1921 Egypti,

2133 684 2403 752 Cratetis,
2437 686 2652 742 deinde
2682 688 2955 759 Zenonis,
2980 688 3075 744 cui
3098 688 3278 743 etiam
3310 688 3636 744 successit:
3663 705 3803 743 ma-

2131 772 2314 845 gister
2343 774 2678 848 Chrysippi,
2711 776 3055 848 philosophi
3105 776 3389 846 Solensis,
3422 782 3481 831 et
3506 776 3797 849 Antigoni

2130 862 2306 934 regis.
2333 864 2437 918 Hic
2461 864 2625 937 pugil
2655 871 2850 934 antea,
2875 867 3136 921 Athenas
3167 865 3489 936 profectus,
3522 865 3801 937 philoso-

2129 952 2287 1023 phiaa
2317 970 2519 1009 amore
2549 960 2757 1027 captus
2804 960 2931 1011 est:
2981 955 3335 1024 laboriosus,
3372 961 3439 1011 ut
3466 956 3618 1012 alter
3646 956 3799 1011 Her-

2132 1041 2298 1097 cules
2327 1042 2647 1113 diceretur,
2672 1051 2731 1101 et
2758 1041 3085 1121 φρεᾶντλης,
3110 1045 3271 1117 quia,
3295 1061 3431 1121 cum
3462 1062 3583 1100 non
3603 1045 3796 1100 habe-

2131 1136 2242 1198 ret,
2267 1131 2428 1187 unde
2454 1133 2693 1201 viveret,
2718 1139 2899 1190 noctu
2920 1134 3196 1190 mercede
3217 1150 3434 1206 aquam
3455 1134 3797 1202 hauriebat,

2131 1220 2391 1277 interdiu
2422 1221 2759 1295 disciplinis
2787 1229 2849 1279 et
2876 1223 3046 1279 libris
3088 1222 3352 1279 vacabat.
3388 1223 3634 1295 Scripsit
3656 1223 3796 1295 plu-

2128 1310 2302 1366 rima.

2202 1401 2540 1456 Clearchus.
2567 1402 2853 1471 Solensis,
2884 1402 3051 1459 varia
3080 1402 3338 1474 scripsit.

2201 1493 2542 1564 Clearchus,
2576 1494 2877 1563 Ponticus,
2924 1494 3187 1549 Athenas
3234 1492 3535 1566 profectus
3567 1498 3657 1548 est
3685 1510 3799 1550 au-

2131 1582 2335 1637 diendi
2366 1583 2630 1638 Platonis
2680 1600 2873 1639 causa.
2934 1583 3047 1639 Sed
3094 1583 3156 1638 in
3207 1583 3434 1638 somnis
3475 1582 3621 1637 vidit
3656 1600 3797 1639 mu-

2129 1670 2362 1743 lierem,
2396 1671 2509 1727 sibi
2549 1672 2890 1728 dicentem:
2951 1672 3163 1728 Excede
3209 1672 3493 1728 academia
3517 1678 3569 1726 et
3601 1671 3796 1742 linque

2121 1761 2557 1832 phil030phiam,
2588 1778 2699 1832 qua
2725 1761 2847 1831 frui
2880 1761 2984 1817 tibi
3010 1765 3100 1831 fas
3128 1778 3240 1816 non
3270 1768 3368 1829 est,
3399 1763 3616 1830 infenso
3644 1764 3795 1816 enim

2128 1851 2288 1906 vultu
2319 1856 2369 1906 te
2394 1853 2661 1906 intuetur.
2713 1851 2861 1906 Hinc
2918 1851 2979 1905 in
3032 1851 3287 1923 patriam
3330 1850 3528 1918 rediit,
3571 1849 3793 1905 deinde

362 1948 538 2015 poeta
576 1944 799 2015 epicus,
834 1944 1129 1999 Anastasii
1173 1943 1318 2014 imp.
1353 1941 1742 2013 temporibus.
1775 1938 2023 2010 Scripsit
2048 1966 2096 2030 B
2132 1941 2295 1995 venit
2323 1940 2396 1995 ad
2427 1940 2847 2009 Mithridatem,
2880 1940 3142 2011 denique
3183 1940 3667 1996 Heracleotarum
3700 1945 3796 2011 ty-

359 2035 607 2089 Isaurica
637 2034 791 2089 libris
826 2034 907 2101 V1,
936 2034 1055 2088 sive
1086 2033 1157 2088 de
1190 2032 1430 2087 lsaurim
1458 2030 1912 2102 expugnatione,
1946 2028 2019 2083 ab

358 2123 670 2178 Anastasio
702 2122 891 2190 facta;
925 2122 1133 2196 Πάτρια
1192 2123 1311 2177 sive
1373 2123 1628 2190 Origines
1658 2120 1867 2187 CPolis,
1900 2135 2022 2172 ver-

360 2211 526 2266 sibus
577 2212 834 2266 heroicis
900 2212 1055 2267 libris
1106 2212 1225 2267 ΧΠ.
1310 2211 1567 2279 Origines
1624 2206 2024 2263 Thessalonices

363 2301 518 2354 libris
563 2302 734 2356 XXV.
785 2302 1035 2370 Origines
1084 2300 1271 2355 Nacles
1318 2316 1501 2371 prope
1550 2297 1928 2368 Heliopolim,
1960 2296 2024 2350 in

364 2406 481 2460 qua
528 2394 669 2443 sunt
716 2390 973 2460 Aphaca.
1034 2391 1285 2458 Origines
1349 2388 1548 2443 Mileti.
1604 2387 1768 2442 urbis
1819 2386 2020 2441 Ionia).

365 2479 619 2546 Origines
702 2477 991 2532 Trallium.
1081 2479 1333 2546 Origines
1413 2474 1862 2546 Aphrodisiadis.
1926 2478 2023 2529 Ec-

360 2566 617 2636 phrasim
666 2565 784 2620 sive
832 2566 1257 2636 descriptionem
1300 2571 1613 2620 statuarum
1640 2566 1702 2618 in
1742 2565 2025 2633 gymnasio

371 2657 663 2725 Zeuxippi,
697 2659 755 2709 et
784 2655 902 2710 alia
932 2655 1141 2711 multa.

440 2743 889 2814 Chrysanthius,
945 2743 1287 2811 Sardianus,
1364 2743 1778 2816 philOSOphus,
1846 2758 2025 2813 quem

364 2832 634 2887 Julianus
659 2849 767 2904 per
795 2832 1025 2888 litteras
1056 2833 1378 2888 arcessivit.
1434 2832 1541 2888 Ille
1579 2848 1714 2886 vero
1756 2847 1861 2886 suo
1894 2831 2024 2887 loco

362 2921 605 2989 mansit,
634 2937 670 2977 a
696 2938 845 2977 vana
864 2922 1053 2995 gloria
1073 2922 1308 2978 alienus
1342 2927 1400 2977 et
1428 2922 1625 2977 divino
1647 2925 1797 2976 nutu
1821 2920 2026 2976 omnia

358 3009 606 3066 faciens.
640 3011 722 3065 Em
749 3013 1034 3082 Eunapio.

432 3108 816 3180 Chrysippus,
841 3108 1211 3180 Apollonide:
1239 3109 1324 3180 F.,
1347 3108 1632 3177 Solensis,
1653 3107 1745 3163 vel
1774 3109 2022 3164 Tarsen-

363 3195 463 3263 sis,
498 3195 910 3267 philosophus,
944 3196 1271 3268 discipulus
1322 3196 1646 3260 Cleanthis,
1680 3201 1816 3268 post
1845 3211 2022 3267 quem

362 3284 569 3339 Stoicae
601 3284 819 3340 scholas
846 3285 1100 3356 praefuit,
1125 3290 1184 3341 et
1204 3285 1353 3341 obiit
1383 3278 1573 3341 astatis
1599 3302 1756 3341 anno
1778 3286 2022 3354 LXXIII,

361 3372 437 3427 ob
495 3375 775 3429 haustum
825 3374 1052 3429 avidius
1104 3390 1333 3429 merum
1376 3374 1660 3447 vertigine
1690 3380 2021 3446 correptus,

360 3462 475 3530 vel,
509 3466 574 3517 ut
624 3462 748 3528 alii,
809 3462 883 3517 ob
932 3463 1185 3518 nimium
1245 3464 1434 3519 risum
1494 3464 1715 3535 olymp.
1776 3463 2020 3518 CXLIII.

364 3552 730 3624 Conscripsit
758 3551 943 3606 libros
965 3552 1165 3624 plures
1190 3568 1366 3623 quam
1390 3552 1521 3607 DCC
1552 3552 2019 3623 philosophicas.

366 3642 683 3697 historicos
742 3648 800 3697 et
854 3643 1292 3711 grammaticos.
1344 3642 1719 3713 Sophismata
1749 3642 2021 3713 quaedam

363 3731 677 3801 Chrysippi
704 3731 913 3785 Suidas
935 3732 1109 3785 affert
1137 3746 1167 3784 e
1201 3731 1450 3786 Laertio.

437 3820 524 3874 Ad
584 3820 1024 3890 Chrysogonum
1078 3819 1481 3876 confessorem
1541 3819 1821 3892 epistolas
1873 3819 2020 3873 duas

364 3908 691 3963 Anastasias
724 3907 1021 3979 martyris,
1070 3924 1104 3963 a
1151 3908 1383 3975 Publio,
1417 3925 1522 3964 suo
1571 3908 2020 3973 marito,idolo-

360 4012 497 4051 rum
528 3996 776 4061 cultore,
810 3996 1049 4050 liberari
1080 3997 1397 4069 cupientis,
1431 4015 1553 4054 una
1589 4015 1729 4053 cum
1767 3998 2021 4069 Chryso-

362 4086 496 4158 goni
547 4084 1038 4156 responsionibus
1078 4086 1287 4141 Suidas
1335 4087 1581 4142 ascribit
1628 4087 1910 4159 integras,
1945 4086 2017 4140 de

363 4175 580 4247 quibus
611 4174 816 4229 confer
862 4175 1206 4246 Menagiana
1251 4182 1396 4230 tom.
1430 4177 1521 4246 ιν,
1551 4192 1681 4248 pag.
1716 4178 1840 4243 208,
1874 4173 2016 4231 edit.

362 4267 550 4319 Amst.

433 4352 697 4418 Cicilius,
729 4351 994 4424 Argivus,
1037 4357 1214 4424 poeta
1262 4351 1484 4423 epicus,
1537 4352 1639 4423 qui
1686 4353 2020 4409 Halieutica

361 4441 602 4513 scripsit
622 4440 908 4509 versibus,
933 4444 999 4495 ut
1017 4441 1342 4496 Numenius
1363 4441 1727 4511 Heracleota,
1761 4444 2016 4498 Pancra-

365 4537 452 4586 tes
481 4534 683 4598 Arcas,
716 4530 1071 4585 Posidonius
1102 4530 1461 4601 Corinthius,
1495 4531 1797 4603 Oppianus
1828 4532 2013 4609 Cilix:

363 4620 631 4675 oratione
658 4635 795 4673 vero
826 4619 1021 4674 soluta
1048 4618 1330 4674 Seleucus
1359 4621 1685 4691 Tarsensis,
1727 4620 2016 4677 Leonides

367 4708 723 4779 Byzantinus
748 4707 1102 4780 Agathocles
1136 4708 1426 4763 Atracius.

436 4797 664 4865 Cimon,
698 4797 975 4852 Miltiadis
1023 4796 1207 4862 ﬁlius,
1240 4803 1376 4860 etc..
1410 4798 1559 4854 adde
1600 4815 1779 4871 supra
1814 4802 1874 4853 V.
1906 4800 2021 4870 Ap-

365 4894 570 4957 syrius.

439 4984 724 5051 Cinesias,
757 4989 933 5055 poeta
961 4983 1449 5055 dithyrambicus,
1485 4988 1584 5059 qui
1626 4987 1699 5043 ob
1749 4987 2022 5059 impieta-

365 5079 489 5131 tem
520 5080 579 5130 et
607 5073 964 5146 injustitiam
996 5073 1149 5129 male
1181 5076 1476 5131 audiebat.

440 5164 704 5235 Cinyras,
738 5162 899 5217 filius
928 5163 1209 5233 Thiantis,
1247 5166 1398 5239 regis
1437 5168 1631 5239 Cypri,
1662 5165 1831 5221 valde
1861 5166 2022 5222 dives

372 5258 430 5308 et
459 5253 602 5309 artis
636 5253 876 5307 musicas
908 5254 1137 5325 egregie
1168 5256 1414 5326 peritus.

441 5338 840 5408 Κειτούκειτος,
891 5342 1195 5413 Ulpianus,
1236 5359 1392 5398 unus
1437 5343 2023 5415 dipnosophistarum

370 5431 548 5503 (apud
573 5430 969 5502 Athenaeum),
991 5433 1076 5486 ita
1104 5431 1318 5502 dictus,
1344 5433 1485 5503 quia
1505 5433 1577 5487 de
1600 5434 1848 5506 singulis
1876 5438 2027 5491 voci-

369 5521 484 5577 bus
537 5519 764 5575 solebat
806 5520 1172 5592 interrogare
1219 5524 1391 5575 κεῖται
1423 5521 1459 5589 ἢ
1493 5519 1555 5575 οὗ
1585 5528 1782 5593 κεῖται,
1823 5532 2024 5595 exstat,

373 5627 557 5665 annon
590 5614 788 5678 exstat,
821 5609 904 5679 (in
934 5609 1196 5679 probatis
1229 5612 1678 5682 scriptoribus?)

447 5696 828 5763 Claudianus,
856 5698 1316 5765 Alexandrinus,
1339 5706 1513 5771 poeta
1533 5702 1808 5757 heroicus
1830 5720 2030 5759 recen-

379 5786 515 5853 tior,
540 5786 641 5856 qui
671 5786 904 5840 Arcadii
928 5792 987 5840 et
1006 5788 1248 5842 Honorii
1272 5789 1455 5861 impp.
1481 5792 1847 5865 temporibus
1866 5793 2028 5851 vixit.

2128 2046 2356 2086 rannus
2387 2046 2522 2085 cum
2556 2030 2857 2099 evasisset,
2899 2030 3221 2085 crudeliter
3249 2030 3581 2101 imperavit,
3612 2030 3795 2084 vesti-

2126 2120 2260 2186 bus,
2294 2120 2504 2191 quales
2531 2120 2986 2191 conspiciuntur
3032 2120 3094 2174 in
3136 2119 3471 2174 simulacris
3515 2118 3792 2187 deorum,

2127 2210 2460 2265 insolenter
2514 2227 2578 2265 se
2636 2210 2853 2277 induit,
2886 2209 3077 2265 filium
3136 2206 3417 2279 κεραυνὸν,
3446 2208 3658 2277 fulmen
3687 2225 3797 2280 ap-

2128 2298 2389 2370 pellavit.
2423 2299 2777 2354 Interfectus
2800 2315 2834 2354 a
2854 2298 3096 2366 Chione,
3125 2297 3379 2353 Leonide
3405 2302 3463 2351 et
3487 2297 3797 2367 Antitheo,

2129 2386 2440 2458 discipulis
2470 2388 2735 2443 Platonis
2764 2387 3127 2460 philosophi.

2201 2473 2494 2547 Clemens,
2525 2478 2864 2547 historicus,
2900 2477 3138 2549 scripsit
3164 2476 3237 2532 de
3266 2479 3675 2532 Romanorum
3700 2493 3784 2531 re-

2129 2564 2299 2637 gibus
2333 2570 2390 2620 et
2419 2567 2903 2639 imperatoribus,
2929 2571 2988 2622 et
3007 2566 3081 2622 ad
3105 2567 3531 2639 Hieronymum
3554 2565 3627 2621 de
3652 2566 3791 2638 ligu-

2127 2655 2212 2710 ris
2244 2656 2573 2711 lsocraticis
2605 2661 2665 2712 et
2693 2656 2833 2712 alia.

2196 2747 2490 2816 Cleobius,
2523 2764 2745 2804 nomen
2772 2747 3097 2804 sacerdotis
3129 2747 3447 2803 idolorum.

2202 2836 2571 2905 Cleobuline,
2631 2836 2859 2906 Lindia,
2921 2836 3209 2905 Cleobuli,
3270 2835 3579 2908 sapientis,
3640 2835 3788 2905 tilia,

2130 2926 2435 3001 ἑξαμέτρων
2492 2923 2832 2999 αἲνιγμάτων
2887 2926 3172 2998 ποιήτρια,
3234 2924 3469 2996 scripsit
3494 2939 3700 2979 versus
3734 2927 3795 2978 et

2128 3018 2371 3091 griphos
2403 3023 2462 3073 et
2490 3017 2724 3073 celebre
2772 3017 2922 3073 illud
2970 3017 3224 3089 aenigma
3251 3016 3315 3071 in
3351 3031 3596 3083 annum,
3631 3012 3794 3085 quod

2131 3108 2376 3179 incipit:
2436 3108 2533 3168 Εἷς
2586 3106 2614 3160 ὁ
2671 3106 2876 3180 πατὴρ,
2934 3102 3125 3167 παῖδες
3176 3101 3235 3159 δὲ
3290 3100 3523 3174 δώδεκα,
3580 3106 3688 3157 τῶν
3732 3098 3792 3155 δὲ

2133 3194 2341 3268 ἑκάστῳ
2372 3192 2561 3257 παῖδες
2582 3193 2892 3271 τριάκοντα.

2207 3287 2547 3355 Cleobulus,
2604 3289 2877 3359 Evagorae
2928 3288 3014 3354 F.,
3072 3285 3336 3355 Lindius,
3377 3301 3534 3341 unus
3564 3288 3793 3356 septem

2137 3376 2504 3448 Sapientum,
2536 3376 2759 3431 viribus
2790 3376 3058 3448 corporis
3105 3380 3164 3430 et
3206 3375 3413 3430 forma)
3444 3373 3792 3447 priestantia

2134 3465 2456 3535 excellens,
2474 3466 2576 3537 qui
2595 3466 2773 3521 etiam
2796 3465 3196 3538 {Egyptiorum
3223 3462 3603 3536 philosophia
3623 3462 3794 3517 insti-

2134 3559 2297 3610 tutus
2349 3554 2480 3610 fuit.
2544 3556 2793 3627 Scripsit
2848 3552 3061 3625 ᾃσματα
3117 3553 3209 3606 καὶ
3263 3550 3494 3628 γρίφους
3553 3550 3630 3612 εἷς
3685 3545 3790 3620 ἔπη

2129 3640 2437 3717 τρισχίλια,
2473 3646 2688 3700 cantica
2717 3651 2771 3700 et
2799 3644 3024 3715 griphos
3070 3643 3312 3698 versibus
3352 3641 3688 3696 hexametris
3717 3640 3793 3695 ad

2133 3740 2218 3789 ter
2247 3735 2420 3793 mille.
2453 3736 2613 3796 Obiit
2642 3750 2825 3790 senex
2869 3750 3026 3789 anno
3059 3732 3248 3788 aetatis
3281 3731 3445 3786 LXX.
3479 3729 3627 3785 Filia
3658 3729 3790 3800 ejus

2131 3829 2497 3888 Cleobuline.
2556 3825 3069 3897 Apophthegmata
3126 3821 3401 3893 qumdam
3448 3826 3504 3890 (e
3535 3817 3787 3889 Laertio)

2132 3920 2342 3976 Suidas
2371 3916 2583 3973 recitat
2604 3919 2662 3969 et
2691 3914 3091 3985 fragmentum
3133 3928 3201 3966 ex
3234 3909 3487 3982 epistola
3515 3907 3589 3965 ad
3620 3906 3789 3962 Solo-

2130 4026 2291 4065 nem.

2202 4095 2526 4166 Cleophon,
2578 4090 2981 4157 Atheniensis,
3037 4088 3316 4159 tragicus,
3350 4103 3419 4141 ex
3449 4086 3620 4157 cujus
3650 4084 3788 4139 dra-

2129 4185 2389 4243 matibus
2446 4186 2586 4236 sunt
2662 4176 2955 4246 Ἀκταίων,
3034 4176 3397 4253 Ἀμφιαραος,
3460 4168 3786 4247 Ἀχιλλεὺς,

2129 4280 2367 4351 Βακχαι,
2420 4272 2739 4345 Δεξαμενὸς,
2810 4267 3091 4344 Ἠριγόνῃ,
3150 4266 3397 4338 Θυέσται,
3451 4264 3786 4334 Λεόκιππος,

2127 4364 2345 4442 Περσὶς,
2374 4360 2652 4440 Τήλεφος.

2201 4457 2529 4512 Cleoxenus
2553 4458 2613 4509 et
2627 4450 2987 4507 Democlitus
3011 4449 3380 4519 scripserunt
3399 4442 3523 4517 περὶ
3544 4443 3785 4524 πυρσῶν,

2130 4547 2202 4602 de
2233 4545 2482 4611 facibus,
2517 4542 2732 4614 quibus
2773 4541 2838 4595 in
2870 4540 3027 4595 bello
3079 4538 3316 4611 signum
3357 4552 3429 4591 ex
3459 4530 3786 4603 composito

2131 4636 2323 4691 datur.
2372 4635 2595 4688 Horum
2639 4648 2789 4703 opus
2842 4628 3143 4701 Polybius,
3190 4623 3622 4698 Megalopolita,
3654 4636 3787 4675 cor-

2051 4695 2096 4759 D
2127 4722 2302 4789 rexit,
2332 4727 2399 4775 ut
2426 4721 2553 4791 ipse
2586 4720 2649 4773 in
2677 4695 2933 4772 historia
2953 4695 3088 4770 vsua
3131 4695 3331 4769 refert.
3375 4708 3554 4784 [conf.
3586 4707 3782 4777 Polyb.

2129 4813 2199 4880 X,
2232 4829 2283 4866 c.
2317 4813 2404 4878 39,
2439 4814 2499 4864 et
2559 4808 2880 4875 Wernsdorf
2925 4804 2996 4860 ad
3057 4802 3300 4873 Himerii
3360 4804 3508 4857 orat.
3551 4798 3624 4853 de
3653 4797 3782 4852 lau-

2131 4900 2307 4956 dibus
2358 4898 2524 4954 urbis
2556 4896 2727 4953 CPol.
2787 4901 2848 4950 et
2901 4893 3121 4950 Juliani
3160 4895 3305 4964 Aug.
3339 4907 3374 4945 a
3403 4906 3498 4946 me
3539 4886 3781 4956 editam,

2131 4993 2398 5064 Erlangae
2434 4991 2584 5059 l783,
2611 4988 2758 5054 in-8,
2779 5005 2835 5059 p.
2860 4989 2948 5056 60,
2980 5002 3134 5058 sqq.,
3162 4999 3471 5057 nuperque
3494 4982 3567 5037 de
3587 4981 3698 5035 hac
3718 4993 3782 5033 re

2132 5080 2496 5152 disputatum
2531 5081 2621 5132 est
2649 5093 2683 5132 a
2724 5075 2954 5129 Bredow
3003 5075 3065 5127 in
3108 5072 3418 5140 Henningii
3444 5068 3580 5124 libr.
3615 5082 3783 5121 men-

2132 5173 2295 5224 struo
2326 5184 2338 5222 :
2370 5164 2572 5223 Genius
2600 5165 2697 5219 der
2745 5165 2880 5219 Zeit.
2930 5164 3000 5216 M.
3053 5162 3186 5216 Jun.
3235 5160 3394 5227 1797,
3426 5175 3484 5229 p.
3519 5158 3621 5210 162
3650 5169 3781 5225 sqq.

2131 5255 2205 5311 de
2235 5252 2621 5325 Telegraphia
2647 5252 2898 5307 Graacor.
2935 5254 2994 5304 et
3013 5249 3358 5317 Romanor.)

2205 5342 2398 5397 Κοινὸν
2479 5341 2852 5415 γραμματεῖον
2937 5335 3027 5391 καὶ
3107 5331 3492 5407 ληξιαρχικόν.
3568 5328 3791 5385 Tabula

2135 5432 2471 5489 communis
2491 5430 2800 5486 dicebatur
2811 5428 2967 5498 ea,in
2983 5442 3098 5498 qua
3110 5425 3527 5482 scribebantur
3546 5419 3794 5475 nomina

2136 5525 2399 5595 illorum,
2433 5523 2535 5595 qui
2566 5523 2627 5577 in
2659 5521 2975 5577 curialium
3007 5523 3066 5575 et
3101 5519 3466 5574 familiarum
3496 5513 3791 5570 nobilium

2137 5629 2455 5669 numerum
2484 5611 2913 5667 referebantur.
2966 5608 3345 5664 Lexiarchica
3381 5624 3537 5676 vero,
3572 5605 3665 5661 cui
3696 5606 3793 5661 in—

2140 5702 2554 5759 scribebantur
2578 5700 2689 5767 illi,
2720 5700 2820 5771 qui
2864 5699 3020 5753 inter
3067 5697 3331 5769 plebeios
3355 5696 3788 5753 referebantur.

2211 5794 2517 5863 Coluthus,
2551 5791 2910 5867 Lycopolita,
2954 5788 3288 5861 Thebanus;
3329 5793 3505 5866 poeta
3562 5791 3785 5864 epicus,
