4110 6444
405 450 559 512 1241

1714 448 1819 509 DE
1860 446 2149 519 QUIBUS
2190 447 2496 510 SUIDAS.

3668 450 3823 508 1242

403 588 780 661 temporibus
810 587 1108 644 Anastasii
1157 588 1300 660 imp.
1362 587 1610 661 Scripsit
1659 584 2066 658 Chalydonica
2092 587 2146 655 Α
2177 582 2323 657 (περὶ
2372 583 2631 658 λιμένων,
2691 587 2973 645 laudante
3033 588 3093 644 id
3171 604 3321 661 opus
3402 587 3667 644 Eustath.
3746 587 3821 644 ad

409 679 582 735 libris
613 679 686 732 VI
718 695 732 744 ;
767 678 1050 733 Encomia
1077 677 1346 734 versibus
1376 678 1655 746 heroicis,
1690 681 1750 732 et
1800 676 2058 733 Persica.

486 769 694 836 Corax,
752 767 1182 840 Syracusanus,
1236 767 1564 823 rhetorices
1631 767 1941 822 inventor:
2002 765 2065 821 in

412 860 572 916 hunc
605 862 666 915 et
694 859 824 932 ejus
882 858 1270 930 discipulum,
1330 859 1571 928 Tisiam,
1622 857 1848 914 dictum
1904 856 2062 912 fuit:

405 947 544 1006 Mali
572 951 723 1004 corvi
754 949 964 1004 malum
994 964 1172 1005 ovum.
1214 947 1432 1003 Confer
1482 947 1723 1003 Suidam
1773 947 1836 1002 in
1877 946 2064 1001 Κακοῦ

408 1035 667 1111 κόρακος.

484 1125 760 1193 Corinna,
793 1124 1065 1197 Thespia,
1098 1124 1305 1197 lyrica,
1340 1141 1520 1197 quam
1551 1124 1651 1180 alii
1695 1123 2064 1180 Corinthiam

409 1216 598 1271 fuisse
628 1214 926 1278 dixerunt,
960 1214 1199 1287 scripsit
1227 1231 1436 1270 nomos
1466 1214 1704 1286 lyricos.

488 1305 768 1371 Corinna,
791 1304 1019 1376 junior,
1052 1304 1449 1360 Acheloodori
1482 1309 1541 1360 et
1568 1304 1885 1361 Procratiaa
1917 1302 2063 1372 lilia,

413 1390 715 1460 Thebana,
745 1391 837 1447 vel
866 1393 1203 1463 Tanagrtea,
1238 1391 1534 1464 discipula
1581 1391 1869 1465 Myrtidis,
1914 1392 2066 1463 Myia

410 1480 851 1553 cognominata,
887 1480 1090 1553 lyrica,
1143 1497 1276 1552 quae
1335 1481 1677 1553 quinquies,
1727 1485 1795 1537 ut
1839 1480 2060 1547 ferunt,

409 1570 739 1626 Pindarum
797 1571 956 1626 vicit.
1019 1570 1268 1643 Scripsit
1315 1569 1695 1644 (carminum)
1750 1570 1935 1626 libros
1994 1571 2059 1638 V,

403 1659 672 1732 itemque
705 1660 1133 1734 epigrammata
1163 1664 1222 1715 et
1248 1660 1480 1717 cantica
1508 1660 1713 1733 lyrica.

484 1749 757 1819 Corinus,
789 1750 1045 1819 Iliensis,
1094 1754 1272 1821 poeta
1325 1750 1601 1806 heroicus
1649 1749 1949 1821 (Homero,
1997 1752 2066 1803 ut

415 1839 658 1911 quidam
690 1843 923 1911 putant,
983 1838 1330 1910 antiquior),
1391 1839 1492 1911 qui
1548 1838 1778 1910 primus
1827 1838 2061 1894 Iliadem

412 1928 675 2000 scripsit,
706 1928 960 1984 durante
985 1928 1179 1984 adhuc
1209 1926 1367 1983 bello
1398 1928 1669 1999 Trojano.
1721 1924 2058 1982 Palamedis

410 2017 767 2090 discipulus,
795 2017 1022 2073 Doricis
1082 2016 1299 2072 litteris
1356 2033 1391 2073 a
1443 2015 1760 2072 Palamede
1809 2016 2065 2071 inventis

405 2106 581 2180 (opus
613 2110 812 2177 suum)
842 2107 1120 2163 exaravit.
1155 2107 1403 2178 Scripsit
1431 2107 1610 2162 etiam
1641 2105 1866 2160 bellum
1922 2106 2063 2160 Dar-

413 2194 553 2252 dani
585 2195 867 2252 adversus
926 2195 1368 2269 Paphlagonas:
1418 2201 1486 2251 ut
1537 2196 1826 2252 Homerus
1874 2198 2062 2249 totum

410 2285 706 2358 poematis
739 2286 830 2341 sui
861 2290 1279 2358 argumentum
1310 2284 1383 2340 ab
1417 2302 1484 2339 eo
1516 2284 1856 2356 sumpserit.

483 2374 815 2444 Cornelius,
851 2375 1186 2448 episcopus,
1214 2375 1316 2447 qui
1348 2390 1383 2431 a
1407 2374 1609 2430 Novati
1640 2373 2062 2429 communione

410 2464 681 2519 recessit.

481 2554 781 2609 Cornutus
821 2553 955 2625 (58).
991 2554 1117 2608 Duo
1178 2552 1430 2608 Romani
1479 2551 1749 2607 historici
1797 2551 2060 2623 fuerunt,

402 2643 566 2699 Titus
598 2642 816 2711 Livius,
849 2643 1022 2715 cujus
1054 2641 1290 2698 celebre
1323 2646 1379 2697 et
1424 2640 1659 2696 illustre
1683 2645 1773 2697 est
1800 2656 2061 2696 nomen:

408 2736 466 2788 et
493 2732 811 2788 Cornutus.
845 2732 1171 2787 Cornutum
1203 2730 1442 2786 divitem
1492 2729 1665 2785 multi
1706 2729 2063 2785 audiverunt

409 2821 832 2878 assentationis
864 2837 1043 2877 causa
1086 2825 1143 2876 et
1182 2825 1426 2893 propter
1453 2818 1819 2875 haereditatis
1851 2835 2017 2891 spem
2043 2835 2057 2873 :

406 2911 629 2967 Livium
662 2911 859 2983 pauci,
906 2911 1009 2966 sed
1064 2910 1358 2983 prazclari.
1410 2908 1635 2965 Livium
1683 2924 1893 2964 omnes
1928 2909 2056 2981 jam

404 3005 651 3072 norunt,
682 3000 1009 3056 Cornutum
1041 3015 1218 3054 nemo
1248 2999 1391 3054 fere.

472 3091 787 3158 Cornutus,
819 3105 889 3144 ex
916 3088 1103 3161 Lepti,
1135 3088 1348 3143 Africae
1380 3087 1623 3160 oppido,
1664 3086 2056 3160 philosophus

405 3181 608 3236 Roma:
638 3179 781 3234 vixit
810 3177 1179 3251 temporibus
1209 3177 1462 3234 Neronis
1490 3182 1549 3233 et
1577 3182 1716 3233 ante
1750 3193 1885 3233 eum
1916 3193 1929 3231 :
1962 3177 2057 3232 in-

2177 674 2387 747 Odyss.
2420 677 2465 741 I,
2491 693 2624 751 pag.
2660 680 2817 735 1613.
2853 681 2962 745 39),
2996 684 3056 734 et
3084 678 3224 735 alia.

2245 765 2542 833 Cratinus,
2578 766 2921 823 Callimedis
2969 769 3054 835 F.,
3104 767 3506 835 Atheniensis,
3557 767 3822 823 comicus

2175 853 2435 925 antiquae
2468 856 2794 925 comoediai,
2828 853 3081 930 λαμπρὸς
3110 856 3201 910 τὸν
3233 861 3574 930 χαρακτῆρα,
3605 871 3822 928 genere

2172 941 2409 998 dicendi
2437 943 2750 1016 splendido
2781 962 2946 1013 usus,
2978 951 3087 1002 etc.
3123 945 3372 1018 Scripsit
3398 945 3631 1001 fabulas
3652 944 3810 1013 XXI;

2171 1029 2312 1085 vicit
2341 1033 2563 1088 novies.

2245 1120 2633 1193 CreOphylus,
2657 1122 2912 1195 Astyclis
2933 1124 3017 1193 F.,
3046 1123 3244 1192 Chius,
3269 1123 3359 1178 vel
3383 1123 3821 1195 Samius,poeta

2175 1210 2590 1282 epicus.quem
2604 1212 2881 1267 nonnulli
2900 1214 3138 1269 Homeri
3155 1229 3441 1287 generum
3453 1212 3637 1269 fuisse
3653 1213 3823 1269 aiunt

2172 1298 2275 1353 alii
2308 1300 2567 1356 amicum
2599 1306 2853 1369 tantum,
2914 1319 2949 1358 a
2995 1319 3133 1374 quo,
3184 1320 3319 1358 cum
3371 1303 3629 1374 hospitio
3684 1318 3821 1357 eum

2174 1389 2524 1461 excepisset,
2559 1408 2773 1464 poema
2805 1389 3078 1466 Οἱχαλίαν
3112 1387 3340 1461 ἅλωσιν,
3374 1392 3648 1449 Οεοὴαῑὶτκ
3669 1393 3814 1446 θέεσὶ-

2172 1477 2327 1532 dium
2352 1480 2666 1551 acceperit.
2704 1482 2761 1536 V.
2798 1481 3034 1537 Kusteri
3066 1486 3185 1536 not.
3222 1482 3293 1552 II,
3326 1498 3383 1553 p.
3416 1483 3545 1538 273.

2243 1566 2467 1637 Criton,
2505 1570 2909 1634 Atheniensis,
2925 1571 3339 1643 philosOphus,
3364 1571 3620 1626 Socratis
3642 1569 3821 1625 disci-

2170 1655 2348 1727 pulus
2381 1662 2440 1712 et
2468 1659 2716 1727 amicus,
2751 1661 2955 1717 omnia
2983 1661 3096 1732 ipsi
3127 1660 3375 1733 largitus
3406 1664 3497 1715 est
3541 1675 3816 1716 necessa-

2167 1743 2276 1799 ria.
2311 1745 2557 1818 Scripsit
2583 1749 2827 1806 Socratis
2855 1750 3246 1820 defensionem.

2240 1835 2464 1904 Criton,
2500 1838 2600 1909 qui
2632 1839 2831 1895 Getica
2861 1839 3119 1910 scripsit.

2241 1921 2464 1993 Criton,
2497 1927 2733 1994 Naxius,
2766 1928 3108 1996 historicus,
3142 1927 3381 2000 scripsit
3399 1927 3821 1996 Octaeteridem,

2168 2027 2347 2082 quam
2379 2014 2606 2071 Eudoxi
2639 2016 2847 2072 dicunt
2875 2034 3028 2074 esse.

2238 2102 2460 2171 Criton,
2492 2105 2804 2175 Pieriotes,
2835 2124 2907 2163 ex
2936 2106 3153 2172 Pieria,
3185 2106 3541 2162 Macedonico
3574 2105 3814 2178 oppido,

2165 2187 2510 2249 historicus.
2547 2194 2794 2268 Scripsit
2846 2196 3146 2252 Pallenica.
3199 2197 3601 2266 Syracusan
3639 2194 3820 2264 origi-

2165 2294 2277 2334 nes.
2311 2282 2553 2338 Persica.
2595 2285 2697 2339 Res
2747 2285 2981 2341 Siculas.
3044 2286 3449 2355 Syracusarum
3488 2282 3821 2355 descriptio-

2167 2383 2312 2425 nem.
2347 2373 2425 2426 De
2453 2373 2810 2429 Macedonum
2839 2375 3092 2445 imperio.

2237 2460 2484 2528 Ctesias,
2513 2462 2837 2519 Ctesiarchi
2871 2464 2989 2518 sive
3016 2462 3313 2519 Ctesiochi
3342 2462 3521 2532 ﬁlius,
3547 2461 3816 2532 Guidius,

2166 2549 2459 2619 medicus,
2493 2552 2720 2608 curavit
2751 2556 3127 2609 Artaxerxem
3158 2555 3555 2621 Mnemonem,
3582 2556 3641 2607 et
3669 2552 3818 2607 scri-

2164 2638 2285 2710 psit
2313 2641 2554 2709 Persica,
2587 2636 2733 2697 libr.
2757 2643 2955 2698 XXIII.

2235 2728 2580 2802 Ctesiphon,
2612 2748 2767 2788 unus
2798 2749 2829 2788 e
2860 2732 3066 2789 decem
3097 2733 3197 2805 qui
3228 2748 3362 2789 cum
3420 2733 3819 2787 Demosthene

2164 2820 2223 2871 et
2248 2819 2524 2875 Eschine
2546 2820 2902 2894 legationem
2923 2822 3249 2878 obiverunt.
3276 2822 3465 2887 Alius,
3490 2822 3591 2892 qui
3619 2821 3817 2876 decre-

2162 2908 2289 2961 tum
2320 2905 2393 2961 de
2424 2908 2644 2981 (aurea)
2676 2926 2919 2978 corona,
2963 2910 3347 2966 Demostheni
3403 2909 3619 2973 danda,
3670 2910 3815 2964 scri-

2160 2994 2303 3066 psit,
2336 3000 2546 3053 contra
2576 3015 2754 3070 quem
2787 3004 2980 3055 exstat
3007 2999 3299 3055 Eschinis
3330 2998 3541 3054 oratio.

2232 3080 2464 3140 Κύκλια.
2498 3087 2636 3153 Quae
2670 3089 2847 3144 unius
2908 3089 3176 3161 ejusdem
3234 3093 3406 3143 erant
3452 3088 3809 3160 argumenti,

2158 3172 2348 3244 cyclia
2371 3175 2754 3245 vocabantur,
2782 3182 2851 3233 ut
2880 3178 3132 3245 cantica,
3157 3177 3385 3249 hymni,
3442 3176 3719 3248 prosodia
3758 3180 3818 3231 et

401 3269 689 3325 terfectus
720 3285 855 3324 cum
905 3269 1194 3325 Musonio.
1251 3267 1499 3340 Scripsit
1553 3267 1743 3323 multa
1787 3266 2056 3340 philoso-
2103 3332 2136 3340 _
2167 3264 2454 3330 carmina,
2484 3282 2615 3336 quae
2641 3267 2703 3322 in
2734 3267 2990 3340 virgines
3022 3265 3410 3322 canebantur.

400 3359 581 3432 phica
606 3363 666 3415 et
696 3358 971 3414 oratoria.
1013 3359 1072 3413 V.
1106 3357 1343 3412 Kusteri
1374 3361 1500 3412 not.

480 3448 797 3506 Cothurnus
849 3447 1171 3503 vocabatur
1215 3447 1614 3502 Theramenes
1674 3445 2056 3503 Atheniensis

403 3544 626 3609 orator,
659 3536 916 3606 Prodici,
949 3536 1092 3604 Ceii,
1120 3536 1470 3608 discipulus.
1505 3535 1734 3591 Dicitur
1761 3539 1959 3590 autem
1983 3535 2054 3592 de

402 3630 650 3686 homine
675 3629 937 3684 versatili
969 3633 1027 3683 et
1050 3627 1187 3683 levi.
1219 3628 1321 3682 Hic
1343 3626 1503 3682 enim
1526 3632 1585 3683 et
1611 3626 1764 3683 XXX
1786 3626 2055 3699 tyrannis

402 3724 462 3774 et
490 3718 710 3790 populo
742 3717 991 3774 favebat.
1030 3716 1194 3773 Infra
1226 3716 1287 3770 in
1321 3713 1525 3787 Δεξιός.

476 3809 700 3874 Crates,
732 3806 1114 3862 Atheniensis
1132 3804 1366 3876 (veteris
1393 3805 1741 3878 comoediae),
1766 3806 2053 3876 comicus,

401 3897 650 3969 Epilyci,
683 3900 872 3968 poetae
905 3896 1078 3968 epici,
1113 3895 1316 3951 frater.
1350 3894 1662 3951 Comoedias
1682 3894 1869 3967 ipsius
1895 3912 1908 3949 :
1936 3895 2055 3948 Γει-

402 4005 580 4055 τονες,
637 3984 871 4061 Ἥρωες,
929 3983 1128 4057 (inpia,
1201 3979 1406 4056 Λαμία,
1483 3978 1742 4053 Πεδῆται,
1830 3983 2053 4057 Σάμιοι.

405 4075 654 4146 Scripsit
684 4079 742 4129 et
772 4073 1041 4129 oratione
1073 4073 1269 4129 soluta
1298 4072 1611 4128 nonnulla.

478 4165 701 4231 Crates,
736 4163 1144 4233 Atheniensis,
1168 4164 1433 4219 comicus
1455 4162 1813 4232 alter,etiam
1837 4163 1964 4236 ipse
1987 4180 2056 4219 ex

397 4253 580 4308 veteri
615 4254 925 4321 comwdia,
956 4253 1129 4324 cujus
1154 4258 1271 4308 tres
1293 4252 1797 4309 circumferuntur
1815 4252 2052 4310 fabulas.

400 4341 704 4416 Θησαυρὸς,
738 4341 1006 4417 Ὀρνιθες,
1041 4339 1411 4415 Φιλάργυρος.

477 4434 700 4500 Crates,
726 4430 1014 4488 Ascondae
1028 4432 1113 4499 F.,
1136 4430 1468 4498 Thebanus,
1492 4430 1882 4505 philosophus
1896 4432 2058 4505 cynio

407 4540 534 4594 cus,
568 4521 897 4594 discipulus
928 4522 1206 4595 Diogenis
1237 4526 1296 4576 et
1324 4504 1877 4594 Brysonis,‘Achzei.
1937 4504 2058 4578 Nu-

401 4612 557 4685 ptias
589 4628 727 4667 suas
758 4628 896 4667 cum
927 4610 1284 4683 Hipparchia
1312 4609 1661 4666 Maronitide
1689 4609 2052 4685 κυνογαμίαν,

2093 3332 2137 3400 C
2238 3348 2389 3407 Κυκλ
2402 3332 2806 3417 ιοδίδάσκαλος.
2823 3332 3158 3428 Cycliorum
3177 3356 3498 3410 chororum
3514 3355 3817 3427 magister.

2166 3441 2402 3497 Primus
2433 3443 2636 3512 Lasus,
2672 3445 3142 3509 Hermionensis,
3193 3443 3414 3515 cyclios
3465 3444 3680 3499 choros
3729 3442 3819 3498 in-

2165 3529 2377 3586 stituit.

2235 3615 2491 3673 Κυκλίων
2517 3639 2578 3675 τε
2607 3624 2795 3695 χορῶν
2831 3619 3297 3693 ᾀσματοκάμπτας
3336 3620 3627 3677 vocabant
3682 3636 3812 3676 mu-

2167 3706 2302 3763 sicae
2335 3716 2714 3782 corruptores
2741 3728 2808 3766 ac
2839 3710 3147 3767 difﬁcilem
3165 3711 3332 3766 illam
3355 3709 3704 3765 modulandi
3725 3726 3818 3764 ra-

2166 3799 2412 3867 tionem,
2442 3817 2623 3871 quam
2679 3801 2935 3874 Phrynis
2977 3801 3328 3869 introduxit,
3382 3804 3678 3856 sectantes
3726 3799 3817 3854 vel

2166 3891 2464 3962 SOphistas
2494 3895 2700 3962 poetas
2729 3890 3200 3963 dithyrambicos
3229 3890 3550 3963 cycliorum
3570 3889 3817 3944 chorum

2165 3981 2502 4053 magistros,
2535 3985 2601 4036 ut
2629 3981 2925 4037 Cinesiam
2957 3985 3016 4037 et
3044 3981 3425 4036 Cleomenem
3457 3985 3518 4035 et
3542 3978 3817 4034 Philoxe-

2166 4088 2333 4128 num.
2368 4071 2533 4137 Quod
2564 4077 2763 4127 autem
2797 4072 3016 4143 scripta
3042 4072 3283 4127 illorum
3310 4070 3418 4127 sub
3440 4071 3817 4127 harmoniam

2167 4176 2288 4215 non
2318 4160 2555 4228 cadant,
2583 4161 2719 4216 ideo
2742 4161 2933 4216 ﬂexus
2954 4160 3178 4216 habent
3197 4161 3576 4232 plures,quos
3602 4159 3815 4215 musici

2164 4256 2378 4306 vocant
2407 4250 2683 4321 strophas
2713 4254 2771 4305 et
2801 4249 3203 4320 antistrophas
3235 4254 3293 4302 et
3323 4248 3562 4319 epodas.
3623 4249 3814 4313 Quare

2167 4341 2346 4396 etiam
2378 4339 2438 4393 in
2470 4338 2771 4410 tragoediis
2803 4338 2969 4393 chori
3003 4343 3143 4392 sunt
3172 4337 3451 4392 instituti.

2238 4427 2531 4501 Κυνήγιον,
2564 4426 2732 4482 locus
2757 4425 2973 4497 (CPoli)
3003 4426 3104 4480 ubi
3138 4431 3345 4481 statuae
3377 4424 3649 4496 quaedam
3707 4441 3814 4496 po-

2166 4523 2314 4592 sitae,
2351 4539 2605 4594 quarum
2634 4538 2839 4585 unam,
2889 4521 3137 4576 minime
3185 4520 3445 4594 longam,
3496 4519 3598 4575 sed
3641 4519 3812 4576 valde

2165 4612 2346 4669 latam
2370 4618 2428 4668 et
2451 4628 2736 4680 crassam,
2757 4610 3435 4684 Theodoro,anagnoste,
3459 4609 3809 4679 admirante,

403 4718 604 4759 canum
631 4703 1054 4756 matrimonium
1103 4700 1444 4773 appellavit,
1500 4717 1568 4756 ex
1627 4716 1743 4771 quo
1797 4702 2061 4774 suscepit
2089 4707 2133 4773 ι)
2163 4701 2462 4758 Himerius
2492 4700 2892 4757 chartularius
2924 4702 3167 4773 rogavit,
3195 4701 3472 4772 quisnam
3495 4700 3815 4773 Cynesium

401 4790 716 4846 Pasiclem.
757 4790 913 4846 Vixit
942 4789 1292 4862 Olympiade
1349 4790 1536 4845 CXIII.
1585 4787 2052 4863 Cognominatus

401 4876 865 4951 Θυρεπανοίκτης,
900 4879 1059 4950 quod
1090 4880 1152 4934 in
1183 4878 1442 4952 cujusvis
1471 4878 1717 4934 domum
1771 4879 2052 4935 audacter

399 4968 832 5039 ingrederetur.
861 4967 1109 5039 Scripsit
1135 4967 1565 5040 philosophica,
1600 4972 1711 5023 etc.

472 5059 693 5129 Crates,
716 5059 1067 5114 Timocratis
1090 5059 1173 5125 F.,
1191 5057 1479 5125 Mallotes,
1502 5058 1893 5132 philosophus
1906 5059 2056 5117 Stoi-

395 5163 521 5216 cus,
556 5146 1011 5220 cognominatus
1044 5147 1393 5202 Homericus
1424 5151 1515 5202 est
1543 5147 1785 5202 criticus
1812 5148 1886 5203 ob
1927 5152 2051 5204 stuc

393 5233 558 5290 dium
589 5235 676 5290 rei
709 5234 1113 5307 grammaticae
1136 5239 1195 5289 et
1216 5234 1462 5305 poeticae
1488 5250 1503 5289 :
1525 5235 1774 5306 aequalis
1796 5235 2050 5293 Aristar-

391 5322 508 5392 chi,
541 5323 936 5396 grammatici,
972 5327 1238 5393 tempore
1272 5322 1581 5377 Ptolemaei
1605 5323 2047 5381 Philometoris.

387 5410 636 5483 Scripsit
665 5413 1057 5467 correctionem
1088 5410 1282 5466 Iliadis
1311 5417 1362 5465 et
1412 5411 1660 5481 Odyssea
1712 5412 1868 5467 libris
1923 5414 2044 5481 IV;

2161 4790 2577 4847 condidisset?
2605 4796 2730 4845 tum
2754 4789 2854 4845 ille
2882 4807 2895 4844 :
2920 4790 3275 4846 Maximinus
3297 4789 3813 4857 condidit,Aristi-

2162 4879 2266 4935 des
2296 4896 2431 4934 vero
2464 4878 2775 4934 dimensus
2806 4884 2914 4935 est.
2949 4881 3072 4945 Quo
3105 4880 3284 4947 dicto,
3319 4885 3534 4951 statua,
3585 4896 3656 4935 ex
3694 4880 3813 4934 alto

2163 4968 2426 5040 delapsa,
2487 4967 2817 5023 Himerium
2869 4969 3184 5039 oppressit.
3242 4970 3501 5025 Joannes
3548 4968 3813 5039 quidam,

2161 5057 2578 5130 philosophus,
2613 5072 2675 5112 se
2706 5057 3018 5128 scriptum.
3052 5058 3350 5113 invenisse
3380 5058 3545 5125 dixit,
3578 5056 3702 5111 fore
3750 5061 3815 5111 ut

2161 5146 2234 5202 ab
2265 5145 2371 5201 illa
2402 5151 2597 5201 statua
2627 5145 2824 5201 clarus
2854 5146 2943 5200 vir
2972 5147 3430 5218 opprimeretur.
3455 5147 3659 5216 Itaque
3684 5145 3817 5199 Phi-

2159 5234 2418 5307 lippicus
2450 5236 2774 5308 imperator
2804 5251 2934 5291 eam
2969 5240 3126 5290 terra
3157 5234 3325 5290 obrui
3349 5234 3552 5305 jussit.

2231 5325 2736 5397 Cynismus,secta
2763 5324 3282 5397 phiIOSOphorum,
3303 5322 3810 5394 compendiariam

2159 5412 2233 5469 ad
2264 5413 2543 5469 virtutem
2570 5413 2729 5469 viam
2754 5430 2816 5469 se
2849 5412 3081 5469 tradere
3106 5417 3165 5468 et
3191 5412 3519 5468 secundum
3531 5412 3811 5469 virtutem

458 5743 573 5817 (58)
610 5742 809 5817 Miror;
841 5737 1168 5817 ait__Kuster
1196 5741 1319 5817 not.
1352 5738 1424 5817 II,
1456 5752 1589 5810 pag.
1622 5736 1750 5807 350,
1793 5735 1954 5794 unde
1984 5734 2113 5792 hinc
2143 5733 2376 5792 Suidas.
2400 5734 2572 5792 Certe
2603 5751 2674 5792 ex
2731 5734 2923 5807 nullo,
2954 5736 3021 5789 ut
3066 5737 3234 5807 puto,
3294 5733 3675 5809 scriptorum,
3708 5736 3807 5809 qui

386 5808 628 5894 quidem
657 5811 836 5870 hodie
867 5808 1060 5868 adhuc
1090 5813 1342 5868 exstant.
1375 5808 1551 5866 HAnL.
