4110 6438
321 468 476 532 1243

1633 466 1877 545 INDEX
1920 462 2426 531 SCRIPTOBUM

3586 464 3608 532 Ι
3625 475 3741 536 244

319 607 512 662 vivere
542 607 968 679 proﬁtentium,
1024 610 1090 664 ut
1144 607 1310 665 fuere
1355 608 1645 683 Diogenes
1685 611 1745 663 et
1790 608 1965 670 Zeno,
1998 602 2055 673 Α
2083 602 2209 659 rius
2238 602 2551 658 Theodosii
2586 600 2728 674 imp.
2764 600 3027 674 iempore
3058 606 3329 660 mortuus
3347 606 3455 661 est.
3490 604 3741 681 Scripsit

321 698 590 765 Citticus,
623 705 733 754 etc.

390 779 643 860 Κῦρϐεις,
684 786 901 843 tabulae
934 788 1350 862 triangulares,
1376 788 1438 845 in
1462 788 1679 860 quibus
1711 786 1870 861 leges
1900 786 1973 843 de

318 876 496 932 rebus
528 878 712 933 sacris
737 883 796 933 et
815 878 1088 934 civilibus
1122 884 1179 934 et
1208 896 1398 952 poenas
1431 879 1844 935 maleficorum
1877 879 1975 933 in-

317 967 553 1039 scriptae
584 973 791 1023 erant:
823 964 1030 1037 ἄξονες,
1065 968 1283 1024 tabulae
1308 968 1634 1041 quadratas,
1666 969 1730 1024 in
1754 968 1971 1042 quibus

312 1056 475 1129 leges
498 1056 570 1112 de
593 1057 773 1113 rebus
793 1058 1059 1130 privatis,
1085 1063 1197 1116 etc.
1217 1058 1602 1131 Asclepiades
1614 1076 1748 1115 vero
1767 1059 1967 1127 tradit,

317 1163 416 1202 eas
448 1163 482 1202 a
510 1147 684 1220 Cyrbi
718 1147 997 1220 quodam,
1040 1149 1142 1220 qui
1177 1148 1610 1204 sacriﬁciorum
1644 1149 1887 1205 modum
1912 1153 1971 1203 et

312 1236 607 1293 rationem
637 1237 711 1293 ad
745 1242 937 1293 certas
986 1238 1147 1310 leges
1196 1243 1591 1307 revocaverat,
1638 1238 1968 1310 appellatas

313 1343 466 1397 esse,
498 1330 565 1382 ut
613 1331 821 1383 auctor
876 1327 1156 1399 Phanias,
1201 1328 1441 1384 Eresius
1493 1328 1599 1401 (ita
1651 1327 1812 1401 leg.).
1865 1326 1968 1383 Vel

311 1433 532 1473 nomen
561 1422 921 1489 acceperunt
959 1434 993 1474 a
1024 1417 1477 1491 Corybantibus.
1537 1419 1756 1474 Eorum
1805 1419 1965 1474 enim

305 1507 618 1563 inventum
648 1524 778 1563 esse
801 1507 1034 1581 cyrbes,
1064 1506 1460 1581 Apollodorus
1482 1510 1966 1565 testatur.Abacus

308 1596 685 1669 eratingens,
705 1596 814 1651 viri
830 1596 1263 1668 magnitudine,
1290 1598 1383 1652 cui
1400 1601 1599 1670 aptata
1622 1597 1967 1670 erantligna

308 1685 619 1757 quadrata,
654 1701 784 1757 quae
817 1686 1132 1742 lateralata
1157 1691 1215 1741 et
1234 1686 1567 1743 litterarum
1587 1686 1766 1759 plena
1782 1686 1963 1743 habe-

307 1775 476 1833 bant.
507 1776 796 1847 Utrinque
825 1793 961 1831 vero
984 1781 1154 1832 erant
1183 1776 1402 1845 ﬁbulae,
1435 1776 1664 1845 ferreas,
1715 1782 1782 1832 ut
1813 1794 1847 1833 a
1876 1777 1964 1833 le-

308 1864 586 1937 gentibus
616 1866 835 1921 moveri
870 1871 928 1922 et
956 1866 1176 1922 versari
1203 1871 1467 1939 possent,
1503 1872 1617 1945 etc.

2081 699 2140 750 et
2169 694 2285 749 alia
2311 694 2521 750 multa.

2152 786 2496 851 Damianus,
2528 784 2838 857 Ephesius,
2875 784 3161 857 sophista,
3196 786 3269 842 ab
3328 787 3473 861 imp.
3522 790 3731 848 Severo

2078 878 2238 934 inter
2276 877 2554 933 consules
2586 877 2810 933 relatus
2842 881 2931 932 est
2969 882 3027 932 et
3059 878 3349 952 Bithyniae
3380 880 3640 952 praefuit,
3673 887 3733 938 et

2078 969 2395 1042 porticum,
2425 985 2556 1040 quae
2588 966 2660 1024 ab
2688 967 2834 1023 urbe
2865 968 3096 1040 Epheso
3128 968 3201 1025 ad
3230 971 3519 1042 templum
3541 988 3732 1046 usque

2079 1059 2360 1131 pertinet,
2384 1057 2564 1113 tholis
2597 1057 2850 1113 ornavit.

2147 1148 2372 1216 Damis,
2406 1148 2494 1202 vir
2518 1164 2639 1203 non
2670 1146 2970 1216 indoctus,
3004 1153 3263 1203 veterem
3311 1148 3586 1205 incolens
3634 1151 3735 1205 Ni-

2079 1253 2242 1293 num.
2276 1237 2399 1308 Hio,
2433 1235 2589 1309 apud
2622 1234 3005 1309 Apollonium
3037 1238 3732 1311 (Tyanensem)philoso-

2076 1326 2452 1398 phatus,ejus
2472 1326 2987 1399 peregrinationes
3005 1325 3410 1399 descripsit,in
3432 1329 3649 1400 quibus
3668 1346 3730 1385 se

2077 1433 2314 1490 quoque
2347 1417 2628 1472 comitem
2645 1417 2775 1489 ejus
2804 1416 2988 1472 fuisse
3024 1416 3270 1472 scribit:
3302 1417 3567 1490 itemque
3590 1435 3728 1474 sen-

2073 1507 2293 1563 tentias
2325 1511 2385 1563 et
2413 1522 2720 1561 sermones
2765 1511 2823 1561 et
2869 1505 3289 1578 praedictiones
3337 1507 3485 1580 ejus.
3538 1508 3726 1564 Dictio

2073 1598 2223 1669 ejus,
2256 1601 2323 1652 ut
2351 1596 2600 1668 Assyrii,
2632 1594 2953 1651 mediocris
2983 1601 3111 1651 est:
3145 1597 3360 1652 Graecae
3392 1599 3552 1653 enim
3583 1614 3724 1654 ora-

2070 1687 2251 1742 tionis
2282 1686 2598 1760 elegantia,
2629 1689 2836 1758 utpote
2867 1684 3025 1758 apud
3055 1685 3344 1742 Barbaros
3393 1686 3723 1760 institutus,

2069 1776 2330 1843 carebat,
2358 1782 2470 1832 etc.

2139 1866 2540 1934 Damocritus,
2572 1865 2920 1935 historicus,
2957 1867 3300 1922 Tacticorum
3332 1865 3516 1924 libros
3575 1868 3725 1925 duos

381 1955 706 2027 Cyrenaica
737 1961 897 2012 secta
926 1956 1168 2011 initium
1200 1954 1369 2012 duxit
1399 1955 1471 2011 ab
1506 1956 1802 2029 Aristippo
1824 1956 1961 2029 phi-
1989 1981 2036 2048 Β
2068 1957 2327 2029 scripsit.
2359 1955 2525 2011 Idem
2557 1955 2624 2010 de
2651 1956 2880 2020 Judwis,
2914 1955 2977 2010 in
3012 1971 3128 2028 quo
3162 1972 3339 2028 opere
3371 1956 3455 2012 ait
3484 1974 3585 2013 eos
3616 1975 3726 2014 au-

308 2044 581 2118 losopho.

379 2134 654 2208 Cyrillus,
689 2135 977 2192 diaconus
1034 2135 1329 2209 Heliopoli
1375 2135 1450 2191 ad
1495 2133 1806 2191 Libanum.
1857 2136 1963 2191 Hic

307 2224 684 2281 Constantini
718 2227 788 2280 Μ.
825 2225 1196 2297 temporibus
1230 2224 1421 2281 multa
1449 2224 1609 2280 idola
1650 2224 1960 2296 confregit.

307 2315 380 2369 At
407 2314 626 2370 Iuliani
660 2319 830 2370 astate
862 2314 1112 2385 (inimici
1143 2313 1663 2385 Christianorum),
1696 2318 1963 2370 ventrem

310 2403 442 2474 ejus
473 2402 892 2459 dissecuerunt
917 2409 976 2459 et
996 2405 1170 2476 jecus
1202 2403 1612 2476 degustarunt.

383 2494 586 2564 Cyrus,
620 2491 995 2565 Panopolita,
1055 2497 1252 2564 poeta,
1286 2508 1321 2548 a
1348 2491 1678 2548 Theodosio
1718 2490 1962 2565 juniore

309 2580 625 2655 praefectus
654 2582 915 2654 praetorii
974 2586 1034 2638 et
1075 2580 1241 2637 urbis
1280 2585 1515 2637 creatus
1573 2585 1684 2651 est,
1732 2578 1961 2652 fuitque

308 2671 645 2728 consularis
672 2678 730 2727 et
753 2671 1062 2744 patricius.
1115 2673 1259 2727 Nam
1318 2670 1597 2739 Eudocia,
1646 2670 1960 2727 Theodosii

307 2762 764 2835 conjux,amans
794 2778 1063 2834 poeseos,
1084 2761 1299 2834 Cyrum
1322 2761 1384 2817 in
1399 2777 1633 2816 summo
1646 2761 1837 2833 pretio
1854 2761 1962 2818 ha-

305 2851 454 2919 buit,
488 2868 619 2923 qua)
652 2867 786 2908 cum
818 2851 889 2906 ab
920 2850 1057 2907 aula
1107 2850 1413 2907 secederet
1443 2856 1520 2920 et,
1552 2851 1615 2907 in
1656 2850 1960 2907 Orientem

305 2939 592 3012 profecta,
624 2938 1053 3012 Hierosolymis
1083 2944 1576 3007 commoraretur,
1617 2941 1821 3012 Cyrus,
1844 2939 1963 2994 ini-

309 3028 603 3086 micorum
633 3028 872 3084 insidiis
904 3029 1364 3097 circumventus,
1396 3032 1720 3100 Cotymum,
1753 3028 1958 3084 civita-

308 3124 429 3176 tem
459 3120 751 3194 Phrygias,
784 3120 1081 3193 relegatus
1113 3124 1223 3188 est,
1245 3124 1314 3175 ut
1335 3120 1519 3175 sacris
1541 3118 1622 3174 ibi
1653 3124 1958 3191 praeesset,

306 3210 604 3280 vitamque
636 3207 915 3281 produxit
942 3226 1130 3281 usque
1177 3209 1247 3265 ad
1292 3208 1549 3265 Leonem
1598 3209 1741 3282 imp.
1790 3207 1956 3266 Conf.

308 3299 546 3355 Reines.
587 3299 752 3353 Varr.
784 3296 1027 3355 Lection.
1067 3298 1173 3354 lib.
1204 3298 1302 3369 ΙΙῐ,
1331 3315 1462 3372 pag.
1489 3299 1614 3367 561,
1644 3302 1703 3355 et
1724 3298 1957 3354 Kuster.

307 3386 384 3446 ad
413 3387 655 3445 Suidam
684 3389 757 3458 II,
784 3405 917 3462 pag.
949 3391 1077 3459 402,
1108 3393 1233 3444 not.
1270 3390 1354 3443 10.

384 3568 607 3625 Daedali
637 3585 838 3642 opera.
902 3569 979 3624 De
1039 3568 1289 3642 egregiis
1341 3566 1671 3624 artificibus
1718 3566 1956 3638 dicitur,

311 3659 469 3731 quod
500 3659 549 3715 is
589 3660 819 3731 primus
867 3658 1325 3714 simulacrorum
1372 3658 1577 3713 oculos
1625 3658 1860 3729 aperuit
1903 3662 1962 3714 et

310 3749 492 3821 pedes
520 3748 753 3803 diduxit
806 3752 1025 3820 praeter
1080 3747 1486 3819 antiquiorum
1535 3747 1957 3804 statuariorum

305 3837 825 3895 consuetudinem.

380 3927 747 3994 Damascius,
777 3925 1173 3997 philosophus
1204 3924 1956 3999 Staicus,Syrus,Simplicii

306 4020 366 4071 et
393 4015 633 4082 Eulalii,
652 4017 973 4087 Phrygum,
1004 4016 1251 4083 amicus,
1278 4014 1482 4069 floruit
1499 4016 1959 4087 temporeJusti-

306 4105 495 4162 niani.
531 4105 784 4176 Scripsit
815 4103 1208 4177 ὑπομνήματα,
1241 4106 1661 4160 commentarios
1689 4107 1747 4159 in
1776 4104 1957 4160 Plato-

305 4213 450 4265 nem,
483 4200 539 4251 et
564 4193 688 4267 περὶ
721 4193 931 4270 ἀρχῶν,
964 4195 1032 4251 de
1052 4193 1377 4267 principiis,
1405 4200 1465 4250 et
1493 4194 1785 4251 historiam
1811 4195 1955 4266 phi-

307 4285 671 4357 losophicam.

374 4380 701 4448 Damastes,
738 4377 1055 4453 Sigeensis,
1089 4394 1120 4433 e
1152 4378 1342 4451 Sigeo,
1395 4376 1629 4434 civitate
1678 4375 1951 4447 Troadis,

304 4469 579 4542 Dioxippi
611 4470 695 4536 F.,
730 4469 872 4525 vixit
900 4472 1037 4525 ante
1081 4467 1307 4523 bellum
1358 4468 1956 4541 Peloponnesiacum,

308 4559 555 4630 aequalis
586 4557 889 4628 Herodoti,
920 4558 1099 4614 homo
1133 4556 1468 4614 ditissimus
1501 4563 1559 4613 et
1615 4556 1958 4615 historicus.

303 4648 553 4718 Scripsit
580 4650 657 4702 De
685 4648 845 4703 rebus
886 4649 946 4702 in
999 4648 1220 4705 Graecia
1267 4650 1451 4718 gestis.
1509 4652 1584 4704 De
1631 4649 1959 4719 parentibus

2064 2063 2234 2103 reum
2265 2045 2420 2101 asini
2449 2049 2627 2118 caput
2657 2044 2927 2111 adorare,
2962 2048 3021 2100 et
3041 2044 3293 2116 septimo
3317 2062 3553 2118 quoque
3567 2063 3724 2105 anno

2064 2137 2447 2211 peregrinum
2479 2140 2721 2208 captum
2753 2134 3092 2191 sacriﬁcare
3124 2139 3183 2191 et
3201 2135 3562 2206 interﬁcere,
3593 2154 3724 2195 car-

2064 2243 2140 2281 ne
2183 2226 2313 2299 ejus
2343 2226 2685 2281 minutatim
2718 2224 2995 2280 dissecta.
3689 2290 3697 2295 _

2138 2313 2530 2386 DamOphilus
2556 2312 2954 2386 philosophus
2985 2319 3044 2369 et
3062 2314 3330 2387 s0phista
3361 2312 3718 2388 (Bithynus),

2066 2402 2350 2460 alumnus
2381 2400 2622 2471 Iuliani,
2657 2404 2758 2474 qui
2787 2402 2895 2459 sub
2928 2402 3119 2460 Marco
3169 2405 3528 2477 imperatore
3578 2422 3722 2461 con-

2067 2492 2160 2548 sul
2190 2486 2321 2549 fuit.
2357 2492 2606 2565 Scripsit
2633 2493 2844 2561 multa,
2877 2493 3036 2548 inter
3065 2511 3196 2565 qum
3225 2493 3286 2549 in
3335 2493 3720 2551 bibliothecis

2065 2582 2192 2638 hmo
2222 2599 2257 2638 a
2289 2599 2380 2638 me
2421 2587 2659 2655 reperta
2691 2587 2830 2638 sunt
2865 2599 2876 2637 :
2909 2582 3254 2639 Philobibtus
3276 2583 3721 2657 liberunus(59)

2065 2671 2138 2728 de
2168 2671 2339 2728 libris
2371 2677 2718 2745 comparatu
2750 2672 2944 2746 dignis
2970 2672 3043 2728 ad
3073 2672 3329 2728 Lollium
3372 2674 3714 2743 Maximum,

2064 2759 2187 2835 περὶ
2222 2760 2344 2837 βίου
2376 2761 2643 2836 ἀρχαίων,
2677 2763 2742 2817 de
2772 2763 2889 2817 vita
2918 2768 3161 2818 veterum
3196 2767 3257 2818 et
3284 2763 3403 2818 alia
3430 2763 3714 2835 plurima.

2137 2854 2567 2924 Damostratus,
2601 2851 2945 2923 histqricus.
2980 2851 3226 2923 Scripsit
3281 2852 3722 2909 Halieuticorum

2068 2943 2233 3000 libros
2261 2944 2376 2999 XX.
2412 2943 2558 2998 Item
2589 2939 2713 3013 περὶ
2742 2945 2844 3009 τῆς
2904 2935 3131 3014 ἐνύδρου
3177 2941 3463 3013 μαντικῆς,
3514 2942 3580 2997 de
3631 2943 3723 2997 ἀί-

2064 3032 2352 3089 vinatione
2368 3048 2475 3103 per
2503 3047 2727 3104 aquam,
2762 3034 2821 3087 et
2848 3030 2967 3087 alia
3022 3031 3411 3088 miscellanea
3452 3031 3724 3090 historici

2065 3123 2428 3198 argumenti.

2139 3209 3241 3279 Damoxenus,Atheniensis,comicus.
3265 3212 3346 3267 Ex
3358 3211 3577 3268 fabulis
3590 3212 3723 3286 ejus

2069 3300 2363 3381 σῦντροφοι
2397 3306 2455 3357 et
2492 3298 2681 3355 ἑαυτὸν
2713 3302 2923 3362 πενθῶν
2952 3299 3275 3357 laudantur
3305 3301 3377 3357 ab
3412 3302 3719 3359 Athenaeo.

2141 3392 2460 3466 Daphidas,
2483 3389 2921 3460 Telmissensis,
2945 3391 3719 3464 grammaticus,Homerum

2065 3483 2314 3558 ejusque
2325 3499 2397 3556 po
2407 3482 2535 3538 esin
2552 3480 2836 3537 mendacii
2851 3481 3013 3553 argui
3022 3480 3718 3553 t,negans,Athenicnses

2065 3573 2258 3631 Iliacae
2283 3571 2646 3646 expeditioni
2672 3569 3206 3627 interfuisse.ldem
3222 3571 3528 3627 oraculum
3543 3577 3607 3627 ut
3619 3572 3718 3631 de-

2063 3663 2309 3731 rideret,
2344 3680 2415 3718 ex
2442 3662 2656 3735 Pythia
2678 3660 2923 3735 rogavit,
2954 3677 3101 3716 num
3126 3676 3345 3733 equum
3367 3667 3714 3734 reperturus

2065 3753 2266 3809 esset?
2293 3755 2597 3824 Responso
2628 3752 2808 3824 igitur
2827 3749 2984 3816 dato,
3010 3749 3288 3805 celeriter
3315 3756 3715 3823 reperturum,

2063 3843 2284 3915 passim
2311 3842 2575 3914 jactavit,
2601 3856 2822 3913 equum
2854 3857 2917 3895 se
2949 3857 3060 3896 nec
3090 3839 3372 3896 habuisse
3410 3852 3518 3897 nec
3566 3843 3716 3898 ami-

2063 3932 2234 3988 sisse.
2270 3931 2383 3987 Sed
2414 3947 2717 3986 reversum
2761 3930 3012 3995 Attalus,
3045 3947 3172 3997 rex,
3198 3930 3560 4003 prmciditari
3584 3933 3716 4005 jus-

2062 4022 2140 4078 sit
2171 4038 2241 4075 ex
2271 4019 2403 4076 loco
2436 4020 2535 4090 qui
2566 4020 2767 4090 Equus
2799 4019 3235 4091 appellabatur,
3269 4024 3380 4076 etc.

2135 4109 2317 4177 Datis,
2350 4110 2550 4176 Persa,
2586 4125 2720 4164 cum
2762 4109 2958 4164 Graece
3004 4109 3169 4181 loqui
3215 4114 3551 4181 conaretur,
3608 4129 3714 4183 pro

2063 4197 2245 4273 χαίρω
2277 4198 2427 4255 dixit
2451 4200 2747 4273 χαίρομαι,
2772 4198 3041 4271 jungens
3088 4198 3304 4254 verba:
3369 4196 3577 4272 ἥδομαι
3622 4199 3714 4253 καὶ

2061 4287 2332 4364 χαίρομαι
2380 4287 2472 4341 καὶ
2516 4285 2893 4364 εὐφραίνομαι.
2944 4289 3091 4345 Hinc
3138 4290 3434 4346 Datismus
3492 4306 3715 4346 nomen

2063 4380 2312 4452 accepit.
2337 4380 2472 4451 (Pro
2506 4377 2892 4450 soloecismo.)

2135 4469 2369 4538 Decius,
2402 4470 2807 4525 Romanorum
2866 4469 3010 4541 imp.
3070 4468 3329 4542 Philippi
3386 4486 3717 4541 successor,

2066 4560 2257 4617 edicto
2289 4558 2656 4615 Christianos
2688 4558 2866 4614 morti
2899 4558 3147 4628 addixit,
3182 4564 3260 4628 et,
3293 4563 3359 4614 ut
3397 4559 3541 4615 deos
3572 4559 3714 4615 ado-

2066 4654 2290 4717 rarent,
2322 4648 2533 4720 coegit.
3216 4658 3219 4661 ‘

304 4742 363 4793 et
386 4736 715 4808 majoribus
748 4753 975 4806 eorum,
1008 4738 1110 4809 qui
1144 4737 1588 4818 expeditionem
1636 4738 1949 4811 Trojanam

2136 4733 2344 4806 Δηλίου
2374 4726 2758 4807 κολυμϐητοῦ,
2802 4734 2948 4791 Delii
2995 4735 3293 4792 natatoris.
3342 4735 3425 4793 De
3465 4735 3716 4793 obscuro

304 4832 716 4900 susceperunt,
750 4826 935 4883 libros
967 4827 1138 4884 duos.
1170 4829 1431 4885 Gentium
1462 4835 1513 4885 et
1541 4828 1763 4884 urbium
1794 4836 1952 4884 cata-

304 4918 508 4989 logum.
546 4922 627 4973 De
647 4919 828 4988 poetis
856 4923 907 4972 et
961 4917 1243 4989 sophistis,
1291 4922 1350 4974 et
1398 4918 1516 4976 alia
1560 4918 1769 4975 multa.
1820 4919 1955 4975 Fuit

300 5005 591 5064 Hellanici
623 5004 976 5078 discipulus.

370 5097 680 5164 Damasus,
714 5095 1028 5168 epiSCOpus
1050 5098 1272 5164 Roma),
1307 5096 1561 5171 eleganti
1584 5097 1649 5153 in
1679 5096 1951 5155 versibus

297 5187 729 5259 componendis
748 5186 988 5261 ingenio
1018 5187 1326 5260 praeditus,
1350 5188 1539 5244 multa
1552 5204 1738 5259 eaque
1751 5186 1953 5246 brevia

298 5278 584 5345 carmina,
620 5281 809 5335 metro
834 5277 1072 5334 heroico
1104 5278 1346 5351 scripta,
1372 5277 1953 5351 ediditetoctogena-

515 5468 887 5549 Φιλὸϐιϐλος,
918 5477 1140 5549 πρῶτος
1170 5473 1295 5549 περὶ
1315 5473 1660 5549 ’ἀξιοκτήτιυν
1689 5467 1943 5549 βιϐλίωνο

297 5545 382 5629 sic
410 5545 472 5629 ig
496 5551 666 5629 textu
699 5548 897 5629 Graeco
938 5545 1173 5629 legitur.
1232 5545 1536 5629 Fabricius
1581 5545 1760 5629 igitur
1816 5552 1950 5629 po_st

296 5611 586 5692 φιλοϐιϐλ.
623 5619 933 5692 commode
956 5611 1249 5692 punctum
1281 5611 1772 5689 delet,verti'tque
1794 5611 1950 5689 τὲρῶ-

293 5689 387 5761 ·ἐος
419 5690 746 5761 libertinus.
781 5689 1159 5761 SedKuster,
1192 5706 1372 5761 quem
1423 5695 1709 5761 punctum
1759 5693 1949 5746 olTen-

296 5760 456 5814 disse
486 5756 740 5832 videtur,
771 5778 832 5815 se
888 5759 1109 5832 fatetur
1146 5756 1311 5832 non,
1338 5756 1557 5829 videre,
1622 5761 1767 5832 quid
1824 5780 1944 5818 voc.

296 5832 515 5904 πρῶτος
546 5830 643 5885 hic
675 5831 787 5887 sibi
817 5829 976 5888 velit.
1010 5831 1213 5889 Deleto
1238 5831 1420 5905 igitur
1447 5850 1572 5891 voc.
1592 5829 1834 5909 πρῶτος,
1857 5834 1948 5890 lo-

2064 4825 2345 4884 Heracliti
2369 4825 2523 4882 libro
2557 4829 2795 4899 rogatus
2837 4824 3129 4891 Socrates,
3165 4827 3378 4881 Delium
3409 4833 3718 4882 natatorem

2063 4929 2192 4969 esse
2210 4918 2483 4986 Oportere
2504 4912 2777 4984 dixit,qui
2796 4912 2858 4967 in
2872 4911 2973 4968 illo
2987 4929 3108 4968 non
3122 4913 3719 4987 submergeretur.ln-

2062 5002 2343 5059 scribitur
2372 5001 2474 5056 ille
2509 5001 2581 5058 ab
2614 5001 2747 5058 aliis
2776 5004 2966 5069 Musa,
3000 5001 3072 5058 ab
3122 5003 3257 5059 aliis
3295 5003 3363 5059 de
3408 5012 3654 5060 natura:
3684 5021 3718 5060 a

2060 5082 2312 5148 Diodoto
2345 5082 2563 5165 ἀκριϐὲς
2596 5088 2857 5163 οἰάκισμα
2887 5089 3025 5165 πρὸς
3072 5092 3316 5164 στάθμην
3372 5090 3518 5169 βίου,
3568 5102 3717 5150 certa

2058 5181 2187 5236 vita
2218 5181 2292 5235 ad
2318 5196 2570 5235 normam
2619 5180 2926 5251 dirigendae
2969 5183 3155 5247 ratio;
3208 5179 3280 5237 ab
3331 5181 3466 5238 aliis
3520 5181 3712 5256 γνώμη

2058 5267 2216 5342 ἐθῶν,
2245 5270 2442 5340 regula
2487 5285 2700 5326 morum
2755 5268 2848 5324 vel
2903 5266 3113 5342 κόσμος
3163 5269 3383 5345 τρόπων
3433 5271 3552 5336 ἰνὸς
3606 5275 3713 5328 τῶν

2057 5492 2192 5559 pugn
2224 5475 2309 5559 sic
2338 5474 2657 5558 legendum
2688 5481 2878 5559 putat,
2911 5469 3269 5559 φιλόϐιῇλος,
3298 5476 3334 5547 ἢ
3357 5477 3481 5553 περὶ
3501 5478 3710 5559 ἀξιοκτ.

2061 5542 2213 5622 βιϐλ.
2247 5542 2429 5619 atque
2457 5548 2520 5603 in
2551 5542 3056 5625 versionelra'tina
3086 5542 3264 5625 illam
3286 5542 3455 5607 suam
3477 5542 3713 5625 opinio-

2059 5619 2197 5675 nem
2230 5624 2467 5675 secutus
2499 5619 2731 5677 reddit:
2766 5621 3109 5677 Philobiblus
3137 5624 3249 5677 sive
3278 5624 3343 5678 de
3375 5619 3533 5681 libris
3562 5641 3713 5682 com-

2049 5698 2261 5765 paratu
2292 5691 2495 5769 dignis.
2512 5694 2751 5769 Praeter
2765 5692 3130 5769 eaadnotat,
3153 5693 3479 5769 Telephum
3500 5698 3710 5769 Perga-

2056 5779 2300 5844 menum
2332 5769 2392 5817 et
2419 5763 2732 5844 Philonem
2764 5763 3036 5844 gyblium
3067 5763 3251 5821 libros
3292 5763 3507 5825 similis
3537 5763 3710 5843 argu-

2061 5834 2248 5891 menti
2279 5834 2728 5907 conscripsisse.
2764 5834 2943 5894 HARL.
