4110 6424
255 477 412 542 1245

251 614 605 692 ξυμπάντων,
636 615 862 668 ornatus
878 623 1092 665 morum
1121 607 1286 660 unius
1309 601 1553 658 omnium
1583 595 1801 668 Optimi.

334 721 910 790 Demades,Demeaa,
935 719 1154 780 nautae,
1179 713 1343 778 F.,ex
1361 722 1630 780 naupego
1654 708 1713 759 et
1740 703 1923 757 nauta
2027 693 2059 731 ο

263 815 338 872 ad
373 811 611 884 negotia
631 808 780 879 reip.
806 803 1116 860 tractanda
1137 799 1389 857 accessit
1412 803 1470 852 et
1489 797 1698 851 contra
1718 793 1926 846 Demo-

262 880 562 965 sthenem,
597 895 1014 970 Olynthiorum
1047 906 1287 946 causam
1336 889 1632 960 agentem,
1666 880 1832 949 dixit,
1867 894 1896 932 e

262 969 710 1063 Euthycratem,
743 983 1111 1056 Olynthium,
1164 979 1236 1035 ab
1273 969 1922 1040 Atheniensibusigno-

268 1081 455 1139 minia
478 1083 775 1142 notatum,
809 1073 1047 1128 decreto
1082 1087 1187 1125 suo
1221 1069 1281 1124 in
1313 1068 1611 1138 integrum
1642 1058 1922 1116 restituit.

265 1173 643 1246 Magistratus
693 1171 912 1232 autem,
967 1180 999 1218 a
1030 1179 1091 1217 se
1148 1159 1318 1234 gesti,
1378 1157 1639 1213 rationes
1675 1150 1926 1206 reddere

257 1265 470 1337 jussus
497 1259 571 1314 ob
604 1261 829 1312 metum
860 1252 1008 1309 urbe
1053 1251 1354 1318 cessit,nec
1383 1250 1498 1318 ipse
1546 1249 1803 1306 vestrum,
1834 1239 1930 1293 in-

269 1326 402 1424 quit
427 1345 852 1419 (Athenienses),
893 1358 991 1396 nec
1016 1342 1125 1396 mei
1154 1341 1277 1394 estis
1307 1336 1538 1391 domini.
1571 1329 1819 1402 Scripsit
1854 1326 1930 1382 ad

268 1422 637 1510 Philippum,
689 1433 1004 1502 ﬁliumque
1066 1428 1142 1484 ad
1207 1442 1342 1482 eum
1403 1423 1582 1479 misit.
1614 1422 1929 1476 Decretum

268 1506 508 1602 quoque
555 1523 821 1595 scripsit,
850 1525 917 1575 ut
937 1519 1122 1575 Grazci
1155 1516 1428 1588 Philippo
1445 1513 1744 1584 parerent.
1767 1506 1931 1561 Idem

270 1600 337 1674 in
367 1631 565 1689 pugna
602 1608 989 1668 Chzeronensi
1045 1610 1253 1678 captus
1302 1607 1410 1659 est.
1476 1600 1765 1656 Dimissus
1795 1611 1931 1650 vero

273 1685 634 1780 legationem
655 1700 1018 1772 captivorum
1049 1695 1239 1769 gratia
1255 1693 1423 1759 obiit,
1448 1706 1596 1762 quos
1623 1685 1933 1757 Philippus

273 1776 522 1850 dimisit.
553 1791 650 1846 Bis
688 1789 1085 1855 decretorum,
1147 1787 1354 1839 contra
1409 1779 1569 1852 leges
1617 1776 1932 1841 factorum,

269 1900 412 1940 reus
441 1884 716 1954 peractus
773 1880 881 1933 est.
912 1878 1120 1945 Remp.
1180 1872 1360 1928 etiam
1423 1867 1531 1924 sub
1598 1861 1933 1920 Alexandro

272 1972 479 2047 gessit.
509 1969 744 2043 [Suidas
775 1967 949 2038 plura
991 1964 1052 2018 in
1086 1961 1340 2026 duobus,
1373 1963 1439 2014 ut
1467 1957 1551 2012 ita
1579 1956 1794 2021 dicam,
1827 1968 1931 2007 ar-
1962 1967 2010 2032 Β

272 2046 478 2118 ticulis
506 2059 577 2115 de
613 2055 888 2112 Demadis
919 2057 1126 2109 narrat
1155 2049 1391 2122 scriptis
1422 2052 1479 2103 et
1523 2046 1704 2101 trium
1729 2056 1934 2114 perse-

278 2153 484 2226 quitur
518 2146 846 2204 Demadum
886 2138 1262 2213 historiam.]

349 2248 662 2315 Demades,
707 2242 1009 2310 Laciades,
1060 2235 1445 2294 Atheniensis
1495 2235 1718 2298 orator,
1763 2232 1940 2284 natus

279 2357 352 2396 ex
381 2335 632 2393 tibicina
665 2337 724 2389 et
751 2349 786 2389 a
818 2329 1124 2403 superiore
1157 2324 1436 2390 Demade,
1461 2323 1808 2392 demagogo,
1839 2315 1940 2372 ad-

279 2432 540 2500 optatus,
571 2429 742 2496 pater
773 2423 1028 2486 Demeae,
1060 2415 1336 2482 oratoris,
1361 2411 1542 2485 periit
1561 2411 1625 2465 in
1657 2409 1790 2464 lacu
1812 2409 1946 2461 Am-

268 2496 670 2591 phipolitano,
704 2512 768 2566 in
804 2525 984 2581 quem
1017 2506 1092 2562 ab
1121 2505 1456 2574 Antipatro,
1491 2496 1810 2555 Cassandri
1835 2511 1940 2566 pa-

271 2581 363 2660 tre
382 2581 457 2658 ὀι
484 2581 807 2657 Alexandri
841 2608 1209 2659 successore,
1244 2589 1552 2662 conjectus
1584 2586 1716 2640 fuit.
1751 2581 1940 2655 [Conf.

283 2710 482 2767 supra,
516 2691 633 2747 vol.
669 2689 744 2757 ll,
777 2703 907 2759 pag.
933 2686 1036 2739 868
1069 2700 1198 2754 sqq.
1229 2681 1248 2753 ]

355 2795 708 2861 Demetrius,
743 2786 1120 2848 Phanostrati
1152 2787 1238 2854 F.,
1276 2781 1564 2839 Phalerus
1587 2780 1639 2849 (e
1670 2775 1946 2844 Phalero,

282 2893 459 2963 portu
489 2886 718 2951 Atticm,
744 2881 848 2953 qui
879 2884 1016 2934 ante
1047 2873 1335 2946 Phanus),
1369 2869 1762 2944 phiIOSOphus
1783 2865 1948 2921 Peri-

282 2955 601 3050 pateticus,
621 2971 720 3043 qui
743 2965 1178 3042 philosophica,
1198 2955 1828 3029 historica,rhetorica,
1849 2969 1949 3024 po-

283 3049 469 3133 litica,
491 3065 752 3133 itemque
772 3060 846 3115 de
869 3056 1061 3130 poetis
1077 3053 1335 3125 scripsit.
1359 3049 1830 3120 Theophrastum
1851 3058 1952 3099 au-

285 3157 432 3214 divit
458 3159 518 3209 et
547 3156 749 3208 orator
805 3145 1112 3221 popularis
1161 3141 1411 3199 Athenis
1442 3139 1574 3199 fuit.
1609 3136 1692 3193 0b
1741 3135 1949 3189 forma

284 3244 645 3319 elegantiam
676 3241 738 3295 in
769 3233 1176 3295 adolescentia
1205 3232 1399 3288 dictus
1426 3231 1708 3300 Lampeto
1729 3230 1788 3281 et
1802 3224 1948 3279 Cha-

285 3313 751 3405 ritoblepharus,
785 3332 844 3383 et
873 3326 947 3382 ob
977 3339 1212 3380 amores
1252 3319 1489 3376 Cleonis
1550 3315 1704 3371 male
1737 3313 1944 3370 audiit.
1985 3325 2029 3394 α

289 3425 379 3480 Ad
410 3437 688 3495 magnam
720 3424 928 3491 postea
957 3412 1288 3487 potentiam
1319 3408 1692 3481 gloriamque
1709 3419 1946 3476 provec-

289 3520 416 3571 tum
433 3491 617 3568 invidi
641 3509 868 3566 artibus
895 3509 955 3562 et
977 3503 1129 3559 dolis
1153 3499 1276 3557 suis
1299 3498 1680 3554 subruerunt.
1704 3491 1954 3548 Athenis

289 3605 472 3677 igitur
500 3600 709 3674 pulsus
758 3597 822 3652 in
871 3597 1182 3667 Egyptum
1211 3588 1374 3645 venit
1430 3591 1489 3641 et
1541 3583 1699 3656 apud
1755 3581 1952 3637 Ptole-

292 3708 514 3750 maium
543 3691 808 3745 Soterem
844 3684 1085 3756 degens,
1118 3690 1323 3735 morsu
1352 3675 1578 3748 aspidis
1609 3672 1788 3746 periit
1817 3675 1876 3725 et
1895 3669 1956 3724 in

289 3782 648 3856 praefectura
678 3773 997 3832 Busiritide
1029 3785 1214 3844 prope
1245 3765 1578 3839 Diospolin,
1629 3763 1693 3817 in
1727 3759 1957 3833 paludi-

300 3874 412 3929 bus
445 3870 644 3938 sitam,
679 3865 948 3938 sepultus
971 3864 1078 3915 est.

371 3969 708 4029 Demetrius
744 4012 758 4036 ,
819 3963 1211 4036 cognomento
1275 3956 1481 4023 Ixion,
1541 3950 1964 4027 grammaticus

303 4063 790 4132 Adramyttenus,
815 4051 1067 4125 Augusti
1101 4045 1470 4118 temporibus
1499 4041 1768 4115 Pergami
1797 4039 1962 4107 vixit,

301 4130 662 4223 scripsitque
686 4146 751 4200 de
774 4143 950 4200 verbis
978 4142 1035 4194 in
1071 4157 1154 4210 μι,
1178 4134 1302 4209 περί
1337 4133 1714 4204 ἀντωνυμιῶν,
1745 4130 1812 4184 de
1832 4144 1964 4198 pro-

299 4220 630 4298 nominibus.
669 4238 733 4289 In
763 4235 1060 4288 Homerum
1093 4223 1596 4284 commentarium
1625 4225 1683 4276 et
1708 4221 1766 4274 in
1783 4220 1970 4274 Hesio-

295 4332 450 4388 dum.
483 4328 651 4383 Ixion
682 4325 876 4379 dictus
908 4323 1017 4388 est,
1074 4315 1235 4389 quod
1267 4313 1677 4385 deprehensus
1710 4314 1869 4365 esset
1906 4310 1969 4362 in

297 4422 480 4487 furto,
511 4431 723 4474 aureas
754 4414 1026 4468 bracteas
1071 4403 1376 4462 simulacri
1412 4401 1664 4457 Iunonis
1713 4398 1972 4453 Alexan-

301 4512 492 4568 drinae
519 4505 825 4576 subripere
852 4497 1133 4564 conatus;
1157 4493 1270 4564 vel,
1293 4491 1451 4564 quod
1477 4487 1808 4560 Euripedeo
1831 4486 1972 4541 Phi-

301 4603 509 4658 lotimo
549 4599 838 4662 Ixionem,
900 4589 1189 4656 fabulam,
1246 4583 1614 4649 abstulisset,
1662 4578 1776 4647 vel,
1811 4576 1972 4649 quod

1567 461 1670 522 DE
1716 439 2007 530 QUIBUS
2052 441 2356 509 SUIDAS.

3527 423 3686 493 1246

1941 589 1993 654 Α
2029 583 2416 641 nosissimum
2439 581 2498 635 et
2518 576 2746 650 Botryis
2761 590 2827 631 ac
2848 571 3197 630 Philmnidis
3219 566 3688 627 commentarios

2065 673 2412 730 bscmnitate
2443 684 2552 724 sua
2582 670 2964 739 superantem
2997 662 3275 718 traduxit.

2097 761 2491 826 Democritus,
2525 755 2908 829 Hegesistrati
2934 753 3025 808 vel
3056 749 3427 808 Atheuocriti
3460 748 3552 803 vel
3582 747 3691 804 Da-

1904 881 1925 930 ι
2028 852 2284 924 masippi
2315 851 2400 912 F.,
2436 847 2580 902 vixit
2621 863 2688 901 eo
2724 851 3012 916 tempore,
3041 859 3158 913 quo
3210 841 3500 908 Socrates,
3531 837 3690 893 circa

2031 944 2263 1015 Olymp.
2300 937 2552 994 LXXVII
2584 936 2672 990 vel
2705 935 2908 990 LXXX.
2943 931 3222 986 Abderita
3247 930 3458 996 Thrax,
3491 927 3689 998 philo~

2034 1033 2254 1106 sophus
2287 1034 2344 1084 et
2373 1025 2729 1097 discipulus,
2759 1029 2828 1078 ut
2866 1021 3108 1093 quidam
3152 1019 3416 1085 tradunt,
3448 1019 3688 1071 Anaxa-

2033 1140 2186 1198 gora}
2219 1124 2276 1178 et
2328 1115 2646 1188 Leucippi:
2709 1112 2854 1184 quin
2899 1112 3102 1174 etiam,
3145 1113 3209 1164 ut
3265 1107 3365 1163 alii
3401 1105 3689 1172 scribunt,

2034 1195 2336 1285 Magorum
2368 1212 2426 1262 et
2448 1204 2865 1260 Chaldaeorum
2902 1200 2966 1256 in
2995 1199 3218 1255 Persia.
3254 1196 3414 1251 Adiit
3443 1195 3602 1250 enim
3635 1199 3696 1249 et

2037 1284 2245 1357 Persas
2268 1303 2326 1354 et
2353 1295 2530 1352 Indos
2555 1300 2612 1349 et
2642 1291 2938 1364 Egyptios
2967 1293 3026 1345 et
3055 1287 3426 1359 singulorum
3459 1284 3694 1355 sapien-

2041 1389 2184 1444 tiam
2216 1383 2522 1442 addidicit.
2553 1379 2779 1436 Deinde
2808 1378 3052 1433 domum
3083 1390 3377 1439 reversus,
3409 1389 3544 1426 cum
3577 1371 3696 1426 fra—

2038 1478 2228 1535 tribus
2258 1473 2553 1531 Herodoto
2587 1475 2646 1526 et
2685 1470 2960 1524 Damaste
3006 1467 3166 1523 vixit.
3215 1463 3460 1520 Praefuit
3489 1466 3547 1517 et
3575 1461 3695 1516 Ab-

2040 1568 2365 1624 deritarum
2387 1563 2560 1634 reip.,
2593 1561 2693 1633 qui
2712 1559 2904 1615 honor
2933 1562 3177 1630 propter
3199 1554 3552 1626 sapientiam
3576 1548 3690 1622 ipsi

2039 1658 2278 1714 habitus
2291 1656 2420 1711 fuit.
2441 1651 2776 1723 Discipulus
2789 1650 2919 1721 ejus
2933 1647 3186 1702 illustris
3200 1645 3313 1701 fuit
3330 1641 3698 1700 Metrodorus

2041 1749 2240 1814 Chius,
2262 1745 2433 1818 cujus
2445 1741 2704 1798 vicissim
2729 1737 3030 1795 auditores
3050 1737 3294 1791 fuerunt
3315 1731 3699 1789 Anaxarchus

2043 1846 2102 1893 et
2120 1817 2505 1908 Hippocrates
2527 1830 2818 1886 medicus.
2843 1829 3005 1883 Idem
3025 1825 3476 1898 cognominatus
3502 1817 3697 1896 Σοφία,

2040 1929 2337 1999 sapientia,
2366 1928 2425 1979 et
2456 1920 2742 1979 Γελασῖνος
2765 1921 2926 1986 risor,
2961 1916 3119 1988 quod
3152 1914 3357 1969 inania
3387 1910 3700 1967 hominum

2043 2016 2240 2073 studia
2267 2013 2462 2069 ridere
2494 2011 2732 2066 soleret.
2767 2006 3018 2062 Genuini
3047 2006 3176 2077 ejus
3207 2003 3344 2058 libri
3381 2004 3521 2056 sunt
3559 1999 3702 2065 duo,

2046 2106 2210 2182 μέγας
2245 2100 2567 2173 διάκοσμος,
2597 2113 2830 2168 magnus
2880 2096 3207 2161 diacosmus,
3245 2097 3302 2146 et
3339 2087 3464 2162 περί
3493 2087 3702 2164 φύσεως

2043 2176 2277 2266 ᾴέᾷμου,
2310 2193 2376 2247 de
2403 2197 2574 2245 natur
2623 2185 2836 2242 mundi.
2899 2183 3144 2255 Scripsit
3202 2182 3379 2236 etiam
3409 2176 3704 2249 Epistolas.

2046 2286 2309 2341 Athenas
2331 2298 2450 2337 non
2473 2279 2637 2344 adiit,
2663 2282 2773 2331 etc.
2794 2293 2821 2329 e
2841 2275 3080 2328 Laertio.
3107 2271 3274 2326 Morti
3296 2269 3524 2324 vicinus
3546 2265 3707 2321 circa

2045 2370 2651 2444 Thesmophoriorum
2682 2366 2922 2431 festum,
2953 2379 3028 2418 ne
3082 2378 3151 2416 ea
3201 2360 3365 2414 luctu
3395 2358 3506 2412 hoc
3539 2369 3708 2410 soror

2049 2466 2178 2536 ejus
2204 2443 2505 2518 celebrare
2536 2455 2974 2529 prohiberetur,
3003 2451 3256 2524 panibus
3281 2445 3612 2504 calentibus
3635 2443 3709 2499 ad

2049 2535 2226 2610 nares
2257 2551 2513 2608 admotis
2543 2548 2721 2619 vitam
2745 2543 2815 2601 ad
2847 2544 3090 2610 festum,
3120 2556 3310 2612 usque
3336 2535 3635 2612 produxit.

2123 2643 2511 2707 Demodocus,
2537 2643 2764 2695 cantor.

2124 2731 2531 2804 Demophilus,
2557 2729 2870 2801 episcopus
2892 2723 3062 2780 CPol.
3111 2721 3302 2794 rapidi
3327 2720 3573 2793 vagique
3595 2722 3712 2772 tor-

2052 2823 2240 2879 rentis
2271 2822 2463 2874 instar
2492 2817 2818 2888 plurimum
2865 2813 2974 2868 luti
3007 2817 3064 2866 et
3095 2809 3359 2866 sordium
3391 2809 3452 2862 in
3485 2821 3709 2862 sermo-

2052 2912 2230 2970 nibus
2263 2911 2386 2967 suis
2416 2909 2655 2977 vehens,
2697 2910 2835 2970 etc.,
2867 2919 2896 2958 e
2931 2902 3318 2970 Philostorgio.

2126 3000 2577 3065 Demosthenes,
2597 2994 3000 3061 Atheniensis,
3019 2989 3460 3056 Demosthenis,
3493 2985 3715 3059 gladio-

2054 3108 2189 3148 rum
2204 3090 2376 3159 fabri,
2391 3085 2757 3144 etCleobula-s
2771 3085 2831 3140 F.
2843 3127 2855 3151 ,
2872 3086 3089 3148 orator,
3112 3079 3332 3152 populo
3348 3077 3621 3133 Paeanien
3633 3075 3716 3130 sis

2057 3182 2159 3254 qui
2184 3181 2411 3252 majore
2455 3175 2762 3249 diligentia
2792 3178 2851 3228 et
2881 3171 3100 3238 studio,
3127 3187 3305 3242 quam
3338 3167 3560 3240 ingenii
3584 3165 3718 3220 feli—

2059 3271 2236 3328 citate
2266 3267 2550 3341 praaditus
2573 3265 2701 3331 fuit,
2735 3268 2801 3318 ut
2830 3266 3037 3318 auctor
3069 3265 3160 3315 est
3189 3258 3567 3329 Hermippus,
3601 3261 3714 3311 etc.

2059 3360 2227 3435 (Vide
2260 3375 2438 3430 supra
2467 3354 2744 3422 Batalus.)
2778 3351 2866 3407 Ad
2900 3350 3164 3406 studium
3209 3347 3566 3419 eloquentiae
3589 3345 3722 3399 ani--

2056 3433 2215 3506 mum
2233 3446 2636 3519 appulit,cum
2677 3442 3103 3507 Callistratum,
3126 3454 3232 3510 pro
3260 3436 3491 3508 Or0piis
3512 3433 3722 3489 dicen-

2056 3547 2198 3608 tem,
2222 3540 2486 3594 vidisset.
2518 3534 2749 3590 Audivit
2770 3535 3006 3596 Isaeum,
3030 3529 3307 3585 Isocratis
3332 3525 3714 3598 discipulum,

2057 3645 2320 3701 ususque
2362 3633 2454 3683 est-
2500 3623 2878 3680 orationibus
2911 3620 3076 3688 Zoili,
3127 3615 3568 3688 Amphipolitm,
3615 3613 3719 3684 qui

2060 3720 2307 3775 Athenis
2339 3714 2744 3786 eloquentiam
2777 3711 2997 3776 docuit,
3031 3709 3294 3779 itemque
3321 3704 3647 3778 Polycratis
3666 3707 3725 3758 et

2063 3805 2494 3863 Alcidamantis
2518 3801 2765 3876 (Gorgiaa
2789 3797 3113 3870 discipuli),
3137 3802 3194 3851 et
3215 3795 3402 3867 ipsius
3424 3792 3725 3849 Isocratis.

2062 3897 2130 3950 In
2162 3892 2516 3964 eloquentiae
2550 3891 2747 3946 studio
2773 3887 2966 3943 socios
2998 3885 3206 3941 habuit
3224 3883 3523 3939 Aﬁsionem
3552 3882 3730 3936 Athe-

2063 3987 2337 4045 niensem
2358 3983 2875 4054 etTheopompum
2892 3977 3101 4032 Chium
3120 3973 3565 4047 philosophum.
3582 3973 3732 4025 Prae-

2068 4080 2232 4131 terea
2253 4073 2478 4129 audivit
2500 4070 2855 4126 Eubulidem
2882 4065 3287 4131 dialecticum,
3319 4069 3378 4118 et
3398 4062 3728 4117 Platonem.

2067 4165 2334 4221 Decessit
2362 4163 2426 4217 in
2457 4159 2749 4224 Calabria,
2774 4174 2891 4228 quo
2905 4173 3027 4227 prae
3044 4159 3206 4209 metu
3231 4151 3546 4222 Antipatri,
3574 4150 3729 4220 regis

2067 4253 2444 4315 Macedoniae,
2464 4251 2714 4321 fugerat,
2735 4261 2868 4301 cum
2888 4260 2994 4316 per
3020 4243 3322 4308 Archiam,
3347 4239 3726 4304 histrionem,

2066 4344 2119 4399 vi
2153 4337 2590 4398 abstrahendus
2623 4340 2800 4402 esset,
2836 4335 3047 4388 hausto
3081 4331 3140 4385 in
3175 4329 3298 4384 aede
3340 4327 3595 4399 Neptuni
3621 4342 3728 4380 ve-

2069 4447 2248 4499 neno,
2281 4428 2439 4501 quod
2459 4428 2520 4481 in
2540 4424 2762 4481 annulo
2787 4419 3266 4487 circumferebat,
3293 4421 3608 4488 postquam
3641 4414 3729 4467 vi-

2068 4521 2254 4576 xisset
2283 4534 2475 4573 annos
2507 4515 2669 4580 LXII,
2703 4517 2818 4567 etc.
2868 4513 3117 4575 Mortuo,
3151 4512 3345 4563 statua
3371 4504 3637 4576 {Athenis
3666 4503 3729 4558 in

2068 4611 2198 4665 foro
2230 4608 2423 4681 posita
2446 4611 2553 4672 est,
2579 4603 2671 4658 his
2702 4601 2896 4657 verbis
2919 4599 3044 4654 basi
3080 4597 3386 4668 inscriptis
3414 4613 3426 4650 :
3479 4595 3540 4651 Si
3566 4609 3727 4664 pares

299 4707 440 4749 cum
471 4685 837 4752 AristarCho'
865 4679 1168 4753 magisuo’
1215 4691 1326 4766 601,1
1334 4673 1642 4766 tendisiset’
1674 4670 1960 4766 inIatuf”
1993 4702 2040 4766 D
2072 4670 2255 4756 animo
2285 4699 2448 4762 vires,
2497 4670 2896 4757 Demosthenes,
2930 4689 3225 4754 habuisses,
3284 4701 3587 4757 numquam
3607 4687 3734 4739 Ma-

298 4782 464 4837 velut
487 4779 654 4834 Ixion
685 4775 967 4832 adversus
1017 4768 1181 4835 deos,
1215 4765 1317 4837 qui
1349 4779 1484 4819 eum
1531 4759 1840 4816 beneﬁciis
1867 4756 1955 4812 af-

299 4872 592 4928 fecerant.

387 4962 765 5031 Democedes,
787 4954 1201 5029 Calliphontis,
1225 4951 1327 5023 qui
1347 4949 1514 5006 Cnidi
1539 4944 1852 5016 zEsculapii
1879 4961 1965 5000 sa-

299 5059 513 5118 cerdos
541 5057 674 5123 fuit,
709 5052 890 5119 filius,
933 5045 1323 5111 Crotoniates,
1355 5041 1573 5114 .‘Eginaa
1616 5043 1805 5095 artem
1837 5051 1966 5092 me-

299 5150 500 5208 dicam
535 5140 799 5201 exercuit
830 5143 890 5195 et
917 5147 1163 5192 uxorem
1213 5131 1399 5188 duxit.
1448 5129 1823 5201 Polycratem
1873 5130 1963 5196 ty-

298 5257 584 5305 rannum,
608 5238 782 5308 pacta
801 5228 1076 5288 mercede
1109 5226 1363 5281 duorum
1385 5222 1769 5290 talentorum,
1794 5233 1966 5274 cura—

299 5333 404 5389 vit.
439 5327 674 5386 Curavit
705 5324 885 5379 etiam
918 5317 1163 5375 Darium
1213 5314 1461 5386 ejusque
1500 5326 1770 5378 uxorem,
1795 5310 1968 5363 Atos-

307 5437 460 5488 sam,
494 5434 606 5491 per
627 5425 807 5488 quam
838 5405 1193 5480 impetravit,
1226 5407 1292 5458 ut
1322 5403 1385 5458 in
1439 5400 1724 5457 Graeciam
1774 5397 1968 5452 redire

301 5511 416 5570 sibi
442 5485 675 5573 liceret,
707 5507 820 5559 etc.
853 5501 966 5573 (Ege
994 5491 1312 5566 Herodoto.)
1337 5489 1587 5563 Scripsit
1607 5486 1848 5562 ἰατρικὸν
1884 5485 1971 5561 βι-

311 5580 497 5650 ϐλίον,
525 5571 747 5635 librum
779 5571 1099 5629 medicum.

393 5676 810 5740 Demochares,
838 5662 1252 5725 Demosthenis
1275 5675 1343 5717 ex
1375 5674 1577 5716 sorore
1599 5669 1805 5728 nepos,
1829 5673 1974 5728 prae-

309 5779 454 5829 tura
474 5773 532 5823 et
552 5762 782 5821 caeteris
796 5755 1123 5816 honoribus
1141 5757 1386 5808 ornatus
1401 5749 1472 5804 ab
1491 5747 1974 5812 Atheniensibus,

305 5866 462 5920 teste
493 5854 736 5929 Polybio
766 5849 1058 5921 ;Thn'aaus
1071 5849 1272 5902 tamen
1302 5853 1438 5899 cum
1461 5835 1976 5912 tanquam'libid-i-

2069 4789 2291 4846 cedones
2329 4789 2500 4842 armis
2527 4784 2792 4841 Greciam
2824 4779 3246 4850 subjungassent

2071 4965 2243 5044 Εἴπερ
2275 4962 2414 5044 iam“
2436 4957 2900 5044 p'n'ijtn‘v‘yvcbmk
2917 4957 3284 5044 An-uoofisv‘s-c,
3318 4973 3486 5044 saec,

2149 5023 2366 5094 03am"
2387 5023 2447 5090 a4
2476 5023 2768 5104 'EAMvwv
2787 5023 2960 5102 ’ἧρξεν
2981 5023 3162 5104 -Ἃρης
3196 5023 3484 5082 Μάκεδὼν.

2148 5200 2599 5264 Demosthenes,
2632 5194 2856 5262 Mhrax,
2889 5190 3128 5262 scripsit
3153 5186 3550 5258 metaphrasim
3595 5187 3738 5241 Ilia-

2076 5293 2163 5350 dis
2203 5291 2473 5349 oratione
2505 5287 2718 5343 soluta.
2752 5284 3046 5354 Epitomen
3078 5280 3392 5348 Damageti,
3429 5276 3729 5333 Heracleo-

2080 5391 2166 5440 ιω.
2192 5385 2268 5438 De
2285 5381 2467 5452 poetis
2496 5373 2932 5446 dithyrambicis.
2967 5368 3365 5439 Metaphrasim
3400 5366 3738 5435 Theogoniae

2079 5472 2384 5529 Hesiodea

2156 5560 2344 5632 Δέρας,
2379 5572 2628 5615 aureum
2645 5552 2831 5609 vellus
2851 5548 3008 5622 quod
3030 5549 3206 5603 Jason
3225 5563 3361 5602 cum
3387 5544 3742 5618 Argonautis

2083 5653 2146 5708 in
2176 5648 2518 5707 Colchidem
2539 5661 2647 5718 per
2675 5641 2988 5698 Ponticum
3018 5651 3180 5692 mare
3203 5636 3524 5708 profectus,
3559 5634 3735 5704 cepit,

2086 5742 2340 5799 abducta
2369 5736 2549 5793 simul
2592 5733 2813 5797 Medea,
2847 5732 3044 5795 1Eetze,
3079 5727 3251 5799 regis,
3286 5726 3431 5792 ﬁlia,
3467 5741 3589 5780 non
3629 5724 3747 5778 fuit

2089 5832 2298 5902 vellus,
2333 5833 2399 5884 ut
2428 5825 2653 5884 fabula
2673 5822 2892 5887 ferunt,
2928 5817 3029 5874 sed
3067 5809 3284 5891 βιϐλίον
3313 5814 3363 5871 ἐν
3395 5812 3624 5890 δέρμασι
3655 5831 3743 5893 κίε-
