4110 6418
455 389 611 451 1947

1763 394 2002 459 INDEX
2052 396 2559 465 SCRIPTORUM

3716 418 3879 480 1248

448 524 789 598 γραμμὲνον,
820 525 975 581 liber
1002 526 1115 598 (60)
1160 526 1225 583 in
1268 528 1635 585 membranis
1680 530 1955 602 scriptus,
1989 529 2093 584 do-
2126 532 2180 598 Α
2213 531 2366 588 libris
2389 536 2490 591 IlI.
2524 539 2654 593 Rem
2682 539 3107 611 Spartanorum.
3144 544 3247 600 Hic
3275 544 3429 600 liber
3452 552 3519 602 ut
3547 553 3876 620 quotannis

450 630 612 682 cens,
647 617 944 686 quomodo
978 622 1103 672 arte
1130 618 1399 675 chemica
1429 620 1867 676 conﬁciendum
1897 621 1974 675 sit
1992 636 2099 675 au-

446 721 604 762 rum.
637 707 841 762 Merito
874 707 1054 780 igitur
1091 709 1273 780 prisci
1323 709 1543 765 librum
1600 710 1772 766 illum
1817 714 2102 768 vocarunt

446 808 698 849 aureum
728 795 937 864 vellus,
982 803 1227 869 propter
1255 805 1446 854 artem
1487 799 1846 855 conficiendi
1878 801 2005 857 auri
2035 801 2099 859 in

447 898 516 938 eo
547 885 1061 956 comprehensam.

518 973 880 1043 Dexicrates,
919 977 1203 1047 comicus,
1244 977 1647 1045 Atheniensis,
1679 980 1850 1052 cujus
1896 980 2100 1037 fabula

444 1058 533 1136 ὐφ’
559 1060 760 1115 ἑαυτῶν
793 1059 1172 1135 πλανώμενοι,
1216 1083 1271 1123 se
1299 1070 1443 1138 ipsos
1488 1069 1833 1139 decipientes,
1871 1087 2095 1126 memo-

442 1155 610 1205 ratur
638 1151 711 1207 ab
739 1154 1025 1210 Athenaao
1055 1155 1162 1212 lib.
1194 1174 1275 1211 In.

516 1236 720 1309 Δεξιος,
750 1239 840 1294 καὶ
873 1239 1026 1317 φύσει
1069 1241 1415 1318 Θηραμένης.
1466 1247 1885 1318 Theramenes,
1916 1248 2095 1304 homo

443 1328 792 1386 inconstans
825 1337 884 1387 et
932 1334 1185 1404 tempori
1238 1352 1300 1390 se
1355 1335 1769 1409 accomodans,
1813 1338 2096 1411 magister

442 1416 737 1487 Isocratis,
772 1421 929 1477 ﬁlius
964 1423 1251 1496 Agnonis,
1284 1425 1504 1496 populo
1535 1426 1851 1483 Steriensis
1872 1427 1889 1499 (
1914 1444 2096 1499 supra

440 1505 505 1561 in
562 1508 913 1582 Cothurnus).
968 1513 1117 1567 Eum
1171 1513 1351 1569 trium
1397 1514 1613 1571 horum
1662 1517 2091 1588 suppliciorum

438 1597 610 1652 aiunt
658 1603 962 1656 auctorem
1011 1602 1304 1673 (Athenis)
1352 1603 1557 1674 fuisse,
1604 1609 1670 1659 ut
1705 1605 1972 1663 damnati
2000 1606 2091 1662 vel

436 1686 690 1743 vinculis
712 1688 923 1761 ligneis
942 1693 1510 1765 constringerentur,
1528 1695 1618 1750 vel
1640 1695 1894 1752 cicutam
1918 1697 2089 1753 bibe-

439 1781 592 1846 rent,
625 1778 715 1834 vel
746 1780 953 1836 exsilio
975 1782 1391 1843 multarentur.
1423 1786 1666 1842 Videtur
1686 1793 1883 1844 autem
1917 1790 2090 1845 exin-

2211 621 2273 676 in
2304 624 2677 695 Ephororum
2706 631 2985 701 praetorio
3016 632 3341 703 puberibus
3385 638 3867 699 auscultantibus

2208 710 2522 783 legeretur,
2559 716 2685 791 lege
2716 720 3011 775 sancitum
3039 721 3154 777 fuit
3176 725 3331 795 apud
3364 726 3871 802 Lacedaemonios,

2209 805 2269 856 et
2297 801 2475 877 longo
2506 810 2773 880 tempore
2801 810 3196 867 observatum.

2278 892 2676 963 Dicaearchus,
2724 898 3229 973 Lacedaemonius,
3279 909 3727 978 grammaticus,
3762 927 3874 967 au-

2207 979 2364 1037 ditor
2392 984 2740 1043 Aristarchi.

2278 1071 2682 1148 Dicaeogenes,
2716 1079 2816 1150 qui
2850 1082 3161 1151 tragmdias
3192 1087 3252 1139 et
3280 1083 3688 1158 dithyrambos
3717 1093 3871 1147 scri-

2204 1159 2343 1231 psit.

2276 1248 2590 1320 Δικάζεσθαι
2622 1253 2850 1321 Βίαντος
2887 1261 2985 1312 τοῦ
3018 1261 3300 1333 Πριηνέως
3349 1265 3636 1338 κρείσσων.
3671 1271 3863 1344 Supra

2203 1337 2266 1393 in
2298 1342 2445 1397 Bias.
2702 1408 2714 1416 ,

2272 1429 2492 1503 Dictys,
2541 1434 2881 1503 historicus,
2944 1439 3183 1512 scripsit
3238 1444 3678 1517 Ephemeridam,
3713 1450 3858 1506 item

2199 1534 2405 1589 rerum,
2430 1530 2563 1593 post
2593 1524 2656 1579 id
2701 1531 2910 1597 tempus
2964 1537 3264 1599 gestarum,
3315 1535 3373 1588 in
3427 1551 3537 1605 quo
3586 1540 3860 1597 Homerus

2199 1607 2423 1679 desinit,
2455 1612 2622 1670 libros
2677 1617 2756 1670 IX
2781 1617 3050 1674 oratione
3101 1638 3297 1692 prosa.
3346 1625 3447 1679 Res
3492 1627 3734 1684 Italicas.
3769 1629 3857 1684 Ad

2198 1697 2326 1755 haec
2354 1701 2599 1775 Τρωϊκὸν
2630 1699 2950 1777 διάκοσμον,
2999 1710 3066 1764 de
3119 1718 3287 1782 raptu
3316 1714 3558 1781 {Helena
3587 1723 3640 1771 et
3668 1720 3857 1774 Mene-

2198 1788 2287 1843 lao
2308 1797 2359 1845 et
2373 1793 2619 1849 omnibus
2640 1794 2884 1851 historiae
2912 1799 3168 1869 Trojanw
3181 1804 3459 1871 partibus.
3486 1804 3656 1861 Creta
3681 1811 3853 1863 terra)

436 1866 568 1922 sula
602 1868 715 1923 Ceo
747 1870 1052 1938 oriundus,
1088 1889 1199 1928 nec
1246 1876 1512 1946 Agnonis
1562 1876 1721 1932 ﬁlius
1767 1879 2080 1947 naturalis,
2114 1910 2160 1974 Β
2197 1885 2363 1974 motu
2383 1888 2667 1974 quassata
2705 1889 2969 1958 tempore
3013 1866 3238 1944 Claudii
3301 1891 3468 1964 imp.,
3499 1893 3559 1948 in
3594 1897 3853 1967 sepulcri

430 1956 534 2010 sed
564 1957 874 2029 adoptivus
905 1960 1109 2017 fuisse.
1137 1963 1304 2019 Hunc
1324 1965 1681 2021 Thucidides
1711 1967 1935 2023 laudat.

496 2047 816 2120 Dexippus,
867 2051 1221 2108 Herennius.
1256 2054 1501 2127 Dexippi
1531 2057 1615 2121 F.,
1673 2058 2076 2129 Atheniensis,

423 2134 629 2191 rethor
658 2139 1027 2210 temporibus
1072 2140 1389 2210 Valeriani,
1442 2143 1692 2214 Galleni,
1725 2146 1953 2202 Claudii
1985 2164 2078 2203 se-

423 2224 604 2280 cundi
641 2231 699 2280 et
728 2228 1055 2296 Aureliani,
1089 2230 1518 2302 imperatorum
1549 2234 1973 2291 Romanorum.
2008 2238 2071 2294 V.

418 2313 654 2368 Kusteri
680 2319 802 2370 not.
837 2319 890 2384 '7,
924 2322 1064 2372 tom.
1098 2320 1143 2385 Ι,
1175 2336 1233 2389 p.
1267 2322 1391 2375 524.

493 2403 812 2474 Dexippus,
828 2405 1001 2473 Cous,
1017 2407 1305 2475 medicus,
1332 2410 1703 2482 Hippocratis
1718 2412 2069 2486 discipulus,

420 2489 544 2560 qui,
578 2493 899 2548 arcessitus
925 2493 996 2549 ab
1030 2496 1416 2565 Hecatomno,
1451 2499 1665 2556 Carum
1694 2518 1852 2575 rege,
1885 2509 1951 2558 ut
1980 2507 2072 2577 ip-

419 2578 543 2634 sius
602 2580 778 2647 ﬁlios,
830 2583 1158 2639 Mausolum
1214 2591 1273 2640 et
1317 2588 1696 2658 Pixodarum,
1757 2592 2068 2666 desperato

418 2668 627 2724 morbo
658 2669 1022 2744 laborantes,
1054 2681 1309 2742 curaret,
1342 2693 1443 2733 eos
1475 2694 1545 2734 ea
1595 2680 1936 2739 conditione
1973 2701 2064 2741 sa-

412 2758 592 2827 navit,
626 2763 693 2813 ut
721 2759 967 2830 bellum,
992 2763 1149 2834 quod
1176 2769 1316 2820 tunc
1336 2766 1614 2824 adversus
1640 2771 1787 2827 Coos
1819 2774 2067 2845 parabat

412 2847 732 2904 omitteret.
769 2852 1015 2923 Scripsit
1044 2854 1122 2909 De
1149 2870 1209 2909 re
1236 2856 1450 2912 medica
1504 2857 1723 2915 librum
1753 2878 1963 2935 unum,
2005 2870 2063 2921 et

408 2936 486 2991 De
507 2941 1039 3009 przcognitionibus
1069 2941 1237 2999 duos.

479 3025 813 3100 Διαγνώμων
844 3028 1141 3103 αὐτοφυὴς,
1176 3033 1303 3105 ipso
1336 3040 1564 3092 naturas
1612 3037 1902 3097 instinctu
1933 3041 2057 3099 dis-

406 3131 653 3171 cernere
684 3117 887 3173 valens
914 3120 1176 3176 animata
1207 3123 1527 3181 simulacra
1568 3143 1603 3183 a
1629 3129 1816 3185 cassis
1847 3135 1906 3186 et
1933 3149 2055 3188 nu-

2190 1968 2500 2039 cujusdam
2532 1971 2699 2027 hiatu
2731 1990 2878 2046 opus
2922 1975 3275 2033 historicum
3308 1980 3527 2053 Dictyis
3566 1982 3636 2038 de
3689 1983 3852 2041 bello

2187 2056 2438 2127 Trojano
2477 2065 2780 2130 repertum
2810 2061 2940 2130 fuit,
2974 2064 3134 2134 quod
3165 2064 3446 2123 Claudius
3509 2085 3641 2123 cum
3677 2087 3849 2126 acce-

2184 2143 2392 2214 pisset,
2437 2145 2894 2205 describendum
2920 2152 3166 2207 curavit.
3200 2154 3400 2226 [Conf.
3447 2157 3687 2212 Kusteri
3719 2166 3847 2215 not.

2182 2230 2235 2301 4,
2269 2249 2400 2305 pag.
2434 2235 2557 2289 590.
2585 2237 2607 2306 ]

2254 2317 2621 2384 Διδάσκαλονς
2652 2327 3034 2397 peculiariter
3053 2335 3263 2386 vocant
3283 2338 3488 2403 poetas
3512 2334 3844 2409 dithyram-

2177 2407 2346 2465 bicos
2373 2411 2464 2466 vel
2495 2415 2757 2471 comicos
2788 2417 2879 2471 vel
2910 2418 3185 2490 tragicos.

2249 2499 2554 2571 Dydimus,
2588 2504 2791 2560 Ateius
2826 2506 2918 2561 vel
2950 2507 3167 2577 Attius,
3198 2510 3591 2583 phiIOSOphus
3622 2515 3843 2571 acade-

2175 2588 2365 2643 micus
2399 2632 2413 2657 ,
2474 2592 2713 2664 scripsit
2759 2599 2998 2656 πιθανῶν
3058 2597 3149 2651 καὶ
3216 2609 3571 2674 σοφισμάτων
3632 2599 3840 2667 λύσεις.

2165 2678 2545 2746 probabilium
2595 2689 2647 2737 et
2692 2684 3091 2753 sophismatum
3136 2687 3434 2743 solutiones
3483 2690 3636 2746 libris
3665 2693 3743 2760 II,
3778 2698 3841 2748 et

2172 2765 2292 2823 alia
2319 2769 2530 2825 multa.

2241 2854 2548 2929 Didymus,
2581 2858 2838 2931 Didymi,
2871 2860 3333 2931 salsamentarii,
3362 2865 3832 2936 Alexandrinus,

2166 2946 2590 3016 grammaticus
2638 2949 3074 3021 Aristarcheus,
3125 2953 3227 3024 qui
3257 2954 3402 3009 vixit
3458 2957 3832 3029 temporibus

2166 3034 2409 3089 Antonii
2442 3041 2501 3090 et
2528 3037 2829 3094 Ciceronis
2857 3056 3049 3111 usque
3079 3041 3155 3097 ad
3180 3045 3533 3115 Augustum.
3567 3047 3833 3104 Chalcen-

2165 3123 2354 3179 therus
2381 3130 2620 3182 vocatus
2649 3133 2893 3199 propter
2933 3130 3368 3202 assiduitatem,
3411 3150 3530 3205 qua
3560 3135 3623 3191 in
3654 3136 3828 3194 libris

401 3203 566 3259 mine
604 3205 906 3277 inanibus,
956 3211 1247 3267 Heraiscus
1281 3252 1295 3269 .
1355 3214 1570 3270 Confer
1620 3217 1682 3273 in
1736 3217 2054 3296 Ἐπιφάνιος

401 3290 713 3326 πρυ-λείων
741 3294 1030 3326 'U-..-i_..--
1062 3302 1109 3326 lx
1144 3304 1268 3326 11----
1285 3304 1440 3326 ..--_--\

2197 3214 2434 3285 agendis
2466 3219 2525 3269 et
2547 3215 2899 3287 {scribendis
2929 3223 3018 3274 est
3046 3237 3212 3278 usus.
3256 3223 3441 3277 Aiunt
3471 3224 3652 3291 enim,
3686 3242 3827 3283 eum

2197 3302 2319 3326 ,τι-ι..
2358 3304 2566 3326 Illllln
2598 3304 2779 3326 ηιμ.--
2822 3323 2914 3326 ____
2937 3324 2981 3326 ,A
3030 3308 3041 3319 ⁸
3127 3309 3138 3320 ⁸
3299 3311 3335 3326 Α
3649 3314 3663 3326 ι
3808 3321 3819 3326 -

399 3290 713 3368 Εὖπρέπιος
741 3294 1030 3365 Ἡραΐσκος
1061 3302 1109 3370 (ό
1136 3304 1463 3376 Damascio).

471 3383 770 3456 Diagoras,
791 3386 1101 3445 Teleclidte
1121 3392 1213 3446 vel
1230 3393 1510 3467 Teleclyti
1534 3397 1618 3465 F.,
1644 3397 1852 3455 Melius
1868 3399 2056 3471 philo-

398 3473 644 3545 SOphius
671 3480 729 3530 et
758 3472 1012 3546 ᾀσμάτων
1065 3480 1326 3550 ποιητὴς,
1361 3485 1727 3541 canticorum
1778 3489 2052 3560 scriptor,

395 3579 598 3633 quem,
630 3581 766 3620 cum
815 3583 1015 3624 servus
1066 3576 1243 3638 esset,
1305 3573 1697 3643 Democritus,
1750 3577 2050 3648 Abderita,

396 3654 629 3726 egregio
654 3655 891 3728 ingenio
914 3659 1232 3729 prasditum
1253 3678 1526 3731 cernens,
1552 3665 1759 3722 decem
1782 3668 2051 3726 millibus

397 3742 817 3801 drachmarum
847 3750 992 3802 emit
1024 3754 1082 3803 et
1109 3751 1171 3805 in
1203 3751 1631 3825 discipulorum
1673 3775 1918 3815 suorum
1939 3779 2054 3817 nu-

395 3850 626 3888 merum
667 3836 912 3906 recepit.
949 3837 1053 3891 Hic
1085 3855 1326 3910 operam
1360 3841 1524 3897 dedit
1555 3845 1733 3901 etiam
1764 3849 1930 3918 poesi
1961 3849 2048 3922 1y-

396 3922 557 3992 ricaa,
589 3923 845 3979 Pindaro
879 3930 938 3979 et
980 3927 1318 3999 Bacchylidi
1359 3933 1629 4003 aequalis,
1672 3941 1738 3990 ut
1768 3937 2051 4011 Menalip-

393 4011 531 4083 pide
563 4013 885 4084 antiquior,
922 4016 1125 4072 ﬂoruit
1156 4020 1386 4093 Olymp.
1422 4023 1709 4079 LXXVIII.
1737 4028 2047 4099 Cognomi.

394 4107 569 4157 natus
594 4108 684 4157 est
712 4105 957 4175 Atheus,
978 4110 1262 4178 quoniam
1285 4111 1346 4166 in
1365 4112 1713 4184 opinionem
1744 4119 2050 4190 negando-

388 4206 523 4247 rum
546 4191 791 4249 deorum
804 4195 1032 4265 incidit,
1048 4214 1118 4253 ex
1131 4217 1247 4271 quo
1261 4202 1511 4258 aamulus
1532 4204 2050 4281 quidammnanem

393 4282 507 4353 ipsi
530 4283 686 4339 furto
737 4285 1082 4358 abstulerat,
1111 4295 1169 4345 et
1207 4292 1502 4364 pejeranti
1520 4311 1639 4351 non
1679 4296 1914 4367 fecisse,
1938 4316 2048 4356 nec

391 4373 580 4429 multo
611 4380 744 4447 post
762 4377 1000 4447 publice
1024 4381 1293 4437 eumdem
1314 4382 1642 4453 proferenti
1664 4388 1867 4445 omnia
1895 4388 2047 4445 bene

396 4471 718 4520 cesserant.
747 4467 864 4523 Hoc
888 4469 1097 4526 dolens
1118 4471 1399 4543 Diagoras
1414 4475 1655 4547 scripsit
1669 4475 1794 4537 τοὺς
1808 4477 2049 4552 ἀποπυρ-

389 4551 640 4627 γίζοντας
672 4550 891 4628 λόγους,
917 4558 1082 4614 velut
1099 4561 1165 4615 de
1195 4564 1339 4617 turri
1364 4566 1774 4635 praecipitantes
1798 4550 2040 4637 dixeris,

392 4640 821 4698 discessionem
870 4647 1113 4717 ipsiusa
1142 4652 1441 4707 sententia
1469 4670 1696 4726 eorum,
1747 4657 1847 4727 qui
1897 4658 2040 4714 deos

390 4726 661 4796 credunt,
684 4731 1077 4791 continentes.
1103 4738 1243 4793 Post
1272 4745 1503 4812 captam
1531 4742 1751 4804 Melum
1768 4726 2038 4803 iAtbenis

389 4814 696 4885 habitavit,
728 4818 828 4872 ubi
862 4824 1281 4891 mysteriorum
1335 4835 1809 4903 contemptorem
1858 4836 2037 4890 Athe-

386 4904 632 4961 nienses
649 4909 1148 4980 proscripserunt,
1170 4915 1364 4986 eique,
1393 4919 1494 4990 qui
1513 4920 1824 4994 Diagoram
1852 4923 2033 4980 inter-

379 4993 641 5066 fecisset,
656 4996 971 5067 talentum,
987 5003 1089 5072 qui
1104 5003 1295 5060 vivum
1311 4993 1673 5078 adduxisset,
1694 5011 1835 5069 bina
1845 5013 2036 5069 talen-

383 5091 444 5141 ta
473 5088 897 5157 promiserunt.
932 5091 1199 5163 Denique
1230 5096 1409 5151 vitam
1442 5099 1597 5154 finiit
1625 5101 1913 5159 Corinthi.

454 5176 850 5245 Dicaearchus,
885 5180 1109 5236 Phidiae
1140 5182 1226 5251 E.,
1252 5185 1485 5241 Siculus
1503 5189 1850 5259 Messenius,
1870 5192 2032 5248 Aris-

381 5264 580 5320 totelis
627 5267 882 5332 auditor,
925 5270 1340 5343 philosophus,
1390 5280 1590 5331 orator
1621 5283 1680 5332 et
1706 5287 2027 5351 geometra.

380 5354 627 5426 Scripsit
686 5360 1140 5432 καταμετρήσεις,
1211 5364 1573 5422 dimensiones
1626 5372 1896 5425 montium
1935 5375 2033 5443 qui

377 5450 505 5500 sunt
532 5447 591 5501 in
617 5447 1029 5519 Peloponneso;
1076 5447 1346 5515 Ἑλλάδος
1391 5453 1528 5527 βίον,
1585 5459 1767 5514 Vitam
1797 5460 2032 5520 Graecia

451 5624 562 5710 (QQ)
591 5626 1374 5710 Eiusthatius_athionysii
1407 5636 1760 5710 Aperiegesin
1789 5656 1840 5694 v.
1900 5642 2023 5698 689.

377 5763 670 5841 σογραέρίας
695 5809 714 5840 ,
768 5763 1131 5846 ’μεμϐράναιξ
1159 5763 1170 5775 ’
1190 5763 1760 5857 ἐμὴεριελημμὲνηνί
1782 5763 1793 5785 ⁸
1817 5763 2023 5857 Ϋδικῖἢν,

2127 3299 2138 3324 ⁸
2166 3302 2326 3357 ultra
2357 3304 2566 3358 MMMD
2597 3304 2782 3361 libros
2813 3308 3261 3380 conscripsisse.
3295 3311 3706 3383 Comparanda
3734 3321 3827 3372 est

2165 3391 2400 3446 Kusteri
2429 3397 2570 3448 nota
2594 3394 2650 3462 2,
2682 3399 2826 3450 tom.
2861 3397 2931 3466 ll,
2964 3413 3095 3470 pag.
3127 3399 3254 3455 574.

2236 3480 2522 3552 Didymus
2575 3484 2802 3556 junior,
2877 3485 3314 3544 Alexandrinus
3371 3493 3822 3564 grammaticus,

2163 3570 2263 3640 qui
2296 3571 2497 3626 Romaa
2544 3569 2937 3647 ἐσοφίστευσεν,
2973 3577 3092 3631 sive
3141 3577 3546 3648 eloquentiam
3595 3582 3821 3640 docuit.

2162 3657 2412 3731 Scripsit
2438 3660 2656 3734 πιθανὰ,
2688 3664 3009 3734 probabilia
3055 3667 3166 3737 (61)
3198 3673 3258 3723 et
3280 3668 3399 3724 alia
3429 3669 3688 3741 plurima
3709 3690 3820 3729 ea-

2162 3763 2277 3818 que
2308 3750 2551 3820 optima.

2233 3840 2513 3898 Claudius
2556 3843 2861 3915 Didymus,
2913 3849 3358 3919 grammaticus,
3423 3852 3665 3925 scripsit
3691 3857 3819 3927 περὶ

2157 3930 2267 3981 τῶν
2298 3929 2711 4004 ἡμαρτημένων
2768 3933 2915 4008 παρᾶ
2964 3934 3065 4003 τήν
3124 3935 3425 4013 ἀναλογίαν
3484 3939 3817 4019 Θουκυδίδῃ,

2159 4017 2223 4073 de
2249 4020 2338 4086 iis,
2370 4036 2492 4089 quae
2508 4028 2717 4090 praeter
2754 4023 3071 4093 analogiam
3100 4043 3136 4080 a
3167 4027 3485 4098 Thucydide
3518 4017 3818 4103 perperam

2159 4107 2311 4162 dicta
2338 4115 2484 4163 sunt.
2526 4107 2655 4181 Περὶ
2701 4116 2801 4179 τῆς
2850 4113 2998 4186 παρά
3045 4113 3344 4187 Ῥωμαιοις
3382 4114 3701 4195 ἀναλογίας,
3747 4124 3817 4179 de

2157 4197 2424 4268 analogia
2476 4201 2822 4259 Latinorum.
2880 4204 3175 4274 Epitomen
3215 4207 3567 4265 Heracleonis
3611 4217 3663 4267 et
3698 4214 3817 4269 alia

2157 4288 2429 4358 quaedam.

2232 4379 2541 4452 Didymus,
2568 4381 2893 4439 Heraclidaa
2923 4384 3009 4451 F.,
3043 4387 3487 4456 grammaticus,
3521 4390 3623 4460 qui
3653 4393 3812 4462 apud

2158 4469 2451 4525 Neronem
2475 4470 2637 4538 vixit,
2665 4477 2723 4526 et
2742 4489 2988 4546 magnas
3010 4472 3247 4530 divitias
3276 4476 3389 4531 sibi
3418 4483 3809 4553 comparavit,

2159 4562 2219 4614 et
2243 4559 2508 4615 musicus
2538 4560 2706 4616 valde
2739 4562 2990 4635 insignis
3019 4561 3133 4618 fuit
3160 4569 3219 4619 et
3248 4563 3383 4638 πρὸς
3416 4564 3558 4638 μέλη
3590 4570 3665 4624 ad
3688 4586 3808 4626 car-

2150 4649 2303 4703 mina
2328 4650 2697 4719 componenda
2724 4657 2906 4720 aptus.

2221 4737 2529 4809 Didymus,
2589 4738 3047 4809 Alexandrinus,
3108 4740 3181 4796 de
3230 4744 3455 4801 rustica
3483 4745 3675 4804 libros
3707 4751 3807 4805 XV

2149 4825 2406 4897 scripsit.

2218 4915 2536 4986 Apostolus
2558 4917 2810 4973 Thomas
2854 4919 3302 4992 cognominatus
3333 4924 3513 4981 etiam
3558 4926 3671 4983 fuit
3699 4930 3802 4984 Di-

2146 5003 2381 5075 dymus.

2219 5091 2562 5166 Διεξοδικούς
2618 5096 2946 5153 Rhetorica
3004 5098 3343 5158 diﬂ‘erentia
3390 5121 3425 5160 a
3466 5104 3802 5178 dialectica,

2146 5199 2218 5239 ex
2248 5184 2580 5241 Alexandro
2611 5186 3063 5257 Aphrodisiensi
3098 5194 3112 5257 (
3140 5190 3202 5245 in
3232 5192 3257 5244 Ι
3295 5193 3584 5267 Topicor.)

2216 5269 2527 5344 Δίγλωσσος
2577 5274 2956 5343 Anacharsis,
2989 5276 3223 5347 Scytha,
3274 5284 3335 5334 at
3362 5287 3552 5339 matre
3601 5285 3805 5344 Graeca

2142 5366 2340 5430 natus,
2374 5367 2433 5417 et
2459 5362 2592 5418 ideo
2650 5362 2956 5435 bilinguis,
2991 5367 3095 5436 qui
3125 5368 3306 5423 etiam
3364 5370 3596 5443 Scythis
3636 5374 3802 5449 leges

2141 5450 2294 5507 tulit.

2137 5645 2213 5726 ᾡς
2246 5645 2414 5729 λόγου
2442 5646 2593 5719 ἀξίαν
2623 5649 2726 5718 τὴν
2760 5653 2864 5717 τῆς
2920 5650 3155 5724 Ἄργους
3212 5657 3631 5729 καταρτισθῆναι
3663 5661 3792 5717 στό-

375 5692 432 5744 Ὀ
460 5692 641 5787 Χάραξ
671 5698 733 5751 τὸ
764 5702 1002 5787 χρυσοοῦν
1061 5697 1235 5787 δέρμζα
1264 5692 1495 5787 ξιὲθοξον
1529 5692 1853 5787 εἴξανιήλέγνεξ
2136 5692 2233 5772 λον

2204 5719 2486 5863 ἷὸῗῖὶῖίέοο
2512 5793 2748 5865 Dydimi
2776 5792 2932 5851 Ateii
2954 5793 3231 5856 videntur
3259 5797 3464 5859 fuisse.
