4110 6448
443 375 596 441 1251

1753 370 1990 430 INDEX
2035 368 2535 432 SCRIPTORUM

3727 366 3874 435 1252

444 509 691 578 Dionysi,
723 506 939 576 inquit,
973 496 1204 577 ἀμοιϐαὶ
1235 500 1392 560 θείων
1420 500 1780 578 πραγμάτων,
1805 505 1946 559 vices
1967 508 2089 559 sunt

2277 502 2616 575 Dionysius,
2673 500 3037 566 Corinthius,
3099 503 3274 571 poeta.
3346 499 3588 570 epicus.
3644 500 3880 570 Scripsit

443 613 627 652 rerum
654 597 991 651 divinarum.
1015 594 1118 649 Cui
1143 593 1459 665 Dionysius
1483 610 1495 660 ;
1519 594 1585 647 Ἥ
1619 592 1680 646 τὸ
1715 596 1858 654 θεῖον
1879 590 2104 666 πάσχει,

444 683 479 752 ἢ
512 687 591 754 τῷ
621 684 889 737 πάσκοντι
918 683 1253 755 συμπάσχει.
1289 683 1386 736 Vel
1410 685 1548 736 Deus
1571 684 1810 752 patitur,
1846 682 1930 736 vel
1954 699 2102 737 com-

434 775 661 845 patitur
691 790 814 828 cum
848 775 1118 842 patiente.
1156 771 1404 844 Scripsit
1461 770 1779 842 Dionysius
1803 771 1876 825 ad
1907 771 2102 826 Timo-

441 863 666 927 theum,
702 862 867 916 Pauli
894 860 1252 932 discipulum
1287 866 1345 914 et
1377 860 1722 931 episcopum
1755 860 1992 931 Ephesi,
2028 861 2104 914 De

442 952 647 1006 divinis
676 950 995 1006 nominibus
1047 950 1215 1004 libros
1247 951 1348 1004 XII
1403 949 1546 1021 (imo
1580 949 1796 1020 capita,
1849 965 2103 1020 quorum

444 1041 651 1095 titulos
684 1039 967 1111 deinceps
983 1038 1074 1094 bis
1093 1038 1302 1094 Suidas
1324 1038 1845 1104 recenset,omisso
1868 1038 2100 1093 decimo

445 1131 618 1186 tertio
643 1128 766 1203 περὶ
799 1127 1012 1182 τελείου
1029 1125 1116 1181 καὶ
1137 1126 1336 1198 Mc)...
1363 1129 1441 1182 De
1461 1127 1865 1183 ecclesiastica
1881 1128 2102 1183 hierar—

440 1217 837 1288 «chia,capita
858 1217 1061 1271 XV.De
1081 1216 1305 1270 caelesti
1326 1215 1888 1287 hierarchia,capita
1908 1214 2100 1282 XV,»a

445 1323 562 1378 quo
595 1305 752 1361 male
785 1310 1069 1375 tanquam
1129 1302 1477 1357 distinctum
1511 1301 1693 1357 refert
1744 1301 1952 1356 Suidas
1975 1299 2100 1374 περὶ

446 1397 552 1447 τῶν
605 1389 874 1468 οὐρανίων
932 1390 1223 1466 ταγμάτων
1282 1389 1372 1444 καὶ
1431 1390 1530 1444 ὅσα
1585 1393 1664 1460 τῷ
1723 1389 1962 1464 ἀριθμῷ.
2024 1389 2102 1445 De

441 1487 675 1554 mystica
706 1481 984 1551 theologia
1039 1483 1227 1551 capita
1260 1482 1322 1536 V.
1379 1479 1657 1551 Epistolas
1713 1485 1967 1549 quatuor
2027 1478 2099 1534 ad

443 1573 658 1641 Caium,
683 1571 1067 1626 monachum.
1103 1569 1358 1642 Singulas
1409 1569 1482 1624 ad
1510 1567 1866 1632 Dorotheum,
1899 1567 2099 1639 publi-

443 1678 577 1716 cum
608 1659 976 1726 ministrum,
1011 1659 1083 1714 ad
1108 1659 1429 1728 Sopatrum,
1463 1657 1856 1726 sacerdotem,
1889 1656 1965 1711 ad
1993 1659 2101 1710 Po-

445 1750 751 1821 lycarpum,
810 1747 1156 1819 episcopum
1215 1747 1479 1818 Smyrna;
1538 1747 1634 1817 (ex
1694 1762 1812 1817 qua
1889 1745 2097 1801 Suidas

2214 615 2241 643 ‹‹
2258 594 2561 664 Praecepta
2577 591 3167 647 morum.Causarum
3189 589 3441 644 librum.
3481 588 3880 661 Meteorologi-

2215 702 2243 731 «
2271 698 2340 737 ca
2369 699 2382 748 ;
2417 703 2445 730 ››
2478 683 2547 734 Et
2577 680 2843 735 oratione
2877 678 3071 734 soluta
3094 702 3120 728 «
3147 676 3676 733 Commentarium
3699 677 3759 730 in
3783 678 3879 731 He-

2212 792 2239 821 ‹‹
2277 770 2532 826 siodum.
2563 770 2732 825 Orbis
2760 775 3051 824 terrarum.
3086 766 3590 838 descriptionem,
3623 786 3653 814 ››
3711 767 3876 820 versi-

2211 858 2321 914 bus
2353 859 2630 915 heroicis.
2671 860 2801 913 Haec
2816 863 3015 912 autem
3031 856 3227 927 reperi
3259 855 3451 910 etiam
3487 853 3550 907 in
3580 853 3877 925 Dionysio,

2211 949 2312 1019 qui
2347 949 2609 1003 Lithiaca
2640 964 2744 1002 seu
2776 947 2848 1001 de
2875 945 3175 1018 lapidibus
3208 943 3480 1015 scripsit.
3510 943 3656 998 Uter
3686 947 3874 999 tamen

2210 1039 2423 1092 horum
2456 1038 2534 1093 sit
2557 1042 2783 1103 auctor,
2806 1035 3034 1108 ignoro.

2280 1123 3295 1200 Dionysius,Milesius,historicus,«
3329 1124 3451 1178 Res
3485 1120 3873 1194 postDarium

2215 1239 2235 1267 α
2260 1223 2456 1290 gestas
2491 1219 2534 1270 V
2582 1216 2753 1272 libris
2781 1214 3126 1285 descripsit.
3167 1213 3342 1268 Orbis
3379 1211 3871 1284 descriptionem.

2212 1326 2238 1359 ι
2270 1307 2525 1362 Persica.
2553 1328 2580 1355 »
2616 1305 2816 1360 Ionica
2848 1303 3124 1370 dialecto,
3159 1324 3188 1353 ‹‹
3222 1304 3449 1358 Rerum
3488 1302 3870 1373 Trojanarum

2214 1415 2236 1444 ι
2268 1396 2452 1451 libros
2487 1402 2605 1451 tres
2634 1413 2646 1449 :
2672 1394 2918 1450 faculas.
2951 1389 3170 1447 Κύκλον
3205 1389 3492 1463 ἱστορικὸν
3529 1390 3765 1461 cyclum
3786 1390 3870 1444 hi-

2207 1509 2236 1538 «
2270 1487 2552 1541 storicum
2586 1484 2756 1540 libris
2789 1485 2904 1538 VII.
2937 1507 2958 1536 ι

2279 1575 2596 1646 Dionysius
2628 1573 3017 1645 Mitylenaeus,
3056 1575 3232 1644 poeta
3262 1569 3498 1643 epicus,
3551 1569 3655 1640 qui
3690 1588 3867 1621 σκυτο-

2209 1662 2456 1740 βραχίων
2482 1670 2540 1718 et
2570 1670 2735 1718 sutor
2765 1663 2958 1718 dictus
2981 1661 3095 1716 fuit
3123 1660 3374 1731 Scripsit
3397 1681 3426 1709 α
3459 1657 3682 1714 Bacchi
3707 1658 3863 1712 etMi-

2206 1777 2234 1806 «
2286 1771 2481 1810 nervm
2516 1753 2991 1824 expeditionem:
3045 1749 3452 1822 Argonautica
3493 1748 3670 1803 libris
3691 1764 3809 1814 sex,
3838 1770 3863 1797 »

445 1838 688 1901 adducit
709 1838 908 1894 lOCum
932 1837 1003 1892 de
1038 1837 1243 1910 θοιίρεί
1268 1837 1396 1909 jam
1428 1835 1883 1906 memorata).ad
1905 1838 2095 1890 Demo-
2129 1878 2174 1944 Β
2205 1845 2474 1899 oratione
2499 1843 2724 1898 soluta:
2758 1841 3006 1910 Mythica
3035 1840 3108 1894 ad
3137 1841 3587 1894 Permenontem.

433 1927 686 1997 philum,
747 1927 1129 1995 monachum,
1191 1932 1249 1981 et
1305 1926 1378 1981 ad
1431 1928 1700 1981 Joannem
1731 1925 2096 1997 theologum,

441 2023 632 2088 apost.
663 2022 722 2071 et
759 2017 1202 2089 evangelistam.
1264 2016 1582 2071 Sciendum
1637 2021 1747 2083 est,
1805 2014 2097 2087 quosdam

442 2113 825 2161 externorum
843 2107 1176 2178 sapientum
1189 2106 1508 2177 ,prazcipue
1525 2103 2095 2176 Proclum,Dionysii

443 2195 937 2262 theorematibus,
972 2195 1277 2250 interdum
1309 2194 1456 2265 ipsis
1478 2193 1672 2248 verbis
1705 2210 1842 2247 usos
1889 2193 2094 2247 fuisse.

443 2283 591 2338 Hinc
618 2283 908 2355 suspicari
936 2284 1099 2350 licet,
1139 2282 1498 2337 vetustiores
1530 2282 1940 2353 philosophos,
1994 2280 2095 2351 qui

435 2373 688 2427 Athenis
720 2377 911 2435 erant,
945 2371 1112 2426 illius
1139 2388 1337 2443 Opera,
1359 2388 1614 2442 quorum
1647 2371 1773 2442 ipse
1799 2371 2096 2440 meminit,

441 2461 515 2516 ad
547 2462 924 2516 Timotheum
949 2462 1236 2528 scribens,
1271 2460 1383 2515 sibi
1415 2461 1748 2516 vindicasse
1782 2477 1966 2532 eaque
1999 2478 2099 2516 oc-

439 2549 798 2616 cultasse,ut
826 2549 940 2621 ipsi
968 2549 1302 2604 divinorum
1326 2550 1512 2621 ipsius
1536 2566 1879 2605 sermonum
1894 2555 2093 2606 aucto-

435 2656 532 2694 res
549 2639 1021 2694 viderentur.Hic
1039 2639 1253 2710 plenus
1277 2639 1824 2711 dierum,martyrio
1850 2640 2095 2712 spiritus

441 2735 894 2784 consummatus
926 2734 1016 2784 est
1045 2734 1314 2800 tempore
1345 2728 1583 2801 Trajani
1636 2729 1806 2801 imp.,
1862 2730 2093 2796 eodem,

442 2834 560 2889 quo
592 2819 828 2873 divinus
889 2819 1173 2891 Ignatius.
1235 2818 1424 2891 Magni
1456 2819 1724 2891 Dionysii
1757 2821 2094 2875 encomium

441 2908 682 2979 scripsit
708 2908 957 2964 Michael
989 2908 1321 2980 Syncellus,
1356 2909 1949 2981 Hierosolymitanus.

507 2999 845 3069 Dionysius,
877 3000 1082 3066 Terus,
1113 2997 1578 3067 Alexandrinus,
1614 3015 1646 3054 a
1701 3005 1868 3070 patre
1923 3001 2094 3068 Tero,

425 3087 645 3156 Thrax,
702 3087 1030 3143 Aristarchi
1087 3087 1438 3159 discipulus,
1499 3089 1942 3159 grammaticus,
1991 3087 2091 3158 qui

429 3182 631 3236 Romae
663 3179 867 3234 docuit
896 3179 1164 3250 Pompeii
1183 3180 1371 3254 Magni
1401 3180 1770 3251 temporibus
1793 3187 1852 3237 et
1876 3182 2091 3251 Tyran-

427 3268 626 3324 nionis
659 3269 876 3340 prioris
894 3269 1176 3340 magister
1200 3268 1605 3324 fuit.Plurima
1628 3271 1865 3342 scripsit
1889 3288 2080 3343 gram-

425 3359 645 3414 matica
676 3363 735 3413 et
765 3357 1194 3430 syntagmatica
1225 3363 1283 3413 et
1313 3361 1794 3415 commentarios.

494 3447 814 3518 Dionysius
834 3447 1292 3518 Alexandrinus,
1317 3448 1521 3504 Glauci
1544 3451 1603 3504 F.
1619 3451 2079 3521 ,grammaticus,

422 3537 526 3608 qui
543 3541 807 3608 tempore
833 3538 1084 3592 Neronis
1108 3543 1167 3592 et
1194 3539 1576 3608 sequentium
1600 3539 1982 3611 impp.usque
2006 3540 2080 3596 ad

421 3627 740 3699 Trajanum
771 3628 914 3682 vixit
937 3632 995 3682 et
1015 3625 1394 3682 bibliothecis
1415 3628 1672 3699 prmfuit,
1698 3629 1840 3684 etab
1860 3631 2081 3700 episto-

419 3715 520 3784 lis,
553 3716 954 3788 legationibus
988 3720 1047 3770 et
1073 3716 1378 3787 responsis
1409 3716 1717 3772 fuit.Idem
1750 3719 2077 3790 Parthenii,

423 3805 1129 3877 gramma‘tici,magister,
1157 3805 1489 3875 discipulus
1515 3807 1916 3863 Chaaremonis
1948 3809 2080 3880 phi-

421 3893 682 3963 losophi,
717 3892 811 3949 cui
841 3892 1022 3947 etiam
1043 3891 1416 3947 Alexandriae
1449 3894 1758 3948 successit.

497 3982 840 4052 Dionysius,
873 3981 1516 4054 Alexandrinus,cujus
1547 3983 1742 4037 inveni
1767 3985 2078 4039 Commen-

428 4071 649 4126 tarium
680 4070 848 4124 valde
880 4069 1170 4124 disertum
1204 4070 1266 4124 in
1284 4071 1700 4126 Ecclesiastem
1719 4071 2076 4128 Salomonis.

493 4161 833 4231 Dionysius,
857 4159 1176 4215 Alexandri
1201 4163 1284 4230 F.,
1320 4160 1830 4228 Halicarnasseus,
1859 4169 2078 4232 orator,

423 4257 481 4307 et
506 4251 670 4307 omni
697 4267 914 4324 genere
942 4251 1228 4307 doctrinm
1259 4252 1810 4319 excultus,Caasaris
1838 4254 2080 4323 Augusti

421 4341 794 4413 temporibus
825 4341 987 4396 vixit.
1017 4343 1099 4395 Ex
1116 4341 1298 4413 hujus
1323 4340 1578 4413 posteris
1607 4341 1721 4397 fuit
1742 4342 2079 4414 Dionysius,

428 4432 722 4499 Atticista,
756 4431 864 4486 sub
894 4431 1153 4486 Adriano
1185 4432 1331 4503 imp.

492 4522 833 4593 Dionysius,
895 4521 1400 4591 Halicarnasseus,
1456 4522 1556 4593 qui
1617 4522 1758 4578 vixit
1811 4529 2080 4597 tempore

2282 1933 2621 2004 Dionysius,
2643 1931 2893 1986 Musonii
2925 1931 3011 1997 F.,
3045 1929 3308 1984 Rhodius
3341 1933 3450 1983 aut
3482 1926 3740 1992 Samius,
3772 1925 3864 1979 hi-

2210 2021 2593 2092 storicus,qui
2627 2021 2805 2075 etiam
2838 2017 3115 2074 sacerdos
3136 2017 3248 2071 fuit
3280 2016 3494 2087 templi
3520 2015 3696 2084 Solis,
3718 2011 3866 2084 quod

2208 2111 2332 2166 illic
2355 2116 2500 2166 erat.
2545 2109 2794 2181 Scripsit
2852 2105 3092 2180 ἱστορίας
3146 2104 3404 2175 τοπικὰς,
3470 2106 3715 2160 locorum
3753 2103 3863 2157 sive

2209 2207 2506 2256 certarum
2540 2200 2849 2271 regionum
2871 2198 3144 2252 Historias
3174 2195 3344 2250 libris
3379 2196 3473 2250 VI.
3511 2192 3729 2248 «Orbis
3761 2193 3862 2246 De-

2214 2309 2236 2339 ι
2273 2284 2954 2362 scriptionem,'[aroplac
2987 2281 3370 2352 παιδευτικῆς,
3406 2283 3723 2338 Historicze
3751 2281 3862 2335 ins-

2211 2404 2235 2431 ει
2273 2379 2566 2434 titutionis
2597 2379 2782 2432 libros
2804 2377 2872 2431 X.
2895 2371 3751 2444 »Existimo,Dionysium,qui
3773 2387 3860 2424 or-

2207 2469 2342 2524 bem
2375 2467 2710 2541 descripsit,
2736 2466 3079 2538 Byzantium
3111 2464 3293 2518 fuisse
3313 2461 3588 2534 (Vossius
3609 2461 3751 2533 legit
3772 2460 3862 2513 Bi-

2209 2559 2458 2628 thynum,
2493 2563 2736 2629 propter
2765 2555 3034 2624 ﬂuvium,
3068 2552 3356 2609 Bhebam.
3743 2609 3751 2618 ο

2279 2647 2616 2721 Dionysius,
2650 2647 2864 2702 Sicilia)
2895 2650 3203 2716 tyrannus,
3243 2641 3490 2715 scripsit
3552 2638 3859 2710 Tragzdias

2205 2743 2264 2793 et
2291 2739 2588 2795 Commdias
2621 2741 2680 2791 et
2707 2736 3000 2791 Historias.

2275 2826 2781 2900 Dionysiusﬁlius
2802 2824 3017 2879 Sicilim
3052 2822 3312 2894 tyranni,
3341 2827 3400 2876 et
3418 2821 3551 2892 ipse
3577 2824 3855 2892 tyrannus

2203 2922 2263 2973 et
2286 2917 2701 2988 philosophus,
2751 2913 2990 2986 scripsit
3017 2913 3286 2982 Epistolas
3317 2917 3378 2967 et
3409 2913 3489 2966 De
3516 2907 3854 2982 poematibus

2201 3007 2542 3078 Epicharmi.

2273 3093 2526 3150 Διονύσια
2557 3094 2887 3166 σκώμματα,
2920 3091 3170 3148 dicteria
3200 3091 3262 3145 in
3290 3087 3784 3146 Bacchanalibus.

2275 3185 2583 3257 Diopithes
2615 3184 2803 3256 legem
2836 3181 3234 3250 tulerat,teste
3259 3179 3522 3245 Eliano,
3547 3183 3614 3233 ut
3638 3175 3765 3242 civi,
3795 3173 3850 3227 in

2203 3275 2390 3330 Piraeo
2422 3273 2820 3346 pernoctanti,
2852 3271 3105 3344 capitale
3142 3259 3338 3324 lesset.
3373 3269 3513 3340 Ipse
3547 3264 3756 3322 deinde
3787 3278 3846 3316 eo

2196 3364 2460 3431 nomine,
2494 3380 2628 3419 cum
2661 3361 3007 3432 aliquando,
3040 3376 3286 3432 vespera
3338 3359 3742 3430 Opprimente,
3789 3352 3844 3406 in

2194 3457 2382 3512 Piraeo
2405 3459 2643 3510 noctem
2672 3453 3011 3518 mansisset,
3046 3449 3118 3505 ab
3150 3448 3414 3504 inimicis
3448 3447 3661 3519 capitis
3690 3456 3843 3498 accu-

2195 3552 2377 3602 satus.

2266 3627 3423 3699 Dioscorides,Anazarbensis,medicus,
3459 3624 3840 3698 cognomento

2195 3725 2399 3792 Φακᾶς,
2428 3723 2500 3779 ob
2534 3723 2728 3778 lentes
2759 3738 2906 3792 quas
2937 3720 2999 3775 in
3031 3719 3181 3775 facie
3211 3716 3492 3773 habebat.
3511 3715 3666 3770 Vixit
3693 3707 3840 3782 apud

2194 3815 2567 3885 Cleopatram
2620 3812 2867 3867 Antonii
2907 3816 3198 3882 tempore,
3247 3807 3612 3878 scripsitque
3664 3801 3837 3856 libros

2194 3904 2385 3969 XXIV,
2419 3919 2626 3958 omnes
2649 3902 2719 3957 de
2752 3917 2814 3955 re
2861 3900 3114 3969 medica,
3147 3912 3370 3968 eosque
3401 3891 3835 3951 celeberrimos.

2266 3992 2628 4058 Dioscorius,
2685 3990 2939 4057 Mimans,
3025 3986 3476 4060 grammaticus,
3537 3979 3837 4056 praefectus

2195 4080 2329 4135 urbi
2363 4085 2420 4135 et
2450 4081 2754 4151 przetorio,
2787 4078 2888 4149 qui
2922 4077 3136 4133 Leonis
3186 4077 3332 4147 imp.
3371 4073 3533 4128 ﬁlias
3595 4060 3838 4141 Byzantii

2197 4168 2414 4223 docuit.
2452 4167 2612 4223 Infra
2643 4164 2925 4238 Θυάτειρα.

2267 4255 2610 4328 Dioxippus,
2646 4254 3048 4322 Atheniensis,
3081 4252 3365 4309 comicus.
3399 4250 3544 4322 Ejus
3593 4239 3833 4299 fabulas:

2192 4339 2739 4418 Ἀντιπορνοϐοσκὸς,
2800 4343 3171 4416 Φιλάργυρος,
3229 4336 3688 4414 Ἱστοριογράφος,
3721 4334 3833 4381 Δία’

2195 4428 2565 4504 δικαζόμενοι.

2269 4523 2525 4599 Διφθέρα.
2555 4521 2650 4584 Εἷς
2682 4517 2962 4598 διφθέρας,
2991 4519 3325 4593 inpellibus
3357 4518 3581 4589 scripta
3597 4503 3831 4568 consilia

423 4610 670 4666 Adriani
729 4611 899 4681 imp.,
961 4610 1246 4681 sophista,
1331 4617 1728 4683 cognomento
1806 4614 2084 4686 Musicus,
2122 4616 2168 4682 D
2202 4631 2310 4670 sua
2337 4614 2667 4670 Thoracion
2689 4630 2826 4668 cum
2857 4611 3128 4668 hostibus
3158 4611 3221 4666 in
3278 4608 3534 4665 Laconia
3582 4609 3827 4658 commlr

425 4699 584 4770 quod
616 4700 677 4752 in
707 4704 832 4753 arte
855 4699 1086 4755 musica
1115 4700 1281 4755 valde
1323 4702 1679 4756 exercitatus
1711 4708 1887 4758 esset.
1923 4705 2079 4759 Scri-

430 4789 552 4859 psit
597 4789 1126 4844 Commentariorum
1179 4788 1617 4859 rhythmicorum
1664 4790 1850 4848 libros
1882 4794 2078 4851 XXIV.

419 4876 683 4932 Historiae
716 4879 944 4934 musica
972 4877 1159 4933 libros
1189 4879 1440 4947 XXXVI,
1499 4880 1561 4934 in
1619 4880 1836 4951 quibus
1889 4881 2080 4938 tibici-

420 4983 589 5035 num,
623 4967 1088 5022 citharcedorum
1146 4973 1204 5022 et
1261 4973 1570 5039 poetarum
1604 4972 1801 5026 omnis
1833 4974 2076 5044 generis

414 5056 786 5113 mentionem
807 5056 970 5112 facit.
1005 5057 1278 5112 Doctrina
1308 5060 1526 5113 musice
1549 5059 1668 5114 sive
1693 5060 2077 5118 Diatribarum

412 5146 600 5203 libros
632 5147 776 5203 XXI.
812 5168 840 5197 ‹‹
867 5147 946 5201 De
978 5145 1215 5216 iis,quaa
1245 5146 1308 5202 in
1353 5149 1497 5218 Rep.
1529 5147 1796 5205 Platonis
1849 5151 2076 5214 musice

421 5257 445 5287 ι
478 5235 638 5291 dicta
668 5241 828 5290 sunt.
862 5258 890 5286 »

483 5325 1168 5397 Dionysius,Byzantius,
1198 5329 1374 5396 poeta
1406 5325 1886 5398 epicus.Scripsit
1914 5348 1935 5376 ι
1965 5331 2072 5387 De-

416 5438 443 5466 «
479 5415 868 5486 scriptionem
891 5414 1284 5487 navigationis
1303 5433 1409 5486 per
1435 5416 1784 5486 Bosporum.
1805 5418 1885 5473 De
1908 5419 2073 5475 thre-

419 5527 446 5556 ‹‹
480 5506 575 5560 nis
608 5529 629 5557 ι
666 5521 880 5576 poema
909 5505 1197 5561 refertum
1229 5505 1535 5576 epicediis.

2191 4705 2451 4762 nicabat.

2266 4792 2922 4865 DipnosophistasJiber
2952 4790 3120 4847 valde
3142 4786 3510 4858 utilis,cujus
3527 4782 3827 4839 Athenaaus

2192 4889 2399 4941 auctor
2430 4889 2537 4938 est.
2575 4883 2863 4956 Ulpianus
2891 4899 3049 4938 unus
3081 4877 3692 4952 Dipnosophistarum,
3727 4867 3825 4919 etc.

2189 4973 2396 5045 Supra.
2429 4968 2812 5033 κειτούκειτος.
3737 5042 3746 5047 _
3811 5035 3822 5047 ο

2261 5042 3042 5134 Dithyrambodidascali.Hi
3066 5060 3139 5117 de
3165 5059 3506 5127 rebus,quae
3530 5055 3589 5109 in
3605 5042 3826 5104 sublimi

2187 5153 2340 5208 ﬁunt
2362 5156 2422 5207 et
2444 5150 2926 5220 nubibus,multa
2947 5151 3144 5206 dicere
3170 5147 3466 5212 solebant,
3486 5139 3825 5220 vocibuSq}le

2187 5244 2534 5316 compositis
2565 5243 3182 5311 utebantur,dicentes
3216 5237 3474 5310 exempli
3509 5243 3682 5290 causa
3700 5215 3822 5316 ἐνδι·

2187 5314 2752 5406 αεριᾶνερινηχὲτους.
2800 5333 2955 5389 Talis
3015 5337 3145 5388 erat
3195 5331 3323 5395 Ion,
3382 5325 3582 5386 Chius,
3643 5314 3820 5406 Ρρθιᾶν

2186 5401 2286 5494 qui
2320 5401 2739 5493 poema-fecit,
2771 5422 2938 5490 cujus
2991 5420 3231 5474 initium
3283 5420 3372 5471 est
3405 5431 3417 5470 :
3455 5412 3634 5467 Ἀοῖον
3665 5401 3820 5494 ἦεῆν

2185 5487 2375 5589 ᾦοίτᾶν
2409 5511 2604 5585 ἀστέρα
2639 5487 2785 5583 μῆνα
2820 5487 2914 5582 μὲν
2948 5511 3059 5582 (64)
3091 5509 3249 5565 unde
3283 5487 3821 5589 Aristophanesvliol‘

2185 5618 2351 5670 cans,
2379 5604 2715 5658 matutinum
2743 5601 2960 5657 stellam
3001 5616 3134 5656 eum
3189 5600 3464 5654 vocatum
3520 5587 3698 5645 fuisse
3728 5577 3820 5630 alt-

487 5693 600 5776 (ρἇ)
629 5692 740 5748 Sed
762 5693 976 5776 Kuster
996 5709 1067 5748 ex
1093 5692 1412 5776 solioliaste
1433 5692 1735 5765 Aristoph.
1772 5696 2069 5770 corrigere

2219 5705 2278 5757 et
2323 5696 2522 5776 ἀστέρα
2573 5698 2856 5774 μείναμεν,
2892 5706 3003 5759 etc.
3051 5696 3388 5759 matutinum
3435 5697 3487 5751 et
3528 5685 3824 5748 aerivagam

413 5762 631 5822 stellam
660 5765 1110 5837 exspectavimus,
1145 5768 1258 5822 etc.
1292 5765 1468 5826 HABL.
