4110 6434
376 345 536 406 1253

1689 340 1792 400 DE
1835 336 2125 410 QUIBUS
2166 335 2468 399 SUIDAS.

3643 343 3798 403 1254

371 482 507 540 Fuit
535 485 736 538 autem
766 480 934 536 valde
967 478 1242 545 celebris,
1276 477 1630 550 scripsitque
1680 474 2030 542 Comaadias,
2062 475 2118 544 Α
2146 471 2432 542 musicus,
2465 476 2532 530 ut
2561 474 2740 532 etiam
2767 475 2984 548 Lydius
3041 479 3101 536 et
3147 476 3459 552 Phrygius.
3495 508 3562 519 -——
3594 481 3806 553 Δῶριος

375 577 433 627 et
463 572 904 644 Epigrammata
936 577 994 627 et
1043 569 1236 626 soluto
1288 585 1564 627 sermone
1622 561 2031 642 πρεσϐευτικόν.

377 663 582 716 Exstat
611 662 791 717 etiam
824 661 1101 726 Socratis,
1136 658 1498 730 philosophi,
1531 659 1592 712 in
1651 673 1786 713 eum
1839 651 2030 729 λόγος.

374 751 783 807 Callimachus
815 751 995 806 etiam
1037 750 1100 804 in
1145 748 1517 803 Choriambis
1568 748 1696 818 ejus
1739 745 2034 814 meminit,

375 843 576 913 aitque
606 843 798 898 multa
827 840 1158 914 scripsisse.
1196 840 1592 910 Dithyrumbus
1646 855 1782 894 vero
1816 837 2036 892 dicitur

378 937 438 987 et
472 932 737 986 Bacchus
759 930 940 1002 (quod
973 947 1078 1003 per
1108 930 1280 984 binos
1310 928 1481 1000 quasi
1521 928 1680 984 fores
1729 928 1791 983 in
1839 929 2034 984 lucem

379 1017 674 1088 prodierit
709 1023 836 1073 tum
895 1017 1049 1072 uteri
1095 1017 1326 1084 matris,
1376 1015 1662 1082 Semeles,
1710 1021 1834 1071 tum
1883 1016 2036 1072 Jovis

377 1107 718 1179 femorum),
753 1113 812 1162 et
843 1110 1100 1180 hymnus
1132 1108 1193 1163 in
1225 1109 1544 1164 Bacchum.
1579 1107 1846 1178 Denique
1879 1106 2038 1160 Διθυ-

385 1192 612 1273 ράμϐων
647 1197 772 1252 νοῦν
807 1192 955 1272 ἔχεις
998 1195 1260 1252 ἐλάττονα
1305 1199 1525 1256 dicitur
1573 1199 1645 1254 de
1694 1197 2040 1255 hominibus

381 1287 620 1344 stolidis
651 1292 711 1343 et
739 1289 1223 1344 inconsideratis.

457 1377 743 1452 Δόγματα.
778 1379 970 1447 Plato,
994 1396 1124 1451 quae
1147 1395 1284 1434 vera
1303 1395 1430 1434 esse
1448 1379 1721 1451 percipit,
1748 1379 2042 1452 enuntiat,

385 1466 538 1522 falsa
561 1467 848 1540 coarguit,
873 1467 946 1522 de
970 1467 1214 1524 incertis
1239 1469 1494 1523 sustinet
1511 1472 2043 1540 assensum.Atque

383 1555 456 1612 de
488 1557 600 1624 his,
629 1573 760 1627 quas
791 1573 928 1612 vera
958 1557 1071 1629 ipsi
1101 1557 1394 1626 videntur,
1450 1563 1705 1630 quatuor
1759 1575 2044 1632 personas

386 1647 701 1717 loquentes
733 1645 984 1714 inducit,
1005 1647 1326 1714 Socratem,
1346 1648 1652 1718 Timaeum,
1672 1652 1730 1702 et
1750 1648 2046 1719 hospitem

386 1737 816 1791 Atheniensem
847 1741 1024 1808 atque
1056 1737 1355 1791 Eleatem:
1397 1738 1498 1808 qui
1529 1754 1650 1792 non
1692 1741 1832 1793 sunt
1879 1736 2046 1794 Plato

2149 559 2456 634 οἰκονομία,
2514 565 2706 622 Modus
2761 568 2976 622 Darius.
3014 598 3082 607 —
3114 567 3314 623 Darius
3372 572 3662 639 praeterea
3720 573 3810 624 est

2147 667 2370 710 nomen
2399 653 2710 723 proprium
2743 659 2800 710 et
2828 657 3078 711 Doriscus
3108 673 3326 712 nomen
3358 656 3496 712 loci.

2218 741 2409 796 Dorus
2440 743 2695 815 (Δῶρος),
2729 745 2938 812 Arabs,
2967 763 3142 816 quem
3168 747 3512 802 Damascius
3537 747 3598 801 in
3621 747 3812 802 Histo-

2148 830 2238 884 ria
2274 830 2690 903 philosophica
2747 833 2831 888 ait
2886 834 3068 890 fuisse
3123 835 3386 890 veritatis
3444 837 3804 891 acerrimum

2151 919 2582 992 indagatorem.
2619 923 2787 977 Hunc
2817 922 3101 990 Isidorus,
3163 925 3576 996 philosophus,
3634 925 3807 981 initio

2153 1009 2341 1064 sensit
2383 1010 2770 1068 Aristotelicis
2802 1013 3187 1085 opinionibus
3220 1015 3542 1083 irretitum,
3577 1020 3636 1071 et
3664 1031 3813 1086 pau-

2153 1097 2320 1154 latim
2355 1101 2646 1156 revocavit
2677 1102 2749 1157 ad
2783 1102 2919 1159 illas
2950 1103 3217 1159 Platonis
3251 1105 3582 1178 magnifica:
3606 1105 3809 1160 scien-

2154 1187 2250 1242 tiae
2280 1188 2568 1248 sublimes
2602 1196 2660 1245 et
2689 1191 2952 1248 illustres
2988 1194 3336 1258 sententias,
3359 1199 3426 1248 ut
3462 1194 3686 1266 rejecta
3707 1194 3813 1250 illa

2153 1279 2549 1352 Peripatetica
2583 1281 2932 1351 subtilitate,
2965 1302 3060 1339 res
3092 1285 3353 1340 minutas
3378 1285 3720 1357 colligente,
3749 1302 3813 1340 se

2156 1368 2457 1425 conferret
2485 1370 2562 1428 ad
2589 1371 2782 1441 illam,
2814 1390 2945 1443 quas
2976 1391 3083 1445 per
3129 1375 3550 1429 Prometheum
3603 1391 3818 1446 quem-

2165 1458 2301 1514 dam
2333 1477 2467 1515 cum
2497 1461 2651 1532 ignis
2681 1462 2999 1532 splendore
3031 1463 3262 1519 caalitus
3293 1464 3366 1519 ad
3398 1464 3676 1520 homines
3707 1464 3814 1519 de-

2157 1547 2339 1604 missa
2365 1554 2475 1619 est,
2509 1549 2905 1617 dialecticam,
2940 1569 3070 1623 quas
3103 1557 3193 1607 est
3216 1553 3437 1608 mentis
3475 1557 3532 1608 et
3559 1553 3816 1625 pruden-

2156 1635 2252 1690 tiaa
2292 1637 2613 1708 purissima
2644 1637 2876 1712 αὐτοψία
2910 1641 3029 1695 sive
3061 1641 3382 1712 inspectio.

2232 1725 2414 1788 Δὸσις.
2448 1727 2619 1798 Apud
2645 1734 2910 1785 oratores
2968 1731 3353 1802 peculiariter
3402 1731 3482 1787 sic
3527 1734 3815 1786 vocantur

392 1826 522 1897 ipse
557 1831 614 1880 et
641 1827 1048 1894 Parmenides,
1083 1827 1186 1882 sed
1219 1827 1348 1882 duae
1381 1828 1532 1882 fictas
1590 1843 1881 1898 personae,
1935 1831 2045 1881 etc.
2084 1854 2128 1926 Β
2161 1814 2376 1926 ίεξξηιξεθ
2398 1818 2782 1926 Αἰθιδίὲξωίθηιῆ
2817 1818 2878 1917 in
2903 1818 3118 1926 (limbus
3151 1820 3302 1918 (Illis:
3339 1839 3470 1892 quae
3513 1837 3621 1920 8υέ
3651 1825 3814 1889 sunt,

394 1915 893 1986 Philosophorum
926 1916 1026 1970 alii
1061 1917 1351 1972 mundum
1383 1923 1580 1972 ortum
1611 1916 1914 1984 habuisse,
1947 1915 2046 1970 alii

391 2009 526 2060 ortu
557 2007 822 2062 caruisse
845 2007 1072 2064 dicunt.
1097 2009 1241 2062 Item
1267 2008 1366 2062 alii
1397 2008 1744 2073 animatum,
1781 2007 1880 2064 alii
1913 2023 2049 2062 vero

393 2094 793 2152 inanimatam
827 2113 964 2152 eum
987 2101 1273 2153 statuunt.
1302 2099 1672 2170 Anaxagoras
1691 2113 1824 2151 vero
1849 2101 1907 2152 et
1936 2098 2048 2169 Py—

395 2184 698 2256 thagoras,
725 2185 788 2240 in
821 2187 1134 2258 Egyptum
1169 2186 1440 2257 profecti,
1471 2191 1529 2240 et
1558 2185 1960 2257 Egyptiorum
1996 2189 2054 2240 et

389 2271 778 2328 Hebraeorum
811 2275 901 2330 usi
935 2275 1389 2346 consuetudine,
1422 2292 1623 2330 rerum
1647 2275 2049 2348 cognitionem

397 2361 470 2417 ab
503 2362 626 2418 illis
656 2363 1006 2420 hauserunt.
1043 2365 1256 2420 Postea
1285 2381 1419 2420 vero
1449 2365 1711 2432 etPlato,
1735 2369 1801 2418 ut
1820 2363 2054 2418 Plutar—

397 2451 544 2506 chus
568 2451 629 2506 in
648 2452 956 2509 Parallelis
981 2453 1180 2510 refert.
1201 2454 1356 2520 Quin
1375 2454 1554 2510 etiam
1575 2454 1826 2526 Egyptii
1875 2453 2053 2525 primi

393 2541 584 2596 sol;m
617 2548 674 2596 et
699 2542 907 2597 lunam
939 2542 1082 2599 deos
1115 2549 1422 2601 vocarunt.
1458 2543 1676 2600 Osirim
1709 2548 1767 2599 et
1809 2542 2052 2613 Isidem,

397 2627 560 2690 Θεοὺς
595 2647 630 2686 a
660 2634 770 2694 θεῖν
805 2649 1044 2700 currere,
1078 2639 1190 2689 etc.

469 2720 840 2776 Domitianus
899 2724 1167 2790 Nervam,
1224 2727 1291 2778 ut
1346 2722 1598 2794 imperio
1638 2721 2050 2788 insidiantem,

397 2811 615 2866 amovit
632 2818 690 2866 et
720 2813 1103 2884 Apollonium
1125 2815 1446 2885 Tyaneum,
1473 2820 1539 2870 ut
1557 2815 1754 2870 Nervae
1772 2813 2053 2892 amicum,

399 2903 900 2972 comprehensum
935 2903 1211 2971 totondit,
1247 2909 1304 2959 et
1335 2904 1598 2960 vinctum
1658 2904 1722 2958 in
1755 2902 2054 2975 judicium

397 2990 662 3063 adduxit.
692 2995 837 3048 Cum
859 3009 992 3048 vero
1011 2993 1406 3065 philosophus
1425 2993 1513 3048 illi
1539 3010 1657 3048 non
1680 2992 1934 3058 cederet,
1954 2993 2054 3048 de-

398 3081 602 3136 ridens
623 3082 751 3153 ejus
769 3084 1290 3151 acta,verecundia
1301 3088 1637 3140 commotus
1651 3099 1787 3138 eum
1807 3083 2052 3139 dimisit.

396 3173 559 3228 Tunc
607 3173 680 3228 ad
713 3189 849 3229 eum
880 3174 1232 3246 Apollonius
1261 3191 1273 3229 :
1309 3179 1667 3246 Nequaquam
1695 3191 1777 3230 me
1807 3173 2054 3240 occides;

394 3263 630 3318 necdum
660 3262 806 3318 enim
836 3267 954 3333 fato
983 3271 1234 3320 maturus
1261 3281 1400 3334 sum,
1433 3262 1505 3318 Οὐ
1541 3263 1636 3334 μὲν
1689 3283 1755 3334 με
1797 3259 2051 3332 κτενέεις,

396 3349 514 3405 ἐπεὶ
547 3347 609 3405 cii
645 3373 728 3406 τοι
765 3351 1038 3427 μόρσιμός
1070 3353 1205 3426 εἰμι.
1263 3359 1454 3425 Atque
1505 3371 1535 3409 e
1565 3354 1808 3426 vestigio
1855 3353 2054 3426 ipsum

399 3443 707 3498 evanuisse
737 3443 958 3499 ferunt.
993 3444 1096 3500 Hic
1125 3449 1182 3499 et
1207 3444 1597 3515 philosophos
1612 3443 2059 3500 etmathemati-

401 3548 502 3586 cos
534 3533 721 3588 Roma
751 3533 996 3603 expulit.
1031 3533 1148 3588 Sub
1181 3534 1293 3589 hoc
1323 3539 1383 3590 et
1408 3534 1666 3589 Joannes
1697 3533 2060 3606 evangelista

400 3621 465 3675 in
499 3624 767 3675 Patmum
798 3621 1116 3694 relegatus.
1151 3623 1314 3678 Idem
1341 3622 1808 3691 etiam,Davidici
1824 3623 2058 3695 generis

404 3709 702 3777 homines,
733 3706 862 3771 τοὺς
893 3709 999 3764 ἀπὸ
1029 3713 1126 3764 τοῦ
1154 3709 1341 3783 γένους
1372 3705 1538 3765 Δαϐὶδ
1571 3712 1828 3768 interﬁci
1856 3711 2060 3783 jussit,

407 3799 702 3870 multique
736 3801 844 3856 sub
877 3818 944 3856 eo
1001 3802 1322 3858 Christiani
1378 3807 1670 3875 martyres
1713 3803 1853 3858 facti
1900 3807 2059 3858 sunt.

411 3888 524 3943 Sed
556 3890 740 3945 Nerva
769 3891 1058 3946 Joannem
1090 3892 1451 3965 Theologum
1503 3892 1709 3948 exsilio
1768 3893 2060 3948 liberavit.

481 3979 834 4046 Domninus,
859 3981 1520 4052 philosophus,natione
1539 3983 1739 4053 Syrus,
1763 4000 1833 4038 ex
1857 3982 2063 4036 Laodi-

410 4086 535 4137 cea,
567 4071 656 4125 vel
690 4071 940 4137 Larissa,
974 4073 1120 4128 urbe
1154 4074 1356 4145 Syria),
1385 4074 1614 4146 Syriani
1650 4073 1978 4146 discipulus
2009 4079 2069 4129 et

411 4161 605 4215 Procli
627 4157 1717 4233 condiscipulus,utaitDamascius.In
1736 4166 2068 4220 mathema-

405 4250 539 4305 ticis
553 4251 889 4322 disciplinis
905 4253 1350 4319 exercitatus,in
1369 4253 1503 4310 aliis
1518 4255 1914 4325 philosophiae
1931 4271 2068 4325 par-

406 4339 567 4394 tibus
587 4340 770 4396 etiam
799 4337 1283 4415 ἐπιπολαιὸτερος,
1317 4343 1518 4400 minus
1535 4345 2066 4408 accuratus.Quare

404 4432 464 4482 et
496 4430 684 4486 multa
717 4431 777 4486 in
814 4430 1136 4487 Platonicis
1166 4432 1540 4503 dogmatibus
1560 4431 1877 4500 innovavit,
1907 4431 2066 4487 unde

403 4519 650 4574 Proclus
683 4519 964 4576 adversus
998 4538 1135 4576 eum
1166 4522 1407 4594 scripsit
1452 4519 1830 4596 Πραγματείαν
1866 4520 2067 4592 καθαρ-

403 4698 815 4753 Platonicorum
838 4699 1176 4769 dogmatum.
1201 4700 1647 4772 Ab_A£sculapio
1663 4700 2062 4772 jussus,quod

405 4788 755 4859 sanguinem
789 4797 1121 4862 exspueret,
1155 4791 1350 4847 suillis
1373 4792 1652 4847 carnibus
1683 4792 1861 4861 vesci,
1886 4791 2062 4847 obse-

403 4882 574 4933 cutus
605 4883 733 4934 est:
766 4884 827 4933 at
851 4879 1227 4950 Plutarchus,
1291 4881 1692 4950 Atheniensis,
1743 4881 2062 4952 Esculapii

406 4971 668 5022 statuam
693 4968 955 5036 intuens,
991 4969 1052 5024 in
1084 4969 1290 5042 templi
1315 4970 1474 5026 enim
1497 4970 1786 5026 vestibulo
1807 4971 2063 5026 dormie-

405 5053 544 5110 bat:
577 5056 620 5112 Ο
654 5056 917 5125 domine,
955 5057 1169 5130 inquit,
1206 5059 1348 5130 quid
1381 5060 1428 5114 si
1457 5061 1684 5132 Iudaeo,
1716 5061 1827 5116 hoc
1857 5060 2064 5116 morbo

403 5143 708 5202 laboranti
745 5147 1075 5204 remedium
1097 5150 1581 5206 commendasses
1595 5150 1621 5204 ?
1640 5152 1846 5221 Itaque
1863 5152 2068 5204 {Escu-

407 5233 622 5305 lapius,
659 5237 860 5291 statim
880 5255 949 5292 ex
975 5244 1166 5293 statua
1190 5256 1402 5294 sonum
1426 5239 1842 5294 suavissimum
1858 5239 2064 5307 edens,

409 5321 590 5377 aliam
627 5325 879 5380 curandi
913 5327 1106 5381 morbi
1141 5327 1440 5382 rationem
1468 5327 1522 5382 ei
1562 5327 1949 5398 praescripsit.
1985 5328 2066 5384 Ad

414 5411 734 5468 Dominum
758 5415 886 5486 jam
916 5421 1087 5471 aitate
1119 5422 1460 5488 provectum
1492 5417 1745 5472 accessit
1765 5417 2068 5488 Asclepia-

408 5499 534 5569 des,
569 5502 944 5572 adolescens,
981 5511 1039 5561 et
1094 5507 1537 5562 arithmeticam
1591 5506 1704 5578 ipsi
1760 5507 2068 5563 theorema

411 5593 756 5663 praeposuit,
793 5599 903 5650 etc.

488 5679 698 5738 Dorius
715 5688 944 5754 cantus,
975 5683 1182 5762 Δώριος
1211 5680 1466 5760 αὔλησις,
1483 5683 1798 5747 estmodus
1823 5684 2066 5760 quidam

2161 1904 2331 1960 alteri
2389 1904 2509 1973 dat,
2557 1907 2991 1963 interveniente
3041 1909 3498 1981 magistratuum
3550 1911 3670 1966 sive
3718 1927 3816 1965 ar-

2157 1995 2443 2050 chonlum
2475 1997 2848 2054 auctoritate.

2228 2085 2436 2153 Draco,
2470 2086 2934 2144 Atheniensium
2956 2087 3278 2160 legislator.
3304 2088 3408 2143 Hic
3430 2105 3565 2144 cum
3591 2088 3812 2161 Egina)

2158 2173 2219 2228 in
2246 2173 2472 2229 theatro
2495 2181 2740 2247 propter
2761 2177 2920 2249 leges
2943 2177 3092 2233 latas
3115 2178 3266 2232 laetis
3281 2178 3815 2233 acclamationibus

2160 2263 2584 2328 celebraretur,
2619 2265 2892 2336 pluribus
2923 2267 3144 2338 petasis
3177 2271 3234 2321 et
3265 2267 3482 2322 tunicis
3507 2272 3565 2322 et
3611 2266 3814 2338 palliis

2161 2351 2225 2407 in
2252 2353 2382 2425 ejus
2414 2359 2591 2425 caput
2620 2354 2876 2426 injectis,
2930 2356 3251 2411 suffocatus
3303 2361 3412 2423 est,
3465 2361 3524 2411 et
3572 2357 3635 2410 in
3684 2356 3816 2427 ipso

2159 2443 2392 2500 theatro
2427 2443 2717 2516 sepultus.
2754 2445 2908 2500 Vixit
2937 2445 3152 2500 iisdem
3185 2445 3578 2517 temporibus,
3603 2445 3819 2516 quibus

2161 2538 2390 2604 septem
2417 2533 2739 2604 sapientes,
2772 2539 2876 2590 aut
2904 2535 3102 2606 potius
3159 2534 3272 2591 fuit
3315 2534 3438 2590 illis
3493 2535 3820 2606 antiquior.

2159 2623 2305 2678 Cum
2334 2639 2512 2679 senex
2535 2624 2671 2696 jam
2692 2629 2870 2692 esset,
2904 2623 3243 2696 Olympiade
3270 2623 3441 2679 XXIX
3463 2625 3624 2697 leges
3638 2624 3820 2680 Athe-

2159 2712 2473 2769 niensibus
2506 2713 2661 2769 tulit.
2695 2711 3021 2782 Ὑποθήκςις,
3056 2714 3176 2768 sive
3206 2716 3332 2769 vitae
3361 2715 3624 2783 degenda
3658 2729 3820 2784 prai-

2159 2808 2317 2872 cepta
2347 2802 2588 2872 scripsit
2618 2801 2808 2856 tribus
2840 2801 3080 2858 circiter
3109 2819 3385 2857 versuum
3416 2801 3708 2857 millibus.

2232 2891 2441 2958 Draco,
2476 2907 2663 2961 nepos
2699 2891 3076 2962 Hippocratis
3105 2891 3323 2946 medici
3355 2891 3521 2946 illius
3553 2890 3818 2946 celeber-

2160 2979 2320 3047 rimi,
2355 2978 2516 3034 ﬁlius
2546 2979 2833 3049 Thessali,
2855 2985 3024 3052 pater
3057 2980 3430 3052 Hippocratis
3462 2980 3632 3052 cujus
3657 2980 3820 3035 ﬁlius

2160 3085 2368 3124 rursus
2400 3068 2513 3123 fuit
2542 3069 2749 3139 Draco,
2788 3073 2845 3124 et
2874 3069 3000 3142 ipse
3031 3069 3321 3138 medicus,
3346 3070 3446 3140 qui
3467 3069 3815 3140 Rhoxanen,

2165 3157 2486 3214 Alexandri
2517 3156 2853 3213 Macedonis
2886 3159 3221 3232 conjugem,
3256 3159 3502 3214 curavit.

2093 3217 2136 3285 (ἶ
2237 3249 2421 3304 Draco
2455 3246 2939 3314 Stratonicensis,
2971 3248 3415 3321 grammaticus,
3450 3247 3688 3318 scripsit
3743 3249 3821 3302 De

2164 3343 2282 3392 arte
2337 3339 2746 3409 grammatica:
2795 3338 3309 3412 Orthographz'am:
3347 3334 3478 3412 Περὶ
3529 3340 3636 3390 τῶν
3682 3335 3821 3391 κατὰ

2164 3425 2418 3500 συζυγίαν
2469 3424 2776 3496 ὀνομάτων,
2839 3428 2913 3481 De
2963 3427 3282 3497 conjugatis
3337 3426 3698 3482 nominibus:
3749 3427 3822 3482 De

2165 3516 2627 3584 pronominibus:
2659 3517 2735 3569 De
2765 3516 2955 3569 metris
3001 3530 3303 3569 versuum:
3344 3516 3421 3569 De
3467 3515 3704 3582 satyris:
3749 3513 3823 3568 De

2166 3603 2403 3658 Pindari
2431 3604 2803 3660 carminibus:
2843 3604 2922 3658 De
2953 3602 3265 3674 Sapphonis
3294 3603 3526 3656 metris:
3569 3602 3646 3658 De
3672 3601 3831 3658 Aleae

2170 3692 2530 3748 carminibus.

2977 3781 3020 3835 E

2246 3863 2590 3939 Έκϐιαστής.
2625 3870 2831 3946 ’Δμφω
2853 3865 2956 3941 γάρ
2990 3867 3121 3922 εἰσιν
3172 3862 3448 3922 ἐκϐιασταὶ
3496 3872 3597 3936 τῆς
3646 3863 3828 3937 δίκης,

2171 3959 2260 4012 καὶ
2296 3958 2749 4032 νύττουσινήμᾶς
2772 3958 2907 4033 πρὸς
2948 3957 3010 4012 τὸ
3057 3963 3158 4026 τῆς
3219 3955 3377 4027 δίκης
3433 3958 3624 4034 πέρας,
3667 3959 3830 4015 ambo

2174 4057 2302 4106 sunt
2331 4067 2482 4107 acres
2514 4058 2797 4106 exactores
2817 4051 2990 4120 juris,
3042 4052 3141 4121 qui
3190 4067 3288 4105 nos
3335 4049 3576 4105 stimulis
3615 4049 3690 4104 ad
3731 4050 3832 4120 ju-

2175 4141 2390 4196 stitiam
2422 4143 2831 4196 emaciissimum
2863 4140 3124 4196 incitant.
3162 4141 3294 4194 Hmc
3327 4138 3400 4194 de
3441 4139 3716 4210 Gregerio
3776 4142 3836 4193 et

2179 4230 2418 4285 Basilio.

2249 4318 2566 4396 Ἐκκὲκοφθ’
2603 4318 2637 4386 ἠ
2699 4317 2962 4389 μουσικὴ,
3023 4319 3206 4373 excisa
3261 4324 3340 4372 est
3396 4316 3624 4371 musica.
3687 4316 3833 4371 Cum

2179 4413 2406 4464 veteres
2438 4408 2582 4463 olim
2617 4405 2678 4461 in
2705 4406 2986 4462 conviviis
3019 4405 3282 4460 eruditas
3322 4405 3681 4476 quaestiones
3712 4409 3832 4458 tra-

2181 4502 2340 4552 ctare
2375 4496 2656 4564 solerent,
2689 4495 2911 4567 posteri
2949 4494 3228 4566 psaltrias
3262 4499 3321 4550 et
3349 4493 3742 4550 citharistrias
3774 4498 3835 4547 et

404 4607 560 4675 τικὴν
591 4611 699 4662 τῶν
734 4605 1021 4681 δογμάτων
1064 4614 1160 4665 τοῦ
1218 4610 1541 4677 Πλάτωνος,
1598 4615 2054 4683 Repurgationem

2177 4586 2509 4643 saltatrices
2543 4600 2748 4642 earum
2781 4585 2912 4640 loco
2944 4584 3427 4641 introduxerunt.
3483 4583 3648 4638 Unde
3699 4583 3831 4654 qui-

2172 4676 2310 4732 dam
2340 4675 2723 4747 καινοτομίαν,
2757 4675 3079 4731 novitatem
3113 4675 3270 4730 hanc
3302 4671 3835 4746 reprehendentes,

2171 4764 2482 4837 proverbio
2517 4764 2620 4819 illo
2653 4764 2746 4820 usi
2768 4769 2932 4820 sunt.

2245 4854 2342 4910 Ἐκ
2372 4851 2692 4913 Μασσαλίας
2725 4852 2901 4923 ἥκεις,
2936 4870 2965 4910 e
2990 4855 3236 4911 Massilia
3282 4855 3452 4922 venis,
3503 4852 3722 4908 dicitur
3762 4850 3836 4905 de

2173 4943 2520 5000 hominibus
2550 4943 2909 4998 effeminatis
2941 4949 2999 4998 et
3024 4943 3317 5014 delicatis,
3371 4943 3579 5014 quales
3627 4941 3833 4996 Massi-

2140 5036 2143 5037 ⁷
2175 5034 2396 5090 lienses
2423 5032 2567 5088 olim
2598 5031 2783 5088 fuisse
2815 5032 3114 5089 dicuntur.

2246 5119 2511 5197 Ἐλατήρ.

2319 5298 2575 5374 Εἶδήσεις
2606 5297 2914 5374 Ἀλκμᾶνα,
2937 5299 3111 5374 λύρης
3145 5295 3686 5374 ἐλᾳτῆρα-Λοεᾳαίνης

2399 5372 2657 5445 Ἐξοχον,
2691 5369 3020 5430 δνΜουσῶν
3044 5371 3174 5426 ἐννέ’
3213 5369 3447 5446 ἀριθμὸς
3476 5369 3616 5444 ἔχει.

2179 5521 2476 5589 Cognosces
2495 5515 2853 5589 gAlcmanem,
2892 5517 3067 5586 lyram
3096 5517 3423 5589 Laconicam
3442 5513 3577 5569 scite
3590 5511 3832 5583 pulsan-

2492 5587 2641 5659 [tem,
2675 5605 2833 5658 quem
2865 5604 3057 5643 novem
3082 5590 3247 5642 Musae
3279 5587 3502 5642 habent.

2250 5680 2412 5751 Elea,
2443 5679 2636 5755 patria
2662 5678 2938 5741 Zenonis.
2972 5676 3116 5735 olim
3145 5675 3347 5751 Hyele,
3379 5673 3830 5738 Phocaeensium
