4110 6418
334 349 364 406 1
375 349 488 408 255

1636 348 1876 411 INDEX
1921 348 2426 421 SCRIPTORUM

3598 370 3757 432 1256

330 482 587 551 colonia,
622 482 905 554 oppidum
927 482 1268 552 obscurum,
1302 487 1362 539 et
1393 482 1551 554 quod
1610 482 1799 539 bonos
1847 489 1977 540 tan-
2010 490 2066 555 Α
2094 493 2160 544 ut
2188 490 2271 545 ait
2299 492 2708 565 Epicharmus.
2738 496 2971 554 Dictum
3002 497 3078 555 ad
3105 499 3502 557 imitationem
3534 502 3698 558 illius
3741 522 3756 562 :

333 580 455 630 tum
488 574 645 629 viros
672 573 831 629 alere
860 577 1111 645 poterat.
1146 574 1308 628 Hanc
1337 574 1489 627 Zeno
1513 572 1699 647 magis
1721 572 1983 640 amabat,

333 681 513 736 quam
544 663 1001 717 Atheniensium
1016 663 1371 734 jactantiam
1398 680 1411 730 ;
1445 663 1645 734 itaque
1667 680 1801 718 raro
1824 661 1983 734 apud

330 753 467 809 illos
498 758 763 808 versatus
787 752 849 806 in
881 752 1073 825 patria
1107 753 1443 808 consenuit.

396 839 727 917 Ἐλεγείρειν
788 843 899 915 (65)
955 859 1060 915 pro
1110 841 1352 897 delirare
1408 841 1653 912 quidam
1712 847 1982 898 veterum

327 934 623 990 dixerunt.
657 934 730 986 Et
756 937 914 1001 sunt,
948 934 1049 1003 qui
1082 948 1323 989 carmen
1345 920 1673 1004 elegiacum
1693 931 1835 986 hinc
1857 932 1980 987 dic-

328 1037 455 1086 tum
512 1032 744 1103 putent.
803 1023 1108 1091 Theocles,
1168 1022 1384 1078 Naxius
1444 1026 1548 1077 aut
1596 1021 1976 1094 Eretriensis,

330 1120 570 1176 insania
599 1121 929 1187 correptus,
953 1127 1194 1168 carmen
1225 1112 1337 1166 hoc
1367 1111 1598 1182 primus
1629 1110 1866 1165 cecinit.

400 1211 637 1283 Elegus,
672 1222 915 1263 carmen
969 1202 1217 1276 lugubre
1267 1201 1351 1256 sic
1381 1200 1768 1272 appellatum,
1817 1199 1977 1270 quod

326 1318 481 1373 saepe
514 1301 575 1355 in
607 1316 676 1354 eo
703 1291 728 1350 ἔ
756 1293 780 1349 ἕ
806 1297 1062 1351 dicatur.
1106 1292 1207 1346 Vel
1238 1291 1700 1346 lamentationes
1733 1306 1864 1360 quae
1898 1288 1974 1344 ad

324 1391 533 1446 tibiam
565 1392 881 1446 canuntur.
933 1387 1145 1439 Postea
1192 1380 1452 1446 Midiam,
1506 1378 1704 1435 Gordii
1760 1378 1972 1444 filium,

325 1481 467 1536 dum
494 1484 791 1553 regnaret,
825 1475 1033 1531 tibiam
1064 1472 1140 1528 ad
1169 1487 1301 1526 aras
1331 1475 1390 1524 et
1437 1467 1731 1525 sacriﬁcia
1770 1471 1972 1522 trans-

325 1570 535 1625 tulisse
566 1569 792 1633 dicunt,
825 1563 982 1636 quod
1014 1566 1263 1616 matrem
1298 1575 1462 1614 suam
1524 1556 1863 1612 defunctam
1907 1557 1972 1611 in

325 1660 573 1715 dearum
602 1671 919 1712 numerum
951 1650 1172 1706 referre
1204 1648 1398 1703 vellet.

395 1747 690 1812 Eleusius,
722 1744 1037 1816 Cyzicenus
1057 1737 1550 1805 etMarathonius,
1574 1741 1634 1791 et
1652 1734 1822 1791 CPol.
1846 1750 1968 1790 non

324 1838 566 1910 quidem
596 1850 810 1908 magna
840 1830 1076 1888 dicendi
1106 1828 1388 1885 facultate
1419 1825 1675 1899 praediti,
1711 1825 1815 1880 sed
1865 1840 1966 1879 au-

327 1934 484 1984 stero
513 1928 645 1983 vita:
675 1941 891 1999 genere
924 1927 981 1978 et
1027 1923 1179 1978 ﬁctas
1226 1918 1534 1975 modestia:
1589 1914 1973 1970 simulatione

321 2034 597 2090 magnam
629 2015 829 2087 adepti
859 2011 1295 2076 auctoritatem,
1332 2007 1624 2080 plurimos
1649 2008 1972 2061 sectatores

319 2108 431 2162 sibi
466 2106 864 2162 conciliarunt
892 2107 950 2157 et
979 2099 1361 2168 monasteria,
1394 2095 1622 2169 ingenti
1654 2093 1972 2150 hominum

320 2197 631 2267 utriusque
663 2211 838 2250 sexus
868 2189 1255 2248 multitudine
1284 2186 1523 2256 referta,
1559 2184 1971 2239 instituerunt.

389 2283 802 2355 Empedocles,
835 2280 1107 2344 Metonis,
1141 2277 1232 2332 vel
1252 2273 1622 2342 Archinomi,
1648 2271 1739 2327 vel
1761 2271 1973 2326 Xeneti

319 2372 405 2435 F.,
429 2370 612 2426 frater
636 2365 1055 2433 Callicratidis,
1079 2364 1273 2437 primo
1296 2356 1969 2426 audivitParmenidem,

319 2461 490 2532 cujus
511 2459 713 2526 etiam,
738 2463 804 2512 ut
825 2455 1191 2527 Porphyrius
1210 2454 1271 2506 in
1286 2450 1544 2507 Historia
1557 2445 1973 2520 philosophica

316 2554 523 2606 auctor
562 2553 671 2615 est,
699 2546 962 2603 amasius
990 2544 1119 2599 fuit.
1155 2542 1269 2597 Alli
1306 2540 1476 2596 aiunt
1494 2538 1677 2593 fuisse
1699 2536 1970 2608 Telaugis

315 2636 700 2709 discipulum,
718 2634 1063 2707 Pythagora}
1087 2631 1217 2687 ﬁlii.
1240 2627 1679 2702 Agrigentinus,
1704 2624 1971 2696 philoso-

310 2728 465 2799 phus
500 2725 804 2798 physicus,
837 2722 1182 2794 Pythagora}
1233 2724 1455 2775 sectam
1497 2721 1754 2782 secutus,
1789 2729 1968 2785 quam

312 2817 492 2871 etiam
515 2815 829 2870 aemulatus
856 2817 946 2868 est
971 2810 1324 2883 Apollonius
1346 2809 1636 2880 Tyaneus,
1663 2802 1968 2861 etc.Disci-

309 2886 519 2979 pulum
549 2904 760 2961 habuit
789 2902 1082 2975 Gorgiam,
1107 2899 1460 2956 Leontinum
1486 2892 1968 2951 oratorem.Scri-

313 2999 435 3070 psit
463 2996 728 3053 versibus
758 2994 1015 3050 heroicis
1053 2998 1159 3047 tres
1218 2990 1385 3046 libros
1430 2984 1558 3057 Περὶ
1590 2983 1800 3062 φύσεως
1854 2985 1963 3036 τῶν

317 3082 514 3141 ὄντων.
577 3086 648 3141 De
699 3101 885 3140 rerum
936 3088 1162 3149 natura,
1217 3084 1357 3135 sunt
1412 3083 1613 3133 autem
1686 3089 1966 3129 versuum

2093 582 2241 633 Θεῶν
2276 579 2327 634 ἐν
2359 582 2583 657 γούνασι
2638 589 2836 642 κεῖται.
2885 589 3038 644 Olim
3099 590 3161 645 in
3218 590 3468 663 genibus
3515 592 3755 664 judices

2092 668 2396 727 habebant
2424 690 2495 730 ea
2525 692 2656 747 quaa
2687 693 2848 732 nunc
2878 678 2937 732 in
2966 678 3203 733 tabellis
3237 681 3600 738 scribuntur.

2163 760 2620 833 Epaphroditus,
2655 767 3092 834 Chmronensis,
3143 771 3588 840 grammaticus,
3637 775 3753 828 Ar-

2091 847 2261 918 chiae,
2286 851 3382 929 Alexandrini,grammatici,alumnus
3397 861 3553 932 apud
3569 878 3747 932 quem

2092 937 2416 1010 institatus,
2449 960 2484 998 a
2512 944 2796 1010 Modesto,
2819 947 3049 1019 Egypti
3072 947 3618 1023 prmfecto,emptus
3638 957 3751 1019 est,

2090 1029 2261 1100 cujus
2292 1030 2482 1087 ﬁlium
2541 1033 2863 1091 Pitelinum
2923 1036 3206 1092 instituit.
3266 1037 3495 1094 Claruit
3548 1042 3751 1097 Roma;

2090 1123 2356 1191 tempore
2378 1123 2628 1179 Neronis
2659 1123 2734 1180 ad
2754 1126 3002 1182 Nervam
3020 1143 3213 1198 usque
3233 1145 3245 1182 :
3263 1144 3380 1199 quo
3401 1135 3669 1201 tempore
3694 1136 3755 1187 et

2088 1208 2445 1266 Ptolemmus
2458 1213 2894 1284 Hephaestionis
2913 1215 3072 1271 illius
3092 1217 3507 1273 vixit.etmu1ti
3522 1218 3622 1273 alii
3638 1219 3746 1274 viri

2087 1294 2358 1353 doctrina
2389 1298 2554 1355 clari.
2589 1301 2753 1357 Idem
2772 1319 2907 1357 cum
2936 1302 3119 1358 libros
3147 1303 3399 1360 subinde
3417 1306 3745 1375 emeret,ad

2084 1388 2232 1443 XXX
2263 1390 2428 1445 mille
2442 1391 2555 1446 sibi
2578 1394 2960 1465 comparavit,
2985 1412 3208 1466 eosque
3221 1395 3410 1452 bonos
3426 1398 3742 1454 etminime

2082 1476 2373 1549 vulgares.
2406 1479 2665 1552 Corpore
2694 1482 2803 1537 fuit
2836 1500 3051 1556 magno
3087 1489 3146 1539 et
3173 1485 3343 1557 nigro
3373 1485 3566 1542 instar
3618 1487 3746 1543 ele-

2083 1566 2385 1636 phantiaci
2419 1567 2513 1639 (ὡς
2549 1566 2973 1646 ἐλεφαντώδης).
3010 1572 3303 1629 Habitavit
3357 1575 3419 1629 in
3463 1575 3738 1632 thnia-

2083 1656 2361 1724 nocoriis,
2396 1657 2497 1713 ubi
2528 1657 2702 1715 binas
2761 1660 2919 1717 mdes
2973 1661 3202 1717 habuit.
3265 1664 3529 1719 Decessit
3580 1682 3737 1737 aqua

2081 1745 2396 1815 intercute,
2429 1763 2655 1803 annum
2686 1764 2869 1821 agens
2899 1750 3111 1819 LXXV,
3157 1751 3466 1824 multaque
3512 1754 3735 1826 scripta

2080 1834 2341 1906 reliquit.
2374 1838 2437 1893 V.
2467 1844 2671 1894 notam
2706 1842 2755 1909 l,
2791 1855 2920 1911 pag.
2955 1842 3079 1895 790.

2149 1924 2357 1980 Επειοΰ
2389 1921 2722 2001 δειλότερος,
2754 1930 2901 1999 Epeo
2950 1929 3222 1996 timidior,
3281 1932 3579 2001 Cratinus,
3635 1950 3735 1989 co-

2078 2014 2290 2083 micus,
2323 2015 2650 2085 dicebatur,
2677 2015 2929 2074 fortasse
2961 2018 3140 2090 quod,
3175 2036 3311 2075 cum
3341 2021 3586 2076 OEneidi
3620 2023 3732 2077 tri-

2076 2100 2177 2156 bui
2209 2109 2511 2173 praesset,
2540 2105 2806 2161 timidior
2825 2105 3144 2163 videretur.
3179 2108 3374 2179 Epeus
3397 2109 3556 2164 enim
3582 2110 3736 2165 timi-

2076 2189 2187 2244 dus
2220 2196 2364 2245 erat.

2148 2279 2449 2349 Ephectici
2482 2280 2823 2353 philosophi
2876 2282 2959 2337 sic
3013 2283 3295 2355 appellati
3350 2283 3423 2339 ab
3484 2280 3729 2358 ἐπέχειν,

2075 2365 2347 2434 inhibere,
2400 2368 2558 2439 quod
2613 2384 2927 2425 assensum
2985 2369 3057 2425 de
3125 2371 3304 2426 rebus
3361 2372 3730 2437 inhiberent,

2080 2470 2299 2526 easque
2348 2458 2777 2529 comprehendi
2812 2476 2933 2515 non
2982 2477 3157 2531 posse
3218 2466 3565 2517 statuerent.
3634 2459 3739 2516 Καὶ

2075 2538 2427 2616 δογματίζειν
2461 2548 2573 2618 (66)
2609 2544 2744 2600 αὐτὰ
2774 2545 3154 2618 ἀκατάληπτα.

2144 2635 2413 2705 Ephesiae
2444 2635 2678 2704 litteras,
2718 2636 2786 2692 id
2827 2644 2916 2692 est
2966 2638 3402 2695 incantationes
3450 2639 3736 2711 quaadam

2073 2722 2361 2789 obscuras,
2397 2742 2545 2796 quas
2578 2731 2636 2781 et
2666 2729 2928 2783 Croesum
2963 2728 3024 2782 in
3066 2745 3209 2801 rogo
3241 2729 3463 2785 dixisse
3510 2729 3732 2786 ferunt.

2073 2815 2144 2867 Et
2167 2813 2445 2886 Olympia:
2477 2815 2703 2871 Milesio
2734 2821 2793 2871 et
2840 2817 3095 2888 Ephesio
3142 2817 3530 2887 luctantibus,
3563 2820 3736 2874 aiunt

2073 2902 2368 2958 Milesium
2400 2904 2614 2960 luctari
2644 2921 2766 2960 non
2799 2906 3090 2977 potuisse,
3125 2907 3286 2978 quod
3318 2908 3471 2963 alier
3498 2907 3732 2963 litteras

2073 2991 2358 3062 Ephesias
2389 2994 2509 3049 talo
2540 2993 2711 3066 pedis
2742 2995 3064 3068 alligasset.
3099 2998 3181 3051 Ea
3211 3002 3411 3053 autem
3460 3013 3525 3052 re
3554 3014 3725 3053 com-

2070 3086 2259 3153 perta,
2293 3082 2631 3155 litterisque
2660 3084 2782 3141 illis
2813 3084 3044 3155 solutis,
3081 3087 3373 3157 Ephesium
3390 3087 3722 3161 tricies(67)

315 3176 553 3233 circiter
580 3175 696 3230 duo
728 3174 938 3229 millia.
989 3173 1138 3227 Item
1196 3170 1265 3224 De
1320 3184 1380 3223 re
1426 3166 1639 3221 medica
1695 3163 1964 3219 oratione
2005 3235 2037 3243 _
2069 3169 2253 3226 fuisse
2283 3177 2667 3243 prostratum,

314 3266 529 3334 soluta,
562 3270 619 3321 et
647 3264 836 3321 multa
880 3263 1016 3319 alia.
1077 3266 1189 3317 etc.
1244 3258 1590 3330 Empedoclis
1644 3252 1964 3323 inimicitia,
1995 3235 2038 3302 (ἶ
2138 3235 2462 3333 Ephippus,
2508 3263 2912 3334 Atheniensis,
2946 3266 3207 3321 comicus
3236 3265 3449 3322 medias
3498 3283 3714 3324 comm-

306 3355 708 3429 proverbium,
746 3352 907 3426 quod
956 3352 1175 3408 dicitur
1231 3349 1302 3405 de
1349 3348 1425 3404 iis
1480 3347 1581 3418 qui
1639 3344 1952 3401 diuturnas

304 3445 652 3501 inimicitias
683 3443 966 3511 adversus
996 3441 1232 3512 aliquos
1257 3442 1490 3512 gerunt.

375 3537 825 3611 Empedotimus
857 3535 1097 3608 scripsit
1143 3530 1269 3607 περὶ
1326 3534 1559 3607 φυσικῆς
1617 3526 1950 3601 ἀκροάσεως,

304 3629 377 3684 De
398 3629 633 3699 physica
662 3627 1084 3690 auscultationc,
1117 3621 1189 3678 de
1222 3638 1337 3692 quo
1369 3619 1682 3690 (Julianus)
1715 3615 1743 3668 ὁ
1775 3634 1945 3689 παρα-

302 3710 475 3785 ϐάτης
505 3717 569 3771 in
586 3733 763 3787 opere
795 3713 955 3785 quod
986 3713 1187 3770 Cronia
1216 3709 1601 3765 inscribitur:
1635 3728 1664 3757 «
1696 3706 1811 3760 Nos
1843 3720 1948 3759 au-

299 3829 329 3856 «
364 3811 505 3872 tem,
534 3804 946 3876 Empedotimo
980 3808 1037 3856 et
1065 3800 1409 3872 Pythagorae
1441 3796 1773 3859 credentes,
1798 3793 1950 3848 etiis

2058 3349 2192 3406 dim.

2128 3440 2457 3514 Ephippus,
2488 3443 2811 3513 Cumanus,
2838 3444 2998 3501 illius
3031 3445 3369 3517 Demophili
3388 3446 3480 3501 vel
3506 3448 3711 3503 Antio-

2057 3529 2173 3597 chi,
2197 3531 2475 3587 Isocratis
2490 3533 2743 3589 oratoris
2762 3534 3368 3605 auditor,historicus,
3388 3536 3489 3606 qui
3508 3536 3700 3592 filium

2056 3619 2265 3675 habuit
2304 3622 2744 3694 Demophilum,
2777 3623 3151 3679 historicum.
3186 3625 3341 3680 Vixit
3369 3625 3710 3697 Olympiade

2054 3708 2246 3777 XCIII,
2280 3709 2362 3765 ita
2381 3715 2450 3765 ut
2469 3710 2726 3784 Philippi
2748 3712 3085 3768 Macedonis
3108 3729 3357 3785 regnum
3377 3718 3715 3770 antecesse-

2054 3797 2146 3851 rit.
2182 3798 2429 3869 Scripsit
2458 3800 2851 3856 Historiarum
2878 3800 2952 3856 ab
2984 3802 3075 3856 Ilii
3101 3802 3537 3874 expugnatione
3568 3805 3709 3858 Tro-

299 3917 327 3946 ‹‹
365 3912 496 3966 qum
528 3893 869 3948 Heraclides
903 3890 1181 3946 Ponticus
1211 3888 1283 3943 ab
1315 3886 1436 3941 illis
1484 3888 1727 3955 accepta
1764 3880 1951 3936 tradi-
2046 3885 2312 3957 janoque
2342 3886 2502 3943 bello
2532 3888 2607 3943 ad
2637 3905 2745 3945 sua
2773 3905 2964 3961 usque
2984 3895 3251 3963 tempora
3282 3914 3301 3941 ι
3330 3890 3513 3946 libros
3535 3891 3707 3963 XXX,

297 4007 325 4035 «
360 3984 468 4052 dit,
503 3988 561 4037 et
590 3982 766 4054 paulo
798 3985 935 4036 ante
968 3979 1225 4050 inclytus
1254 3976 1356 4031 ille
1387 3990 1588 4030 rerum
1619 3971 1949 4027 divinarum

299 4094 327 4122 ‹‹
356 4071 651 4143 interpres
681 4068 1003 4124 Jamblicus
1035 4064 1209 4121 nobis
1240 4061 1517 4118 ostendit.

370 4158 644 4219 Ἐνιαυτὸς
675 4155 952 4225 Μέτωνος,
1005 4169 1183 4211 annus
1235 4153 1485 4219 Metonis,
1535 4149 1596 4206 id
1647 4154 1738 4206 est
1782 4148 1946 4204 orbis

294 4266 587 4305 annorum
617 4247 761 4304 XIX.
796 4249 946 4302 Meto
974 4245 1158 4313 enim,
1218 4240 1699 4306 mathematicus,
1750 4239 1946 4310 perio-

295 4338 435 4395 dum
469 4338 752 4411 temporis
788 4353 856 4392 ex
885 4336 1017 4392 XIX
1047 4334 1223 4389 annis
1253 4335 1626 4387 constantem
1658 4329 1903 4385 invenit.

359 4429 605 4501 Ennius,
638 4434 814 4501 poeta
841 4429 1144 4483 Romanus
1170 4423 1255 4495 (id
1286 4426 1376 4477 est
1430 4418 1716 4492 Latinus),
1765 4434 1942 4490 quem

283 4517 547 4573 lElianus
578 4515 753 4573 laude
785 4515 1031 4589 dignum
1061 4530 1189 4569 esse
1229 4512 1331 4576 ait,
1387 4509 1546 4582 quod
1601 4509 1941 4580 Scipionem

2054 3997 2083 4024 «
2120 3979 2196 4030 De
2226 3976 2401 4031 bonis
2434 3982 2494 4032 et
2526 3977 2700 4033 malis
2730 3978 2902 4034 libris
2933 3979 3105 4035 XXIV
3135 3996 3149 4033 :
3201 3982 3418 4036 Rerum
3450 3981 3707 4037 admira-

2051 4086 2079 4114 «
2114 4064 2326 4119 bilium
2353 4066 2463 4117 τῶν
2513 4064 2840 4140 ἑκασταχοῦ,
2890 4085 3022 4139 quae
3075 4069 3138 4125 in
3197 4070 3402 4140 quavis
3459 4071 3702 4142 regione

2052 4175 2080 4204 «
2113 4154 2527 4223 observantur,
2561 4156 2748 4212 libros
2770 4156 2902 4225 XV;
2936 4158 3017 4214 De
3048 4159 3228 4215 rebus
3253 4175 3402 4231 quas
3451 4159 3706 4230 quisque

2052 4265 2081 4294 «
2112 4244 2340 4300 invenit
2368 4245 2554 4302 libros
2583 4248 2654 4316 II,
2685 4251 2744 4303 et
2771 4248 2907 4304 alia.

2121 4343 2415 4416 Ephorus,
2438 4344 2761 4416 Cumanus,
2786 4352 2846 4402 et
2864 4347 3703 4420 Theopompus,Damasistra—

2051 4433 2092 4487 ti
2116 4434 2199 4500 F.,
2224 4434 2425 4502 Chius,
2450 4435 2623 4491 ambo
2646 4436 2923 4493 Isocratis
2946 4437 3358 4509 discipuli,sed
3384 4436 3622 4509 ingenio
3645 4439 3704 4489 et

2052 4523 2204 4594 stylo
2236 4540 2415 4595 quam
2446 4526 2702 4581 maxime
2762 4527 2921 4582 inter
2962 4544 3024 4581 se
3070 4526 3497 4598 discrepantes.
3552 4523 3699 4579 Nam

283 4606 600 4678 magniﬁce
634 4605 917 4660 extollere
949 4602 1196 4675 cupiens
1222 4600 1481 4672 scripsit,
1505 4598 1699 4654 solum
1732 4599 1942 4654 Home-

2078 4613 2321 4684 iphorus
2338 4613 2579 4686 ingenio
2596 4620 2721 4671 erat
2743 4616 3093 4689 simplici,et
3114 4616 3274 4688 quod
3291 4615 3363 4671 ad
3377 4614 3699 4671 dictionem

284 4713 418 4751 rum
451 4695 657 4750 laudes
713 4694 819 4749 illo
877 4693 1085 4766 dignas
1138 4706 1351 4747 canere
1411 4705 1610 4760 posse,
1669 4688 1940 4760 adeoque

288 4783 694 4856 praestantiam
724 4783 854 4855 ejus
878 4780 1211 4853 intelligere
1234 4796 1296 4835 se
1318 4777 1745 4834 demonstravit
1762 4782 1942 4849 poeta

290 4877 616 4949 Messapius
646 4875 780 4947 (hoc
818 4880 909 4930 est
954 4872 1202 4940 Ennius,
1261 4872 1363 4943 qui
1407 4887 1442 4926 a
1487 4872 1751 4944 Messapo
1801 4887 1939 4944 rege

287 4985 458 5024 suam
490 4966 798 5039 repetebat
825 4962 1159 5037 originem).

353 5058 440 5111 Ἐν
472 5053 632 5111 πέντε
661 5056 863 5129 κριτῶν
888 5050 1097 5125 γόνασι,
1131 5052 1189 5107 1η
1216 5050 1464 5122 quinque
1482 5051 1745 5123 judicum
1773 5053 1938 5122 geni-

284 5148 399 5203 bus.
433 5146 589 5204 Olim
622 5145 890 5217 quinque
912 5142 1149 5215 judices
1180 5141 1252 5198 de
1284 5140 1530 5197 comicis
1552 5140 1933 5213 judicabant,

358 5329 468 5396 (65)
502 5332 575 5381 At
605 5327 890 5381 Kusterus
922 5341 953 5379 e
985 5321 1160 5396 codd,
1191 5321 1377 5396 Paris:
1415 5325 1474 5375 et
1502 5323 1744 5391 propter
1772 5321 1935 5381 litte-

284 5391 487 5455 rarum
520 5399 737 5454 seriem
770 5396 957 5469 edidit
985 5391 1294 5469 Disysivetv.
1328 5393 1503 5469 Hann.

2052 4704 2179 4775 ejus
2191 4703 2538 4759 historicam
2551 4706 3048 4778 attinet,supinus
3061 4706 3329 4779 etsegnis
3347 4720 3701 4776 semperque

2048 4791 2356 4847 remissus.
2387 4791 2800 4866 Theopompus
2828 4811 2964 4850 vero
2990 4794 3228 4867 ingenio
3263 4799 3389 4849 erat
3408 4791 3620 4849 acerbo
3645 4796 3704 4846 et

2047 4881 2309 4953 maligno
2335 4897 2348 4949 ;
2382 4886 2442 4937 at
2471 4881 2732 4939 dictione
2762 4884 3040 4955 copiosus
3071 4890 3131 4940 et
3158 4884 3402 4953 densus,
3434 4899 3503 4938 ac
3532 4882 3702 4937 vehe-

2046 4972 2285 5026 mentia)
2307 4970 2553 5043 plenusz:
2579 4977 2793 5029 caetero
2815 4973 2917 5045 qui
2937 4974 3057 5029 veri
3081 4973 3382 5029 studiosus
3403 4973 3465 5027 in
3484 4972 3698 5042 iisquae

2045 5059 2363 5117 scribebat.
2394 5061 2682 5117 Isocrates
2732 5062 2910 5136 igitur
2941 5065 3100 5120 hunc
3139 5063 3345 5132 frenis,
3391 5063 3691 5135 Ephorum

2044 5166 2179 5205 vero
2209 5149 2541 5206 calcaribus
2565 5150 2830 5225 indigere
2855 5153 3025 5209 dixit.
3044 5154 3457 5225 Theopompas
3475 5156 3694 5220 autem,

2041 5328 2116 5386 ad
2147 5330 2387 5384 Sextum
2410 5330 2795 5401 Empiricum.

2111 5401 2223 5477 (67)
2252 5402 2571 5477 Kﬁsterad
2598 5403 2657 5457 h.
2688 5405 2732 5458 Ι.
2769 5409 2912 5477 tom.
2945 5402 3017 5470 ll,
3047 5422 3181 5477 pag.
3206 5407 3335 5477 919.
3361 5408 3492 5477 not.
3511 5405 3565 5466 8,
3587 5416 3693 5473 pro

356 5471 471 5542 (66)
495 5470 745 5557 Fallitur
765 5468 997 5557 Su‘idas,
1022 5462 1626 5557 Sc'eptigisﬂtribuegs,
1643 5466 1800 5557 qugd
1822 5467 1933 5557 fuit

2078 5462 2330 5557 ρι’άξὸντει
2354 5471 2416 5526 τὸ
2596 5462 3020 5557 mpsiv‘legere:
3032 5462 3335 5549 ἀιειῖίιτρὶς
3362 5475 3423 5528 τὸ
3456 5462 3692 5557 ὲξῆῖᾳυ

283 5534 682 5612 quorumdam
697 5534 1363 5612 AcademicorumNam
1378 5534 1627 5605 Sceptici
1643 5536 1793 5612 nihil
1810 5546 1931 5598 sta-

282 5606 529 5669 fuerunt
558 5630 633 5668 ne
680 5629 753 5668 ue
784 5607 1168 5683 ἐδογμάτισαν,
1197 5607 1301 5663 sed
1317 5606 1731 5663 tantummodo
1754 5609 1931 5668 dubi-

282 5687 407 5740 tare
438 5701 502 5740 se
528 5630 980 5740 proﬁtebantur.
1018 5680 1181 5740 Vide.
1217 5680 1266 5737 si
1296 5678 1514 5740 placet,
1548 5692 1680 5740 qua:
1730 5686 1927 5740 notavi

279 5687 407 5741 tare
438 5701 502 5740 se
528 5678 980 5756 proﬁtebantur.
1018 5680 1181 5749 Vide,
1217 5680 1266 5737 si
1296 5678 1514 5751 placet,
1548 5692 1680 5748 qua:
1730 5686 1927 5742 notavi

2040 5543 2124 5619 ter
2152 5545 2422 5619 dejectum
2440 5547 2608 5619 fuisse
2625 5546 2698 5601 ab
2723 5543 3088 5619 adveisario,
3107 5543 3396 5619 suamque
3421 5543 3694 5619 emenda-

2040 5617 2269 5673 tionem
2302 5615 2421 5672 late
2451 5617 2820 5689 pulchreque
2853 5615 3110 5691 explicat
3138 5615 3491 5699 probatque.
3517 5617 3692 5672 ΒΑΜ..
