4110 6418
308 410 464 471 1259
517 339 530 370 ι
1609 351 1854 462 ιΝοΕίχ
1898 381 1931 461 ε

2168 347 2458 462 ’ὸΗὺΜ’ῖ
3572 385 3729 470 i266
3773 367 3791 401 ³

306 539 706 605 vacabantur;
738 495 1104 609 Epiphanius
1143 534 1409 601 illorum,
1444 549 1575 604 quae
1597 505 1669 587 in
1709 503 1925 590 Osidiri

2104 530 2257 587 τολλᾶ
2315 533 2742 606 παραμέκουσιν,
2799 534 3121 593 dictionem
3181 538 3437 594 ethicam
3495 549 3727 613 curant,

308 629 602 684 honorem
649 626 1108 685 celebrabantur
1136 667 1155 693 ,
1216 631 1274 680 et
1339 622 1793 679 celebratissimi
1854 621 1956 677 Dei
2067 629 2126 678 et
2151 624 2215 679 in
2245 625 2753 696 contemplatione
2786 626 3142 699 plerumque
3172 637 3579 701 perseverant,
3612 625 3750 700 un!

307 719 529 786 Eonis,
562 718 811 786 etc..(Ex
854 714 1207 780 Damascio.)
2068 711 2139 768 de
2171 713 2349 773 etiam
2399 718 2686 768 vocantur
2744 714 2947 783 Esszei,
2991 715 3032 771 i.
3072 731 3122 772 e.
3174 717 3538 790 Θεωρητικοῖ.
3585 721 3726 775 Con-

377 805 782 879 Epistola[IX)
812 804 1028 863 Iuliani
1063 802 1382 874 parabatee,
1415 801 1490 858 ad
1540 801 1975 873 Porphyrium,
2067 803 2432 873 templatores.
2613 873 2616 876 ῃ

306 898 692 963 catholicum,
715 912 856 966 .quaa
878 894 1054 967 jubet
1093 894 1398 965 copiosam
1449 892 1677 964 Georgii
1709 893 1960 964 (Cappa—
2137 893 2448 963 Evagoras,
2474 890 2746 962 Lindius,
2781 892 3123 963 historicus,
3147 895 3430 966 scripsit.
3469 918 3495 949 α
3530 899 3720 956 Vitam

305 987 491 1058 (locis)
544 985 969 1042 bibliothecam
1024 984 1221 1048 omnis
1265 981 1502 1054 generis
1558 979 1955 1052 philosophis,
2065 1003 2093 1031 «
2127 981 2472 1054 Timagenis,
2493 986 2550 1037 et
2581 981 2834 1052 aliorum
2884 983 3192 1040 doctorum
3234 987 3492 1042 virorum
3525 1005 3725 1058 quaes-

305 1077 511 1132 multis
539 1076 721 1132 etiam
751 1072 1323 1134 commentariorum
1342 1069 1732 1142 scriptoribus
1759 1069 1965 1138 refer:
2065 1093 2093 1120 ‹‹
2130 1070 2347 1139 tiones,
2381 1071 2590 1128 ordine
2639 1072 3053 1143 alphabetico;
3110 1074 3471 1146 Thucydidis
3531 1071 3758 1134 artem'

305 1172 450 1232 tam,
481 1167 568 1220 in,
603 1164 820 1236 quibus
865 1168 949 1226 ει,
993 1162 1182 1228 multa
1237 1177 1308 1230 ac
1365 1160 1528 1224 varia.
1579 1158 1962 1224 Galilaeorum
2064 1185 2091 1212 «
2123 1160 2482 1229 rhetoricam
2513 1162 2683 1233 libris
2715 1166 2783 1231 V,
2835 1164 2915 1218 De
2972 1163 3332 1222 dictionibus
3373 1167 3726 1236 difﬁcilibus
3769 1153 3779 1166 ’

308 1257 548 1327 scripta,
581 1255 920 1310 universam
952 1252 1026 1310 ad
1057 1269 1118 1308 se
1169 1249 1548 1316 Antiochiam
1597 1248 1961 1314 transmitti.,
2005 1315 2010 1318 _
2063 1273 2090 1301 «
2125 1269 2194 1307 ac
2219 1253 2615 1320 controversis
2636 1253 2796 1325 apud
2817 1253 3219 1325 Thucydidem
3246 1273 3259 1324 ;
3286 1257 3606 1316 Historiam
3631 1277 3724 1316 re-

380 1340 648 1399 Ἐποποΐα
671 1385 708 1412 ,.
749 1343 833 1400 sic
879 1345 1126 1410 vocatur.
1176 1339 1428 1394 historia
1489 1338 1729 1394 heroico
1762 1352 1957 1398 versu

1180 1339 1428 1394 historia
1489 1338 1729 1394 heroico
1762 1352 1957 1398 versu
2071 1358 2092 1386 α
2127 1355 2308 1411 gnum
2337 1341 2741 1412 zEgyptorum.
2780 1361 2803 1392 υ

304 1434 544 1505 scripta.
587 1411 730 1487 Nam
785 1430 1004 1502 poesis,
1054 1445 1186 1500 quae
1217 1433 1380 1483 caret
1425 1425 1648 1495 fabula,
1699 1431 1788 1482 est
1817 1442 1954 1497 epo-
2134 1411 2604 1500 Evagriusivarla
2635 1430 2875 1502 scripsit
2915 1435 2974 1486 et
3021 1411 3180 1489 inter
3229 1449 3298 1489 ea
3336 1411 3722 1493 Commenta-

305 1523 482 1595 preia.
694 1573 696 1578 _
734 1567 760 1578 ,.
1396 1567 1400 1571 .
1614 1575 1618 1578 ,
1771 1567 1777 1574 .
1919 1566 1927 1575 .

1771 1567 1777 1574 .
1919 1566 1927 1575 ,
1961 1569 1966 1574 .
2062 1517 2218 1573 rium
2251 1518 2313 1573 in
2342 1517 2656 1594 Proverbia
2676 1518 3032 1577 Salomonis.
3272 1575 3275 1580 λ

376 1609 788 1672 Erasistratus,
819 1606 1065 1662 Juliates
1095 1605 1268 1662 Ceius
1296 1622 1364 1662 ex
1384 1604 1635 1674 Juliade,
1667 1604 1764 1660 Cei
1793 1604 1967 1660 insu-.
2133 1607 2483 1679 Evangelus,
2515 1609 2800 1675 comicus,
2827 1625 2857 1663 e
2889 1609 3058 1681 cujus
3089 1611 3459 1669 dramatibus
3495 1615 3721 1670 Ἀναμία-

304 1700 377 1754 ιω
403 1697 647 1770 oppido,
678 1696 838 1754 ﬁlius
868 1696 1232 1759 Cretoxenaa,
1255 1693 1429 1754 Medii
1460 1692 1674 1748 medici
1709 1692 1951 1758 sororis,
2062 1695 2403 1768 λυπτόμενος
2436 1699 2593 1770 apud
2624 1700 2998 1755 Athenaeum.
3054 1701 3176 1767 [lib.
3229 1721 3342 1774 xw,
3400 1722 3531 1777 pag.
3591 1710 3718 1763 644.

304 1795 364 1843 et
393 1786 772 1846 Cleombroti.
810 1784 1302 1840 HicAntiochum
1335 1799 1554 1853 regem,
1592 1782 1954 1842 StratoniCes
1995 1837 1998 1840 ,
2062 1786 2174 1841 Sed
2205 1787 2284 1841 ibi
2323 1786 2530 1843 fabula
2585 1788 2712 1844 haec
2766 1789 3105 1860 appellatur
3171 1790 3719 1866 Ἀνακαλυπτομένῃ.

300 1893 568 1932 noverca:
598 1891 799 1938 amore
830 1873 1222 1942 laborantem,
1269 1872 1518 1982 sanavit.
1551 1870 1824 1982 Sepultus
1866 1875 1956 1973 est
1984 1917 2032 1982 Β
2059 1871 2306 1982 notante
2321 1877 2608 1982 ‘Kustero,
2642 1878 2716 1934 ad
2740 1883 2882 1933 tom.
2914 1880 2958 1947 Ι,
2992 1896 3123 1952 pag.
3157 1882 3326 1953 880.]

289 1970 464 2040 juxta
494 1973 756 2026 montem
800 1966 1084 2038 Mycalen.
1118 1982 1147 2020 e
1180 1965 1421 2036 regione
1471 1963 1651 2020 Sami.
1705 1964 1953 2034 Scripsit
1984 1963 2032 1982 "
2135 1964 2434 2032 Evathlus,
2496 1972 2695 2021 orator
2739 1967 3070 2038 improbus.
3117 1970 3395 2040 garrulus
3439 1978 3498 2026 et
3547 1973 3718 2044 igno-

298 2061 372 2114 De
401 2077 459 2114 re
485 2059 699 2114 medica
729 2057 897 2110 libros
924 2058 1020 2114 IX.
1915 2100 1918 2104 .
2055 2050 2216 2108 bilis.

368 2145 998 2217 Eratosthenes,.Aglai
1032 2144 1134 2212 vel1
1156 2143 1448 2200 Ambrosii
1476 2144 1559 2210 F.,
1589 2143 1948 2216 Cyrenaeus,
2128 2140 2413 2211 Eubulus,
2447 2141 2805 2215 demagogus
2837 2143 3228 2201 clarissimus.
3446 2211 3450 2214 ,

292 2237 606 2303 Aristonis,
637 2232 999 2307 philosophi,
1031 2233 1181 2290 Chii.
1226 2237 1286 2286 et
1340 2232 1625 2303 Lysaniae,
1661 2230 1948 2301 Cyrenaei,
2128 2230 2413 2300 Eubulus,
2447 2232 2746 2304 Sphettius
2778 2233 3183 2307 Atheniensis,
3214 2237 3620 2309 Euphranoris
3650 2242 3716 2297 F.

295 2324 720 2398 grammatici,
781 2328 839 2378 et
897 2321 1268 2392 Callimachi,
1325 2325 1536 2390 poetas,
1597 2319 1988 2400 discipulum,
2058 2320 2340 2375 comicus.
2384 2321 2595 2376 Docuit
2622 2321 2855 2378 fabulas
2888 2324 3031 2394 CIV,
3057 2323 3313 2397 vixitque
3367 2327 3718 2399 Olympiade

295 2415 634 2470 Arcessitus
665 2411 915 2472 Athenis
945 2427 980 2468 a
1013 2410 1333 2464 Ptolemaeo
1364 2409 1536 2462 tertio
1569 2407 1644 2462 ad
1675 2409 1951 2480 quintum
1989 2471 1992 2476 ν
2055 2408 2123 2462 Cl
2152 2409 2351 2464 medio
2407 2409 2564 2464 inter
2622 2411 2880 2478 mediam
2938 2419 2997 2468 et
3047 2419 3305 2471 veterem
3364 2417 3718 2476 comoediam

295 2520 486 2574 usque
516 2502 681 2556 vixit.
716 2501 821 2555 Hic
849 2499 1005 2571 quod
1069 2500 1130 2554 in
1167 2498 1339 2552 omni
1399 2497 1682 2552 doctrinae
1734 2513 1951 2569 genere
1989 2563 1992 2572 ι
2056 2503 2348 2568 tempore.
2387 2500 2446 2554 V.
2477 2506 2679 2556 notam
2710 2502 2964 2556 Kusteri.

295 2591 625 2648 secundum
648 2590 844 2654 locum
862 2593 1090 2646 teneret
1121 2592 1178 2642 et
1207 2587 1346 2642 viris
1370 2587 1618 2642 summis
1649 2587 1952 2658 proximus
2126 2587 2425 2658 Euclides,
2459 2605 2529 2644 ex
2554 2591 2823 2662 Megaris,
2879 2592 2941 2646 in
2969 2593 3220 2660 Isthmo,
3247 2595 3397 2664 sitis,
3442 2596 3716 2667 philoso-

296 2686 473 2746 esset,
509 2681 632 2736 beta
662 2683 904 2735 vocatus
935 2683 1044 2736 est.
1076 2677 1196 2733 Alii
1232 2692 1366 2731 eum
1392 2676 1703 2732 Platonem
1738 2693 1950 2732 secun-
1978 2739 1981 2741 λ
2056 2677 2230 2747 phus,
2265 2683 2470 2732 auctor
2503 2685 2676 2734 secta:
2701 2697 2832 2750 qua)
2864 2679 2936 2735 ab
2977 2680 3128 2752 ipso.
3159 2682 3472 2755 Megarica,
3521 2685 3748 2750 Diale»

295 2769 925 2840 dumveljuniorem,
963 2766 1064 2822 alii
1098 2763 1397 2819 πένταθλον
1432 2770 1491 2820 et
1526 2765 1950 2837 quinquercio-
2056 2766 2206 2821 ctica
2262 2768 2397 2822 aliis
2448 2774 2506 2823 et
2561 2770 2826 2826 Eristica.
2889 2771 3022 2825 Fuit
3079 2773 3334 2827 Socratis
3384 2774 3716 2846 discipulus

296 2876 436 2918 nem
490 2858 890 2930 appellarunt.
927 2857 1107 2912 Natus
1168 2860 1259 2910 est
1317 2855 1539 2909 CXXVI
1571 2854 1950 2926 Olympiade,
2056 2856 2229 2927 eique
2258 2858 2536 2930 Ichthyas
2571 2864 2629 2914 et
2657 2866 2865 2931 postea
2891 2860 3121 2932 Stilpon
3159 2863 3233 2930 in
3265 2863 3470 2920 schola
3510 2883 3716 2922 suces—

292 2949 442 3004 obiit
469 2949 660 3004 aetatis
689 2964 846 3006 anno
875 2946 1087 3015 LXXX,
1113 2962 1183 3000 ex
1213 2944 1416 2999 inedia
1446 2950 1688 3018 propter
1716 2944 1949 3000 hebeta-
2056 2945 2152 3013 sit,
2191 2946 2438 3018 Scripsit
2469 2947 2758 3020 dialogos,
2817 2971 2846 2999 «
2902 2949 3294 3018 Alcibiadem,
3346 2954 3710 3023 Eschinem,

289 3044 410 3094 tam
468 3037 793 3098 oculorum.
825 3035 1036 3101 aciem,
1094 3034 1301 3098 relicto
1356 3034 1575 3109 insigni
1628 3034 1948 3106 discipulo,
2056 3036 2438 3106 «Critonem,
2483 3039 2815 3110 Phamices,
2879 3040 3236 3112 Lampriam,
3288 3046 3714 3101 Amatorium»

289 3127 707 3196 Aristophane,
741 3123 1040 3196 Byzantio,
1085 3124 1256 3193 cujus
1288 3121 1618 3194 discipulus
1648 3123 1762 3177 fuit
1816 3123 1948 3178 Ari-
2057 3129 2115 3179 et
2142 3125 2261 3184 alia
2292 3127 2587 3196 quaedam.

289 3215 766 3286 starchus,hujus
796 3230 930 3268 vero
963 3212 1595 3276 Mnaseas,Menander
1627 3217 1686 3266 et
1716 3212 1941 3267 Aristis.
1987 3279 2025 3296 Α
2127 3213 2486 3280 Eudaamon,
2507 3216 2830 3286 Pelusiota,
2861 3220 3305 3290 grammaticus,
3340 3223 3591 3294 aequalis
3620 3224 3717 3296 Li-g

287 3305 539 3376 Scripsit
562 3279 996 3376 philOSOphica,
1029 3307 1306 3373 poemata
1335 3307 1393 3356 et
1414 3301 1716 3358 historias.
1746 3303 1939 3357 Astro-
1983 3279 2025 3346 (ἶ
2054 3301 2216 3360 banii
2257 3303 2562 3375 sophista),
2610 3306 2682 3360 ad
2715 3279 2894 3377 quem
2925 3308 3103 3363 etiam
3162 3279 3391 3365 diversa
3411 3279 3430 3294 ι
3450 3289 3713 3384 scripsit.

294 3396 543 3451 nomium
594 3394 715 3449 sive
775 3394 1180 3462 cataslerismos
1205 3445 1209 3450 ,
1235 3391 1308 3462 de
1356 3391 1431 3446 iis
1462 3391 1564 3462 qui
1596 3391 1752 3446 inter
1781 3397 1950 3447 astra.
2053 3390 2156 3446 Hic
2187 3392 2347 3462 varia
2400 3394 2737 3464 composuit
2791 3417 2819 3445 «
2853 3397 3152 3464 Poemata,
3187 3404 3246 3452 et
3274 3401 3476 3454 Artem
3511 3417 3710 3472 gram-

283 3485 455 3543 relati
489 3489 644 3546 sunt.
695 3485 842 3538 Item
884 3484 956 3538 De
989 3482 1447 3552 philosophorum
1493 3483 1667 3550 sectis.
1691 3546 1695 3550 .
1723 3483 1794 3554 De
1837 3499 1937 3546 υατ
2057 3501 2084 3532 α
2115 3480 2393 3537 maticam
2425 3486 2484 3536 et
2512 3482 3004 3556 Orthographiam
3036 3487 3371 3542 nominum.

283 3577 486 3630 cuitatc
513 3574 735 3630 doloris.
764 3571 1023 3640 Dialogos
1052 3571 1274 3626 multos
1317 3577 1376 3625 et
1407 3571 1593 3626 multa
1648 3587 1906 3643 grammar

2121 3564 2618 3645 Εὐδαιμφνέστερος
2644 3574 2750 3626 τῶν
2783 3572 3048 3647 Καρκίνου
3080 3569 3413 3648 στροϐίλων,
3437 3577 3497 3633 h.
3532 3595 3581 3634 e.
3616 3581 3705 3636 in-

283 3667 411 3720 tica.
594 3719 595 3722 η
865 3723 868 3726 ,
1725 3729 1729 3734 1
1911 3733 1918 3739 _
2046 3659 2413 3729 felicissimus,
2443 3661 2506 3716 in
2538 3662 2771 3717 Carcini
2796 3669 2982 3735 poetaa
3013 3665 3192 3734 ﬁlios,
3217 3672 3328 3721 etc.
3357 3669 3714 3742 (Aristophn

350 3753 646 3810 Erennius
697 3767 1028 3824 cognomen
1086 3749 1199 3804 fuit
1273 3749 1542 3804 Philonis
1607 3749 1817 3820 Byblii,
1869 3755 1937 3806 ut
2115 3749 2440 3821 Eudemus,
2465 3757 2682 3822 orator,
2709 3753 2869 3809 varia
2891 3755 3523 3830 scripsitetpraecipue
3552 3760 3714 3814 Lexi-

280 3845 408 3915 ipse
431 3843 594 3898 dicit.
672 3867 681 3882 ι
1941 3913 1946 3916 _
2047 3855 2158 3894 con
2219 3839 2608 3913 utilissimum
2669 3843 3006 3910 verborum,
3057 3845 3275 3915 quibus
3335 3853 3602 3903 oratores
3647 3854 3710 3905 et

350 3933 593 4000 Erinna,
625 3931 765 3992 Teia
802 3931 889 3986 vel
934 3929 1161 3995 Lesbia,
1194 3929 1307 3998 vel,
1363 3934 1430 3985 ut
1469 3929 1594 3997 alii,
1651 3929 1831 3996 Telia,
1865 3947 1936 3985 ex
2045 3928 2255 3999 optimi
2282 3931 2502 4001 quique
2529 3932 2850 4003 scriptores
2880 3939 3153 4002 utuntur,
3189 3935 3396 4004 ordine
3418 3937 3707 4009 alphabe-

279 4021 439 4090 Telo,
471 4035 649 4092 parva
687 4018 887 4074 insula
932 4034 1116 4090 prope
1172 4017 1425 4072 Cnidum
1488 4017 1600 4071 fuit
1651 4013 1932 4090 ἐποποιὸς,
2046 4017 2161 4072 tico
2195 4020 2451 4090 [Kuster,
2486 4021 2546 4074 in
2601 4027 2724 4076 not.
2782 4027 2835 4091 2,
2873 4029 3016 4079 tom.
3049 4026 3092 4091 Ι,
3128 4042 3258 4098 pag.
3311 4028 3436 4096 885,
3489 4028 3701 4102 lexiea,

276 4110 508 4182 poetria
564 4109 756 4180 epica,
812 4107 1168 4178 scripsitque
1229 4103 1562 4174 Ἠλακάτην,
1627 4107 1784 4178 quod
1845 4111 1936 4163 est
2046 4123 2177 4178 qua)
2211 4107 2385 4164 hodie
2420 4110 2481 4166 in
2531 4110 2780 4167 diversis
2813 4119 3047 4168 exstant
3086 4114 3462 4171 bibliothecis
3495 4123 3554 4172 et
3585 4121 3700 4174 Eu-

275 4216 510 4271 poema,
542 4198 765 4263 ,ιΕοιίεᾷ
795 4202 853 4253 et
899 4196 1110 4256 Dorica
1157 4195 1411 4250 dialecto
1461 4195 1770 4267 scriptum,
1805 4212 1931 4254 ver-
2043 4196 2208 4266 demi,
2259 4198 2538 4267 rhetoris,
2598 4217 2820 4257 nomen
2881 4203 3227 4275 praeferunt,
3287 4201 3700 4282 ψευδεπίγραφοι

276 4289 440 4344 sibus
487 4290 630 4348 CCC.
693 4288 853 4343 Fecit
912 4291 970 4342 et
1025 4286 1473 4357 epigrammata.
1535 4285 1693 4339 Obiit
1749 4287 1930 4359 virgo,
2043 4301 2173 4339 esse
2205 4285 2636 4360 existimati.]v
3705 4357 3708 4360 ,

272 4380 404 4435 XIX
433 4395 626 4435 annos
680 4384 841 4444 nata,
897 4376 1088 4432 amica
1145 4380 1204 4434 et
1256 4375 1503 4446 aequalis
1561 4375 1921 4447 Sapphonis.
2115 4373 2206 4429 Ἐὖ
2235 4371 2456 4451 διάγειν.
2494 4379 2655 4434 Hanc
2710 4379 3029 4437 formulam
3080 4381 3378 4438 salutandi
3431 4383 3699 4454 epistolis

275 4470 491 4525 Versus
524 4469 654 4540 ejus
677 4465 930 4539 judicati
965 4469 1106 4528 sunt
1136 4464 1463 4520 Homericis
1494 4481 1690 4536 pares,
2044 4465 2167 4520 suis
2226 4467 2593 4540 praescripsit
2662 4471 2971 4542 Epicurus.
3032 4472 3212 4528 Cleon
3272 4489 3406 4528 vero
3465 4470 3699 4547 χαίρειν.

346 4557 617 4627 Eriphus,
650 4555 937 4620 comicus,
971 4570 1038 4608 ex
1071 4553 1241 4624 cujus
1291 4552 1666 4626 dogmatibus
1701 4550 1929 4624 Αὶὸλος,

975 4570 1038 4608 ex
1071 4553 1241 4624 cujus
1291 4552 1666 4626 dogmatibus
1701 4550 1929 4624 Αἰόλος,
2039 4555 2294 4626 ΡΙᾶιοῇεὖ
2320 4557 2598 4630 πράττειν.

271 4643 599 4714 πελταστής,
631 4638 908 4716 μελίϐοια,
959 4648 1025 4698 ut
1082 4643 1422 4711 Athenaeus,
1471 4642 1625 4697 libro
1680 4660 1768 4697 xw
1794 4645 1894 4716 Dip

2108 4645 2429 4716 Eudoxius,
2475 4649 2790 4722 episcopus
2848 4652 3201 4723 Antiochiaa,
3262 4671 3333 4708 ex
3391 4651 3695 4719 Arabisso,

271 4733 606 4805 nosophist.
1526 4798 1529 4801 _
1941 4805 1944 4808 ἢ
2039 4738 2255 4809 oppido
2305 4741 2556 4795 minoris
2602 4743 2898 4798 Armenia)
2940 4744 3254 4814 oriundus,
3303 4744 3473 4814 cujus
3505 4748 3695 4815 pater,

343 4824 432 4884 Ἐς
461 4820 779 4877 Μασσαλίαν
835 4819 1097 4887 πλεύσας,
1153 4822 1457 4878 Massiliam
1508 4826 1801 4892 navigans,
1851 4823 1924 4887 de

2070 4829 2344 4898 Laisarius,
2377 4830 2485 4886 sub
2517 4831 2869 4888 Maximiano
2903 4835 3168 4905 martyrii
3203 4850 3422 4889 corona
3450 4832 3693 4888 redimi-

270 4913 344 4968 iis
373 4912 610 4981 dicitur,
639 4912 742 4982 qui
801 4910 1138 4966 ell'eminate
1190 4916 1246 4965 et
1303 4910 1564 4966 molliter
1590 4913 1810 4979 vivunt,
1861 4913 1922 4983 V,
2034 4925 2129 4975 tus
2159 4927 2266 4988 est,
2299 4926 2412 4978 etc.
3686 4987 3691 4992 ,

269 5018 466 5074 snpra,
499 5000 560 5055 ἐκ
581 4997 922 5066 Μασσαλίας,
958 5004 1016 5054 et
1045 5000 1261 5064 Athen.
1297 5002 1417 5068 ΧΠ,
1454 5018 1582 5076 pag.
1618 5005 1741 5058 523.
2104 5009 2406 5076 Eudoxus,
2430 5011 2726 5066 Aﬂschinis
2747 5013 3114 5083 F.,Cnidius,
3135 5013 3552 5085 philosophus,
3570 5011 3697 5067 Pla-

337 5090 610 5166 Ἕσχατος
669 5091 871 5147 Μυσῶν
948 5087 1099 5158 πλεῖ,
1157 5092 1431 5160 Mysorum
1479 5091 1706 5162 ultimus
1760 5092 1924 5146 navi-

2064 5098 2190 5153 onis
2213 5099 2484 5170 aequalis,
2517 5102 2611 5156 cui
2643 5101 2809 5158 fuere
2845 5109 2962 5159 tres
3013 5105 3173 5172 filiae,
3206 5105 3389 5171 Actis,
3425 5103 3687 5175 Delphis,

264 5190 378 5252 gat,
411 5181 788 5254 proverbium
822 5179 892 5235 de
945 5180 1020 5234 iis
1078 5181 1295 5251 quibus
1357 5181 1505 5236 dura
1563 5187 1622 5235 et
1651 5181 1922 5239 difﬁcilia
2030 5187 2283 5244 Philitis.
2309 5191 2657 5262 Astrologias
2684 5192 2999 5264 insigniter
3027 5193 3392 5249 deditusfuit
3423 5192 3694 5264 scripsit:

263 5273 654 5344 imperantur,
690 5276 800 5328 etc.
1251 5321 1253 5323 .
1885 5335 1887 5338 ,
2029 5293 2144 5348 que
2194 5279 2369 5350 plura
2427 5280 2556 5352 ejus
2605 5283 2839 5354 generis
2869 5289 2930 5338 et
2975 5283 3393 5353 Octaeteridem,
3449 5298 3688 5339 necnon

331 5363 536 5430 Essmi,
595 5366 812 5419 ascetaa
863 5361 1022 5420 inter
1078 5361 1333 5430 Judmos,
1370 5360 1470 5432 qui
1503 5359 1834 5426 Pharisaeos
1862 5366 1922 5436 et

1701 5378 1834 5426 583.08
1862 5366 1922 5436 σι
2029 5389 2057 5415 ‹‹
2084 5370 2531 5428 Astronomiam
2561 5374 2671 5443 (69)
2697 5373 2967 5431 versibus
2993 5375 3268 5432 heroicis.
3297 5397 3324 5424 »

261 5453 487 5510 scribas
529 5452 851 5516 severitate
912 5451 1248 5523 disciplinae
1306 5451 1480 5519 lange
1506 5511 1508 5514 ,
1537 5456 1916 5529 superarunt,
2099 5458 2351 5528 Evenos,
2387 5461 2536 5520 duos
2568 5463 2736 5518 aiunt
2762 5462 2946 5520 fuisse
2978 5464 3270 5533 elegiacos
3302 5469 3528 5536 poetas,
3563 5479 3665 5518 eos

258 5539 644 5614 ἐπιμελοῦνται
701 5545 802 5610 τῆς
881 5541 1086 5611 ἠθικῆς
1160 5538 1377 5611 λέξεως,
1467 5537 1666 5612 θεωρίᾳ
1735 5537 1793 5592 δὲ
1850 5560 1880 5594 τ

1020 5541 1086 5609 ἧς
1160 5538 1377 5611 λέξεως,
1467 5537 1666 5612 θεωρίᾳ
1735 5537 1793 5592 δὲ
1850 5537 1919 5594 τὰ
2033 5563 2146 5616 que
2180 5548 2385 5606 ambos
2417 5551 2643 5609 Parios.

325 5729 441 5796 (69)
472 5729 598 5781 Non
622 5726 912 5801 .Eudoxus
967 5741 1170 5782 versus
1222 5724 1481 5798 scripsit,
1542 5723 1644 5782 sed
1679 5732 1894 5785 Aratus
1936 5729 2162 5790 Eudoxi
2195 5752 2392 5808 prosa.
