4110 6428
270 383 424 445 1261

1594 383 1698 442 DE
1741 381 2028 454 QUIBUS
2071 381 2351 446 SUIDAS

3537 386 3696 446 I262

339 514 578 588 Εὐεστὼ,
609 517 785 572 animi
811 515 1276 586 tranquillitatem
1305 515 1695 579 Democritus,
1729 514 1923 570 Abde-
1951 520 2008 586 Α
2034 515 2095 570 in
2129 516 2375 587 poeticis
2406 533 2541 572 vero
2594 516 2934 586 Archebuli,
2987 517 3236 586 Theraei,
3273 522 3485 591 poetas,
3520 499 3694 591 cujus

269 605 406 672 rita,
439 605 640 661 docuit
670 606 851 661 ﬁnem
874 623 1002 661 esse
1037 609 1096 660 et
1125 621 1429 660 summum
1458 603 1782 674 felicitatis,
1816 608 1928 658 etc.

345 697 678 764 Eueterius,
707 695 1005 752 Joviniani
1065 697 1207 768 imp.
1264 694 1633 766 temporibus
1665 693 1935 749 doctrina

271 784 516 856 quidem
539 790 597 840 et
621 785 842 858 ingenii
868 786 1210 858 przestantia
1232 784 1497 856 antiquis
1520 800 1641 838 non
1663 782 1931 853 inferior,

273 874 378 929 sed
432 875 533 946 qui
594 892 665 929 ex
723 875 888 930 molli
949 873 1330 947 simplicitate
1391 873 1612 928 multos
1663 873 1932 928 insontes

271 982 485 1038 passus
517 969 607 1020 est
627 965 842 1038 judicii
875 964 1108 1036 laqueis
1142 964 1388 1019 irretiri.

342 1057 661 1127 Eugenius,
682 1055 1005 1128 Trophimi,
1021 1052 1930 1127 F.,Augustopolitanus,Phryx,

270 1146 718 1219 grammaticus,
773 1145 974 1200 docuit
1025 1144 1218 1212 CPoli,
1252 1143 1352 1198 ubi
1398 1143 1565 1198 valde
1597 1142 1792 1197 clarus
1824 1140 1936 1195 fuit

263 1237 394 1309 jam
452 1251 633 1290 senex
691 1240 958 1306 tempore
1016 1233 1313 1288 Anastasii
1372 1232 1516 1304 imp.
1576 1231 1824 1303 Scripsit
1860 1229 1933 1285 de

270 1326 647 1382 dimensione
669 1339 947 1378 versuum
971 1322 1321 1378 melicorum
1345 1318 1934 1392 .Eschyli,Sophoclis

275 1422 333 1471 et
363 1413 661 1486 Euripidis
684 1413 745 1468 in
768 1412 985 1467 fabulis
1007 1413 1120 1467 XV.
1147 1413 1227 1467 De
1255 1411 1486 1483 pwonio
1520 1414 1578 1464 et
1605 1409 1936 1481 palimbac-

274 1506 410 1562 chio
442 1509 631 1559 metro
658 1520 672 1570 ;
706 1503 777 1558 de
801 1501 1147 1557 nominibus
1177 1501 1536 1572 templorum
1559 1505 1616 1554 et
1637 1497 1934 1570 quomodo

277 1611 346 1650 ea
377 1593 626 1666 proferri
675 1591 951 1659 debeant,
1008 1596 1076 1647 ut
1133 1587 1460 1657 Διονύσειον,
1521 1585 1933 1656 Ἀσκληπίειον.

277 1683 577 1739 Vocabula
607 1681 996 1737 miscellanea
1043 1680 1253 1734 ordine
1297 1677 1694 1750 alphabetico,
1727 1677 1787 1732 in
1820 1693 1935 1747 quo

277 1791 456 1846 Opere
489 1773 669 1827 etiam
701 1787 852 1827 nova
883 1769 1155 1841 quaedam
1189 1774 1247 1824 et
1293 1767 1617 1842 singularia
1645 1766 1825 1821 habet
1861 1764 1934 1820 ad

2040 605 2218 660 etiam
2250 605 2478 661 deliciae
2526 606 2708 662 fuisse
2759 607 2962 662 fertur.
3012 610 3192 664 Natus
3225 614 3315 664 est
3344 609 3694 681 Olympiade

2039 694 2276 766 CXXVI,
2311 711 2427 766 quo
2459 699 2721 769 tempore
2746 703 2803 752 et
2833 699 3093 770 Pyrrhus
3125 715 3159 754 a
3196 699 3476 755 Romanis
3508 699 3694 754 victus

2041 788 2148 838 est.
2182 785 2328 838 Eum
2362 784 2523 840 Nicia
2570 784 2910 857 Alexandri,
2963 787 3119 858 regis
3167 786 3421 856 Euboeae,
3469 786 3692 842 Crateri

2041 873 2173 938 ﬁlii,
2232 890 2380 928 uxor
2418 875 2671 942 amavit;
2724 876 2862 930 hinc
2913 876 3199 947 praedives
3230 877 3302 932 ad
3335 877 3693 932 Antiochum

2039 978 2344 1034 magnum,
2374 981 2575 1036 regem
2607 965 2806 1036 Syriae,
2844 981 2904 1020 se
2953 965 3207 1021 contulit
3233 971 3290 1021 et
3320 967 3448 1038 ejus
3478 966 3696 1020 biblio-

2041 1053 2226 1108 thecae
2251 1054 2587 1125 praefectus,
2612 1053 2831 1109 ibidem
2861 1055 3192 1123 defunctus,
3215 1056 3608 1128 Apameze,vel
3631 1060 3697 1110 ut

2040 1141 2162 1209 alii,
2199 1143 2548 1210 Antiochiae,
2599 1144 2867 1215 sepultus
2916 1151 3023 1200 est.
3074 1146 3229 1200 Libri
3271 1147 3398 1219 ejus
3430 1147 3693 1203 versibus

2039 1231 2296 1287 heroicis
2353 1233 2557 1304 scripti
2616 1238 2756 1288 sunt
2815 1233 2916 1288 hi:
2990 1235 3274 1303 Hesiodus,
3334 1237 3601 1310 Μοψοπὶα
3655 1234 3692 1305 ἢ

2041 1318 2261 1390 ἄτακτα,
2317 1325 2606 1394 Mopsopia
2661 1324 2779 1380 sive
2832 1325 3179 1381 Miscellanea
3235 1325 3404 1382 libris
3451 1344 3504 1394 v,
3545 1329 3734 1399 opus'

2041 1411 2355 1467 continens
2403 1412 2682 1467 historias
2737 1413 3026 1484 micellas,
3080 1414 3543 1488 inscribiturque
3575 1418 3696 1472 Mo-

2041 1501 2271 1573 psopia,
2314 1501 2454 1571 quia
2482 1500 2676 1557 Attica
2703 1502 2848 1556 olim
2880 1503 2962 1558 ita
3001 1503 3157 1559 dicta
3188 1509 3278 1560 est
3305 1521 3340 1560 a
3370 1505 3693 1577 Mopsopia,

2044 1590 2169 1645 ﬁlia
2199 1590 2437 1645 Oceani.
2473 1591 2700 1646 Desinit
2722 1591 2781 1646 in
2815 1593 3004 1648 Attica
3034 1593 3338 1661 Chiliade;
3372 1611 3514 1650 nam
3543 1594 3698 1650 liber

2045 1679 2291 1752 quintus
2342 1680 2693 1736 inscribitur
2758 1680 3111 1757 ἐπιγράφεται
3167 1684 3200 1751 ἡ
3261 1682 3483 1756 πέμπτη
3543 1684 3674 1756 (scil

2049 1763 2283 1843 βίϐλος),
2315 1767 2505 1844 χιλιὰς
2555 1769 2678 1843 περὶ
2733 1774 3007 1844 χρησμῶν
3058 1774 3186 1844 (70),
3234 1774 3442 1829 Chilias
3472 1777 3538 1829 de
3567 1791 3695 1830 ora-

276 1857 1935 1933 accentum,spiritum,scripturam,fabulamautprover-
1967 1884 2012 1950 Β
2044 1860 2200 1927 culis,
2233 1877 2363 1931 qua)
2395 1865 2528 1931 post
2558 1860 2723 1916 mille
2772 1879 2963 1917 annos
2995 1869 3238 1919 eventus
3269 1864 3694 1936 comprobavit.

274 1954 442 2009 bium
465 1951 863 2024 pertinentia;
887 1950 958 2004 de
987 1948 1423 2015 nominibus,in
1446 1965 1478 1999 α
1498 1946 1932 2013 desinentibus,

273 2049 340 2098 ut
371 2037 546 2096 ἔνδεια
577 2040 666 2096 vel
699 2035 861 2106 ἐνδία,
896 2044 954 2096 et
982 2038 1221 2110 quando
1266 2054 1336 2093 ea
1377 2037 1651 2092 bifariam
1683 2036 1935 2091 eﬁ‘eran-

281 2139 393 2188 tur.
430 2134 579 2188 Item
609 2130 726 2186 alia
756 2129 1029 2201 quaedam
1061 2128 1316 2184 iambica
1344 2127 1631 2182 trimetra.

350 2217 600 2295 Εἷῖλογον
661 2217 895 2292 ἀξίωμα,
964 2221 1189 2274 amioma
1256 2216 1568 2289 probabile,
1653 2215 1852 2270 diﬂ'ert
1908 2229 1942 2269 a

277 2309 666 2382 καταληπὲικῇ
721 2305 1001 2386 φαντασίᾳ,
1050 2326 1097 2363 s.
1150 2305 1695 2379 comprehendente
1750 2304 1941 2376 phan-

275 2403 443 2458 tasia.
481 2399 795 2456 Cleanthes
843 2397 1257 2471 phiIOSOphus,
1311 2395 1598 2468 appositis
1631 2394 1743 2466 ipsi
1767 2394 1944 2466 jussu

277 2491 584 2550 Ptolemaei
633 2491 789 2563 regis
837 2489 1011 2546 malis
1059 2488 1296 2560 punicis
1347 2487 1558 2554 cereis,
1591 2485 1828 2558 negavit
1857 2500 1942 2552 se,

278 2580 431 2637 falso
464 2580 588 2635 viso
649 2595 985 2646 assensum,
1045 2577 1149 2632 sed
1205 2580 1436 2632 tantum
1485 2573 1794 2647 probabile
1836 2589 1947 2645 pu—

283 2678 436 2726 tasse
451 2714 464 2738 ,
497 2674 610 2726 etc.

283 2759 656 2831 Eumolpidm
718 2757 790 2813 ab
849 2757 1160 2828 Eumolpo,
1216 2756 1462 2819 Thrace,
1512 2754 1612 2825 qui
1653 2753 1947 2808 rationem

283 2849 563 2905 initiandi
595 2848 840 2915 invenit,
872 2847 962 2902 vel
1002 2863 1037 2903 a
1079 2845 1278 2901 Musaei
1323 2844 1470 2908 ﬁlio,
1515 2843 1616 2914 qui
1648 2842 1762 2898 fuit
1792 2859 1826 2897 a
1857 2859 1949 2897 se-

285 2939 488 2995 cundo
522 2938 785 3009 quintus.

353 3028 700 3100 Eumolpus,
759 3025 1100 3081 Eleusinius
1160 3024 1249 3080 vel
1318 3022 1724 3088 Atheniensis,
1789 3021 1950 3076 ﬁlius

286 3118 518 3186 Musaei,
546 3122 756 3188 poetae,
801 3121 882 3183 et,
935 3119 1003 3170 ut
1051 3114 1293 3185 quidam
1325 3112 1590 3178 tradunt,
1621 3110 1953 3181 discipulus

287 3208 531 3279 Orphei,
572 3211 750 3278 poeta
803 3205 1006 3277 epicus
1050 3208 1186 3259 ante
1216 3204 1560 3258 Homerum.
1594 3199 1747 3256 Vicit
1771 3200 1952 3254 etiam

289 3296 522 3370 Pythia.
556 3295 644 3351 Ad
686 3294 878 3366 lyram
928 3293 1088 3348 enim
1140 3297 1329 3364 poetas
1370 3292 1440 3346 de
1471 3291 1672 3363 palma
1701 3289 1859 3345 inter
1888 3305 1950 3344 se

294 3385 624 3442 certabant.
668 3383 916 3455 Scripsit
955 3380 1190 3442 Τελετᾶς
1243 3381 1559 3453 Δήμητρος,
1592 3381 1764 3435 Initia
1794 3380 1955 3434 Cere-

296 3476 398 3544 ris,
431 3475 682 3547 ejusque
722 3473 798 3529 ad
845 3472 1084 3527 Celeum
1137 3471 1453 3526 adventum
1497 3475 1555 3525 et
1598 3467 1956 3535 ministeria,

297 3564 536 3621 ﬁliabus
560 3564 688 3636 ejus
717 3562 954 3633 tradita,
977 3577 1164 3632 eaque
1187 3560 1390 3617 omnia
1409 3558 1676 3615 versibus
1699 3557 1956 3612 heroicis

295 3656 481 3725 MMM,
532 3653 1036 3724 Chiroscopicorum
1076 3651 1297 3706 librum
1345 3665 1557 3716 unum,
1608 3664 1788 3720 prosa
1813 3663 1953 3702 ora-

294 3746 480 3802 tione.

367 3832 612 3889 Eunidm
629 3831 786 3904 apud
810 3830 1202 3887 Athenienses
1224 3829 1454 3887 familia
1470 3827 1957 3895 citharoedorum,

296 3924 484 3981 sacris
515 3921 989 3979 inservientium.

368 4012 722 4081 Eunomius,
785 4015 1052 4083 tempore
1110 4009 1375 4066 Valentis
1443 4010 1586 4080 imp.
1648 4008 1962 4079 episcopus

299 4105 642 4176 Cyzicenus,
729 4101 996 4156 notarius
1050 4099 1224 4166 Aetii,
1303 4115 1481 4171 quem
1540 4095 1968 4169 cognominant

300 4194 566 4259 atheum,
594 4207 729 4248 cum
763 4207 880 4262 quo
913 4189 1014 4245 diu
1058 4194 1346 4256 versatus,
1399 4187 1792 4259 sophisticum
1836 4184 1966 4256 ejus

302 4282 636 4340 disserendi
669 4281 914 4338 modum
960 4280 1226 4335 imitatus
1275 4284 1383 4334 est.
1435 4278 1576 4349 Ejus
1606 4283 1805 4348 septem
1839 4275 1976 4328 libri

299 4378 361 4430 in
385 4372 676 4445 epistolam
701 4373 773 4426 ad
805 4374 1074 4426 Romanos
1113 4374 1172 4425 et
1201 4369 1332 4423 aliae
1365 4385 1495 4439 qua!
1536 4365 1968 4422 circumferun-

302 4471 419 4534 tur,
454 4461 924 4529 lucubrationes,
955 4459 1272 4515 verborum
1306 4456 1549 4529 quidem
1580 4457 1752 4528 copia
1780 4454 1968 4510 abun-

303 4554 540 4621 dantes,
570 4555 631 4608 at
661 4549 1096 4607 sententiarum
1147 4549 1374 4618 inapes.
1411 4547 1491 4601 Ex
1532 4546 1789 4602 Socratis
1821 4543 1970 4601 Hist.

305 4643 521 4700 eccles.
555 4659 629 4714 1v,
663 4644 715 4697 7.

377 4731 630 4799 Evodus,
654 4729 940 4798 Rhodius,
964 4731 1139 4802 poeta
1169 4727 1390 4800 epicus,
1417 4725 1669 4782 Neronis
1699 4729 1964 4798 tempore

306 4823 471 4890 vixit,
506 4826 683 4894 poeta
713 4821 957 4877 Latinus
985 4817 1377 4876 admirabilis.
1411 4816 1599 4889 Hujus
1647 4814 1781 4870 libri
1814 4813 1967 4870 nulli

311 4917 569 4970 exstant.

383 5003 750 5075 Euphorion,
783 5002 943 5058 ﬁlius
974 4999 1254 5072 Eschyli,
1305 4997 1532 5071 tragici,
1564 4995 1970 5064 Atheniensis,

312 5094 573 5167 tragicus
607 5098 665 5149 et
710 5093 837 5164 ipse
865 5108 877 5146 :
934 5091 1036 5163 qui
1079 5088 1319 5153 fabulis,
1371 5105 1519 5159 quas
1549 5092 1717 5159 pater
1738 5091 1876 5141 ante
1908 5086 1971 5140 iu

309 5185 512 5241 lucem
543 5199 665 5238 non
697 5181 988 5251 ediderat,
1026 5185 1261 5236 certans
1309 5183 1522 5248 quater
1547 5175 1703 5244 vicit,
1740 5173 1979 5247 scripsit

313 5279 376 5331 et
406 5275 534 5346 ipse
567 5273 842 5345 quaadam
882 5271 1170 5326 dramata.

384 5363 752 5435 Euphorion,
782 5360 1147 5432 Polymnesti
1177 5360 1263 5426 F.,
1299 5373 1370 5412 ex
1416 5355 1693 5412 Chalcide
1723 5353 1981 5432 Eubceaa,

321 5452 655 5526 discipulus
685 5453 747 5507 in
778 5449 1212 5524 philosophicis
1243 5447 1488 5520 Lacydis
1519 5451 1578 5502 et
1615 5441 1937 5501 Pritanidis
1965 5455 1980 5498 :

387 5669 498 5740 (70)
530 5665 951 5740 Kusterimalit
978 5665 1176 5740 legere
1208 5659 1394 5740 ἐπιγρ.
1444 5655 1512 5740 ὃὲᾼ
1547 5657 1830 5740 Χιλιᾶςλῇ
1862 5655 1987 5740 mp}

315 5729 623 5817 Χρὴσέιῶν,
656 5739 879 5795 omisso
929 5729 1129 5793 vocab.
1165 5729 1429 5809 ·πὲμτὶὲη,
1462 5737 1522 5791 et
1547 5732 1630 5790 sic
1658 5729 1853 5803 vertit,
1884 5729 1989 5790 sed

2043 1949 2316 2021 Disputat
2361 1950 2520 2004 enim
2570 1949 2851 2006 adversus
2900 1969 3002 2008 eos
3046 1955 3146 2024 qui
3187 1955 3403 2025 ipsum,
3428 1954 3699 2025 deposita

2044 2037 2202 2110 apud
2223 2038 2359 2094 illos
2382 2039 2634 2110 pecunia
2655 2039 3019 2110 fraudarant,
3040 2043 3260 2098 docens
3283 2060 3384 2098 eos
3404 2043 3704 2098 velmulto

2046 2133 2177 2199 post
2213 2132 2480 2200 tempore
2513 2145 2739 2200 poenas,
2773 2130 3014 2185 daturos
3045 2148 3196 2187 esse.

2121 2217 2435 2288 Eupithius
2464 2223 2524 2273 et
2551 2218 2896 2288 Archiadas,
2921 2219 3036 2275 duo
3072 2221 3263 2293 Hegias
3298 2221 3710 2294 (philosoPhi),

2052 2308 2183 2376 ﬁlii,
2217 2308 2288 2363 de
2340 2325 2595 2380 quorum
2635 2310 2874 2383 ingenio
2925 2317 2984 2367 et
3025 2312 3290 2368 moribus
3337 2313 3610 2385 quaedam
3640 2330 3712 2369 ex

2052 2400 2383 2470 Damascio,
2419 2405 2530 2456 etc.

2125 2489 2391 2561 Eupolis,
2421 2490 2825 2560 Atheniensis,
2859 2493 3144 2562 comicus,
3178 2493 3282 2564 qui
3313 2509 3502 2550 annos
3532 2499 3708 2549 natus

2053 2578 2221 2646 XVII,
2271 2578 2334 2634 in
2392 2597 2573 2635 scena
2627 2587 2855 2637 certare
2908 2583 3085 2654 cmpit
3132 2583 3434 2655 ediditque
3479 2583 3711 2639 fabulas

2054 2670 2224 2734 XVII,
2258 2669 2396 2723 vicit
2424 2671 2663 2740 septies,
2699 2671 2860 2726 Idem
2914 2672 2975 2727 in
3014 2672 3172 2727 bello
3204 2679 3413 2729 contra
3443 2674 3713 2729 Lacedaa-

2057 2757 2287 2814 monios
2318 2759 2623 2831 naufragio
2665 2759 2727 2814 in
2776 2760 3161 2832 Hellesponto
3192 2762 3387 2832 periit.
3426 2761 3588 2818 Unde
3621 2761 3716 2816 lex

2056 2849 2176 2905 lata
2207 2854 2314 2914 est,
2351 2867 2481 2920 qua;
2516 2855 2718 2922 poetas
2772 2852 2956 2906 vetuit
3003 2853 3279 2908 militare.
3316 2853 3551 2908 Fabula:
3585 2854 3717 2925 ejus

2061 2944 2235 2994 sunt:
2268 2938 2448 3010 Αἷγες,
2481 2938 2870 3010 Ἀστράτευτος
2903 2937 3264 3016 ἣάνδρογύνη
3300 2948 3359 2997 et
3387 2941 3541 3000 alia).

2133 3027 2206 3086 Εὖ
2263 3027 2542 3104 πράττειν,
2599 3030 2752 3086 hanc
2807 3031 3126 3086 formulam
3188 3033 3486 3088 salutandi
3548 3034 3717 3090 Plato

2062 3120 2344 3192 epistolas
2401 3121 2546 3188 XIII,
2609 3136 2826 3190 easque
2885 3121 3159 3177 morales.
3221 3124 3358 3178 Vide
3392 3140 3610 3195 supra,
3663 3119 3720 3176 εὗ

2067 3206 2292 3282 διάγειν,
2323 3214 2380 3264 et
2408 3209 2609 3278 Cleon,
2645 3209 2880 3283 χαίρειν.

2138 3300 2488 3374 Eurybatus,
2523 3301 2561 3354 i.
2609 3317 2661 3355 e.
2714 3301 2876 3357 homo
2926 3303 3122 3358 malus.
3175 3305 3428 3359 Ductum
3461 3309 3552 3360 est
3579 3322 3724 3376 pro-

2059 3394 2330 3449 verbium
2351 3394 2424 3449 ab
2447 3394 2744 3466 Eucybato
2776 3395 3033 3467 quodam
3055 3415 3068 3466 ;
3094 3396 3388 3452 variorum
3407 3397 3722 3468 opiniones

2064 3493 2243 3558 atque
2285 3487 2826 3558 interpretationes.
2885 3489 3019 3544 Vide
3066 3490 3222 3561 apud
3263 3491 3538 3558 Suidam;
3570 3491 3723 3548 adde

2066 3576 2300 3631 Kusteri
2330 3577 2525 3630 Notas.

2138 3662 2473 3733 Euripides,
2534 3664 2943 3733 Atheniensis,
3003 3665 3259 3738 tragicus
3291 3665 3594 3738 antiquior
3624 3683 3725 3722 ce-

2069 3754 2220 3808 lebri
2253 3753 2355 3808 illo
2385 3753 2683 3825 Euripide.
2719 3755 2928 3810 Docuit
2959 3755 3189 3812 fabulas
3219 3757 3341 3824 XII,
3374 3757 3511 3812 vicit
3538 3757 3652 3812 bis.

2141 3843 2473 3915 Euripides,
2527 3845 2858 3899 Mnesarchi
2907 3862 3011 3900 seu
3064 3847 3488 3902 Muesarchidm
3521 3852 3580 3902 et
3607 3847 3724 3903 Cli-

2070 3933 2229 3988 tonis
2259 3934 2343 4004 F.,
2373 3950 2493 3988 non
2526 3949 2597 3988 ex
2627 3938 2833 4005 matre,
2869 3935 3102 3991 olerum
3150 3937 3492 4007 venditrice,
3527 3937 3630 3993 sed
3661 3954 3733 3993 ex

2071 4039 2287 4095 genere
2337 4022 2734 4092 nobilissimo,
2785 4029 2850 4078 ut
2891 4024 3264 4081 demonstrat
3318 4027 3734 4085 Philochorus.

2075 4115 2255 4168 Natus
2293 4112 2406 4168 fuit
2435 4130 2504 4168 eo
2534 4113 2628 4168 die
2653 4130 2768 4184 quo
2801 4113 2982 4168 Graeci
3007 4115 3217 4170 Persas
3237 4115 3532 4188 fugarunt.
3561 4117 3738 4173 Initio

2075 4205 2287 4276 pictor,
2322 4203 2539 4259 deinde
2585 4203 2816 4259 Prodici
2846 4204 2907 4258 in
2939 4204 3272 4274 rhetoricis,
3316 4205 3570 4261 Sacratis
3600 4223 3737 4262 vero

2077 4295 2139 4350 in
2170 4295 2440 4350 doctrina
2471 4293 2542 4348 de
2572 4294 2838 4349 moribus
2888 4301 2947 4349 et
2994 4295 3056 4348 in
3095 4295 3274 4350 rebus
3307 4295 3740 4368 philosophicis

2079 4383 2424 4455 discipulus.
2458 4383 2698 4438 Audivit
2744 4383 2922 4438 etiam
2954 4386 3362 4456 Anaxagoram
3392 4401 3570 4457 quem
3602 4402 3739 4440 cum

2081 4473 2322 4528 vidisset
2352 4472 2414 4526 in
2446 4471 2770 4526 discrimen
2803 4473 3013 4545 capitis
3055 4473 3128 4528 ob
3169 4473 3445 4545 dogmata
3482 4475 3738 4544 venisse,

2083 4565 2350 4620 animum
2381 4561 2455 4617 ad
2486 4561 2832 4634 tragmdiam
2876 4562 3108 4635 appulit
3152 4563 3329 4619 homo
3361 4565 3578 4620 severis
3613 4582 3742 4620 mo-

1997 4629 2044 4692 ί)
2075 4653 2240 4709 ribus
2273 4669 2338 4708 ac
2370 4652 2578 4720 tristis,
2613 4650 2773 4707 unde
2825 4657 2882 4706 et
2933 4649 3230 4726 μισογύνης
3265 4653 3383 4709 sive
3414 4654 3736 4711 mulierum

2075 4762 2212 4800 osor
2236 4748 2326 4798 est
2351 4741 2744 4808 existimatus,
2779 4743 3166 4799 Duxittamen
3214 4744 3590 4814 Choerinam,
3614 4746 3748 4801 Mne

2078 4833 2290 4890 silochi
2317 4832 2524 4898 ﬁliam,
2549 4849 2618 4886 ex
2641 4848 2758 4902 qua
2789 4832 3238 4905 Mnesilochum,
3263 4835 3736 4892 Mnesarchidem

2080 4929 2138 4980 et
2193 4921 2534 4994 Euripidem
2592 4923 2870 4994 suscepit.
2933 4923 3052 4979 Hac
3107 4925 3442 4996 repudiata,
3484 4925 3736 4982 alteram

2081 5030 2249 5084 aeque
2298 5011 2663 5084 impudicam
2707 5018 2798 5068 est
2863 5017 3159 5085 expertus.
3211 5014 3459 5068 Athenis
3511 5014 3738 5070 relictis

2083 5102 2238 5175 apud
2289 5103 2665 5169 Archelaum,
2723 5103 3077 5158 Macedonia;
3118 5121 3338 5175 regem,
3387 5105 3453 5159 in
3499 5122 3732 5162 summo

2085 5193 2227 5248 vixit
2281 5192 2528 5259 honore,
2585 5191 2872 5258 sublatus,
2934 5197 2999 5247 ut
3051 5192 3238 5261 aiunt,
3271 5209 3305 5247 a
3336 5193 3582 5248 canibus
3627 5211 3738 5266 per

2088 5281 2340 5337 insidias
2371 5281 2687 5347 Arrhidaei,
2741 5281 3093 5348 Macedonis,
3146 5287 3204 5338 et
3244 5281 3524 5350 Cratevaa,
3571 5284 3756 5340 Thes-

2094 5372 2224 5441 sali,
2254 5376 2588 5442 poetarum,
2638 5371 2753 5443 ipsi
2802 5371 3232 5428 invidentium:
3274 5371 3364 5427 vel
3396 5372 3758 5431 laceratusa

2101 5656 2361 5736 admissa
2391 5656 2615 5736 Fabric.
2651 5656 3146 5732 interpretatione
3178 5668 3237 5718 et
3267 5662 3499 5736 eHippi,
3534 5663 3620 5721 nil
3654 5665 3768 5722 erit

2104 5731 2481 5788 mutandum.
2515 5732 2688 5788 HABL.
