  <div class='ocr_page' id='page_1' title='image "/cluster/home/n/w/nwhite01/storage/ocr_20150623/117/coo.31924054870211/643.png"; bbox 0 0 4110 6426; ppageno 0'>
   <div class='ocr_carea' id='block_1_1' title="bbox 383 431 537 493">
    <p class='ocr_par' dir='ltr' id='par_1_1' title="bbox 383 431 537 493">
     <span class='ocr_line' id='line_1_1' title="bbox 383 431 537 493; baseline -0.006 0"><span class='ocrx_word' id='word_1_1' title='bbox 383 431 537 493; x_wconf 73' lang='grc'>1263</span> 
     </span>
    </p>
   </div>
   <div class='ocr_carea' id='block_1_2' title="bbox 1683 419 2496 484">
    <p class='ocr_par' dir='ltr' id='par_1_2' title="bbox 1683 419 2496 484">
     <span class='ocr_line' id='line_1_2' title="bbox 1683 419 2496 484; baseline 0.005 -4"><span class='ocrx_word' id='word_1_2' title='bbox 1683 421 1930 482; x_wconf 82' lang='lat' dir='ltr'><strong>INDEX</strong></span> <span class='ocrx_word' id='word_1_3' title='bbox 1976 419 2496 484; x_wconf 85' lang='lat' dir='ltr'>SCRIPTORUM</span> 
     </span>
    </p>
   </div>
   <div class='ocr_carea' id='block_1_3' title="bbox 3649 421 3806 484">
    <p class='ocr_par' dir='ltr' id='par_1_3' title="bbox 3649 421 3806 484">
     <span class='ocr_line' id='line_1_3' title="bbox 3649 421 3806 484; baseline 0.006 -3"><span class='ocrx_word' id='word_1_4' title='bbox 3649 421 3806 484; x_wconf 70' lang='grc'>1264</span> 
     </span>
    </p>
   </div>
   <div class='ocr_carea' id='block_1_4' title="bbox 385 554 3815 634">
    <p class='ocr_par' dir='ltr' id='par_1_4' title="bbox 385 554 3815 634">
     <span class='ocr_line' id='line_1_4' title="bbox 385 554 3815 634; baseline -0.004 -13"><span class='ocrx_word' id='word_1_5' title='bbox 385 563 760 630; x_wconf 87' lang='lat' dir='ltr'>mulieribus,</span> <span class='ocrx_word' id='word_1_6' title='bbox 793 575 928 616; x_wconf 90' lang='lat' dir='ltr'>cum</span> <span class='ocrx_word' id='word_1_7' title='bbox 977 561 1159 614; x_wconf 90' lang='lat' dir='ltr'>noctu</span> <span class='ocrx_word' id='word_1_8' title='bbox 1201 556 1535 624; x_wconf 84' lang='lat' dir='ltr'>Craterum,</span> <span class='ocrx_word' id='word_1_9' title='bbox 1581 555 1855 610; x_wconf 81' lang='lat' dir='ltr'>Archelai</span> <span class='ocrx_word' id='word_1_10' title='bbox 1887 554 2034 609; x_wconf 91' lang='lat' dir='ltr'>deli-</span> <span class='ocrx_word' id='word_1_11' title='bbox 2066 567 2123 634; x_wconf 64' lang='grc' dir='ltr'><strong>Α</strong></span> <span class='ocrx_word' id='word_1_12' title='bbox 2224 555 2566 627; x_wconf 86' lang='lat' dir='ltr'>Euthycles,</span> <span class='ocrx_word' id='word_1_13' title='bbox 2625 573 2696 612; x_wconf 87' lang='lat' dir='ltr'>ex</span> <span class='ocrx_word' id='word_1_14' title='bbox 2755 555 2926 628; x_wconf 82' lang='lat' dir='ltr'>cujus</span> <span class='ocrx_word' id='word_1_15' title='bbox 2977 555 3284 616; x_wconf 60' lang='lat' dir='ltr'>comoediis</span> <span class='ocrx_word' id='word_1_16' title='bbox 3333 560 3474 612; x_wconf 93' lang='lat' dir='ltr'>sunt</span> <span class='ocrx_word' id='word_1_17' title='bbox 3501 554 3741 610; x_wconf 84' lang='grc' dir='ltr'>’Δσωτοι</span> <span class='ocrx_word' id='word_1_18' title='bbox 3779 554 3815 623; x_wconf 81' lang='grc' dir='ltr'><strong>ἢ</strong></span> 
     </span>
    </p>
   </div>
   <div class='ocr_carea' id='block_1_5' title="bbox 385 644 2042 721">
    <p class='ocr_par' dir='ltr' id='par_1_5' title="bbox 385 644 2042 721">
     <span class='ocr_line' id='line_1_5' title="bbox 385 644 2042 721; baseline -0.007 -12"><span class='ocrx_word' id='word_1_19' title='bbox 385 655 530 721; x_wconf 89' lang='lat' dir='ltr'>cias,</span> <span class='ocrx_word' id='word_1_20' title='bbox 555 652 645 707; x_wconf 94' lang='lat' dir='ltr'>vel</span> <span class='ocrx_word' id='word_1_21' title='bbox 667 667 912 707; x_wconf 90' lang='lat' dir='ltr'>uxorem</span> <span class='ocrx_word' id='word_1_22' title='bbox 935 647 1237 704; x_wconf 88' lang='lat' dir='ltr'>Nicodemi</span> <span class='ocrx_word' id='word_1_23' title='bbox 1259 644 1560 701; x_wconf 88' lang='lat' dir='ltr'>Arethusii</span> <span class='ocrx_word' id='word_1_24' title='bbox 1585 646 2042 716; x_wconf 88' lang='lat' dir='ltr'>peteret.Annos</span> 
     </span>
    </p>
   </div>
   <div class='ocr_carea' id='block_1_6' title="bbox 386 734 2043 808">
    <p class='ocr_par' dir='ltr' id='par_1_6' title="bbox 386 734 2043 808">
     <span class='ocr_line' id='line_1_6' title="bbox 386 734 2043 808; baseline -0.007 -10"><span class='ocrx_word' id='word_1_25' title='bbox 386 744 554 799; x_wconf 87' lang='lat' dir='ltr'>aiunt</span> <span class='ocrx_word' id='word_1_26' title='bbox 583 741 799 796; x_wconf 69' lang='lat' dir='ltr'>vixisse</span> <span class='ocrx_word' id='word_1_27' title='bbox 832 740 1048 806; x_wconf 82' lang='lat' dir='ltr'><strong>LXXV,</strong></span> <span class='ocrx_word' id='word_1_28' title='bbox 1073 752 1328 808; x_wconf 85' lang='lat' dir='ltr'>ossaque</span> <span class='ocrx_word' id='word_1_29' title='bbox 1359 736 1488 807; x_wconf 87' lang='lat' dir='ltr'>ejus</span> <span class='ocrx_word' id='word_1_30' title='bbox 1520 734 1766 801; x_wconf 84' lang='lat' dir='ltr'>Pellam,</span> <span class='ocrx_word' id='word_1_31' title='bbox 1792 734 2043 805; x_wconf 87' lang='lat' dir='ltr'>jubente</span> 
     </span>
    </p>
   </div>
   <div class='ocr_carea' id='block_1_7' title="bbox 385 823 2042 904">
    <p class='ocr_par' dir='ltr' id='par_1_7' title="bbox 385 823 2042 904">
     <span class='ocr_line' id='line_1_7' title="bbox 385 823 2042 904; baseline -0.007 -17"><span class='ocrx_word' id='word_1_32' title='bbox 385 848 521 904; x_wconf 86' lang='lat' dir='ltr'>rege</span> <span class='ocrx_word' id='word_1_33' title='bbox 552 830 861 886; x_wconf 88' lang='lat' dir='ltr'>translata.</span> <span class='ocrx_word' id='word_1_34' title='bbox 922 827 1160 883; x_wconf 81' lang='lat' dir='ltr'>Fabulae</span> <span class='ocrx_word' id='word_1_35' title='bbox 1220 826 1352 897; x_wconf 86' lang='lat' dir='ltr'>ejus</span> <span class='ocrx_word' id='word_1_36' title='bbox 1406 825 1616 894; x_wconf 82' lang='lat' dir='ltr'>LXXV,</span> <span class='ocrx_word' id='word_1_37' title='bbox 1670 823 1782 891; x_wconf 86' lang='lat' dir='ltr'>vel,</span> <span class='ocrx_word' id='word_1_38' title='bbox 1823 827 1889 878; x_wconf 94' lang='lat' dir='ltr'>ut</span> <span class='ocrx_word' id='word_1_39' title='bbox 1916 823 2042 889; x_wconf 85' lang='lat' dir='ltr'>alii,</span> 
     </span>
    </p>
   </div>
   <div class='ocr_carea' id='block_1_8' title="bbox 385 911 2044 990">
    <p class='ocr_par' dir='ltr' id='par_1_8' title="bbox 385 911 2044 990">
     <span class='ocr_line' id='line_1_8' title="bbox 385 911 2044 990; baseline -0.007 -12"><span class='ocrx_word' id='word_1_40' title='bbox 385 922 567 980; x_wconf 86' lang='lat' dir='ltr'><strong>XCII:</strong></span> <span class='ocrx_word' id='word_1_41' title='bbox 620 937 691 975; x_wconf 92' lang='lat' dir='ltr'>ex</span> <span class='ocrx_word' id='word_1_42' title='bbox 733 918 950 990; x_wconf 88' lang='lat' dir='ltr'>quibus</span> <span class='ocrx_word' id='word_1_43' title='bbox 1008 921 1243 972; x_wconf 90' lang='lat' dir='ltr'>exstant</span> <span class='ocrx_word' id='word_1_44' title='bbox 1302 914 1559 968; x_wconf 82' lang='lat' dir='ltr'>LXXVII.</span> <span class='ocrx_word' id='word_1_45' title='bbox 1645 913 1794 968; x_wconf 83' lang='lat' dir='ltr'>Vicit</span> <span class='ocrx_word' id='word_1_46' title='bbox 1868 911 2044 982; x_wconf 88' lang='lat' dir='ltr'>quin-</span> 
     </span>
    </p>
   </div>
   <div class='ocr_carea' id='block_1_9' title="bbox 387 1003 2045 1083">
    <p class='ocr_par' dir='ltr' id='par_1_9' title="bbox 387 1003 2045 1083">
     <span class='ocr_line' id='line_1_9' title="bbox 387 1003 2045 1083; baseline -0.008 -16"><span class='ocrx_word' id='word_1_47' title='bbox 387 1013 577 1083; x_wconf 88' lang='lat' dir='ltr'>quies,</span> <span class='ocrx_word' id='word_1_48' title='bbox 611 1015 822 1081; x_wconf 79' lang='lat' dir='ltr'>quater</span> <span class='ocrx_word' id='word_1_49' title='bbox 877 1008 1070 1063; x_wconf 91' lang='lat' dir='ltr'>adhuc</span> <span class='ocrx_word' id='word_1_50' title='bbox 1128 1009 1451 1077; x_wconf 75' lang='lat' dir='ltr'>superstes,</span> <span class='ocrx_word' id='word_1_51' title='bbox 1505 1003 1691 1058; x_wconf 89' lang='lat' dir='ltr'>semel</span> <span class='ocrx_word' id='word_1_52' title='bbox 1741 1018 1878 1056; x_wconf 87' lang='lat' dir='ltr'>vero</span> <span class='ocrx_word' id='word_1_53' title='bbox 1911 1005 2045 1072; x_wconf 91' lang='lat' dir='ltr'>post</span> 
     </span>
    </p>
   </div>
   <div class='ocr_carea' id='block_1_10' title="bbox 383 1091 2043 1169">
    <p class='ocr_par' dir='ltr' id='par_1_10' title="bbox 383 1091 2043 1169">
     <span class='ocr_line' id='line_1_10' title="bbox 383 1091 2043 1169; baseline -0.007 -13"><span class='ocrx_word' id='word_1_54' title='bbox 383 1101 613 1156; x_wconf 90' lang='lat' dir='ltr'>obitum</span> <span class='ocrx_word' id='word_1_55' title='bbox 663 1099 926 1155; x_wconf 88' lang='lat' dir='ltr'>fabulam</span> <span class='ocrx_word' id='word_1_56' title='bbox 980 1097 1109 1169; x_wconf 84' lang='lat' dir='ltr'>ejus</span> <span class='ocrx_word' id='word_1_57' title='bbox 1170 1095 1231 1150; x_wconf 91' lang='lat' dir='ltr'>in</span> <span class='ocrx_word' id='word_1_58' title='bbox 1291 1111 1469 1150; x_wconf 80' lang='lat' dir='ltr'>scena</span> <span class='ocrx_word' id='word_1_59' title='bbox 1525 1092 1844 1147; x_wconf 88' lang='lat' dir='ltr'>exhibente</span> <span class='ocrx_word' id='word_1_60' title='bbox 1876 1091 2043 1145; x_wconf 86' lang='lat' dir='ltr'>Euri-</span> 
     </span>
    </p>
   </div>
   <div class='ocr_carea' id='block_1_11' title="bbox 380 1183 2043 1262">
    <p class='ocr_par' dir='ltr' id='par_1_11' title="bbox 380 1183 2043 1262">
     <span class='ocr_line' id='line_1_11' title="bbox 380 1183 2043 1262; baseline -0.007 -17"><span class='ocrx_word' id='word_1_61' title='bbox 380 1190 542 1262; x_wconf 91' lang='lat' dir='ltr'>pide,</span> <span class='ocrx_word' id='word_1_62' title='bbox 572 1189 773 1244; x_wconf 82' lang='lat' dir='ltr'>fratris</span> <span class='ocrx_word' id='word_1_63' title='bbox 818 1187 1007 1259; x_wconf 89' lang='lat' dir='ltr'>ipsius</span> <span class='ocrx_word' id='word_1_64' title='bbox 1060 1186 1205 1241; x_wconf 85' lang='lat' dir='ltr'>ﬁlio.</span> <span class='ocrx_word' id='word_1_65' title='bbox 1241 1183 1491 1240; x_wconf 88' lang='lat' dir='ltr'>Fabulas</span> <span class='ocrx_word' id='word_1_66' title='bbox 1543 1183 1729 1238; x_wconf 82' lang='lat' dir='ltr'>edidit</span> <span class='ocrx_word' id='word_1_67' title='bbox 1758 1199 1863 1253; x_wconf 91' lang='lat' dir='ltr'>per</span> <span class='ocrx_word' id='word_1_68' title='bbox 1892 1185 2043 1236; x_wconf 90' lang='lat' dir='ltr'>totos</span> 
     </span>
    </p>
   </div>
   <div class='ocr_carea' id='block_1_12' title="bbox 379 1271 2044 1345">
    <p class='ocr_par' dir='ltr' id='par_1_12' title="bbox 379 1271 2044 1345">
     <span class='ocr_line' id='line_1_12' title="bbox 379 1271 2044 1345; baseline -0.007 -10"><span class='ocrx_word' id='word_1_69' title='bbox 379 1296 570 1335; x_wconf 91' lang='lat' dir='ltr'>annos</span> <span class='ocrx_word' id='word_1_70' title='bbox 627 1278 823 1334; x_wconf 87' lang='lat' dir='ltr'><strong>XXVI.</strong></span> <span class='ocrx_word' id='word_1_71' title='bbox 881 1275 1040 1332; x_wconf 89' lang='lat' dir='ltr'>Obiit</span> <span class='ocrx_word' id='word_1_72' title='bbox 1091 1272 1434 1345; x_wconf 82' lang='lat' dir='ltr'>Olympiade</span> <span class='ocrx_word' id='word_1_73' title='bbox 1489 1273 1681 1327; x_wconf 87' lang='lat' dir='ltr'><strong>CXIII.</strong></span> <span class='ocrx_word' id='word_1_74' title='bbox 1731 1271 1895 1326; x_wconf 85' lang='lat' dir='ltr'>Conf.</span> <span class='ocrx_word' id='word_1_75' title='bbox 1927 1271 2044 1324; x_wconf 82' lang='lat' dir='ltr'>Ku-</span> 
     </span>
    </p>
   </div>
   <div class='ocr_carea' id='block_1_13' title="bbox 380 1369 679 1424">
    <p class='ocr_par' dir='ltr' id='par_1_13' title="bbox 380 1369 679 1424">
     <span class='ocr_line' id='line_1_13' title="bbox 380 1369 679 1424; baseline -0.013 0"><span class='ocrx_word' id='word_1_76' title='bbox 380 1369 524 1424; x_wconf 89' lang='lat' dir='ltr'>steri</span> <span class='ocrx_word' id='word_1_77' title='bbox 555 1373 679 1423; x_wconf 90' lang='lat' dir='ltr'>not.</span> 
     </span>
    </p>
   </div>
   <div class='ocr_carea' id='block_1_14' title="bbox 449 1467 2045 1546">
    <p class='ocr_par' dir='ltr' id='par_1_14' title="bbox 449 1467 2045 1546">
     <span class='ocr_line' id='line_1_14' title="bbox 449 1467 2045 1546; baseline -0.006 -17"><span class='ocrx_word' id='word_1_78' title='bbox 449 1473 785 1546; x_wconf 87' lang='lat' dir='ltr'>Euripides,</span> <span class='ocrx_word' id='word_1_79' title='bbox 819 1472 1100 1544; x_wconf 87' lang='lat' dir='ltr'>tragicus,</span> <span class='ocrx_word' id='word_1_80' title='bbox 1148 1470 1362 1542; x_wconf 84' lang='lat' dir='ltr'>prioris</span> <span class='ocrx_word' id='word_1_81' title='bbox 1411 1486 1481 1524; x_wconf 90' lang='lat' dir='ltr'>ex</span> <span class='ocrx_word' id='word_1_82' title='bbox 1527 1467 1707 1523; x_wconf 86' lang='lat' dir='ltr'>fratre</span> <span class='ocrx_word' id='word_1_83' title='bbox 1735 1483 1943 1538; x_wconf 87' lang='lat' dir='ltr'>nepos,</span> <span class='ocrx_word' id='word_1_84' title='bbox 1977 1469 2045 1521; x_wconf 93' lang='lat' dir='ltr'>ut</span> 
     </span>
    </p>
   </div>
   <div class='ocr_carea' id='block_1_15' title="bbox 380 1553 2040 1635">
    <p class='ocr_par' dir='ltr' id='par_1_15' title="bbox 380 1553 2040 1635">
     <span class='ocr_line' id='line_1_15' title="bbox 380 1553 2040 1635; baseline -0.007 -17"><span class='ocrx_word' id='word_1_85' title='bbox 380 1565 564 1620; x_wconf 85' lang='lat' dir='ltr'>tradit</span> <span class='ocrx_word' id='word_1_86' title='bbox 594 1563 915 1635; x_wconf 84' lang='lat' dir='ltr'>Dionysius</span> <span class='ocrx_word' id='word_1_87' title='bbox 959 1563 1021 1616; x_wconf 90' lang='lat' dir='ltr'>in</span> <span class='ocrx_word' id='word_1_88' title='bbox 1069 1559 1398 1617; x_wconf 89' lang='lat' dir='ltr'>Chronicis.</span> <span class='ocrx_word' id='word_1_89' title='bbox 1451 1558 1699 1629; x_wconf 89' lang='lat' dir='ltr'>Scripsit</span> <span class='ocrx_word' id='word_1_90' title='bbox 1725 1553 2040 1628; x_wconf 75' lang='grc' dir='ltr'>Ὁμηρικὴν</span> 
     </span>
    </p>
   </div>
   <div class='ocr_carea' id='block_1_16' title="bbox 379 1646 2045 1724">
    <p class='ocr_par' dir='ltr' id='par_1_16' title="bbox 379 1646 2045 1724">
     <span class='ocr_line' id='line_1_16' title="bbox 379 1646 2045 1724; baseline -0.005 -17"><span class='ocrx_word' id='word_1_91' title='bbox 379 1646 620 1724; x_wconf 70' lang='grc' dir='ltr'>ἔκδοσιν,</span> <span class='ocrx_word' id='word_1_92' title='bbox 670 1652 996 1708; x_wconf 88' lang='lat' dir='ltr'>editionem</span> <span class='ocrx_word' id='word_1_93' title='bbox 1067 1650 1460 1717; x_wconf 86' lang='lat' dir='ltr'>Homericam,</span> <span class='ocrx_word' id='word_1_94' title='bbox 1507 1647 1625 1702; x_wconf 90' lang='lat' dir='ltr'>nisi</span> <span class='ocrx_word' id='word_1_95' title='bbox 1671 1647 1924 1702; x_wconf 87' lang='lat' dir='ltr'>fortasse</span> <span class='ocrx_word' id='word_1_96' title='bbox 1975 1660 2045 1698; x_wconf 84' lang='lat' dir='ltr'>ea</span> 
     </span>
    </p>
   </div>
   <div class='ocr_carea' id='block_1_17' title="bbox 382 1729 2042 1813">
    <p class='ocr_par' dir='ltr' id='par_1_17' title="bbox 382 1729 2042 1813">
     <span class='ocr_line' id='line_1_17' title="bbox 382 1729 2042 1813; baseline -0.008 -14"><span class='ocrx_word' id='word_1_97' title='bbox 382 1743 631 1799; x_wconf 90' lang='lat' dir='ltr'>alterius</span> <span class='ocrx_word' id='word_1_98' title='bbox 661 1743 757 1798; x_wconf 87' lang='lat' dir='ltr'>sit.</span> <span class='ocrx_word' id='word_1_99' title='bbox 821 1741 1056 1798; x_wconf 63' lang='lat' dir='ltr'>Fabula</span> <span class='ocrx_word' id='word_1_100' title='bbox 1105 1741 1235 1813; x_wconf 84' lang='lat' dir='ltr'>ejus</span> <span class='ocrx_word' id='word_1_101' title='bbox 1293 1744 1434 1795; x_wconf 89' lang='lat' dir='ltr'>sunt</span> <span class='ocrx_word' id='word_1_102' title='bbox 1482 1737 1765 1810; x_wconf 72' lang='grc' dir='ltr'>Ὀρέστης,</span> <span class='ocrx_word' id='word_1_103' title='bbox 1800 1729 2042 1804; x_wconf 77' lang='grc' dir='ltr'>Μήδεια,</span> 
     </span>
    </p>
   </div>
   <div class='ocr_carea' id='block_1_18' title="bbox 386 1830 689 1904">
    <p class='ocr_par' dir='ltr' id='par_1_18' title="bbox 386 1830 689 1904">
     <span class='ocr_line' id='line_1_18' title="bbox 386 1830 689 1904; baseline 0.013 -18"><span class='ocrx_word' id='word_1_104' title='bbox 386 1830 689 1904; x_wconf 75' lang='grc' dir='ltr'>Πολυξένη.</span> 
     </span>
    </p>
   </div>
   <div class='ocr_carea' id='block_1_19' title="bbox 2153 646 3560 720">
    <p class='ocr_par' dir='ltr' id='par_1_19' title="bbox 2153 646 3560 720">
     <span class='ocr_line' id='line_1_19' title="bbox 2153 646 3560 720; baseline -0.001 -17"><span class='ocrx_word' id='word_1_105' title='bbox 2153 646 2480 718; x_wconf 79' lang='grc' dir='ltr'>Ἐπιστολὴ,</span> <span class='ocrx_word' id='word_1_106' title='bbox 2515 653 2662 704; x_wconf 86' lang='lat' dir='ltr'>teste</span> <span class='ocrx_word' id='word_1_107' title='bbox 2694 648 2978 703; x_wconf 66' lang='lat' dir='ltr'>Athenaeo</span> <span class='ocrx_word' id='word_1_108' title='bbox 3023 647 3083 702; x_wconf 92' lang='lat' dir='ltr'>in</span> <span class='ocrx_word' id='word_1_109' title='bbox 3116 648 3560 720; x_wconf 80' lang='lat' dir='ltr'>DiphOSOphist.</span> 
     </span>
    </p>
   </div>
   <div class='ocr_carea' id='block_1_20' title="bbox 2222 737 3811 811">
    <p class='ocr_par' dir='ltr' id='par_1_20' title="bbox 2222 737 3811 811">
     <span class='ocr_line' id='line_1_20' title="bbox 2222 737 3811 811; baseline -0.001 -19"><span class='ocrx_word' id='word_1_110' title='bbox 2222 738 2649 811; x_wconf 90' lang='lat' dir='ltr'>Euthydemus,</span> <span class='ocrx_word' id='word_1_111' title='bbox 2710 738 2995 810; x_wconf 80' lang='lat' dir='ltr'>magister</span> <span class='ocrx_word' id='word_1_112' title='bbox 3052 737 3352 810; x_wconf 83' lang='lat' dir='ltr'>Apollonii</span> <span class='ocrx_word' id='word_1_113' title='bbox 3393 738 3635 809; x_wconf 86' lang='lat' dir='ltr'>Tyanei,</span> <span class='ocrx_word' id='word_1_114' title='bbox 3669 739 3811 792; x_wconf 84' lang='lat' dir='ltr'>Tar-</span> 
     </span>
    </p>
   </div>
   <div class='ocr_carea' id='block_1_21' title="bbox 2153 832 3258 902">
    <p class='ocr_par' dir='ltr' id='par_1_21' title="bbox 2153 832 3258 902">
     <span class='ocr_line' id='line_1_21' title="bbox 2153 832 3258 902; baseline 0.003 -17"><span class='ocrx_word' id='word_1_115' title='bbox 2153 833 2347 887; x_wconf 91' lang='lat' dir='ltr'>sensis</span> <span class='ocrx_word' id='word_1_116' title='bbox 2373 833 2541 900; x_wconf 82' lang='lat' dir='ltr'>Cilix,</span> <span class='ocrx_word' id='word_1_117' title='bbox 2577 838 2689 889; x_wconf 89' lang='lat' dir='ltr'>etc.</span> <span class='ocrx_word' id='word_1_118' title='bbox 2725 833 2826 900; x_wconf 89' lang='lat' dir='ltr'>(Ex</span> <span class='ocrx_word' id='word_1_119' title='bbox 2855 832 3258 902; x_wconf 85' lang='lat' dir='ltr'>Philostrato).</span> 
     </span>
    </p>
   </div>
   <div class='ocr_carea' id='block_1_22' title="bbox 2224 921 3815 994">
    <p class='ocr_par' dir='ltr' id='par_1_22' title="bbox 2224 921 3815 994">
     <span class='ocr_line' id='line_1_22' title="bbox 2224 921 3815 994; baseline -0.001 -18"><span class='ocrx_word' id='word_1_120' title='bbox 2224 923 2626 994; x_wconf 79' lang='lat' dir='ltr'>Euthymenes</span> <span class='ocrx_word' id='word_1_121' title='bbox 2657 923 2879 977; x_wconf 90' lang='lat' dir='ltr'>archon</span> <span class='ocrx_word' id='word_1_122' title='bbox 2909 922 3319 983; x_wconf 74' lang='lat' dir='ltr'>Atheniensis,</span> <span class='ocrx_word' id='word_1_123' title='bbox 3352 921 3459 976; x_wconf 89' lang='lat' dir='ltr'>sub</span> <span class='ocrx_word' id='word_1_124' title='bbox 3493 939 3607 993; x_wconf 93' lang='lat' dir='ltr'>quo</span> <span class='ocrx_word' id='word_1_125' title='bbox 3639 921 3815 976; x_wconf 91' lang='lat' dir='ltr'>abro-</span> 
     </span>
    </p>
   </div>
   <div class='ocr_carea' id='block_1_23' title="bbox 2150 1012 3811 1084">
    <p class='ocr_par' dir='ltr' id='par_1_23' title="bbox 2150 1012 3811 1084">
     <span class='ocr_line' id='line_1_23' title="bbox 2150 1012 3811 1084; baseline 0.001 -20"><span class='ocrx_word' id='word_1_126' title='bbox 2150 1015 2350 1082; x_wconf 85' lang='lat' dir='ltr'>gatum</span> <span class='ocrx_word' id='word_1_127' title='bbox 2379 1017 2466 1067; x_wconf 89' lang='lat' dir='ltr'>est</span> <span class='ocrx_word' id='word_1_128' title='bbox 2497 1012 2801 1068; x_wconf 90' lang='lat' dir='ltr'>decretum</span> <span class='ocrx_word' id='word_1_129' title='bbox 2826 1013 3112 1068; x_wconf 85' lang='lat' dir='ltr'>archonte</span> <span class='ocrx_word' id='word_1_130' title='bbox 3139 1013 3476 1083; x_wconf 85' lang='lat' dir='ltr'>Morychide</span> <span class='ocrx_word' id='word_1_131' title='bbox 3500 1013 3811 1084; x_wconf 89' lang='lat' dir='ltr'>scriptum,</span> 
     </span>
    </p>
   </div>
   <div class='ocr_carea' id='block_1_24' title="bbox 2152 1104 3819 1176">
    <p class='ocr_par' dir='ltr' id='par_1_24' title="bbox 2152 1104 3819 1176">
     <span class='ocr_line' id='line_1_24' title="bbox 2152 1104 3819 1176; baseline 0 -18"><span class='ocrx_word' id='word_1_132' title='bbox 2152 1120 2268 1175; x_wconf 91' lang='lat' dir='ltr'>quo</span> <span class='ocrx_word' id='word_1_133' title='bbox 2301 1105 2545 1159; x_wconf 90' lang='lat' dir='ltr'>comicis</span> <span class='ocrx_word' id='word_1_134' title='bbox 2571 1104 2947 1160; x_wconf 89' lang='lat' dir='ltr'>adimebatur</span> <span class='ocrx_word' id='word_1_135' title='bbox 2970 1104 3216 1160; x_wconf 89' lang='lat' dir='ltr'>libertas</span> <span class='ocrx_word' id='word_1_136' title='bbox 3248 1104 3508 1176; x_wconf 88' lang='lat' dir='ltr'>aliquem</span> <span class='ocrx_word' id='word_1_137' title='bbox 3542 1105 3602 1159; x_wconf 89' lang='lat' dir='ltr'>in</span> <span class='ocrx_word' id='word_1_138' title='bbox 3637 1119 3819 1158; x_wconf 87' lang='lat' dir='ltr'>scena</span> 
     </span>
    </p>
   </div>
   <div class='ocr_carea' id='block_1_25' title="bbox 2151 1196 2613 1269">
    <p class='ocr_par' dir='ltr' id='par_1_25' title="bbox 2151 1196 2613 1269">
     <span class='ocr_line' id='line_1_25' title="bbox 2151 1196 2613 1269; baseline 0.004 -19"><span class='ocrx_word' id='word_1_139' title='bbox 2151 1196 2613 1269; x_wconf 86' lang='lat' dir='ltr'>perstringendi.</span> 
     </span>
    </p>
   </div>
   <div class='ocr_carea' id='block_1_26' title="bbox 2222 1285 3818 1359">
    <p class='ocr_par' dir='ltr' id='par_1_26' title="bbox 2222 1285 3818 1359">
     <span class='ocr_line' id='line_1_26' title="bbox 2222 1285 3818 1359; baseline 0 -19"><span class='ocrx_word' id='word_1_140' title='bbox 2222 1287 2558 1358; x_wconf 81' lang='lat' dir='ltr'>Eutrapius,</span> <span class='ocrx_word' id='word_1_141' title='bbox 2619 1287 2823 1355; x_wconf 88' lang='lat' dir='ltr'>Italus,</span> <span class='ocrx_word' id='word_1_142' title='bbox 2886 1287 3172 1359; x_wconf 88' lang='lat' dir='ltr'>sophista,</span> <span class='ocrx_word' id='word_1_143' title='bbox 3233 1285 3502 1340; x_wconf 68' lang='lat' dir='ltr'>Historia)</span> <span class='ocrx_word' id='word_1_144' title='bbox 3534 1287 3818 1341; x_wconf 75' lang='lat' dir='ltr'>Romanae</span> 
     </span>
    </p>
   </div>
   <div class='ocr_carea' id='block_1_27' title="bbox 2151 1375 3816 1450">
    <p class='ocr_par' dir='ltr' id='par_1_27' title="bbox 2151 1375 3816 1450">
     <span class='ocr_line' id='line_1_27' title="bbox 2151 1375 3816 1450; baseline -0.002 -18"><span class='ocrx_word' id='word_1_145' title='bbox 2151 1378 2581 1449; x_wconf 90' lang='lat' dir='ltr'>Compendium</span> <span class='ocrx_word' id='word_1_146' title='bbox 2616 1378 2821 1433; x_wconf 84' lang='lat' dir='ltr'>Latina</span> <span class='ocrx_word' id='word_1_147' title='bbox 2859 1377 3064 1450; x_wconf 83' lang='lat' dir='ltr'>lingua</span> <span class='ocrx_word' id='word_1_148' title='bbox 3117 1377 3374 1448; x_wconf 89' lang='lat' dir='ltr'>scripsit,</span> <span class='ocrx_word' id='word_1_149' title='bbox 3409 1377 3666 1448; x_wconf 91' lang='lat' dir='ltr'>aliaque.</span> <span class='ocrx_word' id='word_1_150' title='bbox 3699 1375 3816 1430; x_wconf 84' lang='lat' dir='ltr'>Alii</span> 
     </span>
    </p>
   </div>
   <div class='ocr_carea' id='block_1_28' title="bbox 2151 1467 3814 1540">
    <p class='ocr_par' dir='ltr' id='par_1_28' title="bbox 2151 1467 3814 1540">
     <span class='ocr_line' id='line_1_28' title="bbox 2151 1467 3814 1540; baseline -0.001 -18"><span class='ocrx_word' id='word_1_151' title='bbox 2151 1467 2309 1538; x_wconf 89' lang='lat' dir='ltr'>apud</span> <span class='ocrx_word' id='word_1_152' title='bbox 2358 1468 2599 1524; x_wconf 89' lang='lat' dir='ltr'>Suidam</span> <span class='ocrx_word' id='word_1_153' title='bbox 2657 1474 3027 1540; x_wconf 89' lang='lat' dir='ltr'>sequuntur:</span> <span class='ocrx_word' id='word_1_154' title='bbox 3089 1469 3430 1540; x_wconf 87' lang='lat' dir='ltr'>Eutropius,</span> <span class='ocrx_word' id='word_1_155' title='bbox 3478 1467 3814 1532; x_wconf 88' lang='lat' dir='ltr'>eunuchus,</span> 
     </span>
    </p>
   </div>
   <div class='ocr_carea' id='block_1_29' title="bbox 2151 1555 3816 1629">
    <p class='ocr_par' dir='ltr' id='par_1_29' title="bbox 2151 1555 3816 1629">
     <span class='ocr_line' id='line_1_29' title="bbox 2151 1555 3816 1629; baseline -0.001 -20"><span class='ocrx_word' id='word_1_156' title='bbox 2151 1560 2313 1610; x_wconf 90' lang='lat' dir='ltr'>tutor</span> <span class='ocrx_word' id='word_1_157' title='bbox 2333 1557 2645 1611; x_wconf 86' lang='lat' dir='ltr'>Theodosii</span> <span class='ocrx_word' id='word_1_158' title='bbox 2691 1557 2930 1629; x_wconf 91' lang='lat' dir='ltr'>imper.,</span> <span class='ocrx_word' id='word_1_159' title='bbox 2973 1562 3032 1611; x_wconf 91' lang='lat' dir='ltr'>et</span> <span class='ocrx_word' id='word_1_160' title='bbox 3071 1557 3407 1629; x_wconf 87' lang='lat' dir='ltr'>Eutropius,</span> <span class='ocrx_word' id='word_1_161' title='bbox 3458 1555 3816 1627; x_wconf 68' lang='lat' dir='ltr'>przepositus</span> 
     </span>
    </p>
   </div>
   <div class='ocr_carea' id='block_1_30' title="bbox 2151 1643 3682 1716">
    <p class='ocr_par' dir='ltr' id='par_1_30' title="bbox 2151 1643 3682 1716">
     <span class='ocr_line' id='line_1_30' title="bbox 2151 1643 3682 1716; baseline 0.001 -18"><span class='ocrx_word' id='word_1_162' title='bbox 2151 1643 2407 1699; x_wconf 88' lang='lat' dir='ltr'>cubiculi</span> <span class='ocrx_word' id='word_1_163' title='bbox 2440 1644 2674 1700; x_wconf 81' lang='lat' dir='ltr'>Arcadii</span> <span class='ocrx_word' id='word_1_164' title='bbox 2707 1645 2916 1716; x_wconf 89' lang='lat' dir='ltr'>imper.</span> <span class='ocrx_word' id='word_1_165' title='bbox 2953 1646 3130 1700; x_wconf 90' lang='lat' dir='ltr'>homo</span> <span class='ocrx_word' id='word_1_166' title='bbox 3163 1645 3682 1700; x_wconf 89' lang='lat' dir='ltr'>sceleratissimus.</span> 
     </span>
    </p>
   </div>
   <div class='ocr_carea' id='block_1_31' title="bbox 2221 1732 3814 1806">
    <p class='ocr_par' dir='ltr' id='par_1_31' title="bbox 2221 1732 3814 1806">
     <span class='ocr_line' id='line_1_31' title="bbox 2221 1732 3814 1806; baseline -0.001 -19"><span class='ocrx_word' id='word_1_167' title='bbox 2221 1734 2535 1804; x_wconf 87' lang='lat' dir='ltr'>Eutyches,</span> <span class='ocrx_word' id='word_1_168' title='bbox 2595 1734 2766 1790; x_wconf 88' lang='lat' dir='ltr'>CPoli</span> <span class='ocrx_word' id='word_1_169' title='bbox 2825 1735 3176 1789; x_wconf 89' lang='lat' dir='ltr'>monasterii</span> <span class='ocrx_word' id='word_1_170' title='bbox 3236 1732 3570 1806; x_wconf 78' lang='lat' dir='ltr'>praefectus,</span> <span class='ocrx_word' id='word_1_171' title='bbox 3614 1733 3814 1803; x_wconf 67' lang='lat' dir='ltr'>impia)</span> 
     </span>
    </p>
   </div>
   <div class='ocr_carea' id='block_1_32' title="bbox 2151 1822 3810 1896">
    <p class='ocr_par' dir='ltr' id='par_1_32' title="bbox 2151 1822 3810 1896">
     <span class='ocr_line' id='line_1_32' title="bbox 2151 1822 3810 1896; baseline -0.002 -18"><span class='ocrx_word' id='word_1_172' title='bbox 2151 1829 2326 1879; x_wconf 68' lang='lat' dir='ltr'>secta:</span> <span class='ocrx_word' id='word_1_173' title='bbox 2357 1825 2607 1880; x_wconf 84' lang='lat' dir='ltr'>Manetis</span> <span class='ocrx_word' id='word_1_174' title='bbox 2639 1830 2697 1878; x_wconf 91' lang='lat' dir='ltr'>et</span> <span class='ocrx_word' id='word_1_175' title='bbox 2726 1823 3088 1896; x_wconf 89' lang='lat' dir='ltr'>Apollinaris</span> <span class='ocrx_word' id='word_1_176' title='bbox 3120 1824 3328 1879; x_wconf 88' lang='lat' dir='ltr'>tertius</span> <span class='ocrx_word' id='word_1_177' title='bbox 3368 1822 3664 1890; x_wconf 86' lang='lat' dir='ltr'>defensor,</span> <span class='ocrx_word' id='word_1_178' title='bbox 3699 1827 3810 1877; x_wconf 91' lang='lat' dir='ltr'>etc.</span> 
     </span>
    </p>
   </div>
   <div class='ocr_carea' id='block_1_33' title="bbox 452 1915 2033 2007">
    <p class='ocr_par' dir='ltr' id='par_1_33' title="bbox 452 1927 2029 2007">
     <span class='ocr_line' id='line_1_33' title="bbox 452 1927 2029 2007; baseline -0.008 -11"><span class='ocrx_word' id='word_1_179' title='bbox 452 1941 840 2007; x_wconf 88' lang='lat' dir='ltr'>Euschemus,</span> <span class='ocrx_word' id='word_1_180' title='bbox 873 1939 1158 1996; x_wconf 90' lang='lat' dir='ltr'>comicus.</span> <span class='ocrx_word' id='word_1_181' title='bbox 1211 1939 1292 1992; x_wconf 90' lang='lat' dir='ltr'>Ex</span> <span class='ocrx_word' id='word_1_182' title='bbox 1341 1935 1558 1991; x_wconf 87' lang='lat' dir='ltr'>fabulis</span> <span class='ocrx_word' id='word_1_183' title='bbox 1589 1934 1721 2006; x_wconf 81' lang='lat' dir='ltr'>ejus</span> <span class='ocrx_word' id='word_1_184' title='bbox 1752 1927 2029 2004; x_wconf 77' lang='grc' dir='ltr'>Ἐμπολή,</span> 
     </span>
    </p>
   </div>
   <div class='ocr_carea' id='block_1_34' title="bbox 2160 1915 3022 2007">
    <p class='ocr_par' dir='ltr' id='par_1_34' title="bbox 2160 1915 3022 1986">
     <span class='ocr_line' id='line_1_34' title="bbox 2160 1915 3022 1986; baseline 0.002 -17"><span class='ocrx_word' id='word_1_185' title='bbox 2160 1916 2254 1986; x_wconf 69' lang='lat' dir='ltr'>[Ex</span> <span class='ocrx_word' id='word_1_186' title='bbox 2285 1915 2592 1971; x_wconf 86' lang='lat' dir='ltr'>Theodoro</span> <span class='ocrx_word' id='word_1_187' title='bbox 2625 1916 3022 1986; x_wconf 77' lang='lat' dir='ltr'>Raithuensi.)</span> 
     </span>
    </p>
   </div>
   <div class='ocr_carea' id='block_1_35' title="bbox 379 2031 860 2086">
    <p class='ocr_par' dir='ltr' id='par_1_35' title="bbox 379 2031 860 2086">
     <span class='ocr_line' id='line_1_35' title="bbox 379 2031 860 2086; baseline 0.002 -1"><span class='ocrx_word' id='word_1_188' title='bbox 379 2036 528 2086; x_wconf 90' lang='lat' dir='ltr'>teste</span> <span class='ocrx_word' id='word_1_189' title='bbox 554 2031 860 2086; x_wconf 66' lang='lat' dir='ltr'>Athenaeo.</span> 
     </span>
    </p>
   </div>
   <div class='ocr_carea' id='block_1_36' title="bbox 448 2130 2027 2208">
    <p class='ocr_par' dir='ltr' id='par_1_36' title="bbox 448 2130 2027 2208">
     <span class='ocr_line' id='line_1_36' title="bbox 448 2130 2027 2208; baseline -0.006 -15"><span class='ocrx_word' id='word_1_190' title='bbox 448 2138 738 2193; x_wconf 91' lang='lat' dir='ltr'>Eusebius</span> <span class='ocrx_word' id='word_1_191' title='bbox 794 2136 1114 2208; x_wconf 89' lang='lat' dir='ltr'>Pamphili,</span> <span class='ocrx_word' id='word_1_192' title='bbox 1189 2135 1425 2190; x_wconf 81' lang='lat' dir='ltr'>Arianae</span> <span class='ocrx_word' id='word_1_193' title='bbox 1492 2137 1667 2188; x_wconf 60' lang='lat' dir='ltr'>seetse</span> <span class='ocrx_word' id='word_1_194' title='bbox 1735 2130 2027 2198; x_wconf 88' lang='lat' dir='ltr'>addictus,</span> 
     </span>
    </p>
   </div>
   <div class='ocr_carea' id='block_1_37' title="bbox 372 2221 2033 2298">
    <p class='ocr_par' dir='ltr' id='par_1_37' title="bbox 372 2221 2033 2298">
     <span class='ocr_line' id='line_1_37' title="bbox 372 2221 2033 2298; baseline -0.006 -15"><span class='ocrx_word' id='word_1_195' title='bbox 372 2230 654 2284; x_wconf 63' lang='lat' dir='ltr'>Cassareas</span> <span class='ocrx_word' id='word_1_196' title='bbox 672 2227 1004 2282; x_wconf 65' lang='lat' dir='ltr'>Palaestinas</span> <span class='ocrx_word' id='word_1_197' title='bbox 1022 2227 1361 2298; x_wconf 89' lang='lat' dir='ltr'>episcopus,</span> <span class='ocrx_word' id='word_1_198' title='bbox 1382 2239 1683 2278; x_wconf 90' lang='lat' dir='ltr'>sacrarum</span> <span class='ocrx_word' id='word_1_199' title='bbox 1707 2221 2033 2291; x_wconf 88' lang='lat' dir='ltr'>Scriptura-</span> 
     </span>
    </p>
   </div>
   <div class='ocr_carea' id='block_1_38' title="bbox 371 2311 2034 2387">
    <p class='ocr_par' dir='ltr' id='par_1_38' title="bbox 371 2311 2034 2387">
     <span class='ocr_line' id='line_1_38' title="bbox 371 2311 2034 2387; baseline -0.005 -15"><span class='ocrx_word' id='word_1_200' title='bbox 371 2333 507 2372; x_wconf 87' lang='lat' dir='ltr'>rum</span> <span class='ocrx_word' id='word_1_201' title='bbox 531 2317 845 2387; x_wconf 81' lang='lat' dir='ltr'>insigniter</span> <span class='ocrx_word' id='word_1_202' title='bbox 865 2315 1169 2370; x_wconf 90' lang='lat' dir='ltr'>studiosus</span> <span class='ocrx_word' id='word_1_203' title='bbox 1191 2321 1250 2369; x_wconf 92' lang='lat' dir='ltr'>et</span> <span class='ocrx_word' id='word_1_204' title='bbox 1274 2313 1488 2368; x_wconf 71' lang='lat' dir='ltr'>divinas</span> <span class='ocrx_word' id='word_1_205' title='bbox 1512 2311 1891 2366; x_wconf 79' lang='lat' dir='ltr'>bibliothech</span> <span class='ocrx_word' id='word_1_206' title='bbox 1913 2325 2034 2364; x_wconf 90' lang='lat' dir='ltr'>una</span> 
     </span>
    </p>
   </div>
   <div class='ocr_carea' id='block_1_39' title="bbox 375 2400 2031 2477">
    <p class='ocr_par' dir='ltr' id='par_1_39' title="bbox 375 2400 2031 2477">
     <span class='ocr_line' id='line_1_39' title="bbox 375 2400 2031 2477; baseline -0.004 -17"><span class='ocrx_word' id='word_1_207' title='bbox 375 2422 513 2460; x_wconf 91' lang='lat' dir='ltr'>cum</span> <span class='ocrx_word' id='word_1_208' title='bbox 544 2405 856 2477; x_wconf 89' lang='lat' dir='ltr'>Pamphilo</span> <span class='ocrx_word' id='word_1_209' title='bbox 887 2410 1144 2475; x_wconf 85' lang='lat' dir='ltr'>martyre</span> <span class='ocrx_word' id='word_1_210' title='bbox 1195 2402 1690 2475; x_wconf 88' lang='lat' dir='ltr'>diligentissimus</span> <span class='ocrx_word' id='word_1_211' title='bbox 1718 2400 2031 2470; x_wconf 87' lang='lat' dir='ltr'>investiga-</span> 
     </span>
    </p>
   </div>
   <div class='ocr_carea' id='block_1_40' title="bbox 374 2490 2028 2564">
    <p class='ocr_par' dir='ltr' id='par_1_40' title="bbox 374 2490 2028 2564">
     <span class='ocr_line' id='line_1_40' title="bbox 374 2490 2028 2564; baseline -0.005 -14"><span class='ocrx_word' id='word_1_212' title='bbox 374 2501 488 2550; x_wconf 88' lang='lat' dir='ltr'>tor.</span> <span class='ocrx_word' id='word_1_213' title='bbox 549 2494 732 2549; x_wconf 84' lang='lat' dir='ltr'>Multa</span> <span class='ocrx_word' id='word_1_214' title='bbox 789 2493 974 2548; x_wconf 89' lang='lat' dir='ltr'>edidit</span> <span class='ocrx_word' id='word_1_215' title='bbox 1028 2508 1228 2564; x_wconf 86' lang='lat' dir='ltr'>Opera,</span> <span class='ocrx_word' id='word_1_216' title='bbox 1289 2492 1447 2546; x_wconf 91' lang='lat' dir='ltr'>inter</span> <span class='ocrx_word' id='word_1_217' title='bbox 1497 2507 1630 2560; x_wconf 66' lang='lat' dir='ltr'>qua;</span> <span class='ocrx_word' id='word_1_218' title='bbox 1689 2495 1828 2544; x_wconf 91' lang='lat' dir='ltr'>sunt</span> <span class='ocrx_word' id='word_1_219' title='bbox 1879 2490 2028 2544; x_wconf 87' lang='lat' dir='ltr'>ista:</span> 
     </span>
    </p>
   </div>
   <div class='ocr_carea' id='block_1_41' title="bbox 375 2580 2033 2655">
    <p class='ocr_par' dir='ltr' id='par_1_41' title="bbox 375 2580 2033 2655">
     <span class='ocr_line' id='line_1_41' title="bbox 375 2580 2033 2655; baseline -0.004 -15"><span class='ocrx_word' id='word_1_220' title='bbox 375 2583 722 2655; x_wconf 76' lang='lat' dir='ltr'>Evangelicae</span> <span class='ocrx_word' id='word_1_221' title='bbox 769 2584 1251 2638; x_wconf 76' lang='lat' dir='ltr'>demonstrationis</span> <span class='ocrx_word' id='word_1_222' title='bbox 1317 2582 1446 2636; x_wconf 85' lang='lat' dir='ltr'>libri</span> <span class='ocrx_word' id='word_1_223' title='bbox 1500 2583 1612 2637; x_wconf 82' lang='lat' dir='ltr'>XX.</span> <span class='ocrx_word' id='word_1_224' title='bbox 1688 2580 2033 2649; x_wconf 80' lang='lat' dir='ltr'>Evangelicae</span> 
     </span>
    </p>
   </div>
   <div class='ocr_carea' id='block_1_42' title="bbox 378 2670 2033 2744">
    <p class='ocr_par' dir='ltr' id='par_1_42' title="bbox 378 2670 2033 2744">
     <span class='ocr_line' id='line_1_42' title="bbox 378 2670 2033 2744; baseline -0.002 -16"><span class='ocrx_word' id='word_1_225' title='bbox 378 2675 818 2744; x_wconf 63' lang='lat' dir='ltr'>Praeparationis</span> <span class='ocrx_word' id='word_1_226' title='bbox 852 2672 980 2726; x_wconf 83' lang='lat' dir='ltr'>libri</span> <span class='ocrx_word' id='word_1_227' title='bbox 1009 2674 1128 2726; x_wconf 84' lang='lat' dir='ltr'><strong>XV.</strong></span> <span class='ocrx_word' id='word_1_228' title='bbox 1165 2670 1538 2741; x_wconf 68' lang='lat' dir='ltr'>TheOphania?</span> <span class='ocrx_word' id='word_1_229' title='bbox 1572 2671 1700 2724; x_wconf 83' lang='lat' dir='ltr'>libri</span> <span class='ocrx_word' id='word_1_230' title='bbox 1739 2671 1804 2726; x_wconf 92' lang='lat' dir='ltr'>V.</span> <span class='ocrx_word' id='word_1_231' title='bbox 1838 2670 2033 2725; x_wconf 80' lang='lat' dir='ltr'>Eccle-</span> 
     </span>
    </p>
   </div>
   <div class='ocr_carea' id='block_1_43' title="bbox 375 2761 2033 2820">
    <p class='ocr_par' dir='ltr' id='par_1_43' title="bbox 375 2761 2033 2820">
     <span class='ocr_line' id='line_1_43' title="bbox 375 2761 2033 2820; baseline -0.002 0"><span class='ocrx_word' id='word_1_232' title='bbox 375 2765 610 2820; x_wconf 63' lang='lat' dir='ltr'>siasticw</span> <span class='ocrx_word' id='word_1_233' title='bbox 668 2763 924 2818; x_wconf 64' lang='lat' dir='ltr'>Historiae</span> <span class='ocrx_word' id='word_1_234' title='bbox 964 2762 1094 2816; x_wconf 81' lang='lat' dir='ltr'>libri</span> <span class='ocrx_word' id='word_1_235' title='bbox 1148 2763 1214 2816; x_wconf 86' lang='lat' dir='ltr'><strong>X.</strong></span> <span class='ocrx_word' id='word_1_236' title='bbox 1276 2761 1519 2817; x_wconf 85' lang='lat' dir='ltr'>Canones</span> <span class='ocrx_word' id='word_1_237' title='bbox 1577 2761 1823 2815; x_wconf 83' lang='lat' dir='ltr'>chronici</span> <span class='ocrx_word' id='word_1_238' title='bbox 1864 2763 2033 2816; x_wconf 71' lang='lat' dir='ltr'>varia:</span> 
     </span>
    </p>
   </div>
   <div class='ocr_carea' id='block_1_44' title="bbox 376 2850 2032 2922">
    <p class='ocr_par' dir='ltr' id='par_1_44' title="bbox 376 2850 2032 2922">
     <span class='ocr_line' id='line_1_44' title="bbox 376 2850 2032 2922; baseline 0 -16"><span class='ocrx_word' id='word_1_239' title='bbox 376 2854 647 2922; x_wconf 57' lang='lat' dir='ltr'>historir,</span> <span class='ocrx_word' id='word_1_240' title='bbox 689 2859 741 2907; x_wconf 84' lang='lat' dir='ltr'>et</span> <span class='ocrx_word' id='word_1_241' title='bbox 790 2868 975 2907; x_wconf 81' lang='lat' dir='ltr'>eorum</span> <span class='ocrx_word' id='word_1_242' title='bbox 1025 2852 1292 2921; x_wconf 85' lang='lat' dir='ltr'>Epitome.</span> <span class='ocrx_word' id='word_1_243' title='bbox 1338 2852 1411 2905; x_wconf 88' lang='lat' dir='ltr'>De</span> <span class='ocrx_word' id='word_1_244' title='bbox 1458 2850 1863 2920; x_wconf 82' lang='lat' dir='ltr'>evangeliorum</span> <span class='ocrx_word' id='word_1_245' title='bbox 1909 2853 2032 2906; x_wconf 84' lang='lat' dir='ltr'>dis-</span> 
     </span>
    </p>
   </div>
   <div class='ocr_carea' id='block_1_45' title="bbox 373 2943 2032 3015">
    <p class='ocr_par' dir='ltr' id='par_1_45' title="bbox 373 2943 2032 3015">
     <span class='ocr_line' id='line_1_45' title="bbox 373 2943 2032 3015; baseline -0.002 -15"><span class='ocrx_word' id='word_1_246' title='bbox 373 2947 639 3000; x_wconf 84' lang='lat' dir='ltr'>sensio-ne.</span> <span class='ocrx_word' id='word_1_247' title='bbox 673 2947 738 2999; x_wconf 87' lang='lat' dir='ltr'><strong>In</strong></span> <span class='ocrx_word' id='word_1_248' title='bbox 761 2944 1093 3015; x_wconf 81' lang='lat' dir='ltr'>prophetam</span> <span class='ocrx_word' id='word_1_249' title='bbox 1145 2945 1348 2998; x_wconf 88' lang='lat' dir='ltr'>Isaiam</span> <span class='ocrx_word' id='word_1_250' title='bbox 1401 2943 1533 2997; x_wconf 83' lang='lat' dir='ltr'>libri</span> <span class='ocrx_word' id='word_1_251' title='bbox 1561 2943 1622 2998; x_wconf 85' lang='lat' dir='ltr'>X.</span> <span class='ocrx_word' id='word_1_252' title='bbox 1657 2945 1860 3000; x_wconf 82' lang='lat' dir='ltr'>Contra</span> <span class='ocrx_word' id='word_1_253' title='bbox 1889 2946 2032 2997; x_wconf 85' lang='lat' dir='ltr'>Por-</span> 
     </span>
    </p>
   </div>
   <div class='ocr_carea' id='block_1_46' title="bbox 365 3033 2032 3106">
    <p class='ocr_par' dir='ltr' id='par_1_46' title="bbox 365 3033 2032 3106">
     <span class='ocr_line' id='line_1_46' title="bbox 365 3033 2032 3106; baseline -0.001 -18"><span class='ocrx_word' id='word_1_254' title='bbox 365 3036 650 3106; x_wconf 82' lang='lat' dir='ltr'>phyrium,</span> <span class='ocrx_word' id='word_1_255' title='bbox 669 3035 767 3106; x_wconf 91' lang='lat' dir='ltr'>qui</span> <span class='ocrx_word' id='word_1_256' title='bbox 794 3040 957 3101; x_wconf 87' lang='lat' dir='ltr'>tunc,</span> <span class='ocrx_word' id='word_1_257' title='bbox 981 3039 1048 3088; x_wconf 91' lang='lat' dir='ltr'>ut</span> <span class='ocrx_word' id='word_1_258' title='bbox 1063 3033 1304 3104; x_wconf 88' lang='lat' dir='ltr'>quidam</span> <span class='ocrx_word' id='word_1_259' title='bbox 1327 3039 1558 3105; x_wconf 90' lang='lat' dir='ltr'>putant,</span> <span class='ocrx_word' id='word_1_260' title='bbox 1585 3034 1644 3088; x_wconf 89' lang='lat' dir='ltr'>in</span> <span class='ocrx_word' id='word_1_261' title='bbox 1671 3033 1872 3089; x_wconf 88' lang='lat' dir='ltr'>Sicilia</span> <span class='ocrx_word' id='word_1_262' title='bbox 1894 3033 2032 3087; x_wconf 88' lang='lat' dir='ltr'>scri-</span> 
     </span>
    </p>
   </div>
   <div class='ocr_carea' id='block_1_47' title="bbox 370 3123 2035 3193">
    <p class='ocr_par' dir='ltr' id='par_1_47' title="bbox 370 3123 2035 3193">
     <span class='ocr_line' id='line_1_47' title="bbox 370 3123 2035 3193; baseline 0 -15"><span class='ocrx_word' id='word_1_263' title='bbox 370 3125 570 3193; x_wconf 86' lang='lat' dir='ltr'>bebat,</span> <span class='ocrx_word' id='word_1_264' title='bbox 627 3125 756 3178; x_wconf 86' lang='lat' dir='ltr'>libri</span> <span class='ocrx_word' id='word_1_265' title='bbox 810 3125 966 3178; x_wconf 86' lang='lat' dir='ltr'><strong>XXX.</strong></span> <span class='ocrx_word' id='word_1_266' title='bbox 1026 3125 1301 3193; x_wconf 81' lang='grc' dir='ltr'>Τοπικῶν,</span> <span class='ocrx_word' id='word_1_267' title='bbox 1363 3123 1481 3178; x_wconf 90' lang='lat' dir='ltr'>sive</span> <span class='ocrx_word' id='word_1_268' title='bbox 1539 3125 1615 3177; x_wconf 85' lang='lat' dir='ltr'>De</span> <span class='ocrx_word' id='word_1_269' title='bbox 1678 3124 1807 3178; x_wconf 87' lang='lat' dir='ltr'>locis</span> <span class='ocrx_word' id='word_1_270' title='bbox 1863 3124 2035 3178; x_wconf 88' lang='lat' dir='ltr'>sacris</span> 
     </span>
    </p>
   </div>
   <div class='ocr_carea' id='block_1_48' title="bbox 373 3213 2031 3284">
    <p class='ocr_par' dir='ltr' id='par_1_48' title="bbox 373 3213 2031 3284">
     <span class='ocr_line' id='line_1_48' title="bbox 373 3213 2031 3284; baseline -0.001 -15"><span class='ocrx_word' id='word_1_271' title='bbox 373 3214 552 3276; x_wconf 83' lang='lat' dir='ltr'>liber;</span> <span class='ocrx_word' id='word_1_272' title='bbox 582 3213 868 3284; x_wconf 76' lang='lat' dir='ltr'>Apologia:</span> <span class='ocrx_word' id='word_1_273' title='bbox 893 3230 998 3284; x_wconf 83' lang='lat' dir='ltr'>pro</span> <span class='ocrx_word' id='word_1_274' title='bbox 1029 3214 1256 3283; x_wconf 80' lang='lat' dir='ltr'>Origine</span> <span class='ocrx_word' id='word_1_275' title='bbox 1306 3214 1434 3268; x_wconf 92' lang='lat' dir='ltr'>libri</span> <span class='ocrx_word' id='word_1_276' title='bbox 1492 3215 1583 3269; x_wconf 85' lang='lat' dir='ltr'>VI.</span> <span class='ocrx_word' id='word_1_277' title='bbox 1618 3215 1694 3268; x_wconf 89' lang='lat' dir='ltr'>De</span> <span class='ocrx_word' id='word_1_278' title='bbox 1718 3215 1836 3267; x_wconf 80' lang='lat' dir='ltr'>vita</span> <span class='ocrx_word' id='word_1_279' title='bbox 1869 3218 2031 3269; x_wconf 87' lang='lat' dir='ltr'>Pam-</span> 
     </span>
    </p>
   </div>
   <div class='ocr_carea' id='block_1_49' title="bbox 2222 2005 3809 2077">
    <p class='ocr_par' dir='ltr' id='par_1_49' title="bbox 2222 2005 3809 2077">
     <span class='ocr_line' id='line_1_49' title="bbox 2222 2005 3809 2077; baseline -0.002 -16"><span class='ocrx_word' id='word_1_280' title='bbox 2222 2008 2519 2076; x_wconf 86' lang='lat' dir='ltr'>Euxenus,</span> <span class='ocrx_word' id='word_1_281' title='bbox 2542 2008 2630 2062; x_wconf 90' lang='lat' dir='ltr'>vir</span> <span class='ocrx_word' id='word_1_282' title='bbox 2657 2025 2777 2064; x_wconf 90' lang='lat' dir='ltr'>non</span> <span class='ocrx_word' id='word_1_283' title='bbox 2808 2006 3130 2062; x_wconf 87' lang='lat' dir='ltr'>admodum</span> <span class='ocrx_word' id='word_1_284' title='bbox 3163 2005 3384 2077; x_wconf 87' lang='lat' dir='ltr'>probus</span> <span class='ocrx_word' id='word_1_285' title='bbox 3411 2023 3520 2061; x_wconf 89' lang='lat' dir='ltr'>nec</span> <span class='ocrx_word' id='word_1_286' title='bbox 3552 2009 3809 2060; x_wconf 76' lang='lat' dir='ltr'>actuosae</span> 
     </span>
    </p>
   </div>
   <div class='ocr_carea' id='block_1_50' title="bbox 2149 2097 3808 2170">
    <p class='ocr_par' dir='ltr' id='par_1_50' title="bbox 2149 2097 3808 2170">
     <span class='ocr_line' id='line_1_50' title="bbox 2149 2097 3808 2170; baseline -0.001 -19"><span class='ocrx_word' id='word_1_287' title='bbox 2149 2098 2280 2151; x_wconf 79' lang='lat' dir='ltr'>vitae</span> <span class='ocrx_word' id='word_1_288' title='bbox 2312 2098 2570 2168; x_wconf 86' lang='lat' dir='ltr'>deditus,</span> <span class='ocrx_word' id='word_1_289' title='bbox 2599 2104 2659 2153; x_wconf 91' lang='lat' dir='ltr'>et</span> <span class='ocrx_word' id='word_1_290' title='bbox 2686 2099 2921 2170; x_wconf 86' lang='lat' dir='ltr'>Epicuri</span> <span class='ocrx_word' id='word_1_291' title='bbox 2971 2098 3238 2153; x_wconf 88' lang='lat' dir='ltr'>moribus</span> <span class='ocrx_word' id='word_1_292' title='bbox 3269 2097 3552 2153; x_wconf 89' lang='lat' dir='ltr'>imbutus.</span> <span class='ocrx_word' id='word_1_293' title='bbox 3588 2097 3808 2168; x_wconf 86' lang='lat' dir='ltr'>Pytha-</span> 
     </span>
    </p>
   </div>
   <div class='ocr_carea' id='block_1_51' title="bbox 2152 2187 3809 2260">
    <p class='ocr_par' dir='ltr' id='par_1_51' title="bbox 2152 2187 3809 2260">
     <span class='ocr_line' id='line_1_51' title="bbox 2152 2187 3809 2260; baseline 0 -19"><span class='ocrx_word' id='word_1_294' title='bbox 2152 2203 2307 2258; x_wconf 63' lang='lat' dir='ltr'>gorae</span> <span class='ocrx_word' id='word_1_295' title='bbox 2339 2205 2474 2243; x_wconf 90' lang='lat' dir='ltr'>vero</span> <span class='ocrx_word' id='word_1_296' title='bbox 2506 2189 2820 2260; x_wconf 88' lang='lat' dir='ltr'>opiniones</span> <span class='ocrx_word' id='word_1_297' title='bbox 2867 2189 2949 2244; x_wconf 89' lang='lat' dir='ltr'>ita</span> <span class='ocrx_word' id='word_1_298' title='bbox 3006 2187 3422 2259; x_wconf 74' lang='lat' dir='ltr'>cognoscebat,</span> <span class='ocrx_word' id='word_1_299' title='bbox 3454 2193 3520 2242; x_wconf 89' lang='lat' dir='ltr'>ut</span> <span class='ocrx_word' id='word_1_300' title='bbox 3548 2203 3680 2242; x_wconf 89' lang='lat' dir='ltr'>aves</span> <span class='ocrx_word' id='word_1_301' title='bbox 3716 2203 3809 2258; x_wconf 90' lang='lat' dir='ltr'>ea,</span> 
     </span>
    </p>
   </div>
   <div class='ocr_carea' id='block_1_52' title="bbox 2150 2274 3810 2354">
    <p class='ocr_par' dir='ltr' id='par_1_52' title="bbox 2150 2274 3810 2354">
     <span class='ocr_line' id='line_1_52' title="bbox 2150 2274 3810 2354; baseline -0.004 -20"><span class='ocrx_word' id='word_1_302' title='bbox 2150 2296 2282 2350; x_wconf 63' lang='lat' dir='ltr'>quae</span> <span class='ocrx_word' id='word_1_303' title='bbox 2329 2280 2568 2334; x_wconf 90' lang='lat' dir='ltr'>discunt</span> <span class='ocrx_word' id='word_1_304' title='bbox 2613 2279 2686 2334; x_wconf 90' lang='lat' dir='ltr'>ab</span> <span class='ocrx_word' id='word_1_305' title='bbox 2737 2279 3103 2348; x_wconf 89' lang='lat' dir='ltr'>hominibus,</span> <span class='ocrx_word' id='word_1_306' title='bbox 3148 2283 3311 2354; x_wconf 77' lang='grc' dir='ltr'>χαῖρε</span> <span class='ocrx_word' id='word_1_307' title='bbox 3360 2277 3449 2332; x_wconf 86' lang='lat' dir='ltr'>vel</span> <span class='ocrx_word' id='word_1_308' title='bbox 3497 2274 3555 2330; x_wconf 81' lang='grc' dir='ltr'>εὗ</span> <span class='ocrx_word' id='word_1_309' title='bbox 3586 2275 3810 2349; x_wconf 69' lang='grc' dir='ltr'>πρᾶττε,</span> 
     </span>
    </p>
   </div>
   <div class='ocr_carea' id='block_1_53' title="bbox 2151 2365 3815 2441">
    <p class='ocr_par' dir='ltr' id='par_1_53' title="bbox 2151 2365 3815 2441">
     <span class='ocr_line' id='line_1_53' title="bbox 2151 2365 3815 2441; baseline -0.002 -17"><span class='ocrx_word' id='word_1_310' title='bbox 2151 2375 2209 2424; x_wconf 91' lang='lat' dir='ltr'>et</span> <span class='ocrx_word' id='word_1_311' title='bbox 2233 2365 2360 2429; x_wconf 78' lang='grc' dir='ltr'>Ζεὺς</span> <span class='ocrx_word' id='word_1_312' title='bbox 2415 2365 2602 2430; x_wconf 79' lang='grc' dir='ltr'>ἳλεως.</span> <span class='ocrx_word' id='word_1_313' title='bbox 2657 2369 3006 2441; x_wconf 91' lang='lat' dir='ltr'>Apollonius</span> <span class='ocrx_word' id='word_1_314' title='bbox 3055 2386 3204 2440; x_wconf 88' lang='lat' dir='ltr'>puer</span> <span class='ocrx_word' id='word_1_315' title='bbox 3259 2371 3564 2422; x_wconf 89' lang='lat' dir='ltr'>Euxenum</span> <span class='ocrx_word' id='word_1_316' title='bbox 3605 2366 3815 2422; x_wconf 88' lang='lat' dir='ltr'>audie-</span> 
     </span>
    </p>
   </div>
   <div class='ocr_carea' id='block_1_54' title="bbox 2150 2455 3815 2530">
    <p class='ocr_par' dir='ltr' id='par_1_54' title="bbox 2150 2455 3815 2530">
     <span class='ocr_line' id='line_1_54' title="bbox 2150 2455 3815 2530; baseline -0.002 -15"><span class='ocrx_word' id='word_1_317' title='bbox 2150 2461 2270 2530; x_wconf 88' lang='lat' dir='ltr'>bat,</span> <span class='ocrx_word' id='word_1_318' title='bbox 2294 2459 2398 2516; x_wconf 90' lang='lat' dir='ltr'>sed</span> <span class='ocrx_word' id='word_1_319' title='bbox 2419 2459 2493 2515; x_wconf 90' lang='lat' dir='ltr'>ad</span> <span class='ocrx_word' id='word_1_320' title='bbox 2525 2459 2822 2515; x_wconf 91' lang='lat' dir='ltr'>decimum</span> <span class='ocrx_word' id='word_1_321' title='bbox 2849 2465 3081 2515; x_wconf 88' lang='lat' dir='ltr'>sextum</span> <span class='ocrx_word' id='word_1_322' title='bbox 3103 2475 3329 2514; x_wconf 89' lang='lat' dir='ltr'>annum</span> <span class='ocrx_word' id='word_1_323' title='bbox 3359 2455 3815 2530; x_wconf 88' lang='lat' dir='ltr'>progressus,ad</span> 
     </span>
    </p>
   </div>
   <div class='ocr_carea' id='block_1_55' title="bbox 2150 2551 3811 2626">
    <p class='ocr_par' dir='ltr' id='par_1_55' title="bbox 2150 2551 3811 2626">
     <span class='ocr_line' id='line_1_55' title="bbox 2150 2551 3811 2626; baseline -0.003 -18"><span class='ocrx_word' id='word_1_324' title='bbox 2150 2554 2598 2626; x_wconf 86' lang='lat' dir='ltr'>Pythagoricam</span> <span class='ocrx_word' id='word_1_325' title='bbox 2631 2551 2808 2607; x_wconf 84' lang='lat' dir='ltr'>vitam</span> <span class='ocrx_word' id='word_1_326' title='bbox 2841 2568 2903 2607; x_wconf 91' lang='lat' dir='ltr'>se</span> <span class='ocrx_word' id='word_1_327' title='bbox 2953 2552 3232 2620; x_wconf 90' lang='lat' dir='ltr'>contulit,</span> <span class='ocrx_word' id='word_1_328' title='bbox 3263 2553 3572 2606; x_wconf 86' lang='lat' dir='ltr'>Euxenum</span> <span class='ocrx_word' id='word_1_329' title='bbox 3607 2556 3811 2604; x_wconf 85' lang='lat' dir='ltr'>tamen</span> 
     </span>
    </p>
   </div>
   <div class='ocr_carea' id='block_1_56' title="bbox 2150 2643 3442 2714">
    <p class='ocr_par' dir='ltr' id='par_1_56' title="bbox 2150 2643 3442 2714">
     <span class='ocr_line' id='line_1_56' title="bbox 2150 2643 3442 2714; baseline -0.004 -14"><span class='ocrx_word' id='word_1_330' title='bbox 2150 2661 2350 2700; x_wconf 88' lang='lat' dir='ltr'>amare</span> <span class='ocrx_word' id='word_1_331' title='bbox 2383 2661 2504 2699; x_wconf 90' lang='lat' dir='ltr'>non</span> <span class='ocrx_word' id='word_1_332' title='bbox 2535 2643 2731 2710; x_wconf 90' lang='lat' dir='ltr'>desiit,</span> <span class='ocrx_word' id='word_1_333' title='bbox 2767 2647 2878 2699; x_wconf 90' lang='lat' dir='ltr'>etc.</span> <span class='ocrx_word' id='word_1_334' title='bbox 2909 2643 3012 2714; x_wconf 93' lang='lat' dir='ltr'>(Ex</span> <span class='ocrx_word' id='word_1_335' title='bbox 3045 2643 3396 2697; x_wconf 85' lang='lat' dir='ltr'>Philostrato</span> <span class='ocrx_word' id='word_1_336' title='bbox 3426 2643 3442 2711; x_wconf 94' lang='lat'><strong>)</strong></span> 
     </span>
    </p>
   </div>
   <div class='ocr_carea' id='block_1_57' title="bbox 2221 2731 3806 2807">
    <p class='ocr_par' dir='ltr' id='par_1_57' title="bbox 2221 2731 3806 2807">
     <span class='ocr_line' id='line_1_57' title="bbox 2221 2731 3806 2807; baseline -0.004 -17"><span class='ocrx_word' id='word_1_337' title='bbox 2221 2734 2308 2804; x_wconf 81' lang='grc' dir='ltr'>Ἐξ</span> <span class='ocrx_word' id='word_1_338' title='bbox 2332 2733 2561 2807; x_wconf 74' lang='grc' dir='ltr'>ἀμάξης.</span> <span class='ocrx_word' id='word_1_339' title='bbox 2585 2733 2752 2806; x_wconf 82' lang='lat' dir='ltr'>Apud</span> <span class='ocrx_word' id='word_1_340' title='bbox 2771 2734 3167 2789; x_wconf 85' lang='lat' dir='ltr'>Athenienses</span> <span class='ocrx_word' id='word_1_341' title='bbox 3188 2733 3406 2788; x_wconf 83' lang='lat' dir='ltr'>festum</span> <span class='ocrx_word' id='word_1_342' title='bbox 3429 2736 3556 2786; x_wconf 84' lang='lat' dir='ltr'>erat</span> <span class='ocrx_word' id='word_1_343' title='bbox 3577 2731 3806 2798; x_wconf 74' lang='lat' dir='ltr'>Lenma,</span> 
     </span>
    </p>
   </div>
   <div class='ocr_carea' id='block_1_58' title="bbox 2150 2820 3810 2897">
    <p class='ocr_par' dir='ltr' id='par_1_58' title="bbox 2150 2820 3810 2897">
     <span class='ocr_line' id='line_1_58' title="bbox 2150 2820 3810 2897; baseline -0.004 -19"><span class='ocrx_word' id='word_1_344' title='bbox 2150 2825 2209 2879; x_wconf 89' lang='lat' dir='ltr'>in</span> <span class='ocrx_word' id='word_1_345' title='bbox 2239 2842 2358 2897; x_wconf 89' lang='lat' dir='ltr'>quo</span> <span class='ocrx_word' id='word_1_346' title='bbox 2391 2831 2600 2896; x_wconf 60' lang='lat' dir='ltr'>poetas,</span> <span class='ocrx_word' id='word_1_347' title='bbox 2630 2823 2912 2895; x_wconf 88' lang='lat' dir='ltr'>plaustris</span> <span class='ocrx_word' id='word_1_348' title='bbox 2945 2822 3296 2888; x_wconf 89' lang='lat' dir='ltr'>insidentes,</span> <span class='ocrx_word' id='word_1_349' title='bbox 3330 2820 3638 2875; x_wconf 86' lang='lat' dir='ltr'>certabant</span> <span class='ocrx_word' id='word_1_350' title='bbox 3666 2835 3810 2873; x_wconf 89' lang='lat' dir='ltr'>can-</span> 
     </span>
    </p>
   </div>
   <div class='ocr_carea' id='block_1_59' title="bbox 2149 2909 3813 2982">
    <p class='ocr_par' dir='ltr' id='par_1_59' title="bbox 2149 2909 3813 2982">
     <span class='ocr_line' id='line_1_59' title="bbox 2149 2909 3813 2982; baseline -0.005 -13"><span class='ocrx_word' id='word_1_351' title='bbox 2149 2915 2413 2969; x_wconf 89' lang='lat' dir='ltr'>tionibus</span> <span class='ocrx_word' id='word_1_352' title='bbox 2446 2915 2601 2968; x_wconf 89' lang='lat' dir='ltr'>risus</span> <span class='ocrx_word' id='word_1_353' title='bbox 2627 2913 2903 2967; x_wconf 86' lang='lat' dir='ltr'>movendi</span> <span class='ocrx_word' id='word_1_354' title='bbox 2937 2911 3146 2982; x_wconf 86' lang='lat' dir='ltr'>gratia,</span> <span class='ocrx_word' id='word_1_355' title='bbox 3180 2910 3336 2981; x_wconf 91' lang='lat' dir='ltr'>quod</span> <span class='ocrx_word' id='word_1_356' title='bbox 3380 2909 3813 2965; x_wconf 87' lang='lat' dir='ltr'>Demosthenes</span> 
     </span>
    </p>
   </div>
   <div class='ocr_carea' id='block_1_60' title="bbox 2149 2989 3812 3075">
    <p class='ocr_par' dir='ltr' id='par_1_60' title="bbox 2149 2989 3812 3075">
     <span class='ocr_line' id='line_1_60' title="bbox 2149 2989 3812 3075; baseline -0.004 -16"><span class='ocrx_word' id='word_1_357' title='bbox 2149 3005 2318 3071; x_wconf 84' lang='lat' dir='ltr'>dixit,</span> <span class='ocrx_word' id='word_1_358' title='bbox 2377 3001 2426 3075; x_wconf 77' lang='grc' dir='ltr'>ἐξ</span> <span class='ocrx_word' id='word_1_359' title='bbox 2483 2989 2716 3074; x_wconf 63' lang='grc' dir='ltr'>ἀμάξης,</span> <span class='ocrx_word' id='word_1_360' title='bbox 2777 3021 2846 3057; x_wconf 74' lang='lat' dir='ltr'>ea:</span> <span class='ocrx_word' id='word_1_361' title='bbox 2895 3004 3170 3073; x_wconf 84' lang='lat' dir='ltr'>plaustro.</span> <span class='ocrx_word' id='word_1_362' title='bbox 3205 3001 3432 3055; x_wconf 89' lang='lat' dir='ltr'>Chorus</span> <span class='ocrx_word' id='word_1_363' title='bbox 3464 3000 3812 3053; x_wconf 73' lang='lat' dir='ltr'>Lenmorum</span> 
     </span>
    </p>
   </div>
   <div class='ocr_carea' id='block_1_61' title="bbox 2148 3094 2794 3150">
    <p class='ocr_par' dir='ltr' id='par_1_61' title="bbox 2148 3094 2794 3150">
     <span class='ocr_line' id='line_1_61' title="bbox 2148 3094 2794 3150; baseline 0 0"><span class='ocrx_word' id='word_1_364' title='bbox 2148 3094 2471 3150; x_wconf 89' lang='lat' dir='ltr'>vocabatur</span> <span class='ocrx_word' id='word_1_365' title='bbox 2504 3094 2679 3149; x_wconf 90' lang='lat' dir='ltr'>Lenai</span> <span class='ocrx_word' id='word_1_366' title='bbox 2689 3100 2794 3150; x_wconf 91' lang='lat' dir='ltr'>tes.</span> 
     </span>
    </p>
   </div>
   <div class='ocr_carea' id='block_1_62' title="bbox 2219 3178 3815 3259">
    <p class='ocr_par' dir='ltr' id='par_1_62' title="bbox 2219 3178 3815 3259">
     <span class='ocr_line' id='line_1_62' title="bbox 2219 3178 3815 3259; baseline -0.006 -17"><span class='ocrx_word' id='word_1_367' title='bbox 2219 3182 2536 3259; x_wconf 73' lang='grc' dir='ltr'>Ἐξηγηταί.</span> <span class='ocrx_word' id='word_1_368' title='bbox 2584 3187 2723 3240; x_wconf 89' lang='lat' dir='ltr'>Tres</span> <span class='ocrx_word' id='word_1_369' title='bbox 2773 3189 2943 3240; x_wconf 88' lang='lat' dir='ltr'>erant</span> <span class='ocrx_word' id='word_1_370' title='bbox 3020 3187 3275 3255; x_wconf 68' lang='lat' dir='ltr'>exegetee</span> <span class='ocrx_word' id='word_1_371' title='bbox 3334 3179 3574 3237; x_wconf 89' lang='lat' dir='ltr'>oraculo</span> <span class='ocrx_word' id='word_1_372' title='bbox 3632 3178 3815 3250; x_wconf 87' lang='lat' dir='ltr'>Apol-</span> 
     </span>
    </p>
   </div>
   <div class='ocr_carea' id='block_1_63' title="bbox 367 3267 3810 3374">
    <p class='ocr_par' dir='ltr' id='par_1_63' title="bbox 367 3267 3810 3374">
     <span class='ocr_line' id='line_1_63' title="bbox 367 3267 3810 3374; baseline -0.003 -16"><span class='ocrx_word' id='word_1_373' title='bbox 367 3267 543 3374; x_wconf 43' lang='lat' dir='ltr'>phili&#39;</span> <span class='ocrx_word' id='word_1_374' title='bbox 571 3267 702 3358; x_wconf 72' lang='lat' dir='ltr'>libri</span> <span class='ocrx_word' id='word_1_375' title='bbox 893 3267 990 3358; x_wconf 51' lang='lat' dir='ltr'>‘De</span> <span class='ocrx_word' id='word_1_376' title='bbox 1044 3267 1382 3373; x_wconf 65' lang='lat' dir='ltr'>martyribus</span> <span class='ocrx_word' id='word_1_377' title='bbox 1425 3267 1579 3358; x_wconf 88' lang='lat' dir='ltr'>alia</span> <span class='ocrx_word' id='word_1_378' title='bbox 1615 3267 1920 3374; x_wconf 83' lang='lat' dir='ltr'>opuscula.</span> <span class='ocrx_word' id='word_1_379' title='bbox 1970 3267 2033 3357; x_wconf 84' lang='lat' dir='ltr'><strong>In</strong></span> <span class='ocrx_word' id='word_1_380' title='bbox 2075 3287 2116 3353; x_wconf 86' lang='lat' dir='ltr'>C</span> <span class='ocrx_word' id='word_1_381' title='bbox 2147 3277 2288 3374; x_wconf 59' lang='lat' dir='ltr'>“Pis</span> <span class='ocrx_word' id='word_1_382' title='bbox 2319 3275 2632 3374; x_wconf 58' lang='grc' dir='ltr'>ἀθίῆίῧηεξίίν</span> <span class='ocrx_word' id='word_1_383' title='bbox 2664 3274 2887 3374; x_wconf 30' lang='lat' dir='ltr'>fluit???</span> <span class='ocrx_word' id='word_1_384' title='bbox 2925 3290 3101 3374; x_wconf 40' lang='lat' dir='ltr'>cur?</span> <span class='ocrx_word' id='word_1_385' title='bbox 3132 3277 3261 3374; x_wconf 48' lang='grc' dir='ltr'>ῗξδί</span> <span class='ocrx_word' id='word_1_386' title='bbox 3288 3271 3542 3374; x_wconf 33' lang='grc' dir='ltr'>ξξλδιτδνθ</span> <span class='ocrx_word' id='word_1_387' title='bbox 3575 3285 3677 3374; x_wconf 57' lang='grc' dir='ltr'>’ξοδ</span> <span class='ocrx_word' id='word_1_388' title='bbox 3708 3267 3810 3374; x_wconf 56' lang='lat' dir='ltr'>(lui</span> 
     </span>
    </p>
   </div>
   <div class='ocr_carea' id='block_1_64' title="bbox 370 3392 2034 3461">
    <p class='ocr_par' dir='ltr' id='par_1_64' title="bbox 370 3392 2034 3461">
     <span class='ocr_line' id='line_1_64' title="bbox 370 3392 2034 3461; baseline -0.001 -12"><span class='ocrx_word' id='word_1_389' title='bbox 370 3393 617 3450; x_wconf 85' lang='lat' dir='ltr'>Psalmos</span> <span class='ocrx_word' id='word_1_390' title='bbox 647 3394 729 3448; x_wconf 87' lang='lat' dir='ltr'>CL</span> <span class='ocrx_word' id='word_1_391' title='bbox 758 3393 1228 3448; x_wconf 88' lang='lat' dir='ltr'>Commentarios</span> <span class='ocrx_word' id='word_1_392' title='bbox 1269 3392 1557 3461; x_wconf 91' lang='lat' dir='ltr'>eruditos,</span> <span class='ocrx_word' id='word_1_393' title='bbox 1591 3397 1649 3446; x_wconf 92' lang='lat' dir='ltr'>et</span> <span class='ocrx_word' id='word_1_394' title='bbox 1677 3393 1866 3447; x_wconf 86' lang='lat' dir='ltr'>multa</span> <span class='ocrx_word' id='word_1_395' title='bbox 1897 3393 2034 3448; x_wconf 89' lang='lat' dir='ltr'>alia.</span> 
     </span>
    </p>
   </div>
   <div class='ocr_carea' id='block_1_65' title="bbox 371 3482 2037 3555">
    <p class='ocr_par' dir='ltr' id='par_1_65' title="bbox 371 3482 2037 3555">
     <span class='ocr_line' id='line_1_65' title="bbox 371 3482 2037 3555; baseline 0 -17"><span class='ocrx_word' id='word_1_396' title='bbox 371 3484 599 3539; x_wconf 90' lang='lat' dir='ltr'>Floruit</span> <span class='ocrx_word' id='word_1_397' title='bbox 643 3484 899 3539; x_wconf 86' lang='lat' dir='ltr'>maxime</span> <span class='ocrx_word' id='word_1_398' title='bbox 959 3482 1326 3555; x_wconf 90' lang='lat' dir='ltr'>temporibus</span> <span class='ocrx_word' id='word_1_399' title='bbox 1386 3483 1758 3538; x_wconf 88' lang='lat' dir='ltr'>Constantini</span> <span class='ocrx_word' id='word_1_400' title='bbox 1792 3483 1933 3554; x_wconf 92' lang='lat' dir='ltr'>imp.</span> <span class='ocrx_word' id='word_1_401' title='bbox 1968 3499 2037 3538; x_wconf 85' lang='lat' dir='ltr'>ac</span> 
     </span>
    </p>
   </div>
   <div class='ocr_carea' id='block_1_66' title="bbox 374 3573 2035 3645">
    <p class='ocr_par' dir='ltr' id='par_1_66' title="bbox 374 3573 2035 3645">
     <span class='ocr_line' id='line_1_66' title="bbox 374 3573 2035 3645; baseline -0.001 -16"><span class='ocrx_word' id='word_1_402' title='bbox 374 3574 726 3642; x_wconf 88' lang='lat' dir='ltr'>Constantii,</span> <span class='ocrx_word' id='word_1_403' title='bbox 764 3578 822 3628; x_wconf 92' lang='lat' dir='ltr'>et</span> <span class='ocrx_word' id='word_1_404' title='bbox 860 3573 935 3629; x_wconf 95' lang='lat' dir='ltr'>ob</span> <span class='ocrx_word' id='word_1_405' title='bbox 966 3574 1312 3642; x_wconf 89' lang='lat' dir='ltr'>amicitiam,</span> <span class='ocrx_word' id='word_1_406' title='bbox 1349 3590 1478 3644; x_wconf 76' lang='lat' dir='ltr'>qum</span> <span class='ocrx_word' id='word_1_407' title='bbox 1531 3574 1644 3645; x_wconf 91' lang='lat' dir='ltr'>ipsi</span> <span class='ocrx_word' id='word_1_408' title='bbox 1695 3590 1830 3629; x_wconf 91' lang='lat' dir='ltr'>cum</span> <span class='ocrx_word' id='word_1_409' title='bbox 1863 3575 2035 3628; x_wconf 90' lang='lat' dir='ltr'>Pam-</span> 
     </span>
    </p>
   </div>
   <div class='ocr_carea' id='block_1_67' title="bbox 378 3663 2034 3735">
    <p class='ocr_par' dir='ltr' id='par_1_67' title="bbox 378 3663 2034 3735">
     <span class='ocr_line' id='line_1_67' title="bbox 378 3663 2034 3735; baseline 0.001 -19"><span class='ocrx_word' id='word_1_410' title='bbox 378 3663 541 3735; x_wconf 88' lang='lat' dir='ltr'>philo</span> <span class='ocrx_word' id='word_1_411' title='bbox 600 3669 860 3735; x_wconf 85' lang='lat' dir='ltr'>martyre</span> <span class='ocrx_word' id='word_1_412' title='bbox 914 3663 1276 3731; x_wconf 82' lang='lat' dir='ltr'>intercessit,</span> <span class='ocrx_word' id='word_1_413' title='bbox 1334 3663 1406 3718; x_wconf 92' lang='lat' dir='ltr'>ab</span> <span class='ocrx_word' id='word_1_414' title='bbox 1453 3680 1522 3717; x_wconf 91' lang='lat' dir='ltr'>eo</span> <span class='ocrx_word' id='word_1_415' title='bbox 1571 3669 2034 3735; x_wconf 81' lang='lat' dir='ltr'>cognomentum</span> 
     </span>
    </p>
   </div>
   <div class='ocr_carea' id='block_1_68' title="bbox 376 3754 2031 3825">
    <p class='ocr_par' dir='ltr' id='par_1_68' title="bbox 376 3754 2031 3825">
     <span class='ocr_line' id='line_1_68' title="bbox 376 3754 2031 3825; baseline 0 -15"><span class='ocrx_word' id='word_1_416' title='bbox 376 3755 626 3810; x_wconf 89' lang='lat' dir='ltr'>sortitus</span> <span class='ocrx_word' id='word_1_417' title='bbox 659 3760 766 3809; x_wconf 90' lang='lat' dir='ltr'>est.</span> <span class='ocrx_word' id='word_1_418' title='bbox 819 3755 1066 3825; x_wconf 88' lang='lat' dir='ltr'>Scripsit</span> <span class='ocrx_word' id='word_1_419' title='bbox 1118 3755 1297 3810; x_wconf 87' lang='lat' dir='ltr'>etiam</span> <span class='ocrx_word' id='word_1_420' title='bbox 1356 3754 1436 3809; x_wconf 87' lang='lat' dir='ltr'>Ad</span> <span class='ocrx_word' id='word_1_421' title='bbox 1491 3756 1790 3822; x_wconf 82' lang='lat' dir='ltr'>Marinum,</span> <span class='ocrx_word' id='word_1_422' title='bbox 1819 3754 1880 3808; x_wconf 90' lang='lat' dir='ltr'>in</span> <span class='ocrx_word' id='word_1_423' title='bbox 1915 3772 2031 3825; x_wconf 91' lang='lat' dir='ltr'>quo</span> 
     </span>
    </p>
   </div>
   <div class='ocr_carea' id='block_1_69' title="bbox 373 3843 2033 3917">
    <p class='ocr_par' dir='ltr' id='par_1_69' title="bbox 373 3843 2033 3917">
     <span class='ocr_line' id='line_1_69' title="bbox 373 3843 2033 3917; baseline 0.002 -20"><span class='ocrx_word' id='word_1_424' title='bbox 373 3859 552 3914; x_wconf 90' lang='lat' dir='ltr'>opere</span> <span class='ocrx_word' id='word_1_425' title='bbox 583 3843 730 3899; x_wconf 90' lang='lat' dir='ltr'>dicit</span> <span class='ocrx_word' id='word_1_426' title='bbox 784 3844 1000 3899; x_wconf 89' lang='lat' dir='ltr'>Christi</span> <span class='ocrx_word' id='word_1_427' title='bbox 1052 3845 1377 3900; x_wconf 87' lang='lat' dir='ltr'>Ecclesiam</span> <span class='ocrx_word' id='word_1_428' title='bbox 1418 3844 1534 3899; x_wconf 89' lang='lat' dir='ltr'>duo</span> <span class='ocrx_word' id='word_1_429' title='bbox 1565 3844 1695 3898; x_wconf 63' lang='lat' dir='ltr'>vita;</span> <span class='ocrx_word' id='word_1_430' title='bbox 1726 3861 1944 3917; x_wconf 87' lang='lat' dir='ltr'>genera</span> <span class='ocrx_word' id='word_1_431' title='bbox 1975 3851 2033 3901; x_wconf 89' lang='lat' dir='ltr'>et</span> 
     </span>
    </p>
   </div>
   <div class='ocr_carea' id='block_1_70' title="bbox 370 3932 2032 4005">
    <p class='ocr_par' dir='ltr' id='par_1_70' title="bbox 370 3932 2032 4005">
     <span class='ocr_line' id='line_1_70' title="bbox 370 3932 2032 4005; baseline 0.002 -19"><span class='ocrx_word' id='word_1_432' title='bbox 370 3932 644 3987; x_wconf 88' lang='lat' dir='ltr'>instituta</span> <span class='ocrx_word' id='word_1_433' title='bbox 673 3934 1017 4004; x_wconf 63' lang='lat' dir='ltr'>praecipere,</span> <span class='ocrx_word' id='word_1_434' title='bbox 1043 3951 1295 4005; x_wconf 84' lang='lat' dir='ltr'>quorum</span> <span class='ocrx_word' id='word_1_435' title='bbox 1322 3950 1509 3988; x_wconf 91' lang='lat' dir='ltr'>unum</span> <span class='ocrx_word' id='word_1_436' title='bbox 1541 3934 1618 3988; x_wconf 92' lang='lat' dir='ltr'>sit</span> <span class='ocrx_word' id='word_1_437' title='bbox 1646 3934 1945 3988; x_wconf 83' lang='lat' dir='ltr'>excellens</span> <span class='ocrx_word' id='word_1_438' title='bbox 1973 3940 2032 3990; x_wconf 93' lang='lat' dir='ltr'>et</span> 
     </span>
    </p>
   </div>
   <div class='ocr_carea' id='block_1_71' title="bbox 369 4024 2025 4096">
    <p class='ocr_par' dir='ltr' id='par_1_71' title="bbox 369 4024 2025 4096">
     <span class='ocr_line' id='line_1_71' title="bbox 369 4024 2025 4096; baseline 0.004 -21"><span class='ocrx_word' id='word_1_439' title='bbox 369 4037 550 4094; x_wconf 89' lang='lat' dir='ltr'>supra</span> <span class='ocrx_word' id='word_1_440' title='bbox 571 4038 950 4078; x_wconf 89' lang='lat' dir='ltr'>communem</span> <span class='ocrx_word' id='word_1_441' title='bbox 972 4024 1104 4078; x_wconf 66' lang='lat' dir='ltr'>vitae</span> <span class='ocrx_word' id='word_1_442' title='bbox 1129 4024 1405 4080; x_wconf 80' lang='lat' dir='ltr'>humanae</span> <span class='ocrx_word' id='word_1_443' title='bbox 1428 4025 1719 4079; x_wconf 88' lang='lat' dir='ltr'>rationem</span> <span class='ocrx_word' id='word_1_444' title='bbox 1747 4025 2025 4096; x_wconf 91' lang='lat' dir='ltr'>positum.</span> 
     </span>
    </p>
   </div>
   <div class='ocr_carea' id='block_1_72' title="bbox 368 4113 2030 4183">
    <p class='ocr_par' dir='ltr' id='par_1_72' title="bbox 368 4113 2030 4183">
     <span class='ocr_line' id='line_1_72' title="bbox 368 4113 2030 4183; baseline 0.001 -15"><span class='ocrx_word' id='word_1_445' title='bbox 368 4113 544 4183; x_wconf 89' lang='lat' dir='ltr'>quale</span> <span class='ocrx_word' id='word_1_446' title='bbox 567 4118 657 4168; x_wconf 90' lang='lat' dir='ltr'>est</span> <span class='ocrx_word' id='word_1_447' title='bbox 679 4114 1108 4169; x_wconf 86' lang='lat' dir='ltr'>monachorum</span> <span class='ocrx_word' id='word_1_448' title='bbox 1135 4132 1149 4179; x_wconf 86' lang='lat'><strong>;</strong></span> <span class='ocrx_word' id='word_1_449' title='bbox 1182 4114 1436 4169; x_wconf 90' lang='lat' dir='ltr'>alterum</span> <span class='ocrx_word' id='word_1_450' title='bbox 1460 4114 1660 4169; x_wconf 90' lang='lat' dir='ltr'>minus</span> <span class='ocrx_word' id='word_1_451' title='bbox 1693 4115 1947 4170; x_wconf 89' lang='lat' dir='ltr'>sublime</span> <span class='ocrx_word' id='word_1_452' title='bbox 1970 4121 2030 4170; x_wconf 91' lang='lat' dir='ltr'>et</span> 
     </span>
    </p>
   </div>
   <div class='ocr_carea' id='block_1_73' title="bbox 364 4202 2026 4278">
    <p class='ocr_par' dir='ltr' id='par_1_73' title="bbox 364 4202 2026 4278">
     <span class='ocr_line' id='line_1_73' title="bbox 364 4202 2026 4278; baseline 0.003 -22"><span class='ocrx_word' id='word_1_453' title='bbox 364 4202 671 4258; x_wconf 90' lang='lat' dir='ltr'>communi</span> <span class='ocrx_word' id='word_1_454' title='bbox 729 4204 1040 4259; x_wconf 89' lang='lat' dir='ltr'>hominum</span> <span class='ocrx_word' id='word_1_455' title='bbox 1098 4205 1230 4259; x_wconf 67' lang='lat' dir='ltr'>vita)</span> <span class='ocrx_word' id='word_1_456' title='bbox 1289 4204 1825 4274; x_wconf 90' lang='lat' dir='ltr'>accommodatum,</span> <span class='ocrx_word' id='word_1_457' title='bbox 1867 4205 2026 4278; x_wconf 90' lang='lat' dir='ltr'>quod</span> 
     </span>
    </p>
   </div>
   <div class='ocr_carea' id='block_1_74' title="bbox 364 4294 1215 4366">
    <p class='ocr_par' dir='ltr' id='par_1_74' title="bbox 364 4294 1215 4366">
     <span class='ocr_line' id='line_1_74' title="bbox 364 4294 1215 4366; baseline 0.004 -19"><span class='ocrx_word' id='word_1_458' title='bbox 364 4307 475 4347; x_wconf 89' lang='lat' dir='ltr'>nec</span> <span class='ocrx_word' id='word_1_459' title='bbox 506 4309 541 4348; x_wconf 91' lang='lat' dir='ltr'>a</span> <span class='ocrx_word' id='word_1_460' title='bbox 571 4294 846 4366; x_wconf 84' lang='lat' dir='ltr'>conjugio</span> <span class='ocrx_word' id='word_1_461' title='bbox 877 4294 1215 4351; x_wconf 88' lang='lat' dir='ltr'>abhorreat.</span> 
     </span>
    </p>
   </div>
   <div class='ocr_carea' id='block_1_75' title="bbox 433 4401 2023 4476">
    <p class='ocr_par' dir='ltr' id='par_1_75' title="bbox 433 4401 2023 4476">
     <span class='ocr_line' id='line_1_75' title="bbox 433 4401 2023 4476; baseline 0.002 -20"><span class='ocrx_word' id='word_1_462' title='bbox 433 4401 798 4469; x_wconf 89' lang='lat' dir='ltr'>Eustathius,</span> <span class='ocrx_word' id='word_1_463' title='bbox 829 4403 1313 4475; x_wconf 85' lang='lat' dir='ltr'>Epiphaniensis,</span> <span class='ocrx_word' id='word_1_464' title='bbox 1347 4403 1582 4476; x_wconf 90' lang='lat' dir='ltr'>scripsit</span> <span class='ocrx_word' id='word_1_465' title='bbox 1631 4406 2023 4476; x_wconf 85' lang='lat' dir='ltr'>Compendium</span> 
     </span>
    </p>
   </div>
   <div class='ocr_carea' id='block_1_76' title="bbox 361 4491 2020 4565">
    <p class='ocr_par' dir='ltr' id='par_1_76' title="bbox 361 4491 2020 4565">
     <span class='ocr_line' id='line_1_76' title="bbox 361 4491 2020 4565; baseline 0.001 -19"><span class='ocrx_word' id='word_1_466' title='bbox 361 4491 682 4546; x_wconf 83' lang='lat' dir='ltr'>chronicum</span> <span class='ocrx_word' id='word_1_467' title='bbox 715 4509 936 4563; x_wconf 89' lang='lat' dir='ltr'>rerum,</span> <span class='ocrx_word' id='word_1_468' title='bbox 968 4491 1040 4548; x_wconf 88' lang='lat' dir='ltr'>ab</span> <span class='ocrx_word' id='word_1_469' title='bbox 1081 4495 1260 4548; x_wconf 54' lang='lat' dir='ltr'>{linea</span> <span class='ocrx_word' id='word_1_470' title='bbox 1291 4511 1478 4565; x_wconf 89' lang='lat' dir='ltr'>usque</span> <span class='ocrx_word' id='word_1_471' title='bbox 1529 4493 1600 4550; x_wconf 90' lang='lat' dir='ltr'>ad</span> <span class='ocrx_word' id='word_1_472' title='bbox 1643 4495 2020 4550; x_wconf 85' lang='lat' dir='ltr'>Anastasium</span> 
     </span>
    </p>
   </div>
   <div class='ocr_carea' id='block_1_77' title="bbox 363 4581 1411 4654">
    <p class='ocr_par' dir='ltr' id='par_1_77' title="bbox 363 4581 1411 4654">
     <span class='ocr_line' id='line_1_77' title="bbox 363 4581 1411 4654; baseline 0.006 -20"><span class='ocrx_word' id='word_1_473' title='bbox 363 4581 508 4651; x_wconf 90' lang='lat' dir='ltr'>imp.</span> <span class='ocrx_word' id='word_1_474' title='bbox 543 4586 842 4652; x_wconf 87' lang='lat' dir='ltr'>gestarum</span> <span class='ocrx_word' id='word_1_475' title='bbox 875 4583 1029 4637; x_wconf 84' lang='lat' dir='ltr'>libris</span> <span class='ocrx_word' id='word_1_476' title='bbox 1057 4586 1164 4654; x_wconf 73' lang='lat'>(7|)</span> <span class='ocrx_word' id='word_1_477' title='bbox 1195 4601 1411 4640; x_wconf 86' lang='lat' dir='ltr'>novem.</span> 
     </span>
    </p>
   </div>
   <div class='ocr_carea' id='block_1_78' title="bbox 437 4664 2101 4746">
    <p class='ocr_par' dir='ltr' id='par_1_78' title="bbox 437 4664 2101 4746">
     <span class='ocr_line' id='line_1_78' title="bbox 437 4664 2101 4746; baseline 0.002 -23"><span class='ocrx_word' id='word_1_478' title='bbox 437 4670 806 4738; x_wconf 88' lang='lat' dir='ltr'>Eustathius,</span> <span class='ocrx_word' id='word_1_479' title='bbox 839 4671 1241 4740; x_wconf 88' lang='lat' dir='ltr'>Sebastianus,</span> <span class='ocrx_word' id='word_1_480' title='bbox 1265 4690 1401 4728; x_wconf 90' lang='lat' dir='ltr'>cum</span> <span class='ocrx_word' id='word_1_481' title='bbox 1436 4673 1651 4728; x_wconf 84' lang='lat' dir='ltr'>Basilio</span> <span class='ocrx_word' id='word_1_482' title='bbox 1685 4676 2020 4746; x_wconf 84' lang='lat' dir='ltr'>Ancyrano,</span> <span class='ocrx_word' id='word_1_483' title='bbox 2054 4664 2101 4726; x_wconf 84' lang='grc' dir='ltr'>Ι)</span> 
     </span>
    </p>
   </div>
   <div class='ocr_carea' id='block_1_79' title="bbox 361 4757 2019 4835">
    <p class='ocr_par' dir='ltr' id='par_1_79' title="bbox 361 4757 2019 4835">
     <span class='ocr_line' id='line_1_79' title="bbox 361 4757 2019 4835; baseline 0.004 -22"><span class='ocrx_word' id='word_1_484' title='bbox 361 4757 630 4831; x_wconf 89' lang='lat' dir='ltr'>ejusdem</span> <span class='ocrx_word' id='word_1_485' title='bbox 656 4759 823 4815; x_wconf 92' lang='lat' dir='ltr'>urbis</span> <span class='ocrx_word' id='word_1_486' title='bbox 843 4762 1141 4833; x_wconf 89' lang='lat' dir='ltr'>episcopo,</span> <span class='ocrx_word' id='word_1_487' title='bbox 1167 4768 1341 4818; x_wconf 63' lang='lat' dir='ltr'>secta:</span> <span class='ocrx_word' id='word_1_488' title='bbox 1375 4762 1811 4819; x_wconf 76' lang='lat' dir='ltr'>Macedonianm</span> <span class='ocrx_word' id='word_1_489' title='bbox 1844 4769 2019 4835; x_wconf 89' lang='lat' dir='ltr'>caput</span> 
     </span>
    </p>
   </div>
   <div class='ocr_carea' id='block_1_80' title="bbox 357 4847 490 4904">
    <p class='ocr_par' dir='ltr' id='par_1_80' title="bbox 357 4847 490 4904">
     <span class='ocr_line' id='line_1_80' title="bbox 357 4847 490 4904; baseline 0.015 -2"><span class='ocrx_word' id='word_1_490' title='bbox 357 4847 490 4904; x_wconf 85' lang='lat' dir='ltr'>fuit.</span> 
     </span>
    </p>
   </div>
   <div class='ocr_carea' id='block_1_81' title="bbox 429 4957 2017 5033">
    <p class='ocr_par' dir='ltr' id='par_1_81' title="bbox 429 4957 2017 5033">
     <span class='ocr_line' id='line_1_81' title="bbox 429 4957 2017 5033; baseline 0.003 -22"><span class='ocrx_word' id='word_1_491' title='bbox 429 4957 809 5029; x_wconf 90' lang='lat' dir='ltr'>Eustephius,</span> <span class='ocrx_word' id='word_1_492' title='bbox 860 4959 1365 5030; x_wconf 85' lang='lat' dir='ltr'>Aphrodisiensis,</span> <span class='ocrx_word' id='word_1_493' title='bbox 1419 4961 1686 5033; x_wconf 88' lang='lat' dir='ltr'>sophista</span> <span class='ocrx_word' id='word_1_494' title='bbox 1734 4978 1888 5016; x_wconf 88' lang='lat' dir='ltr'>unus</span> <span class='ocrx_word' id='word_1_495' title='bbox 1945 4977 2017 5016; x_wconf 91' lang='lat' dir='ltr'>ex</span> 
     </span>
    </p>
   </div>
   <div class='ocr_carea' id='block_1_82' title="bbox 356 5047 2014 5124">
    <p class='ocr_par' dir='ltr' id='par_1_82' title="bbox 356 5047 2014 5124">
     <span class='ocr_line' id='line_1_82' title="bbox 356 5047 2014 5124; baseline 0.004 -22"><span class='ocrx_word' id='word_1_496' title='bbox 356 5047 689 5104; x_wconf 90' lang='lat' dir='ltr'>illustribus</span> <span class='ocrx_word' id='word_1_497' title='bbox 714 5047 1256 5122; x_wconf 66' lang='lat' dir='ltr'>Adrottorum,qua&#39;a</span> <span class='ocrx_word' id='word_1_498' title='bbox 1282 5058 1371 5107; x_wconf 89' lang='lat' dir='ltr'>est</span> <span class='ocrx_word' id='word_1_499' title='bbox 1392 5052 1532 5107; x_wconf 88' lang='lat' dir='ltr'>urbs</span> <span class='ocrx_word' id='word_1_500' title='bbox 1557 5051 2014 5124; x_wconf 75' lang='lat' dir='ltr'>Lydim,incolis.</span> 
     </span>
    </p>
   </div>
   <div class='ocr_carea' id='block_1_83' title="bbox 359 5138 1076 5210">
    <p class='ocr_par' dir='ltr' id='par_1_83' title="bbox 359 5138 1076 5210">
     <span class='ocr_line' id='line_1_83' title="bbox 359 5138 1076 5210; baseline 0.006 -19"><span class='ocrx_word' id='word_1_501' title='bbox 359 5138 608 5210; x_wconf 88' lang='lat' dir='ltr'>Scripsit</span> <span class='ocrx_word' id='word_1_502' title='bbox 636 5139 1076 5196; x_wconf 85' lang='lat' dir='ltr'>declamationes.</span> 
     </span>
    </p>
   </div>
   <div class='ocr_carea' id='block_1_84' title="bbox 427 5246 2016 5320">
    <p class='ocr_par' dir='ltr' id='par_1_84' title="bbox 427 5246 2016 5320">
     <span class='ocr_line' id='line_1_84' title="bbox 427 5246 2016 5320; baseline 0.003 -20"><span class='ocrx_word' id='word_1_503' title='bbox 427 5246 803 5315; x_wconf 86' lang='lat' dir='ltr'>Eustochius,</span> <span class='ocrx_word' id='word_1_504' title='bbox 835 5247 1169 5319; x_wconf 84' lang='lat' dir='ltr'>Cappadox,</span> <span class='ocrx_word' id='word_1_505' title='bbox 1206 5249 1489 5319; x_wconf 88' lang='lat' dir='ltr'>sophista.</span> <span class='ocrx_word' id='word_1_506' title='bbox 1526 5249 1771 5319; x_wconf 88' lang='lat' dir='ltr'>Scripsit</span> <span class='ocrx_word' id='word_1_507' title='bbox 1801 5250 2016 5320; x_wconf 83' lang='lat' dir='ltr'>Cappa-</span> 
     </span>
    </p>
   </div>
   <div class='ocr_carea' id='block_1_85' title="bbox 353 5336 2017 5408">
    <p class='ocr_par' dir='ltr' id='par_1_85' title="bbox 353 5336 2017 5408">
     <span class='ocr_line' id='line_1_85' title="bbox 353 5336 2017 5408; baseline 0.001 -18"><span class='ocrx_word' id='word_1_508' title='bbox 353 5336 522 5391; x_wconf 76' lang='lat' dir='ltr'>dociae</span> <span class='ocrx_word' id='word_1_509' title='bbox 578 5343 630 5392; x_wconf 89' lang='lat' dir='ltr'>et</span> <span class='ocrx_word' id='word_1_510' title='bbox 684 5337 1027 5408; x_wconf 85' lang='lat' dir='ltr'>reliquarum</span> <span class='ocrx_word' id='word_1_511' title='bbox 1079 5342 1325 5408; x_wconf 86' lang='lat' dir='ltr'>gentium</span> <span class='ocrx_word' id='word_1_512' title='bbox 1400 5341 1783 5408; x_wconf 80' lang='lat' dir='ltr'>antiquitates,</span> <span class='ocrx_word' id='word_1_513' title='bbox 1842 5347 1893 5394; x_wconf 88' lang='lat' dir='ltr'>et</span> <span class='ocrx_word' id='word_1_514' title='bbox 1949 5339 2017 5393; x_wconf 80' lang='grc' dir='ltr'>τὰ</span> 
     </span>
    </p>
   </div>
   <div class='ocr_carea' id='block_1_86' title="bbox 349 5423 2015 5502">
    <p class='ocr_par' dir='ltr' id='par_1_86' title="bbox 349 5423 2015 5502">
     <span class='ocr_line' id='line_1_86' title="bbox 349 5423 2015 5502; baseline 0.005 -25"><span class='ocrx_word' id='word_1_515' title='bbox 349 5423 487 5478; x_wconf 87' lang='grc' dir='ltr'>κατὰ</span> <span class='ocrx_word' id='word_1_516' title='bbox 534 5425 851 5480; x_wconf 74' lang='grc' dir='ltr'>Κώνσταν-τα</span> <span class='ocrx_word' id='word_1_517' title='bbox 900 5427 988 5482; x_wconf 83' lang='grc' dir='ltr'>τὸν</span> <span class='ocrx_word' id='word_1_518' title='bbox 1046 5425 1273 5502; x_wconf 73' lang='grc' dir='ltr'>βασιλέα</span> <span class='ocrx_word' id='word_1_519' title='bbox 1307 5433 1443 5501; x_wconf 84' lang='lat'>(7&#39;2),</span> <span class='ocrx_word' id='word_1_520' title='bbox 1474 5445 1559 5483; x_wconf 81' lang='lat' dir='ltr'>res</span> <span class='ocrx_word' id='word_1_521' title='bbox 1606 5435 1782 5498; x_wconf 81' lang='lat' dir='ltr'>gestas</span> <span class='ocrx_word' id='word_1_522' title='bbox 1813 5431 1880 5484; x_wconf 86' lang='lat' dir='ltr'>ab</span> <span class='ocrx_word' id='word_1_523' title='bbox 1913 5434 2015 5485; x_wconf 83' lang='lat' dir='ltr'>im-</span> 
     </span>
    </p>
   </div>
   <div class='ocr_carea' id='block_1_87' title="bbox 341 5518 949 5585">
    <p class='ocr_par' dir='ltr' id='par_1_87' title="bbox 341 5518 949 5585">
     <span class='ocr_line' id='line_1_87' title="bbox 341 5518 949 5585; baseline 0.005 -13"><span class='ocrx_word' id='word_1_524' title='bbox 341 5523 603 5585; x_wconf 84' lang='lat' dir='ltr'>peratorc</span> <span class='ocrx_word' id='word_1_525' title='bbox 634 5518 949 5575; x_wconf 83' lang='lat' dir='ltr'>Constante.</span> 
     </span>
    </p>
   </div>
   <div class='ocr_carea' id='block_1_88' title="bbox 356 5701 2016 5828">
    <p class='ocr_par' dir='ltr' id='par_1_88' title="bbox 356 5701 2016 5828">
     <span class='ocr_line' id='line_1_88' title="bbox 356 5701 2016 5828; baseline 0.005 -74"><span class='ocrx_word' id='word_1_526' title='bbox 356 5701 873 5828; x_wconf 45' lang='grc' dir='ltr'>ωέῖέἒυῐὲῗνδςι-ὶιιε,</span> <span class='ocrx_word' id='word_1_527' title='bbox 933 5719 986 5770; x_wconf 85' lang='grc' dir='ltr'>ν,</span> <span class='ocrx_word' id='word_1_528' title='bbox 1045 5705 1135 5772; x_wconf 75' lang='grc'>24,</span> <span class='ocrx_word' id='word_1_529' title='bbox 1195 5705 1358 5761; x_wconf 80' lang='lat' dir='ltr'>libros</span> <span class='ocrx_word' id='word_1_530' title='bbox 1407 5709 1637 5764; x_wconf 86' lang='lat' dir='ltr'>tantum</span> <span class='ocrx_word' id='word_1_531' title='bbox 1668 5706 1803 5762; x_wconf 83' lang='lat' dir='ltr'>duos</span> <span class='ocrx_word' id='word_1_532' title='bbox 1831 5706 2016 5764; x_wconf 81' lang='lat' dir='ltr'>fuisse</span> 
     </span>
    </p>
   </div>
   <div class='ocr_carea' id='block_1_89' title="bbox 2147 3361 3813 3438">
    <p class='ocr_par' dir='ltr' id='par_1_89' title="bbox 2147 3361 3813 3438">
     <span class='ocr_line' id='line_1_89' title="bbox 2147 3361 3813 3438; baseline -0.004 -17"><span class='ocrx_word' id='word_1_533' title='bbox 2147 3367 2348 3438; x_wconf 91' lang='lat' dir='ltr'>aliquo</span> <span class='ocrx_word' id='word_1_534' title='bbox 2369 3367 2604 3438; x_wconf 90' lang='lat' dir='ltr'>piaculo</span> <span class='ocrx_word' id='word_1_535' title='bbox 2623 3366 2891 3422; x_wconf 85' lang='lat' dir='ltr'>obstricti</span> <span class='ocrx_word' id='word_1_536' title='bbox 2911 3366 3229 3421; x_wconf 90' lang='lat' dir='ltr'>essent.Sic</span> <span class='ocrx_word' id='word_1_537' title='bbox 3247 3365 3428 3420; x_wconf 88' lang='lat' dir='ltr'>etiam</span> <span class='ocrx_word' id='word_1_538' title='bbox 3450 3361 3813 3417; x_wconf 88' lang='lat' dir='ltr'>vocabantur</span> 
     </span>
    </p>
   </div>
   <div class='ocr_carea' id='block_1_90' title="bbox 2144 3453 3808 3529">
    <p class='ocr_par' dir='ltr' id='par_1_90' title="bbox 2144 3453 3808 3529">
     <span class='ocr_line' id='line_1_90' title="bbox 2144 3453 3808 3529; baseline -0.005 -16"><span class='ocrx_word' id='word_1_539' title='bbox 2144 3458 2475 3529; x_wconf 89' lang='lat' dir='ltr'>patriorum</span> <span class='ocrx_word' id='word_1_540' title='bbox 2507 3456 2917 3511; x_wconf 87' lang='lat' dir='ltr'>institutorum</span> <span class='ocrx_word' id='word_1_541' title='bbox 2949 3460 3007 3510; x_wconf 92' lang='lat' dir='ltr'>et</span> <span class='ocrx_word' id='word_1_542' title='bbox 3028 3455 3256 3527; x_wconf 87' lang='lat' dir='ltr'>jurium</span> <span class='ocrx_word' id='word_1_543' title='bbox 3289 3455 3666 3525; x_wconf 89' lang='lat' dir='ltr'>interpretes.</span> <span class='ocrx_word' id='word_1_544' title='bbox 3699 3453 3808 3506; x_wconf 88' lang='lat' dir='ltr'>Pe-</span> 
     </span>
    </p>
   </div>
   <div class='ocr_carea' id='block_1_91' title="bbox 2146 3543 3807 3619">
    <p class='ocr_par' dir='ltr' id='par_1_91' title="bbox 2146 3543 3807 3619">
     <span class='ocr_line' id='line_1_91' title="bbox 2146 3543 3807 3619; baseline -0.004 -16"><span class='ocrx_word' id='word_1_545' title='bbox 2146 3548 2469 3616; x_wconf 90' lang='lat' dir='ltr'>culiariter,</span> <span class='ocrx_word' id='word_1_546' title='bbox 2533 3548 2891 3619; x_wconf 89' lang='lat' dir='ltr'>interpretes</span> <span class='ocrx_word' id='word_1_547' title='bbox 2951 3563 3279 3612; x_wconf 89' lang='lat' dir='ltr'>sacrorum,</span> <span class='ocrx_word' id='word_1_548' title='bbox 3341 3546 3440 3616; x_wconf 88' lang='lat' dir='ltr'>qui</span> <span class='ocrx_word' id='word_1_549' title='bbox 3500 3545 3677 3599; x_wconf 90' lang='lat' dir='ltr'>etiam</span> <span class='ocrx_word' id='word_1_550' title='bbox 3733 3543 3807 3598; x_wconf 87' lang='lat' dir='ltr'>de</span> 
     </span>
    </p>
   </div>
   <div class='ocr_carea' id='block_1_92' title="bbox 2145 3633 3813 3709">
    <p class='ocr_par' dir='ltr' id='par_1_92' title="bbox 2145 3633 3813 3709">
     <span class='ocr_line' id='line_1_92' title="bbox 2145 3633 3813 3709; baseline -0.003 -17"><span class='ocrx_word' id='word_1_551' title='bbox 2145 3638 2377 3694; x_wconf 89' lang='lat' dir='ltr'>inferiis</span> <span class='ocrx_word' id='word_1_552' title='bbox 2407 3638 2663 3709; x_wconf 89' lang='lat' dir='ltr'>aliisque</span> <span class='ocrx_word' id='word_1_553' title='bbox 2709 3637 2947 3693; x_wconf 82' lang='lat' dir='ltr'>Juribus</span> <span class='ocrx_word' id='word_1_554' title='bbox 2978 3636 3396 3692; x_wconf 80' lang='lat' dir='ltr'>defunctorum</span> <span class='ocrx_word' id='word_1_555' title='bbox 3438 3633 3813 3690; x_wconf 89' lang='lat' dir='ltr'>consulenti-</span> 
     </span>
    </p>
   </div>
   <div class='ocr_carea' id='block_1_93' title="bbox 2142 3727 2746 3799">
    <p class='ocr_par' dir='ltr' id='par_1_93' title="bbox 2142 3727 2746 3799">
     <span class='ocr_line' id='line_1_93' title="bbox 2142 3727 2746 3799; baseline -0.002 -17"><span class='ocrx_word' id='word_1_556' title='bbox 2142 3728 2252 3783; x_wconf 92' lang='lat' dir='ltr'>bus</span> <span class='ocrx_word' id='word_1_557' title='bbox 2285 3727 2746 3799; x_wconf 90' lang='lat' dir='ltr'>respondebant.</span> 
     </span>
    </p>
   </div>
   <div class='ocr_carea' id='block_1_94' title="bbox 2211 3812 3804 3881">
    <p class='ocr_par' dir='ltr' id='par_1_94' title="bbox 2211 3812 3804 3881">
     <span class='ocr_line' id='line_1_94' title="bbox 2211 3812 3804 3881; baseline -0.003 -10"><span class='ocrx_word' id='word_1_558' title='bbox 2211 3817 2508 3873; x_wconf 84' lang='lat' dir='ltr'>Ezechias.</span> <span class='ocrx_word' id='word_1_559' title='bbox 2563 3816 2838 3872; x_wconf 89' lang='lat' dir='ltr'>Exstabat</span> <span class='ocrx_word' id='word_1_560' title='bbox 2897 3815 3050 3870; x_wconf 91' lang='lat' dir='ltr'>liber</span> <span class='ocrx_word' id='word_1_561' title='bbox 3123 3814 3478 3881; x_wconf 90' lang='lat' dir='ltr'>Salomonis,</span> <span class='ocrx_word' id='word_1_562' title='bbox 3536 3812 3804 3868; x_wconf 86' lang='lat' dir='ltr'>remedia</span> 
     </span>
    </p>
   </div>
   <div class='ocr_carea' id='block_1_95' title="bbox 2141 3900 3804 3974">
    <p class='ocr_par' dir='ltr' id='par_1_95' title="bbox 2141 3900 3804 3974">
     <span class='ocr_line' id='line_1_95' title="bbox 2141 3900 3804 3974; baseline -0.004 -14"><span class='ocrx_word' id='word_1_563' title='bbox 2141 3907 2407 3961; x_wconf 90' lang='lat' dir='ltr'>omnium</span> <span class='ocrx_word' id='word_1_564' title='bbox 2443 3904 2785 3960; x_wconf 89' lang='lat' dir='ltr'>morborum</span> <span class='ocrx_word' id='word_1_565' title='bbox 2838 3903 3172 3973; x_wconf 90' lang='lat' dir='ltr'>continens,</span> <span class='ocrx_word' id='word_1_566' title='bbox 3225 3904 3327 3974; x_wconf 92' lang='lat' dir='ltr'>qui</span> <span class='ocrx_word' id='word_1_567' title='bbox 3372 3901 3577 3974; x_wconf 89' lang='lat' dir='ltr'>templi</span> <span class='ocrx_word' id='word_1_568' title='bbox 3611 3900 3804 3956; x_wconf 88' lang='lat' dir='ltr'>limini</span> 
     </span>
    </p>
   </div>
   <div class='ocr_carea' id='block_1_96' title="bbox 2139 3991 3795 4062">
    <p class='ocr_par' dir='ltr' id='par_1_96' title="bbox 2139 3991 3795 4062">
     <span class='ocr_line' id='line_1_96' title="bbox 2139 3991 3795 4062; baseline -0.002 -14"><span class='ocrx_word' id='word_1_569' title='bbox 2139 3995 2362 4050; x_wconf 88' lang='lat' dir='ltr'>incisus</span> <span class='ocrx_word' id='word_1_570' title='bbox 2393 4001 2538 4051; x_wconf 89' lang='lat' dir='ltr'>erat.</span> <span class='ocrx_word' id='word_1_571' title='bbox 2573 3996 2738 4050; x_wconf 86' lang='lat' dir='ltr'>Hunc</span> <span class='ocrx_word' id='word_1_572' title='bbox 2761 3994 3035 4050; x_wconf 85' lang='lat' dir='ltr'>Ezechias</span> <span class='ocrx_word' id='word_1_573' title='bbox 3057 3993 3330 4060; x_wconf 90' lang='lat' dir='ltr'>obolevit,</span> <span class='ocrx_word' id='word_1_574' title='bbox 3360 3992 3517 4062; x_wconf 91' lang='lat' dir='ltr'>quod</span> <span class='ocrx_word' id='word_1_575' title='bbox 3541 3991 3795 4062; x_wconf 89' lang='lat' dir='ltr'>populus</span> 
     </span>
    </p>
   </div>
   <div class='ocr_carea' id='block_1_97' title="bbox 2139 4081 3795 4152">
    <p class='ocr_par' dir='ltr' id='par_1_97' title="bbox 2139 4081 3795 4152">
     <span class='ocr_line' id='line_1_97' title="bbox 2139 4081 3795 4152; baseline -0.004 -13"><span class='ocrx_word' id='word_1_576' title='bbox 2139 4089 2400 4139; x_wconf 90' lang='lat' dir='ltr'>mentem</span> <span class='ocrx_word' id='word_1_577' title='bbox 2441 4085 2516 4139; x_wconf 90' lang='lat' dir='ltr'>ad</span> <span class='ocrx_word' id='word_1_578' title='bbox 2549 4085 2732 4138; x_wconf 90' lang='lat' dir='ltr'>Deum</span> <span class='ocrx_word' id='word_1_579' title='bbox 2763 4100 2884 4138; x_wconf 91' lang='lat' dir='ltr'>non</span> <span class='ocrx_word' id='word_1_580' title='bbox 2933 4083 3284 4151; x_wconf 87' lang='lat' dir='ltr'>adverteret,</span> <span class='ocrx_word' id='word_1_581' title='bbox 3318 4081 3420 4136; x_wconf 89' lang='lat' dir='ltr'>sed</span> <span class='ocrx_word' id='word_1_582' title='bbox 3452 4081 3795 4152; x_wconf 90' lang='lat' dir='ltr'>quicunque</span> 
     </span>
    </p>
   </div>
   <div class='ocr_carea' id='block_1_98' title="bbox 2136 4170 3797 4247">
    <p class='ocr_par' dir='ltr' id='par_1_98' title="bbox 2136 4170 3797 4247">
     <span class='ocr_line' id='line_1_98' title="bbox 2136 4170 3797 4247; baseline -0.002 -18"><span class='ocrx_word' id='word_1_583' title='bbox 2136 4175 2274 4247; x_wconf 74' lang='lat' dir='ltr'>aagri</span> <span class='ocrx_word' id='word_1_584' title='bbox 2331 4179 2550 4239; x_wconf 84' lang='lat' dir='ltr'>essent,</span> <span class='ocrx_word' id='word_1_585' title='bbox 2603 4174 2942 4229; x_wconf 88' lang='lat' dir='ltr'>curationes</span> <span class='ocrx_word' id='word_1_586' title='bbox 2992 4173 3133 4228; x_wconf 91' lang='lat' dir='ltr'>inde</span> <span class='ocrx_word' id='word_1_587' title='bbox 3182 4177 3474 4245; x_wconf 88' lang='lat' dir='ltr'>peterent,</span> <span class='ocrx_word' id='word_1_588' title='bbox 3524 4170 3797 4242; x_wconf 83' lang='lat' dir='ltr'>neglecta</span> 
     </span>
    </p>
   </div>
   <div class='ocr_carea' id='block_1_99' title="bbox 2136 4263 3024 4319">
    <p class='ocr_par' dir='ltr' id='par_1_99' title="bbox 2136 4263 3024 4319">
     <span class='ocr_line' id='line_1_99' title="bbox 2136 4263 3024 4319; baseline -0.001 0"><span class='ocrx_word' id='word_1_589' title='bbox 2136 4263 2316 4319; x_wconf 92' lang='lat' dir='ltr'>divini</span> <span class='ocrx_word' id='word_1_590' title='bbox 2338 4263 2608 4319; x_wconf 87' lang='lat' dir='ltr'>Numinis</span> <span class='ocrx_word' id='word_1_591' title='bbox 2631 4263 3024 4319; x_wconf 88' lang='lat' dir='ltr'>invocatione.</span> 
     </span>
    </p>
   </div>
   <div class='ocr_carea' id='block_1_100' title="bbox 2942 4355 2983 4408">
    <p class='ocr_par' dir='ltr' id='par_1_100' title="bbox 2942 4355 2983 4408">
     <span class='ocr_line' id='line_1_100' title="bbox 2942 4355 2983 4408; baseline 0 0"><span class='ocrx_word' id='word_1_592' title='bbox 2942 4355 2983 4408; x_wconf 91' lang='lat' dir='ltr'>F</span> 
     </span>
    </p>
   </div>
   <div class='ocr_carea' id='block_1_101' title="bbox 2204 4439 3792 4515">
    <p class='ocr_par' dir='ltr' id='par_1_101' title="bbox 2204 4439 3792 4515">
     <span class='ocr_line' id='line_1_101' title="bbox 2204 4439 3792 4515; baseline -0.003 -17"><span class='ocrx_word' id='word_1_593' title='bbox 2204 4444 2417 4499; x_wconf 90' lang='lat' dir='ltr'>Fabius</span> <span class='ocrx_word' id='word_1_594' title='bbox 2449 4444 2659 4515; x_wconf 90' lang='lat' dir='ltr'>pictor,</span> <span class='ocrx_word' id='word_1_595' title='bbox 2683 4443 3002 4498; x_wconf 87' lang='lat' dir='ltr'>historicus</span> <span class='ocrx_word' id='word_1_596' title='bbox 3026 4443 3348 4497; x_wconf 85' lang='lat' dir='ltr'>Romanus.</span> <span class='ocrx_word' id='word_1_597' title='bbox 3384 4441 3488 4495; x_wconf 86' lang='lat' dir='ltr'>Hic</span> <span class='ocrx_word' id='word_1_598' title='bbox 3511 4442 3614 4508; x_wconf 89' lang='lat' dir='ltr'>ait,</span> <span class='ocrx_word' id='word_1_599' title='bbox 3639 4439 3792 4496; x_wconf 90' lang='lat' dir='ltr'>nulli</span> 
     </span>
    </p>
   </div>
   <div class='ocr_carea' id='block_1_102' title="bbox 2133 4529 3793 4604">
    <p class='ocr_par' dir='ltr' id='par_1_102' title="bbox 2133 4529 3793 4604">
     <span class='ocr_line' id='line_1_102' title="bbox 2133 4529 3793 4604; baseline -0.003 -15"><span class='ocrx_word' id='word_1_600' title='bbox 2133 4536 2532 4589; x_wconf 76' lang='lat' dir='ltr'>Romanorum</span> <span class='ocrx_word' id='word_1_601' title='bbox 2567 4533 3021 4604; x_wconf 82' lang='lat' dir='ltr'>magistratuum</span> <span class='ocrx_word' id='word_1_602' title='bbox 3063 4531 3243 4586; x_wconf 87' lang='lat' dir='ltr'>licere</span> <span class='ocrx_word' id='word_1_603' title='bbox 3275 4531 3600 4602; x_wconf 89' lang='lat' dir='ltr'>quidquam</span> <span class='ocrx_word' id='word_1_604' title='bbox 3635 4529 3793 4601; x_wconf 90' lang='lat' dir='ltr'>quod</span> 
     </span>
    </p>
   </div>
   <div class='ocr_carea' id='block_1_103' title="bbox 2132 4622 3525 4695">
    <p class='ocr_par' dir='ltr' id='par_1_103' title="bbox 2132 4622 3525 4695">
     <span class='ocr_line' id='line_1_103' title="bbox 2132 4622 3525 4695; baseline -0.002 -18"><span class='ocrx_word' id='word_1_605' title='bbox 2132 4624 2209 4677; x_wconf 88' lang='lat' dir='ltr'>sit</span> <span class='ocrx_word' id='word_1_606' title='bbox 2237 4623 2567 4695; x_wconf 89' lang='lat' dir='ltr'>publicum,</span> <span class='ocrx_word' id='word_1_607' title='bbox 2600 4623 2664 4676; x_wconf 93' lang='lat' dir='ltr'>in</span> <span class='ocrx_word' id='word_1_608' title='bbox 2697 4622 2956 4694; x_wconf 87' lang='lat' dir='ltr'>privatos</span> <span class='ocrx_word' id='word_1_609' title='bbox 2988 4638 3131 4676; x_wconf 90' lang='lat' dir='ltr'>usus</span> <span class='ocrx_word' id='word_1_610' title='bbox 3162 4625 3525 4676; x_wconf 91' lang='lat' dir='ltr'>convertere.</span> 
     </span>
    </p>
   </div>
   <div class='ocr_carea' id='block_1_104' title="bbox 2202 4710 3786 4777">
    <p class='ocr_par' dir='ltr' id='par_1_104' title="bbox 2202 4710 3786 4777">
     <span class='ocr_line' id='line_1_104' title="bbox 2202 4710 3786 4777; baseline -0.001 -11"><span class='ocrx_word' id='word_1_611' title='bbox 2202 4712 2462 4767; x_wconf 85' lang='lat' dir='ltr'>Falcidia</span> <span class='ocrx_word' id='word_1_612' title='bbox 2520 4712 2614 4767; x_wconf 86' lang='lat' dir='ltr'>lex</span> <span class='ocrx_word' id='word_1_613' title='bbox 2663 4727 2699 4766; x_wconf 89' lang='lat' dir='ltr'>a</span> <span class='ocrx_word' id='word_1_614' title='bbox 2755 4717 2981 4767; x_wconf 66' lang='lat' dir='ltr'>Caesare</span> <span class='ocrx_word' id='word_1_615' title='bbox 3037 4712 3172 4768; x_wconf 87' lang='lat' dir='ltr'>Caio</span> <span class='ocrx_word' id='word_1_616' title='bbox 3232 4710 3466 4766; x_wconf 86' lang='lat' dir='ltr'>Octavio</span> <span class='ocrx_word' id='word_1_617' title='bbox 3525 4710 3647 4765; x_wconf 83' lang='lat' dir='ltr'>lata</span> <span class='ocrx_word' id='word_1_618' title='bbox 3678 4714 3786 4777; x_wconf 89' lang='lat' dir='ltr'>est,</span> 
     </span>
    </p>
   </div>
   <div class='ocr_carea' id='block_1_105' title="bbox 2128 4801 3788 4858">
    <p class='ocr_par' dir='ltr' id='par_1_105' title="bbox 2128 4801 3788 4858">
     <span class='ocr_line' id='line_1_105' title="bbox 2128 4801 3788 4858; baseline -0.002 0"><span class='ocrx_word' id='word_1_619' title='bbox 2128 4802 2449 4858; x_wconf 88' lang='lat' dir='ltr'>maximam</span> <span class='ocrx_word' id='word_1_620' title='bbox 2512 4804 2688 4858; x_wconf 88' lang='lat' dir='ltr'>etiam</span> <span class='ocrx_word' id='word_1_621' title='bbox 2749 4819 2910 4858; x_wconf 88' lang='lat' dir='ltr'>nunc</span> <span class='ocrx_word' id='word_1_622' title='bbox 2969 4803 3383 4858; x_wconf 89' lang='lat' dir='ltr'>auctoritatem</span> <span class='ocrx_word' id='word_1_623' title='bbox 3442 4801 3669 4857; x_wconf 89' lang='lat' dir='ltr'>habens</span> <span class='ocrx_word' id='word_1_624' title='bbox 3728 4801 3788 4855; x_wconf 89' lang='lat' dir='ltr'>in</span> 
     </span>
    </p>
   </div>
   <div class='ocr_carea' id='block_1_106' title="bbox 2127 4891 3788 4960">
    <p class='ocr_par' dir='ltr' id='par_1_106' title="bbox 2127 4891 3788 4960">
     <span class='ocr_line' id='line_1_106' title="bbox 2127 4891 3788 4960; baseline -0.002 -12"><span class='ocrx_word' id='word_1_625' title='bbox 2127 4894 2544 4949; x_wconf 75' lang='lat' dir='ltr'>hmreditatum</span> <span class='ocrx_word' id='word_1_626' title='bbox 2604 4892 3083 4949; x_wconf 85' lang='lat' dir='ltr'>successionibus</span> <span class='ocrx_word' id='word_1_627' title='bbox 3137 4908 3172 4947; x_wconf 93' lang='lat' dir='ltr'>a</span> <span class='ocrx_word' id='word_1_628' title='bbox 3223 4892 3504 4960; x_wconf 87' lang='lat' dir='ltr'>Falcidio,</span> <span class='ocrx_word' id='word_1_629' title='bbox 3551 4891 3788 4946; x_wconf 90' lang='lat' dir='ltr'>tribuno</span> 
     </span>
    </p>
   </div>
   <div class='ocr_carea' id='block_1_107' title="bbox 2127 4984 2634 5058">
    <p class='ocr_par' dir='ltr' id='par_1_107' title="bbox 2127 4984 2634 5058">
     <span class='ocr_line' id='line_1_107' title="bbox 2127 4984 2634 5058; baseline 0.006 -19"><span class='ocrx_word' id='word_1_630' title='bbox 2127 4984 2342 5058; x_wconf 91' lang='lat' dir='ltr'>plebis,</span> <span class='ocrx_word' id='word_1_631' title='bbox 2376 4986 2634 5042; x_wconf 88' lang='lat' dir='ltr'>inventa.</span> 
     </span>
    </p>
   </div>
   <div class='ocr_carea' id='block_1_108' title="bbox 2128 5076 3784 5149">
    <p class='ocr_par' dir='ltr' id='par_1_108' title="bbox 2128 5076 3784 5149">
     <span class='ocr_line' id='line_1_108' title="bbox 2128 5076 3784 5149; baseline 0 -19"><span class='ocrx_word' id='word_1_632' title='bbox 2128 5077 2383 5145; x_wconf 89' lang='lat' dir='ltr'>Faunus,</span> <span class='ocrx_word' id='word_1_633' title='bbox 2417 5076 2539 5131; x_wconf 91' lang='lat' dir='ltr'>Pici</span> <span class='ocrx_word' id='word_1_634' title='bbox 2573 5093 2676 5132; x_wconf 91' lang='lat' dir='ltr'>seu</span> <span class='ocrx_word' id='word_1_635' title='bbox 2705 5077 2858 5132; x_wconf 82' lang='lat' dir='ltr'>lovis</span> <span class='ocrx_word' id='word_1_636' title='bbox 2906 5080 2989 5143; x_wconf 89' lang='lat' dir='ltr'>F.,</span> <span class='ocrx_word' id='word_1_637' title='bbox 3044 5095 3224 5148; x_wconf 91' lang='lat' dir='ltr'>quem</span> <span class='ocrx_word' id='word_1_638' title='bbox 3257 5078 3500 5133; x_wconf 91' lang='lat' dir='ltr'>nomine</span> <span class='ocrx_word' id='word_1_639' title='bbox 3532 5077 3784 5149; x_wconf 69' lang='lat' dir='ltr'>planetas</span> 
     </span>
    </p>
   </div>
   <div class='ocr_carea' id='block_1_109' title="bbox 2127 5166 3789 5239">
    <p class='ocr_par' dir='ltr' id='par_1_109' title="bbox 2127 5166 3789 5239">
     <span class='ocr_line' id='line_1_109' title="bbox 2127 5166 3789 5239; baseline 0 -19"><span class='ocrx_word' id='word_1_640' title='bbox 2127 5166 2478 5223; x_wconf 83' lang='lat' dir='ltr'>Mercurium</span> <span class='ocrx_word' id='word_1_641' title='bbox 2513 5167 2915 5239; x_wconf 86' lang='lat' dir='ltr'>appellabant.</span> <span class='ocrx_word' id='word_1_642' title='bbox 2950 5168 3051 5223; x_wconf 89' lang='lat' dir='ltr'>Hic</span> <span class='ocrx_word' id='word_1_643' title='bbox 3081 5169 3195 5222; x_wconf 85' lang='lat' dir='ltr'>fuit</span> <span class='ocrx_word' id='word_1_644' title='bbox 3223 5175 3620 5234; x_wconf 89' lang='lat' dir='ltr'>astronomus,</span> <span class='ocrx_word' id='word_1_645' title='bbox 3657 5183 3789 5221; x_wconf 89' lang='lat' dir='ltr'>mu-</span> 
     </span>
    </p>
   </div>
   <div class='ocr_carea' id='block_1_110' title="bbox 2127 5256 3786 5329">
    <p class='ocr_par' dir='ltr' id='par_1_110' title="bbox 2127 5256 3786 5329">
     <span class='ocr_line' id='line_1_110' title="bbox 2127 5256 3786 5329; baseline 0 -19"><span class='ocrx_word' id='word_1_646' title='bbox 2127 5256 2387 5327; x_wconf 90' lang='lat' dir='ltr'>tallaque</span> <span class='ocrx_word' id='word_1_647' title='bbox 2415 5257 2566 5325; x_wconf 87' lang='lat' dir='ltr'>auri,</span> <span class='ocrx_word' id='word_1_648' title='bbox 2600 5258 2828 5329; x_wconf 82' lang='lat' dir='ltr'>argenti</span> <span class='ocrx_word' id='word_1_649' title='bbox 2887 5262 2943 5311; x_wconf 90' lang='lat' dir='ltr'>et</span> <span class='ocrx_word' id='word_1_650' title='bbox 3001 5257 3141 5311; x_wconf 84' lang='lat' dir='ltr'>ferri</span> <span class='ocrx_word' id='word_1_651' title='bbox 3176 5258 3424 5327; x_wconf 91' lang='lat' dir='ltr'>invenit,</span> <span class='ocrx_word' id='word_1_652' title='bbox 3458 5272 3786 5326; x_wconf 88' lang='lat' dir='ltr'>eorumque</span> 
     </span>
    </p>
   </div>
   <div class='ocr_carea' id='block_1_111' title="bbox 2127 5345 3785 5413">
    <p class='ocr_par' dir='ltr' id='par_1_111' title="bbox 2127 5345 3785 5413">
     <span class='ocr_line' id='line_1_111' title="bbox 2127 5345 3785 5413; baseline 0 -12"><span class='ocrx_word' id='word_1_653' title='bbox 2127 5345 2566 5401; x_wconf 90' lang='lat' dir='ltr'>tractandorum</span> <span class='ocrx_word' id='word_1_654' title='bbox 2598 5347 2890 5405; x_wconf 89' lang='lat' dir='ltr'>rationem</span> <span class='ocrx_word' id='word_1_655' title='bbox 2921 5347 3331 5404; x_wconf 89' lang='lat' dir='ltr'>Occidentales</span> <span class='ocrx_word' id='word_1_656' title='bbox 3353 5349 3572 5404; x_wconf 88' lang='lat' dir='ltr'>docuit.</span> <span class='ocrx_word' id='word_1_657' title='bbox 3595 5349 3785 5413; x_wconf 87' lang='lat' dir='ltr'>Quare</span> 
     </span>
    </p>
   </div>
   <div class='ocr_carea' id='block_1_112' title="bbox 2125 5433 3786 5509">
    <p class='ocr_par' dir='ltr' id='par_1_112' title="bbox 2125 5433 3786 5509">
     <span class='ocr_line' id='line_1_112' title="bbox 2125 5433 3786 5509; baseline 0 -17"><span class='ocrx_word' id='word_1_658' title='bbox 2125 5436 2306 5492; x_wconf 84' lang='lat' dir='ltr'>etiam</span> <span class='ocrx_word' id='word_1_659' title='bbox 2361 5436 2434 5492; x_wconf 90' lang='lat' dir='ltr'>ab</span> <span class='ocrx_word' id='word_1_660' title='bbox 2489 5436 2784 5509; x_wconf 82' lang='lat' dir='ltr'>indigenis</span> <span class='ocrx_word' id='word_1_661' title='bbox 2839 5443 3078 5492; x_wconf 90' lang='lat' dir='ltr'>vocatus</span> <span class='ocrx_word' id='word_1_662' title='bbox 3152 5433 3559 5507; x_wconf 81' lang='grc' dir='ltr'>πλουτοδότης,</span> <span class='ocrx_word' id='word_1_663' title='bbox 3618 5454 3786 5507; x_wconf 81' lang='lat' dir='ltr'>opum</span> 
     </span>
    </p>
   </div>
   <div class='ocr_carea' id='block_1_113' title="bbox 2123 5525 3783 5599">
    <p class='ocr_par' dir='ltr' id='par_1_113' title="bbox 2123 5525 3783 5599">
     <span class='ocr_line' id='line_1_113' title="bbox 2123 5525 3783 5599; baseline 0.001 -19"><span class='ocrx_word' id='word_1_664' title='bbox 2123 5526 2376 5581; x_wconf 81' lang='lat' dir='ltr'>donator.</span> <span class='ocrx_word' id='word_1_665' title='bbox 2406 5525 2646 5581; x_wconf 89' lang='lat' dir='ltr'>lnsidiis</span> <span class='ocrx_word' id='word_1_666' title='bbox 2678 5527 2978 5598; x_wconf 88' lang='lat' dir='ltr'>appetitus</span> <span class='ocrx_word' id='word_1_667' title='bbox 3007 5543 3042 5582; x_wconf 91' lang='lat' dir='ltr'>a</span> <span class='ocrx_word' id='word_1_668' title='bbox 3069 5527 3353 5583; x_wconf 83' lang='lat' dir='ltr'>fratribus</span> <span class='ocrx_word' id='word_1_669' title='bbox 3383 5529 3444 5582; x_wconf 91' lang='lat' dir='ltr'>in</span> <span class='ocrx_word' id='word_1_670' title='bbox 3473 5530 3783 5599; x_wconf 60' lang='lat' dir='ltr'>ngyptum</span> 
     </span>
    </p>
   </div>
   <div class='ocr_carea' id='block_1_114' title="bbox 2196 5701 3782 5775">
    <p class='ocr_par' dir='ltr' id='par_1_114' title="bbox 2196 5701 3782 5775">
     <span class='ocr_line' id='line_1_114' title="bbox 2196 5701 3782 5775; baseline 0.003 -20"><span class='ocrx_word' id='word_1_671' title='bbox 2196 5705 2306 5773; x_wconf 84' lang='lat'>(72)</span> <span class='ocrx_word' id='word_1_672' title='bbox 2335 5704 2422 5758; x_wconf 82' lang='lat' dir='ltr'>Ita</span> <span class='ocrx_word' id='word_1_673' title='bbox 2450 5701 2745 5775; x_wconf 62' lang='lat' dir='ltr'>Cangius,</span> <span class='ocrx_word' id='word_1_674' title='bbox 2758 5719 2892 5775; x_wconf 84' lang='lat' dir='ltr'>pag.</span> <span class='ocrx_word' id='word_1_675' title='bbox 2953 5705 3043 5773; x_wconf 84' lang='lat' dir='ltr'>3l,</span> <span class='ocrx_word' id='word_1_676' title='bbox 3093 5705 3167 5760; x_wconf 89' lang='lat' dir='ltr'>ad</span> <span class='ocrx_word' id='word_1_677' title='bbox 3219 5707 3527 5773; x_wconf 88' lang='lat' dir='ltr'>Zonaram,</span> <span class='ocrx_word' id='word_1_678' title='bbox 3561 5722 3631 5760; x_wconf 88' lang='lat' dir='ltr'>ex</span> <span class='ocrx_word' id='word_1_679' title='bbox 3662 5703 3782 5760; x_wconf 87' lang='lat' dir='ltr'>Eu-</span> 
     </span>
    </p>
   </div>
   <div class='ocr_carea' id='block_1_115' title="bbox 2123 5773 3534 5850">
    <p class='ocr_par' dir='ltr' id='par_1_115' title="bbox 2123 5773 3534 5850">
     <span class='ocr_line' id='line_1_115' title="bbox 2123 5773 3534 5850; baseline 0.002 -20"><span class='ocrx_word' id='word_1_680' title='bbox 2123 5774 2308 5830; x_wconf 80' lang='lat' dir='ltr'>dociae</span> <span class='ocrx_word' id='word_1_681' title='bbox 2341 5775 2521 5830; x_wconf 89' lang='lat' dir='ltr'>loniis</span> <span class='ocrx_word' id='word_1_682' title='bbox 2553 5773 2695 5831; x_wconf 82' lang='lat' dir='ltr'>mss.</span> <span class='ocrx_word' id='word_1_683' title='bbox 2731 5773 2801 5849; x_wconf 74' lang='grc' dir='ltr'>[ἐ.</span> <span class='ocrx_word' id='word_1_684' title='bbox 2832 5773 2966 5848; x_wconf 80' lang='lat' dir='ltr'>pag.</span> <span class='ocrx_word' id='word_1_685' title='bbox 3004 5779 3126 5850; x_wconf 83' lang='grc'>166,</span> <span class='ocrx_word' id='word_1_686' title='bbox 3155 5777 3248 5836; x_wconf 91' lang='lat' dir='ltr'>ed.</span> <span class='ocrx_word' id='word_1_687' title='bbox 3283 5778 3534 5848; x_wconf 86' lang='lat' dir='ltr'>Villois.]</span> 
     </span>
    </p>
   </div>
  </div>
