4110 6418
469 384 626 445 1265
1777 378 2021 441 INDEX
2061 375 2573 441 SCRIPTORUM
3736 398 3899 462 1266

467 520 615 591 fugit
645 519 707 574 in
739 518 960 573 tribum
999 518 1224 585 Chami,
1285 516 1392 572 filii
1424 518 1566 584 Noe,
1592 532 1627 571 a
1651 515 1866 587 quibus
1920 530 2121 569 susce—
2149 513 2204 580 Α
2235 511 2526 568 Callinici.
2579 516 2861 572 Memoria
2888 519 2972 574 ita
3019 520 3222 590 valuit,
3256 527 3322 578 ut
3367 523 3867 589 declamationem

464 614 602 682 ptus
634 625 773 664 cum
805 608 948 679 ipsis
979 607 1282 663 habitavit.
1316 606 1478 660 Idem
1501 622 1682 661 aurea
1703 603 1853 660 stola
1876 603 2118 659 indutus
2229 602 2414 657 semel
2445 602 2732 672 auditam,
2755 613 3072 678 repeteret.
3098 611 3254 666 Obiit
3265 612 3525 685 juvenis,
3558 633 3749 676 annos
3788 639 3892 679 na-

465 704 524 754 et
561 699 762 753 futura
811 697 1142 769 praedicens
1193 696 1548 767 divitiasque
1600 695 1685 749 eis
1742 694 2116 766 impertiens,
2225 695 2320 747 tus
2351 693 2595 749 XXVIII.
2631 695 2878 768 Scripsit
2907 697 3112 762 Λαλιάς
3135 701 3255 758 sive
3277 701 3568 775 Διαλέξεις,
3597 730 3625 759 κ
3654 710 3889 768 Allocu-

463 792 747 858 tanquam
779 789 929 842 Deus
961 787 1034 842 ab
1067 786 1214 858 ipsis
1248 785 1444 840 cultus
1477 789 1584 840 est.
2224 783 2468 838 «tiones
2491 789 2550 839 et
2577 809 2598 836 ι
2635 783 2884 847 Μελὲτας
2921 811 2941 837 ι
2978 790 3472 862 Declamationes,
3509 818 3537 846 ››
3557 798 3714 854 inter
3744 819 3890 872 quas

530 877 873 940 Favorinus,
907 875 1274 931 Arelatensis
1307 875 1530 944 Gallus,
1554 890 1696 930 sexu
1722 874 2107 946 hermaphro-
2223 877 2312 928 est
2342 895 2370 921 ‹‹
2403 875 2581 929 Exsul
2613 877 2876 948 seipsum
2906 879 3167 935 vendens
3194 889 3328 954 post
3354 886 3686 942 Thebarum
3712 892 3883 946 exci-

453 966 634 1034 ditus,
669 965 1108 1021 eruditissimus
1146 970 1204 1020 et
1247 964 1638 1037 philosophia;
1687 963 2108 1034 peritissimus,
2221 983 2250 1010 «
2284 962 2449 1018 dium
2499 966 2980 1037 Propempticum
3033 970 3107 1025 ad
3139 972 3366 1028 amicos
3413 992 3576 1046 suos,
3609 1000 3637 1028 »
3690 981 3881 1037 Dadu-

450 1055 766 1111 rhetorica:
825 1055 886 1110 in
940 1054 1149 1126 primis
1207 1053 1498 1109 addictus.
1559 1052 1786 1108 Floruit
1845 1057 2107 1141 tempore
2217 1051 2396 1107 chum
2429 1059 2488 1108 et
2515 1055 2951 1128 Asclopiadem°
2994 1083 3014 1108 ι
3050 1061 3360 1118 Orationes
3405 1071 3816 1141 panegyricas.
3851 1093 3880 1120 »

451 1145 687 1217 Trajani
713 1145 880 1216 imp.,
904 1144 1201 1214 vitamque
1223 1142 1501 1215 produxit
1521 1159 1710 1213 usque
1733 1141 1807 1197 ad
1825 1140 2105 1197 Hadriani
2289 1143 2651 1214 Gennadius,
2685 1147 3024 1216 patriarcha
3055 1150 3253 1219 CPoI.,
3285 1140 3674 1226 conspectum
3705 1161 3778 1216 ab
3809 1178 3878 1218 eo

450 1236 789 1306 imperium.
822 1233 1150 1290 Almulatus
1180 1239 1270 1288 est
1307 1233 1713 1302 Plutarchum,
1747 1233 2073 1288 Clueronen

1266 1273 1270 1286 .
1307 1233 1713 1302 Plutarchum,
1747 1233 2106 1288 Chaeronen-
2214 1230 2404 1305 φάσμα
2436 1227 2744 1304 δαιμόνιον,
2779 1240 2889 1292 etc.

449 1344 596 1392 sem,
629 1324 961 1380 innumeris
993 1341 1143 1396 pene
1165 1323 1335 1378 libris
1363 1322 1832 1378 conscribendis.
1858 1321 2105 1394 Scripsit
2285 1322 2590 1394 Georgius,
2614 1325 2833 1398 Magna)
2847 1326 3125 1383 Ecclesia:
3145 1329 3430 1388 diaconus
3444 1335 3874 1410 etchartophy-

447 1422 504 1472 et
535 1414 950 1488 philosophica
979 1420 1039 1468 et
1085 1413 1388 1480 historica,
1424 1429 1681 1484 quorum
1728 1428 1978 1484 magnus
2013 1416 2103 1466 est
2209 1409 2327 1478 lax,
2360 1413 2711 1484 cognomine
2741 1416 2968 1472 Pisides.
3005 1419 3250 1490 Scripsit
3297 1409 3869 1493 Hexaemerumpsive

442 1521 752 1562 numerus.
789 1508 867 1560 Ex
896 1506 1084 1577 ipsius
1131 1504 1301 1559 libris
1324 1508 1465 1558 sunt
1510 1504 1647 1558 isti:
1683 1526 1710 1553 ι(
1747 1505 1826 1558 De
1860 1502 2096 1558 Homeri
2205 1500 2281 1556 De
2309 1501 2530 1572 opiﬁcz'O
2560 1505 2776 1572 mundi,
2811 1506 2970 1576 quod
3002 1507 3189 1563 tribus
3247 1509 3369 1566 fere
3404 1513 3695 1571 militibus
3740 1535 3866 1572 ver-

442 1618 470 1648 «
503 1595 919 1668 phiIOSOphia;
951 1595 1022 1649 de
1056 1595 1291 1650 Socrate
1324 1597 1383 1649 et
1431 1597 1554 1648 arte
1587 1592 1717 1664 ejus
1764 1591 2094 1660 amatoria;
2207 1606 2380 1645 suum
2413 1590 2804 1649 iambicorum
2837 1600 3073 1652 constat
3099 1613 3110 1650 :
3141 1619 3168 1646 «
3206 1599 3282 1653 De
3317 1600 3587 1658 Heraclio
3628 1604 3775 1678 imp.
3810 1611 3868 1661 et

435 1710 464 1738 «
503 1688 582 1742 De
614 1686 892 1741 Platone:
930 1685 1010 1738 De
1055 1683 1549 1756 philosophorum
1598 1683 1776 1748 victu,
1805 1703 1834 1733 »
1868 1687 1926 1737 et
1953 1682 2090 1738 alia.
2212 1697 2234 1728 α
2269 1679 2426 1736 bello
2457 1682 2693 1738 Persico
2722 1700 2736 1751 ;
2773 1707 2800 1734 ››
2833 1684 2906 1740 ad
2939 1685 3065 1741 haec
3096 1687 3364 1744 oratione
3421 1691 3616 1748 soluta
3648 1715 3675 1743 «
3707 1695 3864 1750 Aba-

436 1777 599 1831 Idem
630 1776 809 1830 etiam
835 1770 1250 1848 γνωμολογικά,
1282 1774 1433 1828 dicta
1469 1775 1804 1828 sententiosa
1833 1772 2090 1844 scripsit.
2204 1792 2232 1819 «
2267 1771 2390 1827 rica
2423 1777 2480 1826 et
2510 1773 2862 1829 Encomium
2891 1777 3190 1831 Anastasii
3229 1780 3530 1852 martyris.
3568 1804 3596 1832 »
3628 1785 3861 1840 Kusteri

439 1869 502 1920 V.
532 1867 762 1932 Kuster,
797 1869 918 1919 not.
953 1867 1094 1918 tom.
1132 1863 1228 1932 III,
1261 1879 1392 1935 pag.
1426 1865 1550 1917 572.
2122 1877 2168 1942 Β
2203 1865 2325 1914 not.
2363 1865 2412 1928 1,
2447 1878 2576 1934 pag.
2610 1863 2734 1919 475.

509 1957 869 2012 Februarium
899 1971 1152 2021 mensem,
1188 1971 1221 2008 a
1253 1953 1512 2024 quodam
1543 1953 1808 2018 consule,
1842 1955 2085 2010 Februa-
2269 1951 2475 2006 Gesius
2504 1953 2766 2021 (Γησιος),
2815 1954 3006 2009 Petris
3049 1955 3360 2026 oriundus,
3409 1959 3662 2016 Zenonis
3710 1962 3854 2035 imp.

431 2048 540 2115 rio,
563 2045 804 2100 natione
829 2043 1014 2110 Gallo,
1042 2042 1199 2114 quod
1223 2043 1273 2097 is
1294 2042 1514 2097 invidia
1535 2041 1747 2098 ductus
1769 2043 2086 2098 Camillum
2190 2039 2558 2110 temporibus
2579 2047 2704 2096 arte
2724 2042 2955 2098 medica
2973 2043 3341 2100 clarissimus
3362 2046 3494 2113 fuit,
3543 2051 3850 2120 etDomni,

423 2152 532 2209 per
553 2133 864 2190 mendacia
885 2133 1182 2204 expulisse
1203 2133 1376 2196 Urbe,
1402 2132 1683 2205 deinceps
1707 2139 1905 2188 autem
1935 2133 2082 2205 ipse,
2187 2128 2396 2196 Judaei,
2429 2131 2811 2202 praeceptoris
2858 2131 2970 2200 sui,
3003 2132 3253 2205 gloriam
3299 2135 3538 2206 penitus
3567 2138 3848 2195 obscura-

421 2224 669 2281 Camillo
685 2228 817 2295 post
837 2224 1131 2277 Brennum
1147 2222 1525 2294 proﬂigatum
1540 2227 1779 2294 recepto
1795 2239 2083 2293 suamque
2187 2218 2288 2286 vit,
2316 2223 2428 2274 etc.
2454 2219 2819 2288 Heraiscum,
2842 2239 2976 2276 cum
2993 2223 3432 2296 Zenonisjussu
3457 2235 3846 2298 quaereretur,

417 2314 570 2369 bene
595 2313 828 2368 dicente
852 2312 1384 2384 causam,turpiter
1404 2328 1476 2366 ex
1490 2311 1640 2367 Urbe
1661 2312 2077 2384 essetejectus,
2189 2306 2350 2362 domi
2384 2325 2506 2364 sum
2545 2309 2880 2378 occultavit,
2932 2316 2993 2366 et
3019 2311 3236 2368 deinde
3295 2314 3356 2368 in
3385 2314 3524 2386 fuga
3569 2317 3848 2374 defuncto

418 2409 577 2459 veste
614 2402 893 2462 nudatus.
945 2403 1286 2474 junceaque
1347 2406 1542 2456 storea
1591 2401 1992 2457 circumdatus
2023 2406 2083 2457 et
2178 2396 2346 2468 justa
2373 2399 2675 2469 persolvit.
2703 2401 2988 2456 Basilicus
3011 2401 3143 2458 ideo
3174 2403 3247 2458 ab
3280 2404 3419 2475 imp.
3446 2407 3667 2463 missus
3698 2412 3845 2482 Aga-

417 2495 617 2549 nervis
671 2510 879 2558 caesus,
934 2491 1119 2546 fuisse
1175 2491 1650 2558 denominatum,
1726 2491 2078 2562 cretei-isque
2185 2487 2350 2558 pium
2393 2494 2447 2542 et
2509 2494 2754 2546 caeteros
2812 2491 3204 2562 philosophos
3262 2496 3728 2566 comprehensos
3780 2499 3840 2555 in

420 2583 730 2640 mensibus
786 2583 1008 2637 factum
1070 2580 1421 2648 breviorem,
1483 2580 1692 2636 Suidas
1749 2581 1952 2636 forsan
2007 2598 2078 2636 ex
2183 2577 2529 2648 praetorium
2561 2578 2825 2636 abduxit.
2859 2582 2964 2652 (Ex
2995 2583 3352 2654 Damascio.)

421 2673 738 2746 Antigonio
770 2671 1026 2744 quodam
1059 2675 1281 2737 narrat,
1317 2669 1418 2724 sed
1444 2672 1676 2739 Kuster,
1695 2670 1854 2742 jure,
1889 2687 2044 2744 nuga

2256 2668 2428 2728 Γνῶθι
2461 2668 2705 2736 σεαυτὸν,
2736 2667 2800 2722 τὸ
2830 2667 3078 2741 νόμισμα
3105 2671 3518 2746 παραχάραξον,
3543 2681 3842 2749 praecepta

417 2780 546 2818 esse
579 2779 793 2828 meras,
821 2760 1070 2831 judicat.

2229 2754 2480 2826 ythica,«
2497 2757 2680 2812 Nosce
2695 2763 2749 2813 te
2765 2758 2962 2829 ipsum
2983 2782 3000 2808 ο
3022 2765 3080 2815 et
3096 2779 3122 2812 α
3135 2761 3476 2832 opinionem
3491 2763 3647 2837 vulgi
3666 2789 3690 2814 ς(
3709 2783 3852 2823 con-

485 2852 813 2908 Flaminius
855 2847 1265 2925 ὀχλοκόποςκαὶ
1298 2845 1632 2924 δημαγωγὸς
1674 2846 1906 2917 τέλειος,
1939 2867 2074 2906 ora-

2227 2847 2458 2911 temne;
2478 2850 2648 2901 net:«
2668 2848 2794 2902 Non
2807 2848 3136 2920 veritatem,
3162 2849 3264 2905 sed
3293 2851 3594 2909 nomisma
3609 2853 3814 2910 adulte
3832 2887 3850 2897 -

419 2950 509 3000 tor
540 2943 724 2998 turba;
769 2941 900 2997 rudi
953 2941 1269 2996 vendibilis
1320 2945 1377 2995 et
1406 2941 1506 3011 qui
1559 2940 1632 2995 ad
1663 2941 1949 3013 populum
1980 2941 2070 2995 di-
2174 2953 2204 2982 «
2234 2949 2319 2988 ra.
2355 2954 2384 2982 »

417 3033 606 3089 cendo
661 3048 840 3104 supra
893 3031 1136 3086 modum
1193 3029 1434 3097 voleret,
1496 3035 1775 3085 caeterum
1823 3029 1899 3086 ad
1943 3047 2070 3086 rem
2248 3023 2535 3094 Goetiam,
2560 3025 2834 3098 magiam,
2858 3025 3265 3098 pharmaciam
3288 3031 3513 3087 Mediet
3532 3034 3726 3088 Persas
3749 3035 3845 3090 in‘

416 3122 695 3178 bellicam
753 3119 1291 3176 administrandam
1326 3120 1584 3191 ineptus.
1642 3120 1748 3192 (Ex
1799 3119 2066 3191 Polybio,
2173 3117 2482 3168 venerunt.
2516 3117 2705 3184 Magia
2735 3120 2825 3171 est
2855 3118 3117 3173 evocatio
3149 3119 3492 3177 daemonum
3522 3121 3836 3178 benefico-

409 3214 509 3276 ΙΙΙ,
543 3228 669 3283 cap.
705 3210 818 3281 80.)
2101 3227 2145 3295 ο
2173 3201 2498 3295 rum-{boni
2549 3203 2807 3276 alicujus
2853 3205 3152 3295 efficiendi
3203 3226 3410 3278 causa;
3463 3211 3664 3283 qualia
3694 3218 3836 3268 sunt

485 3303 724 3368 Fronto,
758 3299 1322 3369 Emisenus,orator,
1348 3300 1447 3370 qui
1473 3299 2070 3372 Romaa,temporibus
2112 3291 2143 3295 ’
2173 3291 2474 3363 Apollonii
2507 3295 2835 3366 Tyanensis
2864 3293 3227 3369 θεσπίσματα,
3259 3323 3287 3351 α
3313 3307 3612 3374 praecepta
3635 3307 3694 3358 et
3714 3320 3842 3360 ora-

406 3390 598 3446 Severi
631 3390 798 3461 imp.,
846 3388 1006 3444 vixit.
1064 3388 1168 3443 Hic
1202 3389 1450 3443 Athenis
1483 3389 1735 3444 aemulus
1784 3389 1898 3443 fuit
1924 3389 2066 3444 Phi-
2179 3402 2205 3434 σ
2232 3381 2398 3447 Gula;
2423 3383 2646 3450 Goetia,
2673 3405 2701 3432 υ
2723 3381 2830 3436 ἀπὸ
2857 3387 2967 3438 τῶν
2993 3384 3160 3460 γόων,
3188 3409 3212 3440 ι
3241 3405 3276 3444 a
3297 3389 3602 3458 lamentis,
3640 3413 3666 3440 »
3702 3409 3834 3463 quas

403 3479 636 3536 ιοειιιειιί
696 3478 873 3550 primi
934 3484 992 3532 et
1023 3478 1284 3549 Apsinis,
1350 3477 1664 3545 Gadareni,
1724 3477 2068 3550 ibidemque
2167 3470 2326 3526 circa
2357 3473 2632 3544 sepulcra
2681 3474 3011 3531 audiuntur
3043 3477 3125 3533 ita
3173 3477 3336 3535 dicta
3366 3485 3476 3547 est,
3508 3497 3617 3552 per
3646 3498 3834 3552 quam

403 3569 555 3624 obiit
585 3585 775 3624 annos
802 3568 1040 3622 circiter
1072 3567 1165 3621 LX
1198 3572 1398 3632 natus,
1430 3573 1488 3621 et
1517 3568 1866 3639 Longinum,
1903 3569 2065 3623 criti-
2169 3560 2386 3615 animm
2440 3562 2863 3618 defunctorum
2897 3571 3215 3622 evocantur
3245 3567 3318 3622 ab
3377 3568 3606 3624 inferis.
3662 3571 3837 3626 Phar-

405 3673 563 3721 cum,
601 3657 842 3724 sororis,
886 3656 1286 3724 Frontonidis,
1340 3656 1532 3711 filium
1565 3657 1864 3714 hmredem
1924 3659 2028 3714 reli

2212 3652 2348 3704 Lacia
2389 3652 2766 3720 veneﬁcium,
2818 3670 2926 3724 per
2957 3655 3118 3726 quod
3165 3655 3344 3712 alicui
3395 3657 3718 3729 pharmaca
3747 3659 3835 3714 le-

403 3748 551 3818 quit,
580 3747 826 3819 scripsit
856 3748 1157 3802 orationes
1186 3747 1424 3802 multas,
2169 3739 2354 3795 thalia
2385 3740 2474 3795 vel
2520 3741 2742 3812 philtra
2774 3743 3141 3814 praebentur.
3195 3747 3380 3820 Magia
3409 3753 3469 3803 et
3516 3749 3838 3823 astrologia

475 3837 676 3892 Fulvia
716 3831 1037 3908 (ψολουῒα),
1089 3836 1328 3891 Antonii
1379 3853 1542 3892 uxor.
1580 3839 1714 3893 Haec
1763 3840 2064 3895 Ciceronis
2167 3846 2197 3885 θ
2232 3831 2556 3903 MagusaeiS.
2592 3831 2651 3886 id
2684 3838 2774 3887 BSt
2823 3835 3044 3904 PersiS,
3075 3840 3208 3892 orta
3234 3842 3342 3892 est.
3398 3839 3592 3893 Persa:
3623 3837 3836 3914 Μαγὼγ

398 3932 579 3998 caput
599 3932 972 3999 amputatum
991 3927 1241 4000 genibus
1265 3928 1388 3982 suis
1408 3928 1711 3999 imposuit,
1729 3946 1984 4001 cumque
2010 3931 2063 3987 ei
2167 3921 2286 3976 sive
2321 3925 2658 3996 Μαγουσαῖοι
2691 3923 2763 3978 ab
2797 3925 3098 3996 indigenis
3129 3934 3433 3984 vocantur.

399 4016 2060 4092 contumeliosissimeillusissetatqueilludconspuisset,
2238 4011 2499 4084 Gorgias,
2547 4012 2985 4070 Charmanlidm
3038 4017 3122 4084 F.,
3155 4017 3340 4072 frater
3393 4019 3661 4075 Heredici
3693 4037 3828 4076 me-

399 4106 642 4161 tandem
662 4105 901 4161 diducto
917 4123 1017 4161 ore
1033 4111 1356 4163 extractam
1377 4108 1506 4179 ejus
1527 4108 1791 4181 linguam
1808 4127 2022 4181 acu,qu

2209 4099 2303 4168 ici,
2364 4101 2707 4171 Leontinus,
2772 4103 2996 4172 rhetor,
3048 4106 3426 4177 Empedoclis
3476 4108 3826 4181 discipulus,

397 4195 650 4268 ﬁgendis
676 4195 910 4266 capillis
933 4195 1227 4264 utebatur,
1248 4198 1479 4268 punxit,
1499 4199 1838 4271 additisque
1856 4200 2062 4256 multis
2163 4190 2447 4260 ωαεξὶειθτ
2476 4191 2625 4260 Ροιί,
2660 4193 3049 4265 Agrigentini.
3086 4201 3145 4250 et
3169 4195 3414 4252 Periolis
3447 4202 3507 4252 et
3548 4199 3826 4255 Isocratis

398 4290 457 4338 et
485 4285 760 4356 gravibus
813 4284 1070 4356 probris,
1101 4301 1209 4356 pro
1241 4287 1450 4341 rostris
1503 4289 1716 4359 exponi
1737 4289 1941 4358 jussit,
1972 4296 2057 4357 ιιι,⁹
2164 4284 2222 4333 et
2252 4279 2706 4347 Alcidamantis,
2741 4283 2980 4350 Eleates,
3012 4283 3114 4353 qui
3147 4289 3205 4339 et
3236 4284 3296 4338 in
3327 4284 3530 4340 schola
3560 4285 3671 4356 ipsi
3697 4304 3826 4342 suc-

398 4391 606 4445 quoex
629 4373 2058 4445 locoadversusipsamolimconcionansauditus
2161 4369 2360 4424 οθεείι·
2422 4370 2788 4441 Porphyrius
2846 4388 2982 4426 eum
3039 4372 3224 4427 refert
3277 4373 3352 4428 ad
3412 4374 3824 4445 Olympiadem

393 4465 607 4532 fuerat,
643 4465 864 4519 ibidem
901 4469 1079 4535 caput
1127 4464 1255 4534 erS
1296 4465 1613 4535 praecisum
1663 4471 2016 4538 spectaretui

2204 4455 2370 4524 XXX,
2405 4455 2509 4512 sed
2568 4458 2872 4528 antiquior
2907 4464 3014 4514 est.
3069 4460 3445 4516 Rhetoricam
3495 4462 3726 4533 primus
3759 4465 3822 4520 in

1213 4586 1254 4638 G
2085 4591 2132 4656 Β
2164 4549 2354 4656 artem
2386 4544 2632 4643 redegit,
2668 4551 2795 4656 .etc.
2829 4549 2874 4601 A
2931 4547 3182 4656 sintg'u‘lyis
3206 4642 3218 4656 ι
3243 4547 3550 4656 discipulis
3575 4557 3824 4656 centum

2165 4632 2356 4705 exegit
2378 4633 2606 4701 minas;
2632 4634 2773 4690 vixit
2792 4651 2985 4691 annos
3015 4638 3138 4692 CIX
3167 4642 3226 4692 et
3254 4637 3444 4693 multa
3474 4639 3733 4711 scripsit.

469 4701 976 4794 GalﬂllusrAAl‘alfsi
999 4701 1914 4794 fioplllsmgidlsﬁlplllusAPSllll92
1938 4707 2044 4762 δίι-
2232 4701 2543 4778 Gratianus
2564 4723 2733 4794 imp.,
2761 4724 3024 4779 Valentis
3045 4726 3332 4782 saevitiam
3366 4727 3428 4781 in
3450 4701 3819 4786 Christianos

394 4789 847 4887 dafenfilsimll
869 4790 1170 4887 Μακίῐξιίηί
1273 4790 1549 4887 (ἶοτίξξεῐξί
1571 4793 1970 4887 ίθωᾨονίδῑιδξ
1991 4799 2050 4847 et
2155 4811 2505 4877 detestatus,
2541 4789 2840 4881 omnibus,
2870 4813 2996 4886 lege
3028 4814 3148 4870 lata
3185 4817 3477 4887 permisit,
3512 4823 3578 4873 ut
3609 4835 3817 4875 secure

395 4880 635 4950 scripsit
660 4881 730 4934 De
755 4883 1162 4935 constructione
1192 4879 1375 4936 libros
1406 4882 1471 4949 V,
1504 4882 1644 4936 item
1680 4883 1872 4938 Artem
1916 4884 2016 4938 rhe

2192 4916 2222 4954 c
2254 4899 2439 4954 libere
2474 4906 2798 4956 conventus
2843 4901 2904 4957 in
2939 4902 3206 4959 ecclesiis
3257 4905 3518 4976 propriis
3547 4911 3811 4978 agerent,

390 4971 621 5024 toricam
664 4974 723 5024 et
752 4970 1202 5025 Declamationes.
1254 4969 1416 5025 Idem
1469 4971 1660 5044 Beryti
1692 4971 1895 5028 docuit
1925 4973 2013 5028 elo

2188 4988 2297 5043 olis
2329 4989 2741 5059 Eunomianis,
2788 4991 3161 5048 Photinianis
3196 4998 3254 5048 et
3302 4993 3640 5049 Manichzeis
3669 5011 3811 5050 con-

389 5059 717 5128 quentiam.
2151 5076 2448 5133 venticula
2472 5077 2716 5134 ademit.

458 5148 735 5215 Galenus;
784 5149 1052 5204 medicus
1110 5149 1558 5218 celeberrimus:
1618 5153 2040 5225 Pergamenus,
2225 5166 2537 5239 Gregorius
2589 5168 2984 5224 Nazianzenus
3034 5170 3093 5225 in
3144 5167 3535 5241 Cappadocia,
3587 5169 3812 5237 Basilii,

383 5237 484 5309 qui
525 5238 720 5306 Marci,
753 5239 1056 5294 Commodi
1081 5243 1140 5293 et
1179 5241 1505 5296 Pertinacis
1534 5242 1900 5313 temporibus
1927 5245 2006 5299 Ro

2195 5255 2554 5322 aesariensis,
2588 5256 2838 5324 amicus,
2870 5257 3291 5329 grammaticus
3322 5263 3381 5311 et
3411 5261 3585 5328 poeta
3615 5258 3813 5313 excel—

381 5345 493 5382 ma)
519 5328 680 5393 vixit,
705 5328 965 5397 Niconis,
983 5333 1301 5401 geometrae
1329 5335 1387 5385 et
1407 5331 1738 5398 architecti,
1773 5333 1858 5399 F.,
1888 5349 2004 5388 com

2193 5360 2302 5409 :ns,
2337 5345 2525 5400 multo
2557 5347 2744 5415 magis
2785 5328 3036 5418 insignis
3085 5346 3478 5418 philosophus
3512 5351 3571 5400 et
3613 5351 3816 5402 orator

377 5418 821 5489 posuitmcdica
843 5423 902 5472 et
923 5419 1357 5490 philosophica,
1375 5420 1635 5490 itemque
1653 5423 2040 5493 grammatica
2149 5428 2492 5509 ἀμφιδεξιος,
2520 5433 2893 5503 peritissimus
2923 5435 3053 5489 fuit.
3079 5435 3257 5490 Multa
3279 5434 3518 5506 scripsit
3536 5435 3810 5490 oratione

376 5511 435 5562 et
463 5507 784 5574 rhetorica,
811 5524 965 5578 quaa,
990 5513 1056 5562 ut
1085 5507 1363 5563 omnibus
1394 5515 1555 5575 nota,
1589 5526 1901 5566 recensere
1934 5529 1999 5567 su

2183 5507 2343 5578 Olilta
2372 5522 2446 5577 ad
2492 5526 2641 5596 τρεῖς
2690 5518 2958 5596 μυριάδας
3011 5521 3239 5596 στίχων,
3289 5523 3361 5576 ad
3394 5539 3669 5577 versuum
3701 5524 3806 5578 tri-

382 5612 812 5668 pervacaneum
844 5596 1002 5651 duxi.
1037 5597 1192 5651 Vixit
1221 5614 1411 5652 annoS
1447 5598 1601 5653 LXX-
2145 5612 2310 5684 ginta
2339 5611 2549 5667 millia.
2583 5614 2664 5667 Ex
2695 5612 2787 5666 his
2821 5617 2988 5667 sunt:
3024 5633 3047 5663 α
3084 5613 3164 5667 De
3196 5611 3360 5666 obitu
3384 5612 3583 5667 fratris
3613 5612 3804 5670 Cresa-

456 5686 819 5754 Genethlias,
843 5687 1133 5742 Genethlii
1160 5689 1243 5757 F.,
1267 5706 1336 5743 ex
1360 5689 1506 5744 urbe
1528 5691 2032 5764 Petris,sophista,
2149 5720 2172 5750 ι
2206 5701 2310 5768 rii;
2348 5701 2545 5757 Oratio
2573 5700 2839 5756 funebris
2889 5702 2951 5755 in
2996 5707 3224 5773 patrem
3277 5717 3486 5767 suum;
3519 5702 3708 5758 altera
3737 5703 3799 5758 in

382 5775 702 5836 Miuuciani
733 5780 792 5832 et
818 5777 1063 5850 Agapeti
1101 5776 1453 5852 discipulus,
1488 5779 1739 5840 aemulus
1787 5782 2033 5838 Athenis
2145 5808 2455 5848 «sororem
2469 5791 2948 5864 Gorgoniam;De
2961 5790 3322 5865 pauperibus
3339 5792 3802 5861 amandis;l.au-
