4110 6452
334 530 341 541 ε
391 459 544 539 1267

1693 410 1949 521 INDEX
1996 410 2500 577 gemmam

3663 462 3822 524 1268

393 614 418 647 α
440 595 544 651 des
558 592 1027 651 Machabeeorum
1044 611 1057 662 ;
1074 593 1302 651 Laudes
1318 593 1619 668 Cypriani;
1634 593 1861 651 Laudes
1876 558 2048 647 Atha-
2160 591 2451 664 appellari
2473 597 2653 662 secta,
2678 593 2845 650 nulla
2867 595 3028 650 enim
3049 592 3228 651 habet
3254 582 3552 668 dogmata.
3598 597 3824 652 Przeter

395 708 424 736 ‹‹
462 685 613 740 nasii
632 701 646 752 ;
683 683 907 739 Laudes
939 685 1191 740 Heronis
1218 685 1591 756 philosophi;
1623 685 1842 740 Contra
1869 682 2049 738 Julia-

399 798 426 825 α
450 790 597 829 num
616 773 759 844 imp.
780 773 1111 841 orationes;
1131 775 1214 830 De
1226 774 1450 845 Spiritu
1467 778 1671 831 sancto
1692 773 1880 830 oratio
1899 788 2049 841 una;

399 887 428 915 (ι
453 865 765 921 Orationes
789 864 1161 937 panegyricis
1182 866 1250 933 X,
1277 885 1302 917 ι
1327 865 1579 937 aliasque
1601 864 1895 937 plurimae,
1919 881 2051 936 qua)

400 955 684 1011 omnibus
735 960 892 1010 notae
924 961 1082 1010 sunt.
1129 956 1377 1011 Secutus
1430 962 1521 1013 est
1546 972 1733 1029 genus
1791 954 2052 1022 dicendi,

400 1063 517 1118 quo
575 1056 720 1102 uSus
755 1051 847 1102 est
873 1046 1140 1115 Polemo,
1199 1046 1597 1113 Laodicensis,
1657 1047 1758 1117 qui
1790 1047 2053 1118 Smyrnae

400 1136 808 1208 eloquentiam
828 1136 1030 1192 docuit
1049 1141 1108 1191 et
1136 1136 1414 1192 Aristidis
1441 1136 1699 1193 rhetoris
1728 1140 2057 1207 prmceptor

398 1227 530 1283 fuit.
556 1227 805 1299 Scripsit
824 1232 884 1282 et
903 1226 1122 1283 librum
1146 1227 1413 1283 versibus
1435 1226 1820 1294 hexametris,
1853 1225 1916 1280 in
1938 1241 2055 1296 quo

408 1318 717 1386 Virginitas
747 1321 807 1371 et
848 1318 1351 1389 Conjugiuminter
1370 1335 1432 1373 se
1450 1316 1892 1388 colloquuntur.
1910 1317 2056 1371 Item

400 1408 474 1464 de
505 1408 639 1464 aliis
669 1407 1037 1480 argumentis
1092 1409 1324 1465 diverso
1377 1413 1436 1463 et
1465 1407 1784 1464 omnifario
1841 1423 2056 1480 genere

401 1498 687 1556 carminis
714 1499 791 1555 ad
816 1515 1095 1555 versuum
1118 1499 1359 1573 triginta
1385 1498 1595 1555 millia.
1624 1498 1812 1570 Hujus
1843 1498 2058 1555 memi-

404 1590 496 1645 nit
515 1588 970 1663 Philostorgius,
992 1589 1420 1658 licetArianus,
1436 1594 1551 1646 etc.
1577 1588 1923 1661 Gregorius,
1938 1588 2056 1645 alio

403 1678 686 1735 Ecclesiae
718 1696 840 1735 suae
872 1680 1151 1752 episcOpo
1181 1680 1245 1735 in
1274 1678 1473 1735 locum
1498 1695 1674 1734 suum
1714 1678 2056 1748 substituto,

408 1768 536 1839 ipse
562 1770 687 1824 ruri
734 1769 914 1825 vitam
944 1769 1221 1826 monachi
1252 1769 1370 1842 egit
1397 1768 1775 1839 decessitque
1826 1767 2058 1837 decimo

405 1858 582 1913 tertio
614 1859 926 1916 Theodosii
958 1861 1127 1932 imp.,
1161 1876 1353 1916 annos
1382 1864 1556 1915 natus
1578 1857 1836 1930 amplius
1878 1857 1985 1915 XC.

2160 681 2269 737 has
2292 688 2454 739 secta
2501 682 2818 739 ecclectica
2868 683 3211 739 introducta
3256 689 3347 739 est
3385 702 3420 740 a
3467 685 3818 755 Potamone,

2160 770 2584 841 Alexandrino,
2608 772 2709 844 qui
2732 790 2799 828 ex
2825 773 3076 845 singulis
3100 773 3277 829 sectis
3299 790 3389 843 ea,
3415 791 3546 846 quin
3570 774 3682 830 sibi
3700 775 3825 846 pla-

2163 866 2387 931 cerent,
2417 861 2690 935 eligebat,
2717 867 2825 918 etc.
2850 864 2954 933 (Ex
2969 863 3196 918 Laertio
3220 864 3263 931 Ι,
3288 879 3472 936 segm.
3501 866 3564 918 19
3607 868 3665 918 et
3706 866 3825 933 20.)

2236 952 2586 1023 Harpocras,
2645 952 2960 1007 Ammonio
3013 952 3323 1023 (Hermeaa)
3378 950 3713 1021 familiaris,
3768 957 3830 1008 et

2164 1040 2487 1109 Nicomedi,
2520 1040 2768 1107 Isidoro,
2795 1039 3183 1113 Horapollini,
3217 1040 3519 1105 Heraisco,
3554 1032 3823 1109 etc.,ho-

2164 1146 2261 1185 mo
2292 1130 2593 1202 Egyptius
2621 1129 2722 1202 qui
2754 1129 3009 1185 Zenonis
3039 1129 3181 1202 imp.
3217 1135 3484 1202 tempore
3515 1130 3674 1185 vixit.
3719 1132 3820 1185 In-

2163 1223 2256 1281 fra
2283 1223 2345 1279 in
2378 1222 2774 1296 Horapolline.
2810 1223 2911 1294 (Ex
2944 1222 3294 1294 Damascio.)

2156 1368 2161 1371 _
2235 1313 2687 1391 Harpocration,
2720 1312 2985 1389 Argivus,
3019 1300 3362 1368 Platonicus
3406 1312 3823 1385 philosophus,

2166 1402 2378 1458 Caesari
2409 1402 2743 1459 familiaris.
2798 1401 3045 1474 Scripsit
3075 1423 3103 1453 «
3153 1402 3731 1458 Commentariorum
3762 1403 3827 1458 in

2168 1513 2197 1544 ι(
2230 1492 2538 1549 Platonem
2572 1492 2754 1548 libros
2784 1492 2985 1561 XXIV,
3019 1496 3076 1547 et
3104 1492 3443 1548 Dictionum
3491 1492 3829 1548 Platonica-

2169 1604 2197 1635 ‹‹
2230 1598 2434 1639 carum
2464 1582 2650 1639 libros
2679 1584 2748 1638 II.
2781 1603 2808 1633 ι)

2241 1673 2673 1744 Harpocration
2735 1671 2977 1744 (Caius),
3037 1672 3326 1743 sophista,
3387 1672 3626 1744 scripsit
3682 1694 3712 1722 «
3749 1674 3834 1728 De

2169 1784 2197 1813 «
2232 1762 2618 1837 Antiphontis
2645 1762 2886 1835 ﬁguris;
2914 1762 2994 1817 De
3027 1761 3340 1834 Hyperidis
3390 1766 3449 1817 et
3478 1762 3665 1835 Lysim
3697 1779 3831 1818 ora-

2169 1874 2197 1901 ‹‹
2235 1852 2519 1921 tionibus,
2558 1875 2578 1902 ιο
2616 1858 2677 1909 et
2706 1852 2841 1908 alia.

479 1950 810 2021 Gregorius,
857 1950 1040 2021 episc.
1094 1951 1418 2021 Nyssenus,
1462 1949 1647 2004 frater
1693 1946 1894 2003 Basilii
1938 1947 2063 2002 Cae-
2096 1959 2140 2025 Β
2243 1942 2671 2013 Harpocration
2694 1941 2944 2015 (Elius),
2969 1942 3257 2014 sophista,
3284 1942 3567 2015 scripsit:
3602 1943 3683 1998 De
3709 1942 3833 1999 illis

403 2053 518 2093 sar.
530 2038 990 2103 ,eruditissimus
1002 2038 1431 2109 eteloquentiaa
1444 2036 1621 2092 laude
1632 2037 1784 2093 nulli
1798 2041 2062 2091 veterum

403 2127 642 2182 cedens.
665 2128 962 2184 Eximium
986 2128 1206 2183 librum
1232 2129 1436 2182 Contra
1453 2128 1787 2182 Eunomium
1827 2125 2067 2196 scripsit

401 2221 460 2272 et
480 2216 643 2272 aliud
691 2220 769 2273 De
788 2219 1160 2286 fabricatione
1209 2217 1466 2284 hominis,
1488 2216 1756 2286 aliasque
1785 2214 2064 2273 homilias

402 2307 712 2379 plurimas.
729 2309 877 2363 Item
890 2332 916 2358 ‹‹
936 2310 1001 2363 In
1021 2308 1263 2363 Cantica
1284 2307 1672 2370 canticorum,
1692 2307 1761 2361 In
1773 2305 2066 2361 Ecclesia-

410 2415 432 2444 ι
450 2400 602 2450 stem
618 2439 632 2463 ,
650 2419 669 2444 ι
690 2402 785 2451 et«
802 2395 889 2451 Ad
903 2412 1171 2452 sororem
1196 2397 1539 2462 Macrinam,
1556 2417 1584 2445 ››
1606 2394 1848 2467 longam
1870 2394 2063 2450 etele-
2100 2460 2105 2463 _

407 2501 519 2557 gan
528 2490 645 2539 tem
658 2486 993 2541 orationem
1006 2486 1078 2541 de
1091 2486 1312 2541 anima.
1328 2483 1578 2555 Scripsit
1595 2489 1654 2538 et
1674 2482 1992 2539 multaalia
2009 2488 2069 2538 et

410 2573 762 2630 admirabile
810 2574 961 2629 illud
1009 2596 1039 2625 ιι
1074 2573 1427 2630 Encomium
1481 2572 1786 2644 Stephani,
1827 2594 1857 2623 ››
1885 2572 2065 2644 primi

410 2666 713 2738 martyris,
746 2670 806 2720 et
841 2686 862 2714 ι
897 2666 1089 2721 Vitam
1118 2665 1385 2738 Gregorii
1414 2663 1855 2736 Thaumaturgi.
1891 2685 1919 2713 ››

483 2755 817 2828 Gregorius,
874 2756 975 2827 qui
1036 2760 1095 2811 et
1151 2754 1514 2821 Theodorus,
1571 2754 2061 2827 Thaumaturgus,

407 2850 876 2909 Neocaesareeeid
893 2852 1081 2906 Ponto
1112 2851 1445 2923 episcopus,
1479 2848 1553 2904 ob
1587 2850 1923 2905 Graecarum
1953 2850 2063 2905 La-

408 2942 790 3012 tinarumque
808 2939 1141 2996 litterarum
1166 2939 1431 2995 studium
1450 2955 1481 2993 e
1510 2937 1882 3010 Cappadocia
1910 2937 2057 2993 ado-

411 3030 643 3086 lescens
676 3047 738 3085 se
790 3031 1068 3101 Berytum
1100 3035 1159 3085 et
1184 3028 1324 3084 inde
1352 3030 1682 3084 Caesaream
1728 3026 2063 3082 Palaestinae

408 3120 657 3176 contulit
682 3135 817 3174 cum
852 3118 1033 3174 fratre
1060 3118 1459 3174 Athenodoro.
1501 3119 1618 3173 Hos
1646 3116 1930 3189 Origenes
1952 3133 2079 3188 per,

2176 2054 2203 2083 α
2231 2048 2363 2103 quas
2385 2032 2967 2105 oratoresignorasse
2987 2031 3265 2087 videntur
3286 2049 3301 2100 ;
3324 2033 3689 2106 Argumenta
3706 2050 3837 2089 ora-

2178 2144 2207 2177 «
2238 2127 2471 2181 tionum
2492 2122 2805 2196 Hyperidis
2828 2143 2841 2190 ;
2866 2122 3227 2178 Ementitam
3254 2138 3383 2178 esse
3406 2120 3687 2178 Herodoti
3710 2123 3837 2178 His-

2176 2242 2203 2270 (ι
2233 2216 2443 2273 toriam
2464 2232 2480 2281 ;
2504 2214 2585 2269 De
2599 2211 2912 2268 ordinibus
2934 2210 3293 2267 militaribus
3307 2211 3463 2284 apud
3483 2212 3842 2284 Xenophon-

2180 2332 2209 2362 (ί
2229 2314 2351 2365 tem
2374 2348 2390 2375 ,
2413 2308 2493 2362 De
2517 2309 2642 2359 arte
2682 2303 2978 2358 rhetorico
3005 2320 3018 2370 ;
3066 2303 3146 2357 De
3171 2301 3379 2357 formis
3408 2303 3769 2359 orationum.
3807 2324 3838 2355 ››

2247 2395 2677 2470 Harpocration
2727 2393 3061 2466 (Valerius),
3121 2392 3326 2449 rhetor
3382 2392 3792 2451 Alexandrina
3823 2412 3850 2449 s

2177 2487 2419 2559 scripsit
2457 2508 2484 2535 ‹‹
2515 2484 2767 2541 Lexicon
2824 2483 3033 2539 decem
3087 2488 3430 2550 oratorum;
3468 2506 3488 2531 ι
3551 2483 3836 2555 Ἀνθηρῶν

2175 2575 2530 2651 συναγωγὴν,
2563 2575 2681 2631 sive
2718 2595 2746 2624 «
2781 2572 3131 2629 ﬂoridorum
3158 2573 3543 2629 collectanea.

2247 2670 2576 2737 Hecataeus,
2591 2654 2933 2734 Abderites,
2949 2663 3364 2737 philosophus,
3385 2664 3485 2735 qui
3501 2669 3561 2720 et
3577 2663 3833 2720 Criticus

2175 2764 2235 2815 et
2263 2756 2695 2814 Grammaticus
2720 2754 3174 2826 cognominatus
3207 2758 3316 2822 est,
3346 2753 3504 2824 quod
3544 2759 3835 2825 apparatu

2172 2847 2562 2922 grammatico
2607 2844 2844 2901 abunde
2902 2844 3232 2899 instructus
3290 2848 3467 2899 esset.
3524 2842 3681 2897 Vixit
3724 2843 3832 2898 sub

2176 2937 2496 2995 Alexandri
2555 2934 2744 3008 Magni
2804 2932 3271 2989 successoribus.
3332 2932 3579 3005 Scripsit
3613 2939 3833 3005 praeter

2173 3029 2294 3085 alia
2319 3026 2391 3082 de
2426 3024 2664 3083 Homeri
2698 3029 2757 3079 et
2786 3022 3025 3079 Hesiodi
3055 3023 3242 3096 poesi.

2244 3119 2570 3181 Hecataeus,
2591 3112 2954 3186 Hegesandri
2971 3112 3055 3182 F.,
3080 3113 3362 3179 Milesius,
3387 3113 3530 3167 vixit
3551 3113 3830 3184 tempori-

407 3208 889 3280 quinquennium
912 3207 1132 3263 erudiit
1151 3213 1210 3263 et
1237 3207 1313 3263 ad
1336 3206 1516 3262 fidem
1537 3206 1755 3261 Christi
1774 3205 2065 3276 paulatim
2174 3207 2285 3263 bus
2301 3205 2480 3273 Darii,
2496 3204 2596 3275 qui
2612 3209 2745 3276 post
2761 3201 3111 3275 Cambysem
3126 3201 3545 3275 regnavit(quo
3566 3207 3832 3274 tempore

406 3298 664 3353 reduxit.
696 3297 1031 3369 Gregorius,
1062 3297 1126 3351 in
1151 3296 1403 3367 patriam
1448 3295 1779 3360 rediturus,
1827 3294 2064 3367 Origeni
2102 3314 2148 3380 ρ
2177 3301 2237 3352 et
2254 3295 2572 3367 Dionysius
2604 3293 2863 3349 Milesius
2884 3292 3068 3365 vixit),
3100 3292 3447 3366 Olympiade
3480 3292 3616 3348 LXV
3646 3292 3834 3348 histo-

410 3387 689 3458 praasenti
741 3386 960 3459 gratias
1012 3387 1131 3459 egit
1203 3387 1463 3442 Oratione
1507 3386 1873 3455 panegyrica,
1932 3401 2065 3455 quae
2176 3384 2548 3459 riographus.
2582 3384 2702 3439 Hoc
2722 3381 3060 3455 juniorfuit
3082 3381 3832 3452 Herodetus,Halicarnas—

411 3478 739 3533 etiamnum
781 3482 989 3546 exstat,
1014 3475 1265 3548 Scripsit
1298 3480 1357 3530 et
1383 3473 1775 3546 Metaphrasim
1804 3480 1857 3530 et
1884 3474 2069 3531 Eccle-

411 3570 653 3637 siastem,
684 3568 925 3623 brevem
955 3566 1143 3632 illam,
1177 3566 1281 3621 sed
1312 3564 1764 3621 admirabilem:
1815 3564 2067 3619 multas-

415 3675 530 3731 que
556 3657 849 3728 Epistolas.
884 3656 1148 3712 Decessit
1177 3656 1286 3710 sub
1308 3655 1628 3711 Aureliano
1660 3653 1857 3710 clarus
1886 3652 2066 3708 mira-

411 3746 583 3811 culis,
615 3762 747 3817 quaa
777 3747 1093 3817 episcopus
1123 3744 1329 3799 edidit.
1363 3775 1431 3787 —
1463 3743 1902 3811 Athenodorus,
1931 3744 2067 3798 Gre-

399 3838 554 3910 gorii
584 3837 788 3904 frater,
817 3835 1105 3907 sophista,
1138 3834 1380 3905 scripsit
1408 3855 1436 3884 «
1470 3834 1549 3889 De
1581 3833 1994 3910 incarnatione
2009 3837 2068 3888 et

399 3908 518 3982 fide
545 3945 567 3974 ι
600 3925 956 3980 orationem.
999 3948 1023 3977 ι
1964 3908 1973 3915 ’

368 4034 371 4039 λ
478 4013 813 4086 Gregorius,
873 4012 1146 4082 Hermiaa,
1220 4010 1586 4083 phiIOSOphi,
1644 4010 1828 4065 frater
1883 4010 2061 4082 plane

403 4100 735 4167 dissimilis,
766 4116 946 4173 supra
990 4099 1235 4156 modum
1267 4105 1436 4155 actus
1485 4104 1544 4154 et
1590 4098 1664 4154 ad
1698 4098 2063 4170 quaestiones

405 4196 464 4246 et
519 4189 867 4262 disciplinas
938 4189 1272 4261 expeditus,
1333 4188 1656 4259 caeteroqui
1733 4187 2061 4258 inquietus,

401 4286 539 4347 etc.,
573 4282 640 4351 (E
671 4280 966 4336 DamasCii
998 4281 1144 4335 Hist.
1176 4278 1634 4351 philosophica.)

473 4393 504 4423 «
537 4372 711 4446 Gygis
742 4371 1022 4438 annulus,
1057 4392 1084 4421 »
1117 4370 1190 4426 de
1221 4368 1567 4425 hominibus
1596 4368 1764 4424 valde
1808 4367 2060 4423 versutis

399 4468 459 4517 et
489 4461 744 4527 callidis,
772 4467 883 4517 etc.

471 4550 751 4621 Γυμνασία
780 4546 1122 4619 διαλεκτική.
1178 4549 1531 4623 Hujusmodi
1581 4548 1768 4605 libros
1825 4548 2053 4603 Aristo-

2174 3492 2332 3544 seus,
2364 3474 2465 3547 qui
2496 3473 2753 3530 multum
2781 3471 2834 3527 ei
2875 3470 3068 3528 debet.
3101 3472 3234 3527 Fuit
3259 3472 3566 3527 Hecataeus
3596 3471 3833 3528 auditor

2172 3569 2507 3638 Protagora;
2565 3570 2625 3620 et
2680 3563 2910 3637 primus
2960 3562 3272 3619 historiam
3330 3563 3597 3619 oratione
3653 3580 3831 3635 prosa

2173 3656 2432 3728 scripsit,
2456 3656 2541 3711 uti
2566 3655 2793 3726 primus
2810 3652 3180 3726 Pherecydes
3202 3653 3317 3725 (res
3338 3651 3828 3726 philosophicas),

2171 3746 2381 3801 itidem
2403 3745 2673 3801 oratione
2698 3742 2893 3799 soluta
2918 3743 3207 3815 exposuit.
3234 3742 3462 3815 Scripta
3483 3742 3647 3798 enim
3677 3743 3832 3797 Acu-

2172 3836 2305 3891 silai
2333 3834 2674 3891 adulterina
2704 3837 2863 3889 sunt.
2896 3832 3100 3904 (Infra,
3128 3831 3191 3888 in
3220 3830 3557 3906 ἱστορῆσαι.)

2242 3921 2544 3980 Ἣκάτειον.
2578 3922 2844 3980 Habebat
2899 3921 3239 3995 Theagenes
3299 3923 3530 3977 Hecatae
3581 3921 3833 3979 simula-

2169 4030 2359 4083 crum,
2415 4012 2631 4085 quod,’
2673 4027 3030 4082 quocunque
3088 4010 3224 4080 iret,
3293 4009 3661 4066 consulebat.
3724 4011 3830 4067 Hic

2166 4101 2392 4171 καπνὸς,
2424 4107 2609 4173 fumus
2640 4102 2979 4157 vocabatur.
3014 4102 3279 4157 Fuerunt
3300 4106 3359 4157 et
3386 4100 3488 4157 alii
3511 4101 3625 4156 duo
3661 4102 3828 4156 Thea-

2167 4210 2350 4265 genes,
2384 4209 2640 4264 quorum
2674 4190 2825 4247 alter
2871 4192 2942 4246 de
2975 4192 3228 4246 Homero
3280 4190 3540 4262 scripsit,
3573 4189 3725 4246 alter
3754 4190 3829 4246 ob

2166 4284 2488 4341 mollitiem
2518 4283 2634 4339 fuit
2662 4282 2923 4338 infamis.
2969 4281 3133 4337 Conf.
3181 4281 3415 4337 Ktisteri
3448 4286 3572 4338 not.
3606 4287 3750 4336 tom.
3783 4282 3831 4350 Ι,

2164 4375 2614 4530 pagegglzolius,
2648 4459 2915 4533 sophista
2965 4459 3338 4526 CPolitanus,
3388 4459 3497 4515 sub
3536 4460 3827 4515 Constan-

2162 4556 2290 4610 tino
2312 4551 2751 4609 Christianismi
2772 4567 2835 4605 se
2857 4549 3069 4606 ardore
3102 4550 3353 4623 flagrare
3377 4550 3688 4621 simulans,
3714 4550 3824 4606 sub

402 4642 548 4696 teles
575 4646 635 4696 et
661 4641 1102 4713 Theophrastus
1148 4640 1540 4712 scripserunt,
1572 4639 1795 4711 quibus
1845 4639 2061 4695 docent
2097 4645 2397 4729 DJuliano
2424 4641 2677 4697 stolidus
2704 4640 3006 4707 ethnicus,
3030 4644 3165 4712 post
3198 4640 3329 4711 ejus
3357 4639 3584 4696 obitum
3612 4642 3829 4696 iterum

400 4730 694 4786 rationem
726 4729 1113 4801 probabiliter
1140 4730 1203 4783 in
1231 4735 1545 4800 utramque
1583 4735 1815 4801 partem
1864 4729 2054 4784 disse-

395 4820 586 4878 rendi.

471 4912 845 4987 Gymnasius,
932 4911 1231 4981 Sidonius,
1305 4912 1593 4985 sophista,
1672 4911 2051 4984 imperatoris

396 5001 772 5060 Constantini
806 5001 1172 5073 temporibus
1202 5000 1363 5056 vixit.
1407 5001 1657 5073 Scripsit
1680 5022 1708 5051 κ
1742 5000 2050 5056 Declama-

397 5115 425 5143 «
459 5093 655 5147 tiones
686 5114 714 5141 »
748 5096 808 5145 et
838 5112 867 5142 «
899 5090 1405 5147 Commentarium
1436 5091 1498 5146 in
1531 5088 1990 5147 Demosthenem
2022 5113 2051 5141 »

397 5186 457 5238 et
485 5182 604 5237 alia
636 5180 929 5252 quaedam.

1205 5271 1248 5324 Η

468 5361 738 5415 Ηωτθεὶδ.
796 5357 1161 5430 Hippobotus
1199 5357 1362 5424 dicit,
1422 5373 1635 5412 novem
1689 5375 1818 5414 esse
1863 5365 2055 5415 sectas

399 5451 518 5506 sive
541 5449 891 5521 disciplinas
912 5447 1428 5518 philosophorum,
1456 5470 1483 5497 ‹‹
1514 5448 1883 5519 Megaricam,
1916 5452 2052 5504 Ere-

405 5540 728 5599 utriacam,
776 5535 1182 5608 Cyrenaicam,
1229 5535 1604 5607 Epicuream,
1650 5538 2051 5608 Anniceriam,

411 5653 430 5678 ι
463 5627 879 5692 Theodoriam,
910 5624 1230 5680 Zenoniam
1256 5647 1285 5675 ››
1318 5641 1424 5680 seu
1458 5646 1485 5675 ‹‹
1518 5626 1794 5696 Stoicam,
1822 5626 2055 5683 Acade-

406 5741 432 5767 (ι
455 5717 673 5772 micam
697 5721 755 5770 et
776 5714 1227 5785 Peripateticam
1248 5736 1275 5763 υ
1291 5715 1522 5785 Cynicae
1543 5720 1741 5772 autem
1768 5721 1826 5771 et
1846 5717 2058 5773 Eliacaa

406 5820 474 5859 ac
498 5802 823 5860 dialecticae
846 5819 968 5858 non
990 5802 1284 5860 meminit.
1309 5805 1641 5877 Pyrrhonia
1686 5821 1808 5862 non
1840 5808 2060 5878 poterit

2166 4734 2559 4802 Christianus,
2616 4731 2895 4799 πατήσατε
2951 4749 3041 4801 με,
3095 4730 3393 4801 clamavit,
3448 4729 3513 4784 τὸ
3570 4727 3706 4791 ἅλας
3763 4730 3826 4784 τὸ

2159 4822 2481 4893 anteme,
2513 4843 2543 4871 «
2580 4821 2927 4876 conculcate
2957 4837 3074 4889 me,
3101 4819 3331 4876 fatuum
3364 4821 3575 4876 salem.
3606 4844 3635 4872 ›ι

2234 4912 2628 4986 Hegelochus,
2656 4909 2917 4982 tragicus
2950 4909 3187 4979 histrio,
3222 4910 3282 4965 in
3314 4910 3615 4983 Euripidis
3645 4911 3829 4968 Oreste

2159 5022 2267 5078 pro
2298 5000 2515 5077 γαληνὰ
2546 5000 2659 5075 ὁρῶ
2713 4998 3121 5072 pronuntiavit
3147 4995 3325 5071 γαλῆν
3377 4998 3512 5074 ὁρῶ.
3562 5003 3733 5067 Eum,
3761 5004 3831 5056 ut

2163 5111 2303 5151 voce
2335 5093 2665 5160 insuavem,
2697 5089 3046 5162 perstringit
3073 5089 3262 5144 Plato.

2240 5187 2563 5257 Hegemon,
2626 5179 3005 5236 Demostheni
3065 5184 3431 5237 memoratus
3487 5198 3595 5253 pro
3637 5182 3828 5238 Ctesi-

2162 5277 2410 5347 phonte.
2446 5273 2608 5328 Unus
2640 5274 2768 5325 erat
2807 5269 3072 5339 illorum,
3100 5270 3203 5340 qui
3232 5270 3619 5328 Macedonum
3645 5273 3826 5344 parti-

2164 5365 2275 5420 bus
2305 5362 2582 5418 favebant
2609 5365 2669 5416 et
2696 5358 3045 5415 muneribus
3091 5360 3353 5430 corrupti
3407 5360 3824 5419 credebantur.

2239 5454 2560 5523 Hegemon,
2610 5447 2879 5516 Thasius,
2930 5455 3323 5519 cognomento
3370 5453 3550 5518 Φακῆ.
3584 5452 3664 5505 Ex
3694 5451 3825 5522 ejus

2169 5541 2539 5597 dramatibns
2590 5534 2824 5592 Φιλίννα
2881 5541 3032 5591 teste
3059 5538 3266 5593 Athaeo
3312 5538 3377 5594 in
3420 5539 3824 5612 Dipnosophi-

2173 5631 2302 5697 stis,
2327 5631 2444 5700 XV,
2476 5646 2528 5685 c.
2562 5630 2652 5697 46,
2684 5643 2815 5699 pag.
2872 5627 2997 5682 699.
3032 5628 3095 5681 V.
3129 5628 3364 5694 Kiister,
3415 5645 3546 5701 pag.
3574 5632 3664 5697 42,
3699 5634 3823 5685 not.

2170 5736 2250 5786 ης
2284 5725 2344 5775 et
2371 5735 2502 5791 pag.
2533 5719 2624 5786 43,
2658 5721 2782 5773 not.
2815 5733 2853 5770 ι.

2243 5808 2630 5881 Hegesippus,
2676 5804 2966 5879 Crobylus
3017 5811 3437 5883 cognomento,
3489 5807 3664 5882 cujus
3692 5824 3819 5864 esse
