4110 6426
376 454 532 517 1271

1665 453 1913 516 INDEX
1956 451 2131 514 SCRI
2143 451 2470 515 PTORUM

3645 458 3804 518 1272

378 590 783 665 £gyptiorum
813 589 984 646 libris
1042 590 1267 647 diutius
1324 590 1677 657 innutritus,
1718 589 2031 663 theologiaa
2061 589 2116 657 Α
2148 592 2267 643 tate
2296 587 2530 644 locutus
2556 587 2757 658 fuerit,
2789 587 3016 658 dicens,
3048 587 3113 644 in
3141 586 3427 647 Trinitate
3456 606 3642 647 unam
3674 607 3806 648 esse

379 682 645 754 ipsorum
677 697 744 736 ac
775 680 1082 752 sapientiaa
1113 680 1703 752 peritior.Heraiscus
1717 679 2038 736 simulacra

379 771 633 827 Numine
662 771 927 826 animata
958 786 991 825 a
1012 771 1197 827 cassis
1229 770 1593 843 distinguere
1652 776 1887 843 poterat
1913 771 2037 842 (su-

376 876 485 931 pra
508 861 569 915 in
602 855 950 932 διαγνώμων)
984 876 998 927 ;
1030 876 1169 915 nam
1200 860 1273 916 iis
1293 861 1630 931 conspectis
1661 861 1905 931 corejus
1924 876 2038 914 nu-

378 950 541 1006 mine
573 951 860 1023 agitatum
919 950 1452 1023 compungebatur.
1496 950 1589 1006 Sic
1647 950 1920 1024 cognovit
1972 948 2037 1003 τὸ

378 1035 627 1111 εἰρῥητον
685 1033 911 1112 ἄγαλμα
938 1041 1035 1092 τοῦ
1097 1036 1331 1102 Αἶῶνος,
1391 1055 1654 1095 arcanum
1683 1040 2039 1095 simulacrum

377 1129 588 1197 dionis,
621 1129 781 1200 quod
794 1128 1446 1185 AlexandriniOsiridis
1470 1135 1526 1185 et
1550 1129 1838 1185 Adonidis
1860 1128 2040 1185 simul

381 1219 628 1275 nomine
651 1219 859 1275 colunt
879 1218 1016 1271 κατὰ
1039 1219 1308 1290 μυστικὴν
1338 1218 1689 1291 θεοκρασίαν.
1725 1220 2037 1276 Mulierem

378 1314 813 1365 menstruatam
858 1308 1081 1364 videnti
1130 1308 1371 1365 dolebat
1417 1315 1613 1383 caput.
1648 1311 1873 1366 Mortuo
1903 1326 2039 1365 cum

377 1398 761 1470 Asclepiades
773 1399 1030 1456 honores
1044 1399 1451 1455 sacerdotibus
1464 1399 1692 1466 debitos
1704 1400 2044 1467 reddere,et

375 1485 472 1547 τὰς
499 1485 773 1562 Ὀσίριδος
805 1484 894 1541 ἐπὶ
924 1491 1004 1558 τῷ
1035 1487 1248 1559 σώματι
1270 1482 2041 1563 περιϐολὰςβεὶτίάίδνθεῐί-

381 1576 495 1633 bus
525 1595 742 1649 corpus
771 1578 903 1650 ejus
934 1583 1129 1650 tegere
1152 1584 1409 1651 pararet,
1428 1578 1742 1636 confestim
1765 1580 1895 1636 luce
1928 1597 2041 1636 un-

385 1666 569 1738 dique
594 1666 1096 1723 illuminabantur
1148 1670 1256 1721 τῶν
1303 1664 1566 1723 σινδόνων
1600 1667 1887 1744 ἀπόρῥητα
1912 1665 2040 1723 δια-

386 1755 689 1829 γράμματα
718 1773 949 1813 arcanas
981 1758 1303 1814 sindonum
1334 1758 1570 1828 litteras,
1589 1764 1648 1814 et
1667 1760 1825 1816 circa
1844 1760 2043 1832 ipsum

386 1846 911 1917 conspiciebantur
952 1847 1351 1922 φαντασμάτων
1403 1843 1520 1918 εἶ’δη
1578 1854 1878 1923 θεοπρεπῆ,
1922 1849 2042 1909 for-

2147 675 2585 732 Deitatem.'Hv
2612 679 2727 753 φῶς
2770 675 2958 751 νοερὸν
2995 675 3133 750 πρὸς
3182 680 3398 750 νοεροῦ,
3458 675 3548 731 καί
3595 677 3661 747 ἦν
3719 678 3805 733 ἀεὶ

2146 768 2273 825 νοῦς
2304 764 2429 824 νοὸς
2462 765 2723 840 φωτεινὸς
2754 764 2844 819 καὶ
2877 762 3030 820 οὐδὲν
3057 765 3241 838 ἓτερον
3272 768 3338 835 ἦν
3370 768 3406 834 ἢ
3444 766 3642 823 τούτου
3672 763 3803 824 ἐνό-

2144 874 2265 923 της,
2315 853 2405 907 καὶ
2456 857 2670 927 πνεῦμα
2727 852 2901 909 πάντα
2950 853 3231 931 περιέχον*
3288 853 3442 919 ἐκτὸς
3485 855 3685 912 τούτου
3738 856 3803 913 οὐ

2145 942 2295 1012 Θεὸς,
2330 941 2430 998 οὐκ
2460 943 2712 1020 ἅγγελος,
2749 942 2847 999 οὐκ
2878 943 3039 999 οὐσία
3060 941 3233 1015 ἃλλη,
3265 948 3488 1019 etc.(ex
3515 948 3758 1020 Cyrillo,
3782 966 3801 1004 1

2148 1033 2207 1088 in
2233 1033 2476 1105 Julian.)

2220 1124 2510 1195 Hermias,
2543 1125 2873 1194 eunuchus,
2905 1128 3164 1194 Atarnaa,
3198 1127 3423 1199 regioni
3470 1128 3691 1199 Mysia),
3725 1127 3802 1184 ad

2147 1212 2596 1286 Hellespontum
2651 1213 2895 1285 praefuit,
2957 1216 3079 1288 regi
3112 1217 3427 1271 Persarum
3472 1216 3799 1289 subjectus.

2147 1305 2467 1360 Eunuchus
2499 1321 2631 1360 cum
2657 1310 2811 1361 esset
2842 1310 2901 1360 et
2921 1323 3123 1361 servus
3152 1306 3661 1381 Eubuli,Bithyni,
3694 1308 3805 1380 dy-

2146 1398 2332 1449 nastas
2364 1400 2422 1448 et
2450 1394 2816 1467 philosophi,
2852 1394 3067 1450 litteris
3110 1394 3183 1450 ab
3213 1396 3531 1451 Aristotele
3562 1397 3805 1452 institu-

2150 1487 2267 1553 tus,
2301 1483 2376 1539 De
2435 1483 2628 1539 anima
2659 1485 2918 1557 scripsit,
2951 1501 3203 1557 eamque
3236 1485 3638 1542 immortalem
3671 1503 3805 1543 esse

2148 1571 2371 1628 docuit.
2398 1573 2501 1628 Hic
2523 1577 2615 1628 est
2643 1573 2955 1629 eunuchus
2985 1572 3110 1641 ille,
3144 1580 3234 1630 ter
3260 1574 3550 1643 venditus,
3575 1576 3803 1631 Aristo-

2150 1659 2286 1715 telis
2324 1662 2577 1730 amicus,
2610 1662 2703 1717 cui
2738 1661 2922 1718 filiam
2956 1679 3125 1718 suam
3182 1664 3517 1736 adoptivam
3557 1681 3806 1720 uxorem

2149 1749 2331 1806 dedit.
2367 1751 2479 1807 Sed
2509 1757 2567 1807 et
2596 1752 2743 1824 ipse,
2769 1752 2909 1808 licet
2940 1749 3189 1821 θλαδίας,
3251 1753 3438 1809 filiam
3492 1752 3705 1809 habuit
3733 1770 3806 1809 ex

2148 1858 2331 1897 uxore
2354 1842 2724 1914 Pythiadem.
2760 1842 3048 1898 Scribitur
3098 1839 3349 1918 Ἑρμίας,
3382 1848 3449 1899 ut
3494 1844 3554 1899 in
3585 1843 3802 1917 στίχοις

382 1950 497 1990 mas
524 1940 891 2006 spectrorum
924 1935 1375 1992 divinm.Fertur
1405 1954 1475 1992 ex
1501 1938 1889 1994 matrisutero
1903 1954 2034 2012 pro-

2152 1904 2435 2003 ἱαμϐικοῖξ
2466 1933 2852 2005 Hipponactis
2885 1932 2999 2007 (75)
3026 1950 3039 1987 :
3074 1904 3354 2007 Εὐᾷἑῦχόξ
3383 1926 3459 1987 ὤν
3480 1931 3571 1987 καὶ
3605 1904 3808 1995 δοξλοξ

384 2022 566 2078 diisse
599 2023 869 2096 digitum,
904 2024 1129 2080 silentii
1163 2025 1445 2096 indicem,
1495 2025 1672 2082 labiis
1730 2027 2038 2083 admotum

382 2111 611 2169 habens
641 2113 943 2184 quomodo
972 2115 1221 2187 Egyptii
1253 2114 1616 2183 fabulantur,
1652 2122 1858 2172 natum
1907 2132 2038 2173 esse

382 2201 564 2256 Orum
595 2207 655 2257 et
683 2202 879 2258 Solem
911 2209 1048 2258 ante
1080 2204 1283 2271 Orum,
1304 2204 1387 2259 ita
1413 2209 1481 2259 ut
1510 2204 1772 2260 sectione
1793 2205 1867 2260 ad
1885 2205 2037 2276 digi-

378 2293 506 2344 tum
530 2291 954 2346 removendum
970 2309 1119 2363 opus
1146 2292 1422 2348 fuerit.Et
1441 2293 1753 2348 Heraiscus
1772 2294 2040 2349 fuitBac-

379 2377 548 2446 chus,
581 2384 648 2434 ut
677 2380 979 2436 somnium
1010 2380 1310 2435 indicavit.
1343 2384 1418 2436 At
1459 2381 1841 2454 Asclepiades
1872 2383 2039 2438 theo-

379 2466 552 2539 logia;
595 2469 804 2539 patriae
836 2470 1257 2539 peritissimus,
1292 2470 1462 2542 cujus
1491 2471 1578 2525 rei
1609 2470 2039 2529 documentum

380 2562 522 2611 sunt
540 2559 749 2627 Hymni
777 2574 927 2628 quos
956 2558 1019 2614 in
1048 2559 1453 2632 Egyptiorum
1486 2559 1631 2615 deos
1658 2562 2036 2634 conscripsit,

381 2647 525 2703 item
550 2663 721 2719 opus,
756 2648 916 2719 quod
944 2649 1205 2705 scribere
1236 2649 1499 2706 instituit
1528 2652 1604 2707 De
1632 2653 1874 2707 omnium
1905 2653 2034 2708 reli-

381 2740 609 2806 gionum
642 2754 922 2794 consensu.
975 2739 1224 2811 Scripsit
1280 2741 1457 2796 etiam
1517 2758 1665 2813 opus
1720 2740 2033 2815 Αἰγυπτίων

381 2824 659 2900 ὠγυγίων,
711 2828 1103 2899 Λῑρῃριὶονιιηι
1132 2832 1620 2887 vetustissimorum
1644 2848 1730 2888 res
1769 2840 1950 2903 gestas
1980 2840 2042 2890 et

378 2915 693 2972 historiam
724 2934 1019 2974 annorum
1059 2920 1239 2990 paulo
1298 2920 1433 2991 plus
1489 2920 1731 2993 triginta
1777 2922 2037 2979 millium

384 3005 814 3077 complectens,
845 3013 957 3063 etc.
989 3009 1343 3065 Ammonius
1383 3015 1441 3064 et
1496 3011 1836 3083 Erythreeus
1866 3014 2038 3086 Egy-

382 3092 543 3163 ptius
572 3094 730 3149 inter
758 3110 821 3150 se
844 3096 1286 3153 contendebant
1324 3098 1605 3170 Byzantii,
1638 3104 1747 3155 etc.

449 3182 753 3249 Hercules,
784 3184 1086 3240 Alcmenze
1105 3186 1342 3242 F.Hunc
1374 3187 1617 3243 tradunt
1634 3188 1819 3246 fuisse
1845 3190 2036 3261 philo-

376 3271 656 3342 sophum,
689 3289 868 3343 quem
900 3274 1155 3347 pingunt
1174 3275 1330 3347 pelle
1361 3276 1578 3345 leonia,
1610 3277 1721 3333 hoc
1774 3284 1865 3335 est
1893 3296 2033 3352 pru-

373 3357 580 3415 dentia
610 3363 669 3414 et
689 3361 1046 3428 constantia,
1079 3364 1385 3433 amictum,
1419 3364 1520 3436 qui
1552 3364 1715 3421 clava
1769 3366 2033 3439 philoso-

372 3445 528 3517 phiaa
541 3448 1133 3519 peremitdraconem
1161 3450 1681 3523 cupiditatis,etab
1704 3470 1774 3509 ea
1789 3453 2038 3511 abstulit

372 3540 493 3590 tres
520 3536 788 3604 virtutes,
823 3538 1054 3594 scilicet
1081 3555 1204 3594 non
1244 3538 1442 3606 irasci,
1460 3558 1582 3596 non
1609 3558 1738 3597 esse
1770 3559 2033 3612 avarum,

372 3638 483 3677 nec
506 3622 911 3695 voluptatibus
955 3625 1244 3681 deditum.
1273 3656 1343 3668 —
1401 3628 1519 3684 Sub
1567 3629 1761 3685 Minoe
1810 3631 2038 3686 exstitit

376 3712 684 3779 Hercules,
716 3714 945 3784 Tyrius,
978 3716 1079 3785 qui
1109 3732 1385 3787 purpuras
1420 3717 1738 3773 tincturam
1785 3720 2032 3792 invenit,

377 3815 525 3854 cane
582 3799 858 3855 maxillas
917 3800 1227 3873 (sanguine
1301 3804 1623 3876 conchylii)
1675 3812 2032 3874 cruentato;

378 3901 631 3956 eamque
664 3885 881 3941 obtulit
909 3888 1177 3943 Phoenici
1210 3890 1353 3961 regi,
1401 3892 1501 3961 qui
1546 3891 1775 3962 primus
1807 3910 2035 3966 purpu-

375 3987 504 4026 ram
533 3973 801 4039 gestavit.

450 4062 805 4119 Herennius.
833 4063 1005 4119 Philo
1037 4064 1299 4137 Byblius,
1335 4066 1668 4124 Herennius
1719 4072 2032 4144 cognomi-

371 4156 572 4220 natus,
595 4155 662 4205 ut
691 4152 819 4223 ipse
850 4152 1016 4208 dicit.

442 4238 853 4311 Hermagoras,
886 4242 1434 4314 Amphipolitanus,
1453 4244 1869 4317 philosophus,
1898 4249 2033 4304 Per-

371 4328 474 4382 θεοί
506 4327 856 4400 discipulus.
890 4331 1116 4406 Dialogi
1150 4333 1338 4405 ipsius
1362 4340 1521 4403 sunt,
1565 4337 1867 4408 Misocyon.
1900 4338 2032 4413 Περὶ

370 4414 772 4490 ἀτυχημάτων,
805 4422 882 4477 De
913 4422 1263 4492 infortuniis,
1317 4423 1612 4497 “Eaxutév,
1671 4422 1782 4480 ἐστι
1843 4427 1900 4482 δὲ
1929 4427 2032 4483 (bo-

371 4504 587 4573 σκοπία,
620 4509 870 4578 Effusum
901 4511 1020 4566 sive
1080 4513 1152 4567 De
1201 4530 1429 4569 ovorum
1482 4516 1838 4586 inspectione.
1898 4517 2029 4593 Περὶ

2148 2020 2238 2095 Ἑρ
2248 2019 2394 2092 μίας.

2223 2111 2492 2168 Hermias
2551 2110 2870 2185 (Ἑρμείας),
2930 2112 3346 2186 philosophus,
3405 2112 3706 2169 Ammonii
3746 2117 3809 2169 et

2151 2200 2474 2269 Heliodori,
2508 2201 2929 2274 magistrorum
2961 2202 3275 2271 Damascii,
3330 2206 3519 2273 pater,
3576 2203 3808 2258 amicus

2149 2290 2398 2347 intimus
2453 2291 2702 2362 Egypti,
2762 2290 3133 2363 cupidissimi
3198 2291 3556 2360 litterarum,
3605 2291 3811 2348 fratris

2148 2378 2485 2449 Theodotus,
2542 2396 2673 2451 quae
2733 2385 2860 2434 erat
2915 2385 3106 2435 mater
3175 2380 3385 2435 Isidori
3439 2380 3804 2453 philosophi.

2149 2468 2296 2524 Huic
2326 2471 2590 2541 Egypto,
2607 2469 3302 2542 morienti,jurejurando
3333 2468 3668 2540 afﬁrmavit,
3684 2470 3810 2525 ani-

2147 2573 2307 2612 mam
2336 2574 2464 2612 esse
2497 2557 2918 2624 immortalem,
2944 2575 3123 2630 quam
3149 2559 3428 2614 ﬁduciam
3451 2559 3563 2630 ipsi
3594 2559 3806 2614 affere-

2147 2647 2251 2703 bat
2279 2649 2410 2703 vitaa
2444 2648 2773 2721 integritas.
2790 2649 3239 2721 Philosophiam
3260 2649 3447 2705 coluit
3467 2649 3576 2705 sub
3590 2665 3810 2722 magno

2149 2737 2418 2810 Syriano,
2441 2736 2738 2793 industria
2766 2738 2917 2793 nulli
2948 2737 3244 2793 sodalium
3268 2756 3531 2805 suorum,
3565 2756 3640 2794 ne
3660 2740 3808 2794 Pro-

2148 2826 2240 2882 clo
2272 2826 2537 2898 quidem,
2570 2826 2837 2882 inferior.
2863 2827 3022 2883 Licet
3049 2844 3185 2883 vero
3214 2825 3282 2881 τὰ
3314 2827 3410 2899 μὲν
3444 2826 3568 2903 περὶ
3598 2824 3806 2900 λόγους

2146 2910 2503 2987 ἐνδεέστερος,
2536 2911 2573 2980 ἥ
2628 2913 2764 2970 κατᾶ
2817 2914 2917 2982 τὴν
2979 2910 3281 2985 ἀκρίϐειαν,
3342 2916 3414 2973 ab
3446 2917 3805 2974 eruditionis

2147 3010 2207 3059 et
2236 3004 2594 3075 eloquentiae
2616 3005 2980 3077 perfectione
3011 3006 3266 3075 abesset,
3295 3007 3572 3062 virtutem
3605 3012 3807 3063 tamen

2146 3092 2229 3149 ita
2250 3094 2610 3163 sectabatur,
2626 3100 2693 3151 ut
2721 3112 2796 3151 ne
2828 3098 3054 3151 Momus
3075 3096 3319 3168 quidem
3341 3097 3806 3170 reprehendere,

2145 3198 2258 3237 nec
2288 3182 2511 3238 invidia
2533 3183 2810 3255 ipsaodio
2824 3201 2962 3240 eum
2989 3186 3270 3256 prosequi
3299 3192 3521 3257 posset.
3553 3187 3806 3242 Tantum

2142 3275 2270 3326 erat
2298 3271 2361 3325 in
2387 3270 2490 3326 illo
2524 3271 2822 3344 mquitatis
2855 3272 3144 3330 studium.
3175 3278 3262 3344 ut,
3297 3274 3347 3330 si
3379 3274 3522 3347 quid
3554 3280 3803 3342 emeret,

2143 3359 2363 3415 librum
2396 3361 2555 3416 verbi
2587 3362 2796 3435 gratia,
2820 3363 3112 3419 venditori
3142 3364 3394 3420 minoris
3422 3364 3626 3421 forsan
3656 3367 3808 3421 olle-

2141 3451 2297 3508 renti
2351 3468 2529 3525 quam
2587 3470 2696 3524 par
2751 3458 2929 3521 esset,
2979 3454 3215 3526 justum
3274 3455 3475 3527 potius
3542 3456 3803 3528 pretium

2142 3539 2329 3595 daret.

2214 3629 2589 3701 Hermippus,
2624 3630 3029 3698 Atheniensis,
3071 3630 3336 3687 comicus
3394 3632 3656 3703 antiquae
3700 3650 3804 3688 co-

2140 3717 2397 3787 moediae,
2431 3718 2658 3789 luscus,
2698 3718 2884 3775 frater
2914 3719 3130 3793 Myrtili
3161 3720 3397 3788 comici,
3429 3719 3660 3777 fabulas
3690 3722 3800 3776 do-

2141 3808 2264 3861 cuit
2287 3807 2399 3862 XL.

2212 3896 2591 3968 Hermippus,
2628 3899 2920 3971 Berytius,
2955 3915 3026 3954 ex
3054 3899 3183 3954 vico
3214 3899 3678 3967 mediterraneo,
3704 3900 3799 3956 di-

2141 3982 2407 4054 scipulus
2436 3984 2728 4054 Philonis,
2762 3987 2975 4057 Byblii,
2999 4005 3034 4043 a
3065 4004 3182 4059 quo
3204 3988 3660 4045 commendatus
3690 3988 3806 4046 fuit

2141 4073 2441 4128 Herennio
2473 4074 2688 4131 Severo
2722 4075 2831 4131 sub
2864 4076 3161 4133 Hadriano
3193 4079 3335 4152 imp.
3374 4079 3478 4134 Hic
3527 4080 3801 4151 quamvis

2137 4178 2354 4235 genere
2386 4162 2704 4220 libertinus
2731 4172 2908 4233 esset,
2942 4172 3143 4223 tamen
3175 4168 3444 4224 eruditus
3474 4167 3799 4225 admodum

2138 4252 2251 4307 fuit
2280 4257 2339 4307 et
2366 4253 2557 4310 multa
2588 4255 2847 4327 scripsit.

2209 4341 3360 4419 Hermogenes,Tarsensis,cognomento
3372 4346 3797 4421 Eumﬁpguasi

2134 4448 2376 4488 rasorem
2399 4432 2653 4489 dixeris:
2677 4435 2963 4506 sophista,
2996 4452 3175 4507 quem
3198 4437 3501 4492 Musonius
3530 4436 3793 4510 philoso-

2135 4521 2315 4593 phus,
2342 4527 2401 4576 et
2417 4524 2644 4579 Marcus
2667 4523 3062 4596 imp.audivit,
3095 4525 3184 4579 vix
3218 4531 3424 4581 natum
3458 4543 3649 4582 annos
3674 4528 3795 4591 XV,

372 4593 703 4687 σοφιστείας,
767 4599 838 4654 De
915 4607 1037 4655 arte
1086 4601 1389 4671 sophistica
1447 4603 1729 4660 adversus
1801 4607 2023 4663 Acade-
2056 4607 2103 4673 D
2136 4610 2360 4681 ingenii
2391 4611 2676 4668 felicitate
2727 4593 2785 4667 et
2831 4613 3105 4669 doctrina
3134 4620 3373 4686 captum
3423 4615 3555 4687 ejus
3600 4617 3794 4672 aetatis

371 4698 580 4738 mlCOS.

447 4771 835 4843 Hermagoras
885 4792 955 4830 ex
1013 4777 1255 4844 Temno,
1315 4779 1516 4835 Eoliaa
1588 4781 1757 4846 urbe,
1813 4800 2028 4856 cogno-

375 4864 577 4915 mento
608 4861 844 4927 Carion,
903 4864 1127 4934 rhetor,
1178 4865 1417 4938 scripsit
1463 4876 1637 4925 artem
1693 4871 2028 4927 rhetoricam

372 4947 542 5004 libris
586 4951 673 5017 Vl,
733 4950 863 5024 Περὶ
920 4949 1254 5028 ἐξεργασίας,
1306 4958 1382 5012 De
1434 4958 1832 5015 elaboratione.
1891 4961 2023 5035 Ηερὶ

368 5036 698 5109 πρέποντος,
734 5043 809 5097 De
838 5043 1055 5100 decoro.
1086 5043 1216 5118 Περί
1273 5047 1544 5121 φράσεως,
1596 5052 1667 5106 De
1697 5052 2021 5110 elocutione.

365 5125 496 5202 Περὶ
528 5128 852 5202 σχημάτων,
908 5135 986 5188 De
1039 5138 1249 5206 ﬁguris.
1314 5137 1416 5192 Hic
1448 5155 1569 5193 una
1622 5157 1757 5195 cum
1786 5143 2019 5199 Caecilio

363 5219 562 5275 Romae
593 5219 795 5288 docuit
816 5222 1063 5279 Caisaris
1093 5226 1338 5298 Augusti
1368 5228 1821 5299 temporibus,et
1848 5237 2021 5288 aetate

360 5315 640 5378 provecta
668 5310 837 5368 obiit.

434 5399 699 5467 Hermes,
736 5404 973 5475 sapiens
996 5405 1318 5477 Egyptius,
1342 5411 1480 5462 ante
1514 5409 1881 5467 Pharaonem
1908 5413 2017 5468 ﬂo-

364 5487 487 5541 ruit
544 5496 902 5564 vocatusque
958 5492 1071 5548 fuit
1105 5495 1506 5563 Trismegistus,
1541 5498 1697 5567 quod
1725 5499 1796 5554 de
1819 5501 2011 5555 Trini-

2139 4699 2312 4772 longe
2336 4704 2891 4772 superante.Annos
2903 4709 3080 4758 natus
3094 4704 3331 4760 circiter
3354 4704 3798 4778 XVlll,scripsit

2138 4797 2313 4845 artem
2344 4791 2888 4863 rhetoricam,quam
2910 4809 3120 4848 omnes
3144 4794 3203 4848 in
3235 4794 3514 4850 manibus
3537 4796 3792 4863 habent;

2137 4900 2164 4927 «
2200 4879 2280 4932 De
2315 4879 2567 4935 statibus
2599 4897 2911 4936 causarum
2945 4881 3187 4950 librum,
3223 4884 3302 4938 De
3332 4882 3541 4939 formis
3573 4886 3793 4940 oratio-

2137 4989 2165 5018 «
2198 4968 2286 5023 nis
2309 4967 2494 5023 libros
2552 4969 2735 5025 duos:
2769 4971 2849 5025 De
2899 4971 3218 5043 leesyria
3273 4971 3460 5027 libros
3490 4974 3556 5027 II.
3593 4995 3621 5023 ››
3655 4975 3796 5030 Cum

2135 5074 2363 5112 annum
2396 5058 2587 5114 mtatis
2616 5058 2785 5114 XXIV
2845 5060 3156 5129 attigisset,
3216 5061 3455 5133 ingenio
3490 5061 3705 5119 defecit
3735 5069 3796 5119 et

2135 5147 2225 5201 sui
2258 5164 2502 5217 prorsus
2532 5147 2843 5204 dissimilis
2880 5150 3063 5205 evasit
3110 5149 3239 5205 sine
3297 5149 3421 5206 ulla
3473 5151 3794 5209 manifesta

2132 5248 2312 5289 causa
2332 5240 2436 5290 aut
2462 5236 2670 5292 morbo
2703 5236 2970 5308 corporis
2997 5254 3009 5290 :
3056 5238 3214 5293 unde
3268 5238 3493 5295 dictum
3524 5238 3789 5315 Ἑρμογὲ-

2130 5344 2230 5391 νης
2287 5323 2315 5377 ὁ
2368 5322 2422 5377 ἐν
2482 5325 2636 5379 παισὶ
2693 5323 2890 5399 γέρων,
2946 5325 2998 5380 ἐν
3053 5323 3112 5380 δὲ
3162 5328 3381 5399 γέρουσι
3436 5332 3586 5396 παῖς,
3635 5333 3791 5386 Inter

2122 5429 2326 5484 pueros
2356 5430 2522 5469 senem
2551 5422 2602 5470 et
2631 5414 2777 5471 inter
2804 5430 2953 5471 senes
2981 5432 3136 5487 puer.
3165 5418 3244 5471 De
3266 5417 3379 5473 hoc
3395 5417 3791 5474 Philostratus

2133 5504 2436 5574 Lemnius,
2468 5511 2580 5562 etc.
2609 5506 2904 5564 Cadavere
2957 5507 3087 5579 ejus
3145 5506 3401 5563 dissecto
3433 5525 3533 5563 cor
3572 5508 3793 5567 dicitur

399 5697 819 5822 _(75)Ofportet
846 5709 1609 5786 nomenessecorruptum,
1659 5709 1748 5764 vel
1787 5710 2090 5780 juniorem
2160 5710 2583 5783 Hipponactem
2634 5716 2908 5789 intelligi.
2969 5718 3114 5772 Nam
3175 5716 3482 5788 Hipponax
3532 5719 3633 5774 ille
3678 5737 3788 5777 an-

370 5774 573 5835 tiquus
642 5787 702 5824 ιιι
733 5777 869 5827 ante
902 5773 1201 5829 Hermlam
1229 5777 1360 5833 fuit.

667 5787 702 5824 ιι
733 5777 869 5827 ante
902 5772 1201 5829 Hermiam
1229 5777 1360 5833 fuit.
