4110 6464
411 532 569 591 1273

406 664 713 720 inventum
749 664 884 736 pilis
918 664 1177 720 obsitum
1209 669 1267 719 et
1295 681 1673 720 communem
1696 664 2056 736 magnitudi-
2087 667 2138 732 Α

400 771 544 809 nem
577 753 750 824 longe
783 770 1117 825 superasse.

476 842 853 909 Hermolaus,
910 843 1335 915 grammaticus
1389 843 1756 915 Cpolitanus,
1821 844 2063 916 scripsit

402 933 718 1005 Epitomen
751 929 973 994 ἐθνικῶν
1026 933 1307 1004 Stephani
1358 934 1752 1006 grammatici,
1807 950 2059 1005 eamque

401 1022 740 1078 Iustiniano
776 1022 919 1093 imp.
955 1021 1268 1077 dedicavit.

478 1111 741 1168 Herodes
770 1111 981 1180 Julius,
1013 1111 1172 1166 ﬁlius
1196 1113 1393 1182 Attici,
1419 1113 1720 1168 Plutarchi
1742 1129 2057 1186 nepos,ge-

403 1219 549 1258 nere
575 1200 860 1268 fEacides,
922 1201 1324 1273 Atheniensis,
1377 1218 1447 1256 ex
1494 1202 1820 1273 municipio
1870 1205 2058 1258 Mara-

401 1294 632 1358 thonio,
667 1293 954 1364 sophista,
991 1292 1064 1346 ob
1114 1293 1462 1348 thesaurum
1510 1293 1858 1365 (repertum)
1888 1293 2054 1348 valde

400 1383 586 1450 dives,
620 1381 767 1438 adeo
798 1387 862 1436 ut
893 1385 950 1437 et
981 1381 1236 1436 stadium
1269 1389 1327 1437 et
1359 1383 1655 1437 theatrum
1677 1387 1830 1437 tecto
1855 1383 2053 1437 muni-

404 1477 532 1528 tum
565 1471 1031 1527 Atheniensibus
1064 1471 1422 1526 condiderit.
1467 1472 1659 1543 Ipsius
1691 1477 1860 1544 pater
1900 1472 2052 1527 Asia

401 1561 642 1634 prmfuit
673 1566 728 1616 et
758 1561 849 1616 bis
898 1560 1276 1616 consulatum
1336 1561 1537 1634 gessit.
1589 1561 1750 1616 Vixit
1789 1561 2050 1633 Trajani,

401 1651 681 1706 Hadriani
717 1655 775 1705 et
805 1651 980 1705 Marci
1013 1651 1320 1718 Antonini,
1355 1650 1539 1722 impp.
1592 1650 1963 1722 temporibus
1996 1656 2053 1706 et

398 1740 752 1794 Favorinum
812 1739 1314 1811 Polemonemque
1371 1745 1767 1811 praeceptores
1820 1740 2046 1795 habuit.

393 1828 641 1900 Scripsit
669 1823 1061 1902 Ἐφημερίδας,
1108 1845 1276 1899 opus,
1326 1829 1486 1884 varia
1536 1829 1871 1884 eruditione
1921 1831 2049 1902 ple-

388 1934 574 1973 num:
624 1917 766 1972 item
820 1916 1095 1987 Epistolas
1153 1921 1210 1971 et
1260 1916 1536 1973 orationes
1591 1919 2046 1990 extemporales,

1735 534 1836 593 DE
1881 534 2172 606 QUIBUS
2218 531 2523 594 SUIDAS.

3669 529 3827 589 1274

2247 663 2520 728 Hersilia,
2557 677 2775 718 nomen
2807 661 3133 731 proprium.
3172 661 3250 714 De
3279 677 3346 716 ea
3381 659 3621 730 Di'onys.
3657 660 3818 714 Hali-

2173 771 2337 810 carn.
2372 754 2613 824 Antiqq.
2644 754 2808 807 Hom.
2842 750 2942 805 lib.
2981 767 3032 804 ιι.

2242 843 2552 911 HesioduS,
2587 841 2909 909 Cumanus,
2945 858 2978 896 a
3008 845 3176 912 patre
3207 841 3334 907 Dio,
3369 844 3428 895 et
3473 844 3663 894 matre
3713 842 3823 912 Py-

2167 933 2418 1004 cimede,
2451 933 2799 988 adolescens
2833 930 3156 986 translatus
3177 936 3268 985 est
3297 933 3561 997 Ascram,
3583 930 3820 984 Bmotim

2165 1025 2486 1079 civitatem.
2523 1023 2664 1077 Dius
2698 1021 2857 1076 ﬁlius
2889 1020 3237 1092 Ampelida),
3272 1037 3456 1092 nepos
3501 1019 3816 1090 MelanOpi,

2166 1130 2344 1185 quem
2378 1113 2547 1168 aiunt
2573 1112 2756 1167 fuisse
2789 1127 2959 1166 avum
2994 1110 3232 1164 Homeri
3259 1110 3370 1176 avi,
3403 1110 3485 1164 ita
3515 1113 3578 1163 ut
3610 1109 3820 1162 Home-

2161 1221 2266 1258 rus
2297 1208 2473 1258 natus
2505 1203 2582 1257 sit
2613 1219 2682 1256 ex
2711 1200 2982 1272 patruele
3006 1199 3264 1254 Hesiodi.
3295 1199 3610 1268 Utriusque
3628 1213 3815 1269 genus

2163 1294 2235 1349 ab
2267 1293 2504 1348 Atlante
2523 1292 2735 1347 deduci
2758 1291 2977 1346 ferunt.
3001 1293 3283 1346 Poemata
3305 1290 3562 1358 Hesiodi,
3587 1310 3615 1338 «
3635 1290 3816 1343 Theo-

2161 1405 2189 1434 «
2224 1384 2417 1456 gonia.
2441 1385 2632 1454 Opera
2649 1387 2706 1436 et
2732 1382 2881 1449 dies,
2909 1381 3586 1454 Clypeus,Heroinarum
3605 1380 3816 1434 mulie-

2160 1497 2188 1525 ‹‹
2215 1491 2347 1528 rum
2364 1473 2675 1545 Catalogus
2699 1472 2867 1526 libris
2894 1473 2954 1542 V,
2981 1470 3324 1542 Epicedium
3351 1471 3412 1525 in
3435 1471 3808 1537 Batrachum,

2158 1582 2316 1636 quem
2352 1571 2654 1630 amaverat,
2691 1565 2770 1617 De
2793 1562 2965 1617 Idmis
2994 1561 3252 1632 Dactylis
3281 1584 3333 1631 »,
3369 1567 3428 1615 et
3456 1562 3575 1617 alia
3601 1561 3812 1616 multa.

2159 1655 2317 1711 Obiit
2345 1654 2602 1726 hospitio
2636 1657 2917 1724 exceptus
2949 1651 3021 1706 ab
3044 1653 3303 1723 Antipho
3333 1657 3390 1706 et
3410 1652 3809 1722 Ctimeno,qui

2157 1750 2336 1802 noctu
2367 1747 2648 1818 putantes
2672 1761 2733 1798 se
2759 1743 2978 1798 sororis
3002 1759 3123 1796 sua)
3157 1747 3554 1814 stupratorem
3589 1741 3812 1794 interii-

2156 1854 2309 1906 cere,
2346 1834 2667 1892 Hesiodum
2699 1833 3135 1888 obtruncarunt
3167 1831 3354 1886 inviti.
3405 1833 3656 1886 Homero
3709 1829 3807 1885 alii

2155 1926 2553 1998 antiquiorem
2576 1924 2820 1990 faciunt,
2857 1923 3147 1994 aequalem
3166 1921 3655 1992 alii.Porphyrios
3673 1919 3810 1974 alii-

389 2024 640 2079 quarum
676 2005 951 2061 meminit
1001 2006 1395 2062 Philostratus
1444 2007 1506 2062 in
1556 2009 1701 2062 Vitis
1753 2009 2126 2080 sophista-B
2157 2034 2272 2088 que
2305 2016 2548 2088 plurimi
2581 2014 2754 2070 annis
2785 2017 3025 2068 centum
3077 2012 3408 2084 juniorem,
3464 2016 3530 2064 ut
3576 2014 3807 2063 tantum

390 2113 546 2152 rum.
575 2096 639 2151 Ei
667 2096 727 2150 in
787 2095 990 2152 schola
1046 2097 1336 2151 successit
1386 2096 1700 2163 Adrianus,
1754 2099 2039 2170 sophista.

391 2185 907 2241 Circumferuntur
937 2189 994 2239 et
1050 2185 1241 2240 multa
1290 2184 1406 2240 alia
1457 2185 1620 2240 illius
1679 2187 1918 2258 scripta,
1971 2205 2041 2243 ex

383 2275 601 2346 quibus
635 2280 692 2329 et
726 2274 951 2347 ingenii
985 2274 1112 2345 ejus
1145 2273 1514 2343 magnitudo,
1541 2276 1831 2331 etmentis
1854 2275 2038 2331 subli-

378 2364 559 2420 mitas
591 2363 850 2435 perspici
901 2366 1114 2434 potest.
1163 2361 1320 2417 Obiit
1367 2363 1524 2417 circa
1574 2361 1786 2417 LXXVI
1845 2365 2036 2419 astatis

383 2471 633 2519 annum,
668 2453 800 2508 tabe
833 2452 1158 2508 confectus.

449 2541 838 2611 Herodianus,
863 2541 1772 2614 Alexandrinus,grammaticus,
1796 2543 2033 2614 Apollo-

377 2631 487 2698 nii,
519 2631 915 2704 grammatici,
948 2630 1300 2703 cognomine
1334 2630 1589 2701 Dyscoli,
1623 2632 1680 2685 F.
1712 2632 2032 2686 Vixittem-

375 2739 517 2794 pore
550 2721 726 2776 Marci
760 2720 1041 2775 Antonini
1066 2721 1238 2792 imp.,
1263 2719 1668 2791 quarejunior
1699 2725 1788 2776 est
1808 2721 2031 2793 Diony-

372 2811 483 2877 sio,
517 2810 618 2882 qui
651 2809 939 2864 musicam
968 2809 1280 2864 historiam
1308 2808 1759 2880 conscripsit,et
1780 2809 2029 2865 Philone

377 2899 603 2971 Byblio.
641 2898 743 2970 [De
775 2897 904 2970 ejus
935 2897 1215 2969 operibus
1247 2897 1470 2954 multus
1497 2903 1587 2953 est
1608 2899 1838 2953 Kuster.
1865 2898 1939 2954 ad
1965 2899 2025 2954 h.

382 2992 427 3048 Ι.
464 2994 605 3045 tom.
635 2991 704 3058 II,
739 3006 870 3062 pag.
904 2991 991 3056 78,
1025 3006 1090 3046 n.
1125 2989 1204 3059 8.]

452 3079 806 3145 Herodotus,
839 3079 976 3150 Lyxi
1010 3083 1067 3133 et
1095 3078 1346 3149 Dryonis
1379 3079 1465 3146 F.,
1516 3077 2024 3151 Halicarnasseus,

375 3168 598 3226 illustri
628 3185 844 3242 genere
878 3172 1074 3235 natus,
1107 3167 1350 3223 fratrem
1381 3167 1591 3223 habuit
1628 3169 2023 3226 Theodorum.

376 3261 619 3316 Samum
652 3259 924 3332 migravit
951 3263 1196 3330 pr0pter
1254 3258 1696 3332 Lygdamidem,
1743 3260 1842 3331 qui
1892 3265 2028 3331 post

2156 2108 2366 2163 XXXII
2397 2105 2572 2160 annis
2630 2103 2886 2175 primam
2938 2100 3350 2172 Olympiadem
3397 2097 3807 2154 antecesserit.

2157 2197 2313 2253 Adde
2345 2195 2580 2251 Kusteri
2611 2199 2734 2249 not.
2770 2196 2800 2246 6
2835 2197 2891 2247 et
2921 2195 2972 2258 6,
3005 2197 3143 2246 tom.
3180 2193 3250 2256 II,
3286 2206 3414 2261 pag.
3448 2191 3537 2243 80.

2225 2287 2513 2359 Ἕσπερος.
2548 2282 2932 2338 Parmenides
2965 2281 3086 2352 (alii
3142 2281 3309 2335 aiunt
3357 2278 3805 2350 Phythagoras),

2153 2377 2384 2450 primus
2424 2373 2836 2446 deprehendit,
2874 2371 3150 2426 eumdem
3184 2386 3312 2424 esse
3367 2371 3691 2441 Vesperum
3747 2372 3806 2420 et

2151 2465 2511 2521 Luciferum.

2222 2554 2550 2626 Hesychius
2565 2550 3470 2622 Milesius,Hesychii,causidici,
3496 2554 3554 2604 et
3571 2547 3804 2620 Sophim

2148 2649 2232 2715 F.,
2258 2645 2630 2718 temporibus
2644 2642 2938 2699 Anastasii
2964 2639 3801 2712 (etJustiniani)impp.,vixit.

2149 2736 2395 2806 Scripsit
2424 2731 2881 2806 Ὀνοματολόγον,
2913 2729 2948 2798 ἤ
2981 2728 3178 2784 πίνακα
3205 2730 3312 2783 τῶν
3348 2728 3399 2783 ἐν
3432 2725 3648 2798 παιδείᾳ
3679 2727 3804 2780 ἀνο-

2147 2825 2384 2894 μαστῶν,
2421 2817 2484 2872 οὗ
2514 2817 2751 2890 ἐπιτομή
2789 2817 2899 2872 ἐστι
2930 2814 3090 2870 τοῦτο
3120 2817 3181 2870 τὸ
3212 2811 3453 2889 βιϐλίον,
3479 2816 3799 2872 Nomencla-

2145 2919 2338 2977 torem,
2374 2911 2492 2965 sive
2520 2911 2619 2980 qui
2653 2910 2804 2963 liber
2835 2908 2998 2962 illius
3030 2911 3120 2962 est
3149 2906 3439 2976 Epitome,
3474 2927 3500 2954 «
3533 2905 3798 2959 Iudicem

2144 3021 2172 3050 «
2196 2999 2459 3053 virorum
2478 2997 2579 3068 qui
2604 2995 2876 3052 doctrina
2893 2994 3036 3049 clari
3060 2994 3464 3048 fuerunt.ltem
3477 2991 3796 3046 Historiam

2144 3108 2172 3137 »
2194 3087 2562 3156 chronicam,
2583 3103 2748 3157 quam
2779 3088 2839 3139 in
2858 3101 2959 3138 sex
2981 3083 3333 3137 diastemata
3356 3081 3464 3150 (sic
3487 3080 3647 3135 enim
3673 3079 3796 3134 sin-

2141 3177 2310 3250 gulos
2341 3176 2527 3232 libros
2559 3175 2863 3247 appellat),
2897 3173 3188 3228 distinxit.
3215 3175 3280 3227 In
3301 3170 3583 3225 hislibris
3606 3169 3799 3225 conti-

2141 3272 2363 3323 nentur
2394 3268 2576 3338 impp.
2617 3269 3021 3322 Romanorum
3054 3281 3170 3334 res,
3201 3264 3380 3318 variis
3428 3259 3798 3333 temporibus

371 3348 988 3420 Pisindelim,patrem
1011 3349 1321 3419 aviamque
1337 3349 1715 3404 Artemisiam
1736 3353 2025 3420 tyrannus
2066 3359 2110 3428 ρ
2139 3363 2318 3432 gesta;
2351 3362 2409 3412 et
2436 3356 2687 3412 historia
2721 3371 2926 3426 regum
2959 3371 3027 3409 ac
3057 3353 3396 3425 principum
3421 3352 3520 3423 qui
3548 3349 3798 3421 singulis

370 3437 771 3494 Halicarnassi
805 3442 950 3493 erat.
982 3436 1140 3492 Sami
1172 3438 1434 3492 Ionicam
1478 3437 1797 3493 dialectum
1856 3456 2028 3494 exco-

362 3527 497 3594 luit,
529 3530 588 3582 et
614 3529 919 3582 Historiam
969 3526 1130 3581 libris
1186 3528 1263 3581 IX
1288 3522 1577 3598 'scripsit,
1623 3529 1964 3599 auspicatus
1995 3545 2030 3584 a

370 3613 544 3685 Cyro,
568 3615 767 3678 Persa,
795 3619 853 3668 et
872 3613 1193 3681 Candaule,
1218 3614 1512 3684 Lydorum
1547 3631 1704 3687 rege.
1739 3618 2028 3672 Reversus

371 3701 588 3756 deinde
623 3701 1129 3770 Halicarnassum,
1163 3706 1481 3774 tyrannum
1507 3704 2026 3776 expulit,invidia-

376 3809 493 3863 que
525 3791 739 3846 civium
775 3792 931 3864 tangi
975 3809 1037 3847 se
1066 3808 1195 3846 cum
1227 3793 1535 3858 sensisset,
1569 3794 1874 3864 Thurium,
1910 3813 2026 3866 quo

364 3885 509 3936 tunc
533 3881 927 3936 Athenienses
946 3881 1244 3936 coloniam
1272 3881 1667 3950 deducebant,
1695 3883 1849 3938 ultro
1877 3901 2023 3939 con-

363 3972 565 4041 cessit,
599 3971 699 4026 ubi
732 3971 1047 4027 defunctus
1080 3977 1138 4027 et
1176 3972 1237 4028 in
1270 3972 1397 4027 foro
1432 3973 1702 4044 sepultus
1735 3979 1844 4030 est.
1879 3975 2028 4030 Sunt

371 4066 597 4132 tamen,
630 4063 731 4134 qui
762 4062 951 4131 aiunt,
984 4063 1162 4118 Pellae
1180 4062 1418 4119 obiisse.
1451 4065 1529 4120 De
1557 4064 1850 4120 Herodoto
1873 4063 1900 4117 ὁ
1923 4085 2030 4118 πα-

377 4147 618 4226 ραϐάτης
676 4152 988 4224 (Julianus)
1047 4152 1107 4207 in
1167 4152 1462 4224 epistola:
1523 4151 1595 4207 Ei’
1643 4173 1722 4226 τῳ
1776 4155 1965 4216 πιστὸς
1999 4155 2027 4208 ὁ

369 4239 603 4315 Θούριος
634 4240 771 4295 εἶναι
802 4240 1100 4314 λογοποιὸς
1135 4237 1306 4308 δοκεῖ,
1338 4265 1367 4294 ‹‹
1401 4243 1457 4297 Si
1492 4245 1584 4299 cui
1615 4244 1870 4300 Thurius
1903 4245 2024 4315 ille,

367 4354 396 4384 «
427 4332 695 4388 historias
728 4333 1003 4404 scriptor,
1040 4332 1156 4387 fide
1189 4333 1406 4406 dignus
1443 4350 1572 4389 esse
1604 4334 1854 4390 videtur.

441 4425 658 4492 Heron,
719 4426 932 4495 Cotyos
989 4424 1076 4490 F.,
1166 4424 1569 4492 Atheniensis,
1629 4427 1854 4497 rhetor,
1924 4429 2025 4498 qui

371 4534 392 4562 ι
430 4512 670 4577 Causas,
706 4513 953 4568 Athenis
984 4518 1166 4581 actas,
1214 4515 1456 4584 scripsit.
1514 4516 1644 4569 Item
1692 4515 2026 4587 Expositio-

369 4624 398 4650 ‹‹
434 4619 571 4656 nem
632 4601 994 4673 (orationum)
1050 4602 1365 4657 Dinarchi:
1421 4605 1884 4660 commentarios
1964 4605 2024 4661 in

367 4714 394 4740 «
424 4689 814 4782 Herodotum,
842 4691 1321 4762 Xenophontem,
1354 4692 1782 4765 Thucydidem,
1824 4697 2020 4768 Κεκρι-
2053 4717 2102 4782 D

363 4803 390 4830 «ι
427 4777 604 4850 μένων
641 4776 926 4851 ὀνομάτων
958 4780 1315 4836 selectorum
1356 4781 1783 4837 vocabulorum
1839 4783 2023 4838 libros

373 4890 394 4919 ι
429 4870 528 4924 IlI.
561 4870 875 4941 Epitomen
909 4869 1238 4924 Heraclidis
1265 4870 1650 4926 historiarum
1679 4889 1691 4938 ;
1726 4873 1805 4927 De
1864 4872 2020 4927 anti-

365 4982 392 5010 ‹‹
430 4959 564 5030 quis
595 4958 931 5013 oratoribus
959 4964 1018 5013 et
1046 4959 1440 5026 orationibus,
1478 4959 1694 5031 quibus
1743 4961 1805 5016 in
1849 4979 2019 5017 com-

365 5072 391 5099 ‹‹
429 5047 818 5104 missionibus
846 5048 1118 5104 vicerunt
1149 5074 1198 5103 ι.
1234 5050 1451 5104 Heroni
1487 5049 1728 5105 Proclus
1763 5069 1823 5106 se
1855 5069 2020 5106 com-

361 5138 548 5206 misit,
583 5138 705 5193 viro
738 5139 835 5209 pio
869 5143 927 5192 et
958 5138 1057 5210 qui
1090 5138 1350 5210 perfecte
1383 5157 1446 5195 se
1477 5145 1923 5211 comparaverat
1943 5141 2015 5198 ad

360 5224 757 5280 institutionis
780 5225 1076 5280 rationem
1109 5227 1483 5282 Alexandrizn
1515 5229 1820 5284 usitatam.

431 5313 930 5384 Herophila,quaa
963 5317 1021 5368 et
1075 5313 1299 5386 Sibylla
1349 5316 1670 5387 Erythraea,
1721 5317 2013 5372 Theodori

355 5402 500 5457 ﬁlia.
537 5403 788 5474 Scripsit
815 5420 988 5458 versu
1022 5404 1260 5458 heroico
1297 5397 1493 5478 βιϐλία
1522 5405 1569 5479 γ’
1623 5406 1874 5478 μαντικὰ,
1909 5413 2014 5464 tres

352 5493 767 5547 divinationum
797 5493 983 5561 libros,
1019 5498 1078 5548 et
1111 5494 1448 5562 consulum,
1482 5495 1572 5549 vel
1604 5495 1690 5563 (ut
1742 5497 1842 5551 alii
1894 5502 2009 5553 tra-

350 5581 542 5651 dunt),
567 5583 1259 5654 Tarquiniitemporibus
1284 5587 1529 5640 Romam
1552 5585 1732 5653 venit,
1763 5603 2014 5656 sperans

348 5688 450 5726 eos
482 5688 696 5744 magno
731 5673 840 5727 sibi
865 5673 1118 5744 quazstui
1143 5673 1268 5729 fore
1319 5674 1429 5729 Sed
1455 5691 1590 5729 cum
1613 5677 1920 5731 contemni
1949 5694 2010 5731 se

346 5760 594 5828 videret,
630 5761 777 5818 duos
806 5762 993 5818 libros
1026 5763 1349 5820 cremavit:
1394 5779 1552 5819 unus
1576 5781 1711 5820 vero
1746 5771 2010 5822 servatus

351 5852 463 5921 est,
498 5866 677 5922 quem
707 5853 957 5909 Romani
989 5870 1206 5926 magno
1237 5855 1428 5926 pretio
1463 5854 1871 5914 redemerunt.

2139 3446 2418 3520 gentibus
2446 3445 2898 3516 imperitarunt;
2934 3443 3076 3497 item
3099 3459 3167 3497 ea
3198 3459 3330 3512 quae
3353 3440 3610 3512 Byzantii
3634 3442 3799 3510 gesta

2141 3539 2280 3591 sunt
2308 3549 2499 3603 usque
2533 3531 2606 3588 ad
2663 3531 2983 3603 imperium
3036 3529 3353 3596 Anastasii,
3403 3529 3794 3599 cognomento

2137 3623 2424 3690 Dicori,ln
2448 3621 2646 3676 Indice
2675 3637 2782 3676 sua
2796 3619 3023 3674 nullam
3037 3619 3178 3674 facit
3209 3619 3573 3672 mentionem
3600 3613 3791 3668 eccle-

2141 3713 2511 3768 siasticorum
2551 3711 2874 3775 doctorum,
2913 3709 3010 3778 qui
3028 3707 3361 3763 eruditione
3375 3705 3518 3761 clari
3533 3705 3797 3769 fuerunt,

2140 3797 2357 3852 uthinc
2375 3795 2665 3868 suspicari
2680 3795 3019 3860 liceat,eum
3038 3793 3356 3848 nonfuisse
3369 3792 3792 3856 Christianum,

2140 3885 2243 3940 sed
2276 3886 2652 3939 ethnicorum
2685 3884 2860 3955 nugis
2895 3889 2952 3939 et
2978 3884 3144 3938 vanis
3176 3883 3388 3937 studiis
3420 3881 3745 3936 addictum.

2212 3975 2535 4041 Hierocles,
2568 3973 2960 4046 philosophus
2992 3971 3452 4039 Alexandrinus,
3475 3969 3714 4043 ingenio
3742 3972 3800 4022 et

2140 4065 2378 4120 dicendi
2412 4063 2693 4119 facultate
2727 4063 3043 4127 excellens,
3066 4063 3238 4133 cujus
3257 4055 3799 4132 discipulus,Theo-

2140 4151 2912 4220 sebius,aiebatHieroclem
2927 4150 3250 4221 aliquando
3276 4151 3434 4204 inter
3453 4145 3795 4203 docendum

2140 4242 2383 4308 dixisse,
2418 4242 2678 4296 Socratis
2711 4257 3020 4296 sermones
3080 4240 3322 4294 tesseris
3362 4254 3491 4292 esse
3543 4236 3792 4299 similes,

2137 4337 2204 4386 ut
2234 4331 2334 4402 qui
2360 4348 2596 4401 semper
2623 4331 2800 4386 erecti
2827 4335 3004 4396 stent,
3032 4344 3388 4399 quocunque
3411 4325 3792 4390 cecidissent,

2139 4418 2427 4473 Hieroclis
2449 4419 2717 4472 animum
2744 4418 2970 4472 virilem
2998 4433 3397 4488 magnumque
3415 4412 3791 4469 adversafor-

2137 4510 2283 4560 tuna
2304 4507 2748 4560 demonstravit.
2775 4507 2918 4560 Cum
2934 4506 3094 4559 enim
3110 4504 3450 4574 Byzantium
3465 4501 3788 4573 profectus,

2135 4595 2788 4665 Christianos,quorum
2804 4599 3310 4666 summapotestas
3326 4598 3472 4656 erat,
3498 4589 3786 4646 offendis-

2138 4684 2617 4755 set,injudicium
2642 4685 2854 4740 ductus
2882 4691 2939 4740 et
2956 4685 3300 4740 verberibus
3323 4699 3513 4740 caesus
3548 4683 3791 4755 sangui-

2135 4791 2292 4840 nem,
2329 4791 2446 4845 quo
2479 4775 2781 4843 manabat,
2815 4790 2954 4830 cava
2983 4791 3167 4830 manu
3199 4775 3452 4846 excepit,
3481 4791 3669 4845 eoque
3687 4775 3790 4846 ju-

2133 4864 2327 4919 dicem
2359 4865 2615 4936 aspersit
2642 4865 2908 4934 dixitque
2936 4882 2948 4919 :
2983 4862 3229 4938 Κύκλωψ
3258 4869 3353 4933 τῆ,
3384 4865 3467 4918 at?
3496 4865 3636 4929 ἴνον,
3669 4863 3785 4918 tiret

2132 4953 2293 5029 φάγες
2325 4949 2604 5027 ἀνδρόμεα
2631 4952 2762 5027 κρέα
2795 4955 3024 5026 (Odyss.
3064 4955 3106 5022 Ι,
3141 4957 3285 5027 347).
3320 4976 3348 5005 ‹‹
3377 4957 3484 5020 Εη,
3519 4954 3785 5025 Cyclops,

2131 5065 2158 5094 ‹‹
2182 5044 2320 5100 bibe
2341 5047 2544 5101 vinum
2567 5051 2884 5117 postquam
2900 5045 3220 5101 humanam
3240 5061 3483 5101 carnem
3511 5044 3789 5099 devoras-

2129 5157 2156 5184 ‹‹
2190 5135 2232 5188 ti
2269 5156 2318 5190 ››,
2353 5136 2492 5189 Post
2522 5135 2798 5191 exsilium
2833 5134 2972 5190 inde
3021 5151 3290 5190 reversus
3341 5133 3784 5200 Alexandriam,

2126 5239 2292 5278 more
2320 5224 2495 5279 solito
2526 5225 2967 5296 phiIOSOphiam
2992 5225 3303 5296 discipulis
3325 5223 3784 5293 exposuit.Men-

2125 5313 2201 5368 tis
2233 5315 2362 5386 ejus
2395 5315 2732 5371 sublimitas
2758 5315 3014 5386 perspici
3047 5320 3241 5386 potest
3271 5331 3338 5369 ex
3371 5313 3785 5369 commentariis

2127 5421 2277 5475 quos
2310 5405 2548 5476 scripsit
2582 5427 2606 5457 α
2641 5405 2701 5459 in
2721 5420 2901 5460 aurea
2919 5405 3186 5460 carmina
3203 5405 3707 5476 Pythagoreorum
3727 5426 3780 5470 ››,

2125 5501 2184 5548 et
2215 5495 2488 5565 pluribus
2520 5496 2655 5550 aliis
2689 5496 2860 5549 libris
2896 5497 2970 5549 De
3017 5493 3399 5559 Providentia,
3457 5512 3524 5547 ex
3566 5493 3784 5564 quibus

2123 5590 2372 5656 apparet
2403 5586 2597 5640 virum
2630 5585 2802 5640 illum
2839 5585 3038 5639 animo
3069 5585 3311 5655 quidem
3367 5585 3623 5650 excelso,
3679 5584 3783 5639 sed

2124 5673 2377 5729 scientia
2408 5675 2607 5730 minus
2638 5679 2917 5730 accurata
2947 5673 3263 5744 przeditum
3295 5675 3500 5730 fuisse.

2197 5764 2613 5836 Hieronymus,
2650 5767 2963 5834 tyrannus,
3006 5763 3076 5817 de
3128 5764 3299 5836 cujus
3349 5769 3540 5819 morte
3591 5767 3778 5835 (κατα-

2123 5855 2356 5930 στροφῇ)
2381 5854 2481 5927 qui
2507 5855 2901 5926 scripserunt,
2927 5854 3590 5912 historicimultaverba
3615 5856 3777 5912 fece-
