4110 6414
486 452 651 514 1275

1732 486 1737 494 .
1795 445 2040 508 INDEX
2084 442 2584 525 scalprouUM

3745 448 3887 508 1276

492 591 635 644 runt
661 585 735 642 de
761 584 941 641 rebus
971 582 1293 647 atrocibus,
1322 597 1459 654 quae
1490 581 1556 637 in
1583 580 1774 653 ipsius
1793 579 1962 636 obitu
1984 580 2135 667 acci-
2168 580 2229 649 Α
2255 579 2319 636 in
2352 580 2716 651 Macedonia,
2745 580 2849 636 ubi
2880 581 3003 656 regi
3024 580 3327 638 Perdicca
3357 581 3678 639 admodum
3695 583 3893 639 charus

492 676 707 731 derunt
731 678 797 727 ut
827 689 937 727 nec
967 670 1260 736 Phalaris,
1284 687 1395 727 nec
1413 670 1832 743 Apollodorus,
1858 686 1969 725 nec
1988 684 2145 724 unus

492 760 646 816 alius
674 764 964 831 tyrannus
994 758 1176 814 fuerit
1204 758 1308 813 illo
1339 758 1633 825 acerbior,
1664 762 1775 813 etc.

563 851 978 922 Hieronymus,
1014 848 1363 913 Cardianus,
1397 847 1500 919 qui
1528 865 1613 903 res
1639 848 1713 903 ad
1744 846 2150 903 Alexandriam
2180 908 2185 919 η

491 947 691 1011 gestas,
712 939 781 993 τὰ
810 938 893 993 ἐπ’
924 935 1311 1012 Ἀλεξάνδρου,
1342 936 1660 1013 πραχθέντα
1680 940 1984 1008 (Kusterus
2006 937 2151 1010 legit

422 1068 430 1072 -
488 1028 557 1085 τὰ
587 1028 677 1083 ὑπ’
708 1025 1081 1100 ’Δλεξάνδρον,
1112 1045 1198 1084 res
1238 1028 1556 1084 Alexandri
1599 1029 1834 1097 Magni),
1886 1028 2147 1082 conscri-
2178 1102 2183 1103 γ

491 1119 631 1190 psit.
655 1118 868 1174 Cardia
886 1133 1108 1175 nomen
1131 1116 1297 1175 urbis
1319 1116 1405 1188 (in
1426 1116 1710 1173 Thracica
1733 1115 2146 1188 Chersoneso).

565 1207 853 1276 Hilarius,
879 1207 1098 1278 Phryx,
1130 1205 1239 1261 sub
1268 1206 1511 1262 Joviano
1543 1206 1686 1278 imp.
1721 1205 1884 1272 vixit,
1919 1206 2007 1260 vir
2028 1222 2151 1261 non

494 1297 737 1369 quidem
766 1296 1102 1352 eruditionc
1132 1294 1407 1360 celebris,
1440 1294 1544 1352 sed
1589 1296 1705 1350 Deo
1756 1296 1945 1351 visum
2000 1299 2148 1359 erat,

498 1387 838 1443 futurorum
895 1383 1336 1458 prmscientiam
1395 1384 1485 1440 illi
1558 1384 1895 1459 impertiri,
1944 1386 2187 1465 Itaque,

492 1474 1032 1549 praestantissimus
1062 1479 1223 1531 vates
1262 1474 1391 1529 fuit.

571 1565 890 1632 Himerius,
924 1565 1174 1620 Aminiaa
1205 1563 1461 1623 rhetoris
1487 1564 1572 1630 F.,
1606 1579 1678 1619 ex
1708 1562 2012 1631 Prusiade,
2042 1562 2148 1621 Bi-

500 1655 720 1725 thyniae
751 1654 1006 1723 civitate,
1041 1653 1327 1726 sophista,
1357 1652 1576 1709 Juliani
1608 1653 1751 1726 imp.
1780 1651 2150 1724 temporibus

496 1744 641 1799 vixit
668 1749 725 1800 et
753 1745 1001 1801 Athenis
1029 1744 1338 1800 Proaaresii
1369 1743 1621 1800 mmulus
1650 1743 1781 1808 fuit,
1826 1742 2149 1815 oculosque

499 1834 562 1890 in
601 1839 908 1891 senectute
938 1833 1155 1890 amisit.
1188 1833 1438 1905 Scripsit
1467 1832 1933 1891 Declamationes.

2251 669 2367 725 fuit
2396 669 2742 743 relictisque
2771 671 3006 728 duobus
3036 672 3199 739 filiis,
3231 673 3516 728 Thessalo
3545 678 3603 728 et
3625 674 3892 741 Dracone,

2255 758 2406 814 obiit
2435 776 2592 815 anno
2625 761 2816 817 tBtﬂtiS
2842 762 2978 829 CIV,
3013 760 3286 834 sepultus
3316 761 3565 817 Larissa}
3591 762 3652 816 in
3675 762 3897 818 Thessa-

2256 847 2356 904 lia.
2393 850 2459 903 In
2493 849 2829 905 simulacris
2861 856 2922 905 et
2950 850 3308 924 imaginibus
3341 855 3519 923 caput
3551 851 3680 923 ejus
3710 852 3893 906 cerni-

2255 944 2353 994 tur
2382 937 2564 1010 pallio
2594 944 2812 994 tectum
2844 957 2858 993 :
2890 939 2980 995 vel
3012 940 3171 1012 quod
3198 939 3295 995 hic
3322 946 3482 996 esset
3501 957 3631 995 mos
3648 941 3792 1014 ejus,
3813 941 3893 997 vel

2253 1032 2498 1100 propter
2526 1028 2948 1100 peregrinandi
2978 1030 3264 1096 studium,
3297 1029 3387 1085 vel
3421 1028 3581 1100 quod
3603 1045 3671 1084 eo
3701 1029 3889 1085 habitu

2256 1116 2615 1189 chirurgiam
2648 1134 2923 1173 exercere
2952 1118 3195 1175 soleret.
3234 1119 3338 1175 Hic
3370 1118 3561 1175 multa
3592 1119 3821 1190 scripsit
3844 1123 3895 1173 et

2256 1204 2414 1279 apud
2444 1224 2654 1262 omnes
2686 1208 3116 1286 clarusevasit,
3149 1207 3297 1265 adeo
3329 1212 3397 1264 ut
3428 1225 3681 1281 magnus
3706 1210 3894 1263 Persa-

2256 1312 2391 1351 rum
2424 1314 2546 1363 rex,
2585 1300 2949 1369 Artaxerxes,
2985 1298 3220 1371 scriptis
3242 1297 3313 1353 ad
3336 1290 3887 1370 Hystanemlitteris,

2220 1383 2435 1456 hujus
2502 1385 2609 1440 viri
2668 1387 3023 1469 sapientiam
3082 1387 3416 1458 expctierit.
3475 1388 3660 1443 «Rex
3705 1401 3889 1457 regum

2258 1495 2286 1524 ‹‹
2323 1491 2574 1547 magnus
2603 1477 2955 1531 Artaxerxes
2988 1498 3039 1542 ››,
3069 1481 3179 1532 etc.
3214 1475 3371 1531 Libri
3399 1476 3769 1547 Hippocratis
3788 1492 3892 1528 om-

2256 1563 2433 1619 nibus
2464 1565 2786 1633 medicinaa
2818 1565 3102 1621 studiosis
3134 1572 3276 1645 sunt
3307 1565 3636 1635 notissimi,
3681 1564 3776 1636 qui
3805 1581 3892 1619 eos

2194 1698 2223 1713 ,.
2256 1657 2323 1707 ut
2353 1654 2595 1710 oracula
2619 1653 2844 1725 divina,
2877 1654 2951 1715 ὡς
2984 1657 3119 1708 Θεοῦ
3150 1654 3335 1732 φωνᾶς
3364 1652 3457 1708 καὶ
3491 1651 3593 1708 οὐκ
3629 1652 3894 1728 ἀνθρώπου

2255 1738 2630 1815 προελθούσας
2657 1739 2716 1796 ἐκ
2748 1741 3043 1815 στόματος,
3071 1747 3452 1799 venerantur.
3486 1732 3722 1799 Primus
3745 1765 3771 1793 (ι
3792 1744 3899 1798 Jus-

2257 1853 2286 1883 ιι
2310 1832 2664 1905 jurandum,
2698 1835 2968 1891 secundus
2998 1835 3447 1903 Praedictiones,
3481 1835 3682 1890 tertius
3714 1833 3898 1903 Apho-

573 1923 951 1995 Hipparchia,
987 1939 1155 1978 soror
1182 1922 1503 1992 Metroclis,
1544 1921 1770 1995 Cynici,
1823 1921 2149 2009 Maronitis,

2268 1942 2291 1971 ι(
2324 1920 2646 1978 rismorum
2677 1920 3019 1993 ἀνθρωπίνην
3054 1917 3393 1995 ὑπερϐαίνων
3429 1919 3662 1990 σύνεσιν,
3694 1921 3790 1992 qui
3814 1937 3898 1976 su-

500 2012 862 2085 philosopha
891 2012 1131 2083 Cynica,
1162 2027 1313 2068 uxor
1341 2010 1543 2083 Cynici
1575 2010 1851 2081 Cratetis,
1897 2011 1999 2082 qui
2022 2006 2156 2087 fuit

500 2102 910 2170 Atheniensis,
942 2101 1273 2173 discipulus
1304 2101 1605 2174 Brysonis,
1653 2100 1875 2166 Achaei,
1928 2100 2039 2170 vel,
2090 2104 2157 2155 ut

499 2191 599 2247 alii
636 2191 900 2259 tradunt,
936 2190 1231 2262 Diogenis.
1266 2190 1513 2261 Scripsit
1542 2188 2153 2262 philosophicaquse-
2178 2234 2205 2269 ‘.

498 2279 656 2346 dam,
689 2281 832 2336 item
863 2280 1409 2352 argumentationes
1439 2278 1763 2335 nonnullas
1794 2284 1853 2334 et
1873 2279 2153 2350 qumstio-
2182 2348 2187 2355 ⁸

500 2386 606 2424 nes
635 2369 711 2424 ad
759 2369 1155 2436 Theodorum,
1216 2370 1479 2424 atheum.
1533 2368 1761 2424 Floruit
1806 2367 2153 2455 Olympiade

499 2459 638 2514 CXI.
672 2456 912 2528 (Confer
942 2474 1075 2529 quae
1105 2457 1317 2515 Suidas
1347 2458 1407 2512 in
1438 2457 1624 2530 Ἦρα.)

571 2546 975 2618 Hipparchion
1033 2550 1255 2602 irutus.
1319 2547 1440 2601 Duo
1498 2545 1741 2602 fuerunt
1807 2546 2149 2615 Citharoedi,
2207 2608 2212 2629 ἲ

499 2636 905 2708 Hipparchion
940 2641 1000 2691 et
1028 2634 1303 2691 Ruﬁnus.
1335 2635 1481 2690 Cum
1512 2640 1712 2691 autem
1739 2636 1993 2694 instaret
2020 2653 2147 2694 cer-
2204 2632 2211 2637 ’

498 2742 660 2795 men,
695 2725 1095 2799 Hipparchion
1126 2731 1327 2781 mutus
1360 2727 1541 2783 stetit.

569 2816 962 2888 Hipparchus,
994 2815 1259 2871 comicus
1314 2816 1577 2888 antiquae
1626 2816 1951 2874 comoedias.
2005 2820 2150 2876 Dra-

420 2962 445 2969 _,
493 2911 655 2963 mata
680 2906 833 2978 ejus,
867 2906 940 2962 de
968 2905 1216 2977 nuptiis.

566 2996 959 3068 Hipparchus,
1009 2995 1304 3068 Stagirita,
1350 2995 1763 3069 philosophus,
1814 2997 2149 3055 Aristotelis

494 3084 832 3156 discipulus
851 3090 909 3140 et
927 3090 1232 3157 cognatus.
1266 3084 1509 3158 Scripsit
1533 3084 1605 3140 de
1626 3086 1959 3142 masculino
1982 3074 2043 3142 et
2061 3087 2150 3144 fe-

490 3173 721 3229 minino
750 3190 893 3229 sexu
924 3174 1267 3246 nuptiisque
1299 3173 1568 3243 deorum,
1612 3180 1671 3230 et
1699 3175 1819 3231 alia
1848 3176 2143 3248 qumdam.

567 3261 958 3335 Hipparchus,
1019 3263 1362 3329 Nicaeensis,
1418 3263 1831 3337 philosophus,
1882 3266 1985 3336 qui
2036 3266 2144 3322 sub

2270 2016 2501 2083 «perat
2554 2011 2861 2085 ingenium
2919 2011 3250 2067 humanum
3286 2032 3333 2068 ν.
3392 2013 3679 2078 Quartum
3723 2010 3901 2065 locum

2267 2104 2430 2155 tenet
2453 2099 2914 2161 celeberrimum
2946 2102 3096 2158 illud
3122 2108 3181 2157 et
3210 2101 3567 2179 admirabile
3587 2117 3731 2172 opus
3748 2115 3900 2154 sexa-

2265 2188 2429 2263 ginta
2459 2189 2747 2245 librorum
2776 2192 2895 2245 sive
2925 2191 3451 2261 Hexecomabz'blus,
3487 2189 3646 2261 quod
3677 2204 3896 2244 omnem

2266 2278 2561 2335 medicam
2594 2279 2907 2339 scientiam
2941 2286 2999 2336 et
3028 2281 3385 2359 sapientiam
3419 2280 3707 2336 continet.

2340 2368 2754 2440 Hippocrates,
2787 2370 3052 2425 Thessali
3086 2371 3172 2440 F.,
3204 2372 3381 2437 Cous,
3419 2366 3710 2436 medicus,
3739 2382 3905 2439 nepos

2267 2457 2642 2531 Hippocratis
2682 2459 2951 2533 secundi,
3009 2459 3116 2516 ﬁlii
3171 2458 3523 2516 Heraclidas.
3575 2457 3817 2531 Scripsit
3858 2460 3907 2511 et

2267 2546 2393 2619 ipse
2420 2547 2671 2603 medica.

2338 2637 2746 2710 Hippocrates,
2779 2639 3067 2693 Draconis
3099 2639 3182 2707 F.,
3215 2639 3389 2705 Cous,
3424 2638 3713 2706 medicus,
3759 2636 3898 2708 ejus-

2169 2790 2175 2799 .
2264 2724 2403 2781 dem
2434 2726 2809 2799 Hippocratis
2840 2726 3087 2797 secundi
3119 2743 3327 2800 nepos,
3353 2728 3460 2799 qui
3483 2730 3780 2783 Roxanem
3802 2741 3898 2779 cu-

2262 2815 2415 2871 ravit
2444 2820 2505 2872 et
2530 2814 2638 2871 sub
2670 2815 3022 2895 Cassandro,
3057 2817 3351 2890 Antipatri
3390 2818 3479 2888 F.,
3513 2834 3543 2874 e
3573 2816 3690 2871 vita
3719 2828 3899 2869 exces-

2264 2904 2362 2960 sit.
2394 2905 2644 2976 Scripsit
2672 2910 2733 2961 et
2760 2905 2886 2978 ipse
2917 2905 3169 2963 medica.

2246 3056 2251 3059 Α
2336 2995 2743 3068 Hippocrates,
2777 2995 3023 3070 quintus
3064 3001 3124 3053 et
3173 3000 3399 3067 sextus,
3458 2995 3674 3052 medici
3720 2992 3897 3059 ambo,

2218 3146 2221 3151 ι
2265 3083 2598 3155 Thymbrwi
2631 3084 2763 3154 filii,
2798 3076 2898 3140 Coi
2928 3090 2986 3140 et
3033 3085 3168 3158 ipsi,
3222 3086 3619 3160 ejusdemque
3663 3082 3895 3159 generis.

2265 3173 2847 3245 Scripseruntambo
2874 3174 2946 3232 de
2975 3174 3182 3230 eadem
3216 3164 3488 3233 scientia.

2340 3263 2747 3335 Hippocrates,
2781 3264 3093 3337 septimus,
3124 3265 3299 3334 Cous,
3345 3272 3407 3322 et
3456 3267 3583 3340 ipse
3629 3265 3896 3329 medicus,

568 3314 958 3335 -ν-πννπ--ι
1019 3314 1362 3329 rum—ww.
1419 3314 1831 3337 τς---ητ---η
1887 3314 1985 3336 γ-
2036 3314 2140 3322 --η
2340 3314 2747 3335 mnu-ww.
2781 3314 3093 3337 --τν-τ-π,
3131 3314 3299 3334 την,
3349 3314 3406 3322 ν-
3456 3314 3473 3322 -
3522 3314 3581 3325 ην
3629 3314 3896 3329 -η--νννι

491 3351 841 3408 consulibus
870 3352 1032 3408 vixit.
1067 3352 1315 3425 Scripsit
1346 3373 1374 3403 «
1408 3353 1487 3408 De
1509 3353 1671 3409 Arati
1695 3340 2140 3427 phmnomenis;
2166 3314 2225 3433 Ic
2263 3352 2667 3408 Praxianactis
2697 3354 2782 3437 F.,
2816 3353 3207 3427 ejusdemque
3263 3314 3525 3430 generis.
3572 3356 3808 3429 Scripsit
3848 3354 3898 3407 et

493 3464 518 3495 α
554 3444 634 3499 De
660 3442 979 3500 stellarum
1008 3443 1405 3501 inerrantium
1436 3443 1865 3506 constitutione
1919 3449 1979 3500 et
2002 3450 2144 3525 .sta-
2247 3441 2374 3516 ipse
2405 3440 2479 3497 de
2510 3441 2718 3498 eadem
2751 3447 2901 3502 arte.
3550 3438 3555 3443 ’

489 3554 518 3581 (ι
546 3532 705 3588 tione
729 3548 743 3600 3
769 3533 850 3589 De
880 3536 1190 3589 menstruo
1215 3532 1375 3589 lunae
1397 3537 1562 3588 motu
1581 3533 1911 3589 secundum
1937 3532 2111 3599 latitu
2130 3566 2142 3574 -

490 3642 520 3672 α
551 3620 777 3688 dinem,
811 3627 864 3677 et
893 3622 961 3677 In
996 3622 1344 3678 asterismos
1367 3644 1413 3676 ››,
1442 3621 1662 3694 [Proba
1686 3629 1776 3680 est
1805 3623 2171 3699 emendatio
2198 3688 2203 3695 ι

490 3712 556 3765 In
586 3712 920 3767 asterismos.
953 3712 1018 3765 In
1043 3709 1236 3766 Suidm
1258 3716 1421 3767 textu
1461 3710 1677 3783 legitur
1711 3710 1807 3774 Εἷς
1833 3709 1959 3773 τοὺς
1988 3710 2145 3786 ἀρίσ-

493 3817 644 3866 τους,
679 3815 812 3870 qum
842 3798 1020 3855 lectio
1043 3800 1181 3871 jure
1212 3798 1522 3856 videbatur
1552 3800 1763 3859 vitiosa
1790 3803 2065 3873 Kustero,
2090 3807 2151 3858 at

495 3887 621 3958 qui,
652 3887 955 3958 quomodo.
985 3888 1183 3944 sanari
1214 3892 1437 3960 posset,
1470 3905 1593 3947 non
1625 3890 2006 3963 reperiebat.]

561 3972 774 4045 ἰππὰς,
805 3984 1055 4047 equester
1085 3978 1239 4034 ordo.
1274 3977 1475 4041 Solon,
1504 3978 1603 4050 qui
1630 3978 1793 4051 leges
1823 3980 2177 4060 Athenien-g

491 4063 657 4121 sibus
714 4065 968 4137 scripsit,
1030 4069 1213 4125 totam
1273 4082 1481 4122 eorum
1540 4066 2031 4143 multitudinem,
2084 4071 2177 4147 in”

493 4160 748 4225 quatuor
779 4154 1001 4212 classes
1033 4155 1324 4219 distinxit,
1359 4161 1469 4212 etc.

458 4296 463 4305 .
562 4245 829 4317 Hippias,
862 4245 1154 4319 Diopithis
1184 4245 1486 4315 F.,Eleus,
1513 4246 1782 4320 scphista
1803 4252 1862 4304 et
1884 4248 2149 4321 philoso-

486 4336 665 4408 phus,
696 4335 1027 4408 discipulus
1058 4336 1452 4410 Hegesidami,
1478 4337 1582 4408 qui
1604 4353 1903 4403 summum
1922 4338 2159 4411 bonum,

491 4425 793 4480 statuebat
817 4422 1158 4498 αὐτάρκειαν.
1208 4425 1392 4482 Multa
1448 4426 1707 4499 scripsit.
1759 4457 1827 4467 —
1874 4428 2148 4497 Diversus

490 4519 583 4569 est
615 4514 882 4586 Hippias,
914 4519 1204 4587 tyrannus
1235 4515 1643 4585 Atheniensis,
1676 4516 1749 4571 de
1782 4533 1897 4588 quo
1921 4517 2147 4585 multus
2196 4582 2201 4593 ,

420 4648 425 4651 Α
491 4608 585 4659 est
610 4603 844 4660 Suidas.

2334 3530 2707 3605 Hippolytus.
2741 3532 2845 3588 Hic
2878 3534 3119 3608 scripsit
3175 3534 3235 3590 in
3278 3537 3627 3609 prophetias
3657 3531 3895 3591 Danielis

2263 3621 2788 3690 commentarium,
2821 3629 2881 3678 et
2904 3616 2971 3678 in
3003 3624 3318 3681 Proverbia
3346 3626 3703 3684 Salomonis.

2323 3712 2688 3784 Hippolytum
2720 3702 3009 3791 imitabor,
3037 3714 3109 3770 de
3135 3715 3209 3771 iis
3231 3717 3331 3789 qui
3365 3717 3701 3787 castitatem
3730 3711 3893 3787 proﬁ—

2259 3807 2484 3857 tentur.

2322 3892 2387 3947 Hi
2396 3893 2897 3967 pponax,Pythem
2912 3900 2972 3951 et
2985 3896 3280 3969 Procridis
3300 3899 3679 3971 F.,Ephesius
3692 3900 3747 3952 et
3762 3895 3889 3949 iam-

2255 3979 2470 4036 borum
2505 3980 2777 4053 scriptor,
2812 3983 2915 4056 qui
2945 3983 3313 4042 Clazomenis
3343 3987 3651 4055 habitavit,
3702 3982 3887 4057 pulsus

2259 4087 2294 4126 ει
2322 4073 2621 4144 tyrannis,
2639 4072 3015 4145 Athenagora
3044 4081 3103 4130 et
3133 4077 3333 4134 Coma.
3367 4077 3619 4150 Scripsit
3649 4077 3707 4131 in
3728 4075 3891 4142 Bupa-

2259 4159 2386 4216 lum
2417 4165 2477 4217 et
2493 4150 3388 4238 Athenidem,statuarios,quod
3414 4166 3701 4240 imagines
3722 4160 3887 4233 ipsius

2258 4248 2501 4306 ludibrii
2524 4255 2583 4306 et
2603 4253 2981 4309 contumelias
3002 4255 3191 4328 gratia
3216 4255 3714 4313 efﬂuxissentJlic
3731 4250 3889 4307 etiam

2259 4341 2490 4412 primus
2520 4341 2829 4414 parodiam
2872 4348 2930 4398 et
2958 4343 3362 4411 choliambum
3385 4346 3646 4418 scripsit,
3685 4346 3739 4399 et
3765 4337 3884 4393 alia.

2262 4427 2348 4500 [V.
2383 4429 2615 4505 Kiister.
2652 4434 2795 4486 tom.
2828 4432 2900 4503 II,
2934 4448 3065 4505 pag.
3102 4433 3226 4500 148,
3274 4428 3409 4488 not.
3454 4437 3509 4504 4,
3560 4432 3657 4505 qui
3709 4428 3882 4484 locum

2261 4515 2454 4572 Suidaa
2483 4518 2640 4572 male
2664 4520 3104 4599 transpositum
3134 4520 3205 4577 de
3246 4526 3488 4578 auctore
3541 4518 3787 4594 parodim
3831 4515 3885 4565 et

2260 4606 2578 4662 choliambi
2611 4594 2762 4663 bene
2805 4594 3042 4665 reduxit
3089 4611 3150 4665 in
3184 4627 3352 4671 suam
3402 4609 3626 4679 sedem,
3680 4616 3880 4675 suoque

562 4688 1399 4765 Hippobotus,.philosophus,
1433 4693 1535 4764 qui
1589 4692 1739 4753 dixit
1767 4709 1981 4757 novem
2013 4694 2144 4753 esse
2255 4696 2481 4753 auctori
2508 4696 2771 4752 reddidit
2802 4699 3257 4775 inventionem]

486 4776 985 4849 philosophorum
1015 4785 1229 4839 sectas.
1258 4781 1403 4838 Vide
1435 4799 1615 4854 supra
1646 4783 1706 4839 in
1735 4784 1998 4845 Haeresis.

524 4928 527 4935 ι
559 4866 965 4940 Hippocrates,
999 4870 1297 4927 Gnosidici
1321 4872 1585 4941 F.,Cous,
1606 4878 1776 4944 pater
1793 4873 2141 4941 Heraclidae,

490 4956 744 5017 celebris
769 4958 1141 5030 Hippocratis
1160 4977 1324 5025 avus,
1349 4962 1617 5019 medicus
1641 4963 1843 5036 etipse
1867 4952 2157 5029 elamuia

487 5047 993 5120 Asclepiadarum.
1028 5050 1277 5122 Scripsit
1304 5057 1493 5111 artem
1526 5053 1842 5109 medicam.
2148 5042 2155 5119 ί

559 5138 971 5210 Hippocrates,
1001 5140 1176 5209 Cous,
1202 5140 1501 5209 medicus,
1551 5141 1969 5223 HeraclidaeF,
2000 5146 2138 5217 Hip-

484 5227 744 5298 pocratis
773 5243 963 5300 nepos
993 5245 1098 5284 avo
1132 5228 1465 5300 praefertur,
1502 5228 1666 5289 sidus
1726 5231 2029 5303 quoddam
2072 5250 2141 5290 ac

482 5315 691 5373 lumen
723 5318 1060 5385 medicinas,
1093 5336 1210 5391 quo
1238 5318 1392 5376 nihil
1423 5324 1514 5376 est
1542 5320 1673 5376 vitm
1692 5320 1917 5379 utilius.
1939 5326 2139 5397 Expo-

488 5408 663 5463 steris
696 5408 903 5481 Chrysi
936 5414 995 5465 et
1025 5411 1157 5482 ejus
1190 5409 1321 5479 lilii,
1349 5409 1580 5483 Elaphi,
1609 5411 1710 5482 qui
1744 5416 1802 5467 et
1829 5413 1939 5485 ipsi
1973 5414 2139 5471 fuere

485 5497 727 5553 medici.
757 5499 1094 5570 Discipulus
1112 5500 1371 5571 primum
1401 5500 1824 5572 patris,postea
1844 5503 2137 5573 Herodici,

487 5586 823 5657 Selybriani
853 5593 914 5643 et
938 5591 1185 5662 Gorgiae,
1212 5590 1465 5646 oratoris
1488 5606 1554 5645 ac
1576 5590 1935 5664 philosophi.
1959 5594 2144 5650 Aiunt

488 5675 690 5745 etiam,
715 5677 1156 5735 adolescentem
1174 5679 1499 5735 accessisse
1515 5680 1588 5737 ad
1602 5681 2003 5739 Democritum
2024 5684 2141 5739 Ab-

494 5761 772 5833 deritam,
801 5767 903 5825 alii
931 5768 1249 5826 Prodicum
1280 5767 1598 5830 audivisse.
1629 5771 2040 5833 Commoratus
2053 5779 2145 5831 est

2154 5100 2161 5129 ξ

2326 4796 2568 4869 Hippys,
2602 4798 2922 4873 Rheginus,
2956 4799 3298 4868 historicus,
3322 4801 3422 4873 qui
3447 4792 3878 4874 temporebello-

2252 4900 2381 4941 rum
2414 4884 2787 4953 Persicorum
2818 4880 2959 4943 vixit
2988 4893 3048 4944 et
3099 4889 3328 4962 primus
3374 4891 3477 4945 Res
3501 4888 3711 4945 Siculas
3749 4880 3875 4938 scri-

2252 4975 2392 5047 psit,
2412 4989 2559 5046 quas
2572 4981 2779 5046 postea
2795 4978 2953 5047 Myes
2973 4976 3201 5050 redegit
3222 4978 3282 5033 in
3306 4974 3874 5051 compendium.ltem

2253 5084 2279 5119 1|
2315 5062 2586 5136 Origines
2611 5062 2793 5120 Italiae
2818 5082 2832 5134 ;
2858 5065 3187 5122 Sicularum
3212 5083 3414 5123 rerum
3436 5066 3620 5123 libros
3645 5066 3682 5117 V
3702 5060 3881 5117 :Chro-

2259 5170 2282 5201 ι
2314 5152 2587 5208 nicorum
2618 5152 2804 5211 libros
2836 5156 2876 5223 Y
2901 5173 2915 5223 ;
2949 5156 3356 5230 Argolicorum
3388 5156 3571 5212 libros
3601 5155 3676 5209 III
3702 5174 3750 5208 ».

2324 5241 2657 5317 Ἰστορῆσαι.
2692 5244 2834 5301 Vide
2861 5263 3042 5318 supra
3097 5247 3160 5303 in
3201 5249 3506 5316 Hecataeus,
3548 5245 3647 5302 ubi
3690 5240 3878 5299 eadem

2254 5334 2327 5391 de
2358 5336 2649 5407 Hecataeo,
2683 5336 3022 5408 Pherecyde
3054 5342 3113 5394 et
3141 5339 3415 5399 Acusilao
3447 5337 3734 5410 leguntur.

2322 5423 2678 5494 Homeridaa,
2713 5426 2814 5498 qui
2846 5442 3047 5485 versus
3079 5428 3422 5485 Homericos
3436 5417 3876 5483 recitabant.Alii

2248 5510 2540 5568 familiam
2562 5511 2677 5575 hoc
2705 5513 2877 5570 aiunt
2905 5532 3125 5572 nomen
3151 5515 3358 5572 tulisse
3382 5534 3417 5573 a
3438 5519 3607 5588 poeta
3623 5514 3873 5567 Homero.

2254 5598 2370 5654 Alii
2390 5605 2662 5672 posteros
2694 5601 2995 5671 Chiorum,
3030 5605 3131 5675 qui
3172 5604 3233 5660 in
3284 5600 3741 5677 Bacchanalibus
3787 5608 3881 5667 per

2254 5686 2392 5745 data
2424 5688 2673 5749 invicem
2709 5686 2896 5765 ὅμηρα
2927 5693 3048 5748 sive
3081 5692 3321 5749 obsides
3338 5696 3616 5769 acceptos
3645 5706 3677 5744 a
3703 5696 3881 5760 p08“a

2255 5782 2315 5834 et
2341 5777 2540 5851 furore
2574 5778 2946 5861 quieverunt.
