4110 6416
301 469 304 474 ’
359 493 516 553 1277

1677 469 1796 538 DE'
1823 463 2120 541 QUIBUS
2139 464 2472 526 "SUIDAS.

3627 445 3783 507 12⁸⁵18

429 623 727 696 Ὀμήρειος
747 616 932 694 λόγος.
959 613 1266 689 Ὀμηρίζω,
1287 614 1522 669 «verbis
1545 609 1781 669 Homeri
1803 612 1960 663 utor.
1985 621 2014 653 »

2136 619 2156 649 κ
2183 594 2549 652 brisetlocis
2562 594 2746 649 sacris
2774 587 3309 659 ;Gommentarium
3333 585 3393 638 in
3425 579 3782 652 Sophoclem

2279 687 2294 696 -
2593 690 2602 696 .
2655 685 2696 696 π
3115 678 3173 696 ly!
3203 675 3356 696 ι-ι--..
3413 672 3782 696 Πι-..;,-ι;.,-...,,

434 718 513 771 De
533 712 793 779 Homeri,
816 715 1025 782 poetas,
1043 723 1280 780 genere,
1302 705 1513 778 patria,
1539 707 1731 769 aztate,
1754 704 1863 754 etc.
1889 696 2015 768 plu~

360 808 514 863 rima
535 803 692 876 apud
716 801 956 857 Suidam
979 803 1038 854 et
1057 799 1118 853 in
1141 797 1375 852 Kusteri
1390 796 1463 851 ad
1483 794 1654 849 illum
1667 791 1848 856 notis,
1866 794 2011 842 tom.

359 899 432 967 ΙΙ,
464 912 594 968 pag.
629 894 732 946 628
765 908 929 961 seqq.
955 890 1252 962 leguntur,
1287 887 1387 958 qui
1421 887 1564 940 Vita)
1591 896 1827 954 quoque
1862 877 2013 949 ejus,

357 965 432 1045 ab
464 965 766 1040 Herodoto
800 980 1085 1035 historico
1125 979 1381 1050 scriptae,
1414 975 1692 1032 meminit
1722 975 1780 1026 et
1809 986 1880 1024 ex
1909 965 2016 1020 illa

279 1141 282 1143 Α
356 1077 599 1149 longam
645 1071 800 1147 ῥῆσιν
858 1070 1084 1126 recitat.
1125 1071 1418 1124 Praeterea
1473 1065 1544 1121 de
1597 1061 1834 1133 scriptis
1883 1057 2013 1128 ejus

353 1148 486 1222 haec
528 1163 738 1220 habet:
771 1163 1053 1216 Poemata
1110 1158 1370 1226 Homeri,
1425 1173 1555 1227 quas
1601 1170 1636 1209 a
1676 1150 1918 1206 nemine
1950 1148 2012 1201 in

351 1256 601 1312 dubium
625 1256 928 1314 vocantur,
955 1253 1095 1304 sunt
1121 1249 1254 1303 Ilias
1277 1252 1336 1302 et
1365 1247 1618 1315 Odyssea.
1648 1239 2009 1311 Scripsitau-

349 1351 471 1402 tem
502 1343 750 1400 Iliadem
798 1357 919 1395 non
959 1333 1181 1406 'simul,
1242 1352 1437 1407 neque
1497 1333 1783 1389 continua
1831 1327 2008 1390 serie,

351 1433 861 1509 quemadmodum
893 1447 1052 1485 nunc
1086 1433 1175 1483 est
1204 1426 1555 1498 composita,
1591 1423 1696 1478 sed
1727 1423 1854 1492 ipse
1887 1418 2010 1473 sin-

355 1508 527 1601 gulos
556 1524 744 1579 libros
775 1539 809 1576 a
840 1537 901 1577 se
936 1518 1187 1590 scriptos
1236 1515 1523 1579 recitavit,
1574 1517 1632 1568 et
1667 1512 1730 1566 in
1761 1508 2010 1564 urbibus

361 1632 512 1686 quas
532 1614 720 1668 victus
742 1608 1048 1682 quaerendi
1071 1608 1259 1681 gratia
1280 1602 1773 1674 obibat,reliquit.
1799 1601 2011 1654 Postea
2041 1619 2046 1625 ’

351 1722 489 1760 vero
521 1701 836 1773 compositi
869 1705 927 1754 et
979 1699 1042 1753 in
1101 1697 1372 1753 ordinem
1430 1693 1650 1749 redacti
1707 1690 2011 1745 fuerunta

271 1864 278 1873 ,
356 1795 585 1861 multis,
616 1791 912 1864 praecipue
945 1805 1080 1844 vero
1111 1805 1145 1842 a
1184 1786 1513 1851 Pisistrato,
1555 1779 2010 1837 Atheniensium

356 1891 631 1956 tyranno.
669 1883 920 1936 Homero
951 1879 1067 1933 alia
1093 1877 1272 1932 etiam
1305 1873 1577 1946 qumdam
1609 1874 1885 1944 poemata
1906 1868 2008 1922 tri-

351 1973 639 2039 buuntur,
671 1975 737 2024 ut
766 1991 794 2019 «
833 1967 1168 2036 Amazonia,
1204 1965 1341 2019 Ilias
1364 1961 1582 2030 minor,
1611 1957 1835 2027 Νόστοι,
1857 1957 2011 2017 Ἐπιτ-

351 2086 378 2113 (ι
414 2056 666 2135 κιχλίδες
726 2060 836 2114 sive
887 2057 1088 2127 Turdi,
1147 2053 1507 2117 Ἠθιὲπακτος
1557 2051 1852 2122 (Bentleius
1884 2050 2015 2119 legit

350 2144 849 2217 ιιἙπταπᾶκτιον),
903 2145 1016 2201 sive
1072 2143 1280 2210 Iambi,
1315 2145 1613 2198 Ranarum
1647 2143 1704 2194 et
1754 2139 2015 2194 murium

349 2262 375 2294 ι
410 2243 633 2312 Pugna,
651 2230 1105 2310 Ἀραχνομαχῖα,
1134 2235 1248 2288 sive
1275 2235 1648 2286 Araneorum
1673 2231 1896 2300 Pugna,
1921 2228 2009 2280 Ke-

351 2352 381 2379 «
417 2327 605 2404 ραμὶς,
642 2323 1013 2397 Amphiarai,
1047 2317 1349 2390 Ἐξὲλευσις
1384 2335 1477 2375 seu
1506 2316 1838 2388 Expeditio,
1887 2312 2016 2366 Παί-

354 2441 383 2468 ‹‹
421 2436 546 2490 γνια
574 2419 684 2472 sive
704 2413 954 2471 Ludicra
974 2429 1042 2468 ac
1054 2411 1178 2484 joci
1203 2429 1216 2478 ;
1247 2410 1461 2465 Sicilize
1486 2407 1871 2480 Expugnatio,
1890 2405 2018 2476 Epi-
2060 2429 2067 2440 ε

363 2530 391 2560 ι
423 2507 728 2571 thalamia,
762 2501 981 2563 Κύκλος
1010 2504 1127 2558 sive
1171 2503 1390 2555 Poema
1438 2498 1750 2570 cyclicum,
1802 2494 2016 2568 Hymni

359 2620 388 2648 ‹‹
415 2603 473 2652 et
491 2595 723 2668 Cypria.
756 2617 784 2644 »
806 2593 906 2650 His
938 2591 1094 2646 infra
1115 2607 1185 2644 ex
1211 2588 1506 2644 Herodoto
1530 2587 1694 2642 addit
1715 2585 2017 2653 Κέρκωπας

362 2691 420 2742 et
451 2680 816 2758 Ψαρομαχίαν
851 2681 969 2737 sive
1012 2682 1340 2737 Stumorum
1383 2692 1676 2758 pugnam;
1727 2675 2066 2744 affertquer

362 2774 661 2847 integrum
695 2772 981 2827 Cammum
1037 2769 1317 2839 variaqne
1375 2757 1494 2821 ali'a
1522 2764 1758 2819 Homeri
1818 2763 2020 2817 brevia

361 2863 646 2920 carmina.
694 2861 825 2916 Filii
859 2859 1095 2915 Homeri
1122 2859 1287 2913 fuere
1319 2856 1582 2928 Eriphon
1616 2859 1674 2909 et
1727 2851 2018 2908 Theolaus

359 2971 542 3028 gener
573 2952 862 3019 Stasinus,
886 2949 1157 3023 Cyprius,
1191 2953 1300 3003 etc.

433 3045 742 3110 Homerus,
795 3038 1198 3095 Andromachi
1232 3039 1290 3092 et
1335 3037 1552 3108 Myrus,
1587 3031 1898 3106 Byzantim,
1931 3030 2035 3097 F.-,-

361 3132 786 3207 grammaticus
818 3135 876 3185 et
897 3133 1069 3202 poeta
1086 3127 1534 3200 tragicus,unus
1557 3140 1586 3178 e
1608 3121 1862 3194 pleiade.
1885 3119 2016 3175 Flo-

357 3224 481 3279 ruit
509 3219 858 3293 Olympiade
891 3219 1134 3273 CXXIV.
1166 3216 1413 3288 Scripsit
1444 3212 1756 3286 tragoedias
1788 3211 1943 3264 XLV.

433 3314 720 3368 Homerus
755 3352 768 3378 ,
829 3311 1220 3381 cognomento
1289 3305 1525 3368 Sellius,
1574 3299 2016 3374 grammaticus,

2140 711 2168 739 ‹‹
2229 687 2493 743 Alcaeum
2552 690 2612 739 et
2655 685 3056 738 Homerum.»
3115 675 3357 730 Videtur
3412 672 3788 727 Christianus

2127 779 2311 834 fuisse
2339 778 2553 842 factus,
2586 778 2651 828 ut
2682 773 2994 828 Heraiscus
3025 767 3381 840 prendixerat
3419 764 3562 829 fore,
3600 767 3712 816 etc.

2197 863 2564 938 Ὑμνοπόλος,
2593 864 2927 920 carminibus
2957 860 3096 915 alios
3133 857 3428 913 celebrans.
3456 855 3534 908 De
3558 852 3790 907 Alema-

2125 975 2224 1027 ne,
2257 959 2464 1031 lyrico,
2497 956 2880 1028 epigramma,
2911 947 3119 1004 πολλαὶ
3165 942 3420 1020 πατρίδες
3470 939 3786 1015 ὑμνοπλων.

2195 1045 2433 1109 Ὑώδεις.
2465 1046 2669 1102 Suillis
2698 1043 2964 1100 moribus
2991 1047 3050 1096 et
3078 1040 3248 1095 ovino
3279 1036 3517 1109 ingenio
3550 1033 3781 1105 prmditi

2055 1149 2080 1163 ”
2127 1143 2235 1198 ﬁlii
2300 1138 2673 1212 Hippocratis
2726 1133 2960 1194 (diversi
3015 1149 3049 1186 a
3099 1130 3375 1197 medico),
3423 1124 3782 1194 Telessipus,

2127 1231 2496 1302 Dem0phon,
2525 1226 2802 1295 Pericles,
2823 1241 2857 1280 a
2886 1221 3130 1278 comicis
3163 1217 3665 1290 perstringuntur.

2199 1322 2466 1395 Hypatia,
2495 1317 2752 1374 Theonis
2785 1317 3125 1389 geometra),
3167 1307 3552 1364 Alexandrini
3585 1304 3783 1376 philo—

2127 1416 2321 1487 sophi,
2356 1413 2496 1481 filia,
2519 1428 2666 1466 uxor
2695 1408 2902 1464 Isidori
2929 1403 3293 1478 philosophi,
3317 1401 3520 1456 floruit
3555 1404 3780 1468 tempo-

2045 1519 2048 1524 '
2125 1506 2291 1561 ribus
2322 1502 2556 1561 Arcadii
2601 1503 2744 1572 imp.
2797 1498 3048 1569 Scripsit
3086 1519 3112 1545 ‹‹
3163 1491 3670 1550 Commentarium
3725 1490 3786 1545 in

2128 1617 2157 1646 ι‹
2181 1593 2530 1666 DiOp-hantis
2586 1588 3056 1646 astronomicum
3106 1585 3441 1647 Canonem;
3473 1581 3535 1634 in
3566 1580 3787 1636 Conioa

2127 1708 2158 1736 (ι
2186 1681 2505 1756 Apollonii.
2534 1702 2562 1730 ››
2590 1677 2964 1736 Alexandriae
2995 1681 3158 1742 nata,
3193 1672 3406 1728 educta
3448 1673 3508 1724 et
3539 1668 3794 1735 erudita,

2126 1774 2364 1848 ingenio
2398 1770 2809 1846 praestantiore
2839 1782 3020 1839 quam
3035 1770 3224 1836 pater,
3245 1779 3366 1818 non
3399 1759 3790 1830 acquiescens

2130 1864 2452 1938 paternain
2480 1859 2918 1917 mathematicis
2944 1854 3344 1917 institutione,
3363 1855 3592 1906 caetera
3613 1849 3792 1903 etiam

2130 1953 2524 2028 philosophiae
2553 1958 2856 2006 strenuam
2879 1962 3122 2018 operam
3147 1941 3458 2014 impendit,
3483 1945 3542 1994 et
3571 1938 3790 1993 mulier

2043 2005 2089 2072 Β
2132 2005 2712 2118 ξιῖὦὲδὶδῖῐζαῇἱορθῐ·
2742 2005 2997 2094 mediam
3020 2005 3650 2103 urbem.progrediens
3681 2045 3784 2098 pu-

2129 2137 2285 2193 blice
2316 2135 2522 2191 audire
2569 2148 2630 2187 se
2663 2128 2996 2184 volentibus
3028 2126 3335 2180 Platonem
3382 2120 3472 2174 vel
3503 2119 3789 2174 Aristote-

2041 2233 2049 2246 ‘
2130 2227 2249 2282 lem
2272 2225 2363 2278 vel
2383 2222 2645 2296 cujusvis
2675 2219 2923 2275 alterius
2950 2213 3288 2288 philosophi
3309 2211 3529 2281 scripta
3552 2225 3788 2263 enarra-

2130 2318 2250 2373 bat.
2281 2315 2531 2387 Hypatia
2588 2311 2913 2365 dilacerata
2968 2307 3081 2361 fuit
3121 2304 3194 2360 ab
3257 2299 3698 2365 Alexandrinis,
3733 2302 3792 2352 et

2132 2423 2348 2478 corpus
2379 2405 2510 2476 ejus
2543 2419 2679 2458 cum
2735 2398 2995 2454 ludibrio
3053 2411 3160 2466 per
3190 2393 3404 2448 urbem
3449 2390 3790 2461 disjectum,

2133 2477 2292 2569 quod
2323 2495 2546 2550 factum
2578 2492 2749 2548 aiunt
2779 2506 2848 2544 ex
2904 2485 3126 2542 invidia
3166 2481 3395 2554 Gyrilli,
3425 2479 3539 2545 vel,
3572 2483 3637 2533 ut
3667 2477 3791 2543 alii,

2131 2567 2292 2659 quod
2324 2580 2712 2640 Alexandrini
2738 2585 2954 2635 natura
2975 2580 3179 2633 essent
3198 2573 3456 2630 audaces
3479 2574 3535 2625 et
3553 2568 3626 2624 ad
3644 2567 3794 2622 sedi-

2131 2678 2355 2731 tionem
2388 2673 2696 2746 proclives.
2734 2672 2877 2725 Nam
2910 2667 3130 2722 multos
3161 2663 3340 2718 etiam
3373 2661 3790 2732 episcoporum

2132 2781 2375 2822 suorum
2426 2765 2509 2818 ita
2565 2763 2914 2824 tractarunt,
2970 2755 3055 2810 uti
3115 2751 3428 2823 Georgium
3485 2752 3542 2802 et
3588 2749 3792 2800 Prote-

2132 2857 2306 2921 rium,
2344 2859 2454 2908 etc.
2484 2854 2814 2923 Imperator
2843 2863 2975 2902 eam
3003 2860 3130 2899 rem
3157 2839 3504 2915 gravissime
3537 2835 3695 2905 tulit,
3728 2839 3789 2889 et

2128 2943 2291 2998 ultus
2323 2945 2500 3009 esset,
2533 2939 2648 2994 nisi
2679 2935 2948 2992 Edesius
2991 2933 3215 2989 amicos
3239 2924 3618 2999 imperatoris
3659 2939 3792 2977 cor-

2128 3032 2409 3104 rupisset.
2443 3029 2555 3085 Sed
2587 3029 2911 3100 imperator
2939 3040 3175 3097 ptenam
3204 3021 3518 3076 remittens
3543 3015 3792 3072 interfe-

2132 3125 2416 3188 ctoribus,
2468 3123 2531 3177 in
2564 3137 2736 3176 suum
2766 3119 2955 3190 ipsius
2988 3120 3166 3188 caput
3195 3119 3254 3170 et
3311 3113 3558 3183 stirpem
3616 3125 3786 3164 suam

2130 3215 2423 3271 ultionem
2446 3212 2705 3268 attraxit.
2737 3210 2879 3280 Ejus
2904 3208 3064 3263 enim
3083 3222 3267 3276 nepos
3291 3219 3496 3275 poenas
3518 3200 3784 3256 exsolvit.

2130 3305 2262 3360 Nihi
2297 3320 2367 3359 ea
2395 3319 2490 3357 res
2523 3299 2828 3356 imminuit
2857 3295 3395 3352 Alexandrinorum
3429 3292 3694 3348 studium
3724 3292 3787 3346 in

433 3361 716 3368 ----..--"_
756 3361 768 3378 ,
1516 3361 1524 3368 ,
1574 3361 1606 3374 υ
2003 3361 2009 3364 .

363 3402 606 3474 scripsit
634 3401 916 3472 Hymnos.
950 3397 1201 3452 Ludicra
1229 3394 1374 3450 varii
1417 3391 1674 3466 generis,
1701 3388 1970 3444 versibus
2001 3403 2032 3441 :-
2056 3361 2100 3431 C
2131 3393 2458 3460 Isidorum;
2492 3407 2632 3445 nam
2656 3390 2695 3443 ii
2727 3388 2929 3456 etiam,
2973 3385 3072 3457 qui
3107 3382 3419 3438 rhetoricis
3451 3386 3509 3435 et
3538 3380 3787 3452 poeticis

362 3479 422 3548 et
447 3493 629 3546 Prosa
658 3489 730 3544 de
757 3487 1030 3561 personis
1061 3485 1306 3542 comicis
1331 3488 1388 3539 et
1417 3485 1782 3554 Argumenta
1813 3493 2024 3533 coma:-

367 3581 601 3636 diarum
634 3576 962 3644 Menandri,
995 3575 1177 3645 Infra,
1210 3569 1464 3634 Σέλλιος.

439 3664 851 3741 Ὀμοιομὲρεια.
906 3671 1284 3737 Anaxagoras
1335 3660 1728 3734 philosophus
1785 3657 2023 3713 dicebat

361 3761 426 3816 in
460 3759 605 3814 luna
634 3756 886 3812 habitari
920 3759 978 3811 et
1008 3771 1135 3810 esse
1185 3754 1246 3808 in
1279 3769 1349 3808 ea
1379 3751 1562 3806 colles
1613 3755 1670 3804 et
1699 3747 2017 3803 convalles.

364 3847 668 3919 Principia
695 3863 832 3901 vero
872 3861 1074 3900 rerum
1109 3859 1238 3898 esse
1269 3841 1692 3897 Homaeomerias
1733 3839 1850 3893 sive
1881 3855 2017 3909 par-

363 3937 600 4005 ticulas,
631 3935 809 3991 rebus
841 3933 1091 4007 singulis
1125 3931 1373 3987 similes.
1407 3935 1518 3986 etc.

435 4025 779 4083 Homoloius
801 4020 1164 4097 (Ὁμολώϊος)
1192 4020 1446 4094 Jupiter,
1468 4018 1681 4075 Thebis
1708 4023 1766 4074 et
1795 4018 1856 4073 in
1885 4017 2020 4073 aliis

359 4116 595 4172 Bmotize
627 4112 962 4169 civitatibus
984 4112 1179 4167 cultus
1210 4115 1270 4166 et
1325 4111 1387 4165 in
1438 4109 1744 4165 Thessalia
1800 4124 2018 4163 nomen

357 4204 539 4261 habet
567 4204 639 4260 ab
669 4202 980 4258 Homoloia
1037 4201 1298 4268 fatidica,
1345 4200 1570 4272 Eunyei
1633 4198 1775 4263 filia,
1811 4214 2013 4268 quam,

356 4300 574 4361 vatem,
609 4292 864 4364 Delphos
887 4291 1132 4346 missam
1162 4289 1346 4344 fuisse
1379 4289 1568 4355 aiunt,
1590 4294 1656 4342 ut
1681 4287 2020 4358 AristOpha-

359 4401 469 4440 nes
487 4383 640 4438 libro
666 4380 926 4438 secundo
951 4382 1168 4436 Rerum
1191 4377 1620 4433 Thebaicarum
1644 4375 1842 4431 tradit.
1868 4377 2019 4430 Ister

358 4491 496 4529 vero
528 4473 680 4528 libro
712 4472 813 4526 XII
858 4473 1190 4542 Συναγωγῆς
1252 4467 1371 4523 sive
1415 4466 1950 4530 Collectaneorum,
1983 4480 2018 4519 a

358 4563 522 4636 pacis
555 4563 772 4629 studio,
807 4559 968 4632 quod
996 4556 1206 4629 ὅμολον
1229 4561 1317 4612 est
1342 4555 1498 4628 apub
1525 4554 1716 4610 [Eoles
1747 4555 1882 4626 (76l.
1917 4556 2018 4609 Est

361 4659 420 4709 et
448 4651 662 4709 Thebis
685 4653 882 4718 Ceres,
913 4666 1043 4720 quae
1076 4647 1366 4703 Homoloia
1398 4645 1761 4718 appellatur.

2129 3483 2350 3538 scholis
2381 3485 2697 3553 prmerant,
2733 3478 3075 3548 frequentes
3131 3471 3473 3545 philosophi
3505 3486 3785 3542 congres-

2129 3589 2228 3628 sus
2251 3570 2550 3626 amabant.
2603 3571 2728 3623 Mea
2755 3583 2889 3620 vero
2931 3570 3074 3620 aetas
3136 3567 3254 3616 tres
3301 3560 3464 3614 novit
3519 3559 3781 3627 criticos,

2128 3661 2230 3734 qui
2263 3661 2336 3716 de
2366 3660 2462 3727 iis,
2491 3675 2623 3730 quae
2655 3657 2728 3711 de
2761 3654 2956 3712 soluta
2992 3653 3261 3709 oratione
3293 3647 3782 3720 dicuntur,judi-

2126 3768 2262 3808 care
2292 3754 2546 3822 possunt
2599 3750 2946 3803 Poematum
2980 3743 3140 3800 enim
3174 3746 3233 3796 et
3257 3739 3618 3811 scriptorum
3649 3754 3784 3809 pro-

2126 3843 2424 3898 saicorum
2458 3839 2617 3895 idem
2667 3837 2964 3911 judicium
2998 3850 3126 3890 esse
3189 3834 3423 3887 constat
3501 3830 3617 3900 Ego
3647 3843 3782 3882 vero

2125 3933 2305 3989 etiam
2330 3935 2722 4000 utrorumque
2750 3925 3026 3982 eumdem
3076 3921 3366 3978 artificem
3400 3934 3527 3972 esse
3553 3917 3782 3988 judico,

2127 4023 2175 4078 si
2198 4020 2372 4077 modo
2393 4024 2709 4089 utrumque
2732 4017 2861 4088 pari
2886 4013 3078 4070 studio
3103 4013 3465 4066 exerceatur.
3490 4005 3786 4061 Isidorum

2123 4129 2259 4168 vero
2291 4113 2450 4166 inter
2479 4110 2716 4166 criticos
2768 4107 2902 4162 illos
2952 4120 3072 4160 non
3114 4116 3421 4159 recenseo,
3455 4097 3560 4152 sed
3595 4085 3783 4151 tribus

2123 4202 2245 4258 illis
2275 4202 2450 4274 longe
2492 4199 2837 4255 inferiorem
2887 4210 3016 4249 esse
3049 4197 3210 4264 puto.
3260 4189 3494 4244 Iudices
3524 4203 3659 4240 vero
3693 4185 3782 4239 illi

2125 4297 2264 4348 sunt
2310 4289 2588 4363 Agapius,
2652 4285 3021 4348 Severianus,
3073 4283 3314 4335 Nonius.
3370 4278 3591 4332 Nomus
3644 4291 3780 4328 vero

2123 4387 2328 4437 noster
2360 4386 2450 4435 est
2479 4377 2749 4448 aequalis.
2782 4377 2845 4444 (E
2876 4369 3235 4438 Damascio.)

2193 4469 2587 4543 Hyperbolus,
2621 4467 3002 4535 demagogus,
3053 4475 3232 4531 quem
3282 4455 3654 4526 Thucydides
3703 4453 3775 4506 li-

2121 4561 2227 4616 bro
2258 4577 2352 4615 vm
2374 4577 2481 4632 per
2509 4556 2928 4614 ostracismum
2955 4552 3284 4623 relegatum
3311 4546 3537 4604 scribit.
3562 4545 3779 4599 Litium

2123 4666 2332 4706 amans
2361 4649 2434 4704 ab
2456 4646 2855 4718 Aristophane
2878 4639 3316 4714 perstringitur.
3338 4640 3406 4692 V.
3440 4637 3652 4691 Kuster
3680 4635 3778 4704 III,

425 4741 607 4814 Ὧραι.
639 4742 742 4794 Est
763 4716 1182 4809 liberquidam
1203 4716 1458 4804 Prodici,
1479 4716 1643 4790 Horae
1666 4716 2090 4806 inscriptus,-D
2123 4761 2254 4820 pag,
2290 4747 2414 4799 539,

356 4833 419 4887 in
453 4848 569 4903 quo
603 4830 916 4886 Herculem
965 4828 1107 4884 facit
1144 4828 1344 4882 virtuti
1405 4831 1463 4882 et
1519 4826 1654 4883 vitio
1687 4843 2011 4883 occurren-

359 4925 502 4987 tem,
551 4935 808 5000 cumque
839 4922 1090 4988 utraque
1132 4915 1207 4971 ad
1239 4933 1378 4972 suos
1410 4933 1603 4971 mores
1636 4933 1770 4971 eum
1802 4917 2014 4972 invita-

358 5005 471 5080 ret,
503 5008 817 5064 Herculem
848 5007 1047 5062 virtuti
1075 5023 1135 5062 se
1168 5005 1535 5078 adjunxisse,
1561 5011 1618 5060 et
1646 5006 1809 5061 illius
1832 5006 2011 5061 sudo-

360 5116 457 5155 res
489 5099 902 5170 anteposuisse
931 5095 1334 5168 voluptatibus
1379 5095 1524 5164 vitii,
1558 5096 1632 5152 ad
1677 5096 1850 5152 breve
1882 5101 2016 5151 tan—

360 5195 486 5246 tum
514 5196 750 5268 tempus
781 5187 1156 5256 durantibus,

432 5279 772 5352 Horapollo,
817 5295 890 5333 ex
937 5275 1378 5348 Phaenebytide,
1414 5275 1536 5332 vico
1569 5277 2015 5346 Panopolitanaa

355 5369 725 5442 praefecturas
743 5368 1187 5441 grammaticus,
1209 5365 1282 5420 ob
1306 5372 1497 5422 artem
1523 5366 1742 5433 clarus,
1776 5373 1836 5422 et
1863 5367 2014 5422 nulli

355 5464 621 5516 veterum
653 5457 1134 5514 doctissimorum
1157 5457 1681 5529 grammaticorum
1716 5456 2014 5512 secundus

355 5549 561 5605 docuit
584 5545 960 5605 Alexandriae
993 5546 1055 5602 in
1085 5547 1351 5618 Egypto,
1397 5544 1612 5600 deinde
1658 5546 1830 5603 CPoli
1861 5552 2013 5601 tem-

356 5655 500 5709 pore
531 5635 846 5694 Theodosii
877 5637 1022 5708 imp.
1055 5635 1303 5706 Scripsit
1329 5633 1623 5707 Τεμενικὰ,
1675 5657 1702 5690 ι
1733 5637 1814 5692 De
1843 5635 2012 5691 delu-

2195 4818 2596 4906 Hyperechius
2655 4824 3117 4891 Alexandrinus,
3149 4818 3594 4894 grammaticus,
3631 4819 3781 4869 tem-

2124 4904 2370 4999 poribus
2402 4918 2678 4976 Marciani
2702 4917 2845 4988 imp.
2872 4912 3118 4985 Scripsit
3143 4932 3171 4960 «
3205 4913 3405 4964 Artem
3434 4904 3782 4979 grammati‘

2130 5038 2156 5066 «
2175 5030 2334 5081 cam;
2360 5013 2438 5066 De
2460 5007 2833 5072 nominibus;
2859 5005 2940 5060 De
2963 5003 3138 5058 verbo
3160 5002 3270 5068 ;De
3285 4992 3724 5067 orthographia.
3754 5013 3775 5040 ιο

2196 5100 2545 5176 Hyperides,
2567 5095 2898 5167 Glaucippi,
2948 5091 3225 5157 rhetoris,
3253 5087 3364 5154 vel,
3409 5089 3475 5140 ut
3504 5081 3626 5148 alii,
3669 5082 3782 5150 Py-

2125 5174 2411 5249 thoclisF.
2426 5233 2440 5259 ,
2460 5184 3225 5254 Atheniensis,demagogus
3237 5177 3498 5249 optimus
3511 5174 3782 5226 etorator

2125 5297 2282 5338 unus
2322 5297 2394 5336 ex
2417 5278 2539 5334 illis
2569 5277 2776 5333 decem
2809 5274 2910 5345 qui
2942 5269 3242 5344 principes
3273 5266 3610 5321 censentur.
3655 5259 3780 5314 Dis-

2127 5367 2360 5439 cipulus
2376 5365 2492 5420 fuit
2519 5381 2639 5419 una
2667 5378 2803 5418 cum
2834 5361 3092 5430 Lycurgo
3118 5352 3382 5410 Platonis
3413 5347 3775 5439 philosOphi,

2128 5463 2186 5512 et
2214 5455 2489 5511 Isocratis
2537 5451 2812 5507 rhetoris.
2846 5447 3088 5503 Amicus
3149 5443 3289 5497 licet
3338 5435 3774 5502 Demosthenis,

2125 5547 2323 5617 ipsum
2344 5550 2545 5600 tamen
2575 5542 2652 5597 ob
2684 5537 3018 5613 pecuniam,
3051 5533 3124 5590 ab
3156 5529 3407 5601 Harpalo
3449 5529 3774 5617 acceptam,

2125 5609 2441 5690 accusavit.
2475 5609 2786 5688 Amoribus
2818 5624 3137 5683 mulierum
3172 5617 3464 5677 addictior
3493 5613 3625 5669 fuit.
3650 5609 3772 5669 Suh

432 5788 739 5861 (761Conf.
774 5786 1056 5842 Valcken.
1103 5786 1176 5841 ad
1213 5785 1409 5842 Schol.
1439 5787 1638 5859 Eurip.
1665 5789 1927 5844 Phaeniss.
1956 5803 2010 5840 v.
2055 5788 2214 5858 1120,
2245 5801 2377 5857 pag.
2415 5786 2539 5839 732.
2565 5783 2738 5837 ΒΑΜ..
