4110 6432
485 438 644 502 12⁵19

482 577 641 633 latus
671 580 869 631 autem
902 581 994 632 est
1049 576 1121 632 ab
1181 578 1493 649 Antipatro
1548 594 1705 651 rege,
1756 579 1859 650 qui
1897 593 2031 634 eum
2066 596 2135 635 ex
2164 582 2223 650 Α

482 666 713 721 Cereris
745 665 988 736 templo,
1012 666 1171 737 quod
1205 671 1297 721 est
1325 666 1680 735 Hermionae,
1704 683 1812 738 per
1835 667 2135 736 Archiam,

1810 440 2051 503 INDEX
2095 438 2595 505 SCRIPTORUM

3744 444 3894 507 1280

2320 577 2611 652 Ἰερατική,
2671 578 2789 635 sive
2839 577 3090 635 scientia
3146 580 3551 649 sacerdotalis,
3614 580 3812 637 diﬂ‘ert
3862 600 3894 640 a

2242 668 2645 742 philosOphia,
2704 670 3098 742 consistitque
3153 671 3214 726 in
3274 671 3437 726 cultu
3483 669 3731 727 deorum
3781 678 3895 730 eta

482 756 581 828 qui
616 756 755 810 inde
809 750 1227 830 Φυγαδοθήρας,
1261 756 1381 811 sive
1417 756 1799 830 fugitivorum
1830 757 2139 831 indagator
2244 759 2440 815 causis
2494 758 2787 814 mundum
2842 760 3313 832 gubernantibus
3364 761 3593 833 incipit,
3640 767 3699 816 et
3740 763 3891 820 circa

481 846 674 902 dictus
732 850 841 915 est,
892 846 1156 912 extrahi,
1212 846 1597 919 linguamque
1645 847 1888 919 praecidi
1930 848 2132 920 jussit.

482 938 627 992 Ossa
657 934 840 1003 illius,
874 936 1255 1007 Glaucippus,
1290 937 1353 991 in
1385 937 1576 1009 patrio
1618 942 2006 994 monumento
2041 955 2131 993 se-

476 1026 667 1098 peliit.
700 1025 1011 1081 Orationes
1039 1026 1169 1098 ejus
1201 1043 1412 1083 omnes
1438 1032 1577 1083 sunt
1605 1027 1739 1083 LVI.

545 1113 737 1190 Ὑῤῥας
783 1120 935 1177 παῖς.
996 1117 1240 1189 Hyrrhaa
1272 1117 1454 1185 filius,
1515 1118 1819 1184 Pittacus;
1851 1117 2133 1190 idemque

480 1205 801 1277 llyrradius
831 1204 1068 1262 dicitur.

1282 1298 1327 1353 Ι.

546 1386 772 1461 Ἴακχος
801 1387 1068 1460 Hymnus
1123 1387 1187 1442 in
1239 1387 1553 1443 Bacchum.
1604 1383 1831 1459 ’ᾼδουσι
1854 1389 1983 1460 γοῦν
2034 1385 2126 1441 τὸν

474 1477 688 1552 Ἰάκχον
748 1474 930 1552 ὥσπερ
984 1476 1251 1549 Διαγόρας
1286 1517 1299 1530 .
1357 1478 1522 1533 Hunc
1605 1477 1916 1550 Diagoram
1960 1479 2130 1534 aiunt

475 1571 718 1626 atheum
742 1569 950 1625 fuisse.
976 1568 1108 1624 Fuit
1135 1574 1333 1624 autem
1365 1572 1425 1624 et
1453 1567 1605 1624 alter
1633 1568 1898 1623 Terthrei
1930 1569 1990 1624 F.
2025 1568 2127 1639 qui

477 1660 551 1717 ob
578 1660 1049 1734 magnitudinem
1082 1660 1346 1731 corporis
1378 1658 1450 1714 ab
1482 1659 1727 1717 comicis
1776 1659 2130 1732 perstringi-

475 1755 591 1817 tur,
626 1757 691 1806 ut
719 1751 792 1807 ab
823 1747 1149 1823 Hermippo’
1171 1751 1233 1805 in
1265 1747 1517 1824 Μοίραις.

544 1843 809 1912 Iadmon,
844 1837 1097 1913 Ἰάδμων,
1129 1836 1446 1913 Ἰαδμωνος,
1501 1840 1757 1909 Samius,
1813 1841 1984 1914 cujus
2013 1857 2123 1896 an-

469 1933 627 2001 cilia,
662 1933 982 2005 Rhodopis,
1038 1933 1344 2001 meretrix,
1392 1947 1607 2005 genere
1654 1931 1922 1999 Thracia,
1945 1948 2125 2003 quam
2158 1952 2203 2015 Β

470 2022 795 2089 Charaxus,
830 2021 1163 2094 Sapphonis
1207 2022 1410 2090 frater,
1446 2036 1694 2077 uxorem
1744 2020 1934 2088 duxit,
1968 2025 2028 2075 et
2057 2037 2125 2077 ex

471 2130 542 2169 ea
570 2112 791 2169 liberos
821 2112 1174 2186 procreavit.

542 2205 778 2272 Iachen,
834 2204 1157 2277 Egyptius,
1214 2202 1615 2275 singularibus
1647 2203 1828 2258 aDeo
1887 2202 2127 2257 dotibus

469 2296 822 2363 instructus,
880 2294 1023 2349 vixit
1078 2292 1187 2348 sub
1235 2293 1446 2365 Senye,
1505 2293 1908 2365 Egyptiorum
1963 2309 2125 2365 rege,

471 2384 872 2440 amuletorum
902 2381 1498 2452 incantationumque
1527 2381 1777 2452 peritus,
1810 2381 1913 2452 qui
1940 2380 2122 2453 pesti-

469 2472 688 2529 lentias
735 2475 1072 2544 grassantes
1103 2469 1387 2525 exstinxit
1433 2475 1492 2524 et
1538 2469 1798 2541 primum
1827 2469 2123 2526 Canicula:

469 2567 741 2618 exortum
773 2566 1216 2631 mstuosumque
1249 2558 1462 2614 sideris
1492 2559 1655 2615 illius
1686 2558 1977 2615 influxum
2007 2559 2122 2616 mi.

469 2650 691 2724 tigavit,
723 2666 902 2721 quam
935 2649 1008 2704 ob
1042 2666 1283 2704 causam
1339 2648 1657 2721 magnifico
1686 2648 1895 2704 funere
1933 2648 2122 2706 elatus

469 2745 576 2796 est.
611 2740 734 2796 Etsi
765 2740 1004 2811 quando
1035 2738 1280 2795 morbus
1311 2738 1679 2811 epidemicus
1710 2737 2120 2808 invalesceret,

468 2831 618 2886 sacri
653 2829 883 2897 scribae,
917 2829 1047 2901 ejus
1095 2828 1301 2885 fanum
1333 2828 1642 2900 adeuntes,
1666 2829 1851 2885 sacris
1880 2828 1993 2884 rite
2019 2845 2120 2901 pe-

468 2920 668 2989 ractis,
704 2936 775 2974 ex
805 2935 909 2975 ara
939 2920 1069 2991 ejus
1119 2918 1317 2991 ignem
1365 2916 1790 2985 accendebant,
1844 2917 2121 2991 rogisque

469 3009 692 3081 passim
722 3025 831 3080 per
859 3008 1070 3064 urbem
1101 3008 1371 3064 excitatis
1400 3008 1555 3064 aeris
1583 3006 1773 3063 fastidi
1818 3007 2121 3063 exitialem

463 3098 629 3153 luem
679 3098 1146 3171 exstinguentes,
1179 3113 1332 3154 nova
1362 3098 1473 3154 hac
1504 3097 1594 3153 via
1636 3095 1933 3166 morbum,
1966 3096 2119 3169 ignis

465 3185 783 3255 beneﬁcio,
815 3187 1263 3259 prapulsabant.

534 3278 817 3348 lalemus,
848 3277 1145 3350 CalliOpes
1178 3278 1339 3333 ﬁlius
1381 3277 1609 3347 infelix,
1644 3282 1757 3333 etc.

532 3365 754 3435 lambe,
789 3370 1347 3442 nomen’proprium
1372 3368 1638 3436 femina),
1671 3369 1744 3426 de
1777 3385 1895 3440 qua
1924 3369 2054 3425 vide
2085 3385 2120 3425 a

459 3460 708 3515 Kustero
738 3460 809 3525 ΙΙ,
834 3476 965 3533 pag.
999 3462 1088 3528 89,
1121 3464 1246 3516 not.
1278 3464 1331 3528 7,
1366 3461 1598 3517 citatos.

530 3542 853 3620 Ἰαμϐίζειν,
889 3570 917 3600 ‹‹
949 3550 1231 3605 conviciis
1263 3550 1567 3619 insectari,
1603 3571 1631 3600 ››
1663 3554 1776 3607 etc.

535 3639 766 3710 Ibycus,
798 3639 993 3711 Phytii
1025 3639 1115 3694 vel
1137 3639 1413 3710 Polyzeli,
1436 3639 1712 3696 Messenii
1733 3639 2122 3713 historiogra-

460 3727 1108 3799 phi,velCerdantisF.,
1132 3744 1348 3800 genere
1363 3730 1685 3802 Rheginus.
1719 3728 1862 3785 Inde
1875 3729 2118 3786 Sanium

464 3816 757 3889 migravit,
789 3832 924 3872 cum
956 3816 1037 3870 ibi
1056 3817 1419 3889 Polycrates,
1444 3818 1684 3889 tyranni
1705 3824 1892 3890 pater,
1927 3820 2121 3891 impe—

463 3910 643 3972 raret,
694 3904 1042 3976 Olympiade
1074 3906 1209 3971 LIV,
1243 3906 1612 3977 temporibus
1661 3907 1863 3976 Crmsi,
1895 3907 2122 3964 invenit

461 3994 807 4049 sambucam
840 3987 1105 4066 (ἷϐόκινον
1134 3994 1209 4050 ab
1248 4011 1319 4050 eo
1347 3994 1593 4067 dictam)
1612 3996 1859 4052 citharae
1892 3998 2118 4069 trique-

463 4090 570 4141 trae
596 4101 801 4159 genus.
840 4085 1086 4157 Scripsit
1104 4085 1359 4142 dialecto
1389 4086 1593 4142 dorica
1617 4087 1803 4143 libros
1824 4089 1943 4149 ΥΠ.
1979 4089 2119 4161 Ejus

463 4176 690 4234 dictum
717 4194 731 4231 :
770 4175 861 4244 Μὴ
892 4195 944 4229 τι
977 4173 1099 4249 περὶ
1140 4173 1294 4240 θεοὺς
1325 4173 1635 4249 ἀμπλακὼν
1662 4175 1828 4249 τιμὰν
1860 4177 1999 4253 πρὸς
2026 4178 2116 4231 ἆν-

459 4265 697 4339 θρώπων
727 4262 981 4338 ἀμεῖψαι,
1037 4289 1065 4316 ι(
1090 4266 1235 4323 deos
1278 4283 1398 4322 non
1442 4267 1853 4336 offendendos,
1886 4274 1954 4324 ut
1979 4267 2118 4324 inde

460 4380 489 4407 ‹‹
512 4358 766 4430 gratiam
786 4356 858 4413 ab
878 4357 1221 4413 hominibus
1241 4358 1648 4430 consequaris.
1670 4381 1699 4410 »
1713 4361 1760 4415 A
1782 4359 2119 4417 latronibus

462 4447 916 4504 interﬁciendus
931 4465 1106 4521 grues
1127 4448 1394 4505 vindices
1420 4449 1549 4505 fore
1572 4449 1740 4519 dixit,
1766 4451 1923 4522 quod
1954 4468 2116 4507 com-

457 4538 732 4609 probavit
759 4543 1035 4594 eventus:
1072 4539 1229 4595 unde
1249 4540 1648 4610 proverbium,
1679 4542 1833 4612 Ibyci
1861 4559 2041 4612 grues.

526 4626 763 4699 ’Ixeosc.
816 4629 1083 4698 Azlsopus,
1116 4627 1471 4683 Mithridatis
1501 4635 1880 4703 anagnostes,
1916 4633 2113 4705 scrip-
2146 4647 2192 4712 ι)

459 4715 778 4772 sitlibrum
812 4715 885 4771 de
917 4716 1163 4783 Helena,
1194 4716 1256 4771 in
1288 4734 1404 4788 quo
1449 4718 1551 4798 ait,
1610 4720 1833 4776 cetacei
1877 4721 2113 4794 generis

458 4805 684 4876 piscem
716 4805 1037 4875 quemdam
1077 4807 1220 4858 πᾶνα
1264 4807 1482 4877 vocari,
1535 4808 1597 4863 in
1644 4809 1757 4866 hoc
1807 4810 2113 4867 asteritem

455 4894 718 4967 lapidem
747 4894 1018 4966 reperiri,
1052 4895 1153 4967 qui
1185 4912 1220 4950 a
1249 4896 1374 4953 sole
1397 4898 1743 4955 accenditur
1771 4904 1831 4956 et
1859 4900 1934 4956 ad
1963 4900 2117 4972 phil-

456 4990 549 5040 tra
571 4984 738 5039 utilis
770 4990 880 5040 est.

524 5076 737 5139 Idaeus,
770 5074 1054 5145 Rhodius,
1087 5076 1235 5132 Lissi
1265 5079 1352 5147 F.,
1386 5085 1561 5151 poeta
1592 5082 1817 5153 epicus,
1850 5083 1951 5155 qui
1982 5091 2114 5156 post

455 5164 721 5237 singulos
751 5181 956 5220 versus
987 5165 1241 5222 alterum
1281 5184 1515 5224 versum
1574 5169 1850 5227 inserens
1899 5188 2114 5243 poema

457 5255 694 5309 Homeri
724 5254 911 5310 altero
934 5260 1097 5311 tanto
1128 5258 1359 5313 auctius
1389 5257 1549 5312 fecit.
1585 5258 1836 5331 Scripsit
1864 5266 1922 5317 et
1970 5261 2110 5332 alia,

451 5348 519 5398 ut
546 5344 763 5399 Rhodia
792 5345 866 5400 ad
906 5362 1109 5401 versus
1142 5346 1522 5403 hexametros
1550 5352 1641 5401 ter
1667 5348 1858 5405 mille.

519 5525 845 5612 (77).Quat‘n
886 5524 1038 5612 falsa
1083 5526 1208 5606 haec
1240 5526 1319 5612 sit
1366 5523 1629 5612 narratio
1660 5526 1875 5612 Suidae,
1909 5527 2113 5612 Ionem

443 5595 757 5667 scripsisse
783 5597 855 5651 de
889 5596 1172 5651 meteoris
1203 5601 1262 5651 et
1320 5595 1601 5658 συνθέτους
1663 5595 1887 5671 λόγους,
1918 5600 2111 5656 verbis

444 5666 783 5723 scholiastm
824 5667 899 5720 ad
960 5667 1262 5727 Aristoph.
1300 5670 1491 5722 Pacem
1551 5668 1706 5723 male
1766 5669 2110 5727 intellectis.

444 5684 783 5723 scnouasun
824 5684 899 5720 aa
960 5684 1262 5738 aristopn.
1300 5684 1491 5722 Pacem
1551 5684 1706 5723 male
1766 5684 2110 5728 intellectis.

449 5737 626 5816 docet
655 5737 966 5816 Kusterad
989 5739 1183 5816 Suidae
1201 5738 1296 5793 loc
1341 5741 1413 5807 II,
1448 5755 1578 5813 pag.
1613 5743 1733 5816 135,
1767 5757 1836 5816 ex
1857 5743 2109 5799 Bentleii

449 5807 635 5876 Epist.
669 5808 742 5861 ad
774 5807 1022 5864 Milium.
1055 5810 1273 5865 Contra
1290 5826 1359 5866 ea
1389 5807 1603 5870 sensus
1635 5812 1969 5870 scholiastae
1992 5820 2103 5885 est,

2243 866 2342 905 eas
2373 855 2717 923 occupatur,
2740 850 3197 922 consideratque
3228 851 3563 906 animorum
3595 852 3888 908 immorta-

2242 937 2469 994 litatem
2514 939 2902 1012 inﬁnitosque
2934 945 3304 995 mortuorum
3335 940 3489 1013 apud
3522 940 3746 996 inferos
3773 948 3884 997 sta-

2239 1033 2356 1096 tus,
2382 1029 2482 1100 qui
2514 1045 2620 1100 pro
2661 1029 2911 1102 singulis
2960 1029 3276 1085 virtutibus
3329 1034 3388 1085 et
3416 1029 3576 1086 vitiis
3624 1031 3885 1086 attributi

2240 1124 2400 1185 sunt,
2434 1123 2493 1174 et
2518 1119 2708 1176 varias
2767 1118 3022 1175 durante
3045 1120 3166 1175 vita
3218 1120 3604 1194 migrationes
3661 1120 3886 1175 anima-

2237 1225 2392 1265 rum.
2420 1211 2710 1265 Auctores
2737 1209 2903 1265 fuere
2932 1209 3205 1281 Egyptii,
3237 1225 3272 1265 a
3291 1209 3507 1281 quibus
3537 1210 3881 1283 Pythagorei

2236 1298 2439 1354 omnia
2468 1297 2543 1354 ad
2574 1300 2799 1354 Graecos
2831 1298 3210 1354 transtulere.

2308 1384 2542 1456 ’Inaouc.
2601 1387 2978 1459 Colloquium
3038 1388 3321 1460 Philippi,
3378 1386 3719 1454 Christiani,
3753 1405 3883 1443 cum

2236 1476 2587 1545 Theodosio,
2612 1473 2850 1551 ἀρχηγῷ
2880 1477 3240 1545 Iudaeorum,
3274 1477 3542 1532 habitum
3574 1477 3884 1533 Justiniani

2236 1567 2630 1638 temporibus,
2663 1566 2724 1622 in
2747 1584 2865 1639 quo
2886 1566 3123 1623 Judaeus
3144 1568 3475 1639 proﬁtetur,
3501 1583 3563 1622 se
3588 1583 3656 1621 ex
3688 1566 3882 1622 codice

2233 1671 2470 1723 arcano,
2494 1655 2804 1712 Tiberiade
2837 1656 3119 1728 reposito,
3149 1656 3333 1729 probe
3380 1661 3752 1729 compertum
3782 1656 3887 1712 ha-

2233 1743 2395 1811 bere,
2427 1747 2628 1801 Jesum
2661 1763 2791 1802 esse
2824 1747 2924 1801 Dei
2958 1746 3193 1817 Filium,
3227 1752 3431 1802 natum
3458 1763 3528 1801 ex
3551 1746 3730 1801 Maria
3760 1746 3887 1800 Vir-

2232 1834 2366 1908 gine
2423 1840 2599 1907 atque
2676 1835 2821 1891 olim
2883 1837 3041 1892 inter
3090 1836 3429 1892 sacerdotes
3496 1840 3881 1907 cooptatum:

2230 1925 2557 1998 Josephum
2588 1942 2825 1998 quoque
2872 1927 2935 1981 in
2989 1925 3444 1982 Commentariis
3474 1925 3555 1981 De
3582 1924 3739 1980 bello
3777 1924 3883 1979 Ju-

2233 2014 2401 2071 daico
2423 2023 2627 2088 aperte
2648 2016 2868 2085 dicere,
2889 2017 3087 2072 Jesum
3114 2016 3176 2071 in
3199 2016 3420 2089 templo
3452 2033 3588 2071 cum
3620 2014 3890 2071 sacerdo-

2233 2103 2392 2159 tibus
2449 2121 2617 2162 sacra
2670 2105 2906 2163 fecisse.
2967 2107 3047 2161 De
3104 2106 3445 2162 narratione
3496 2105 3603 2161 illa
3660 2104 3778 2160 dixi
3826 2105 3887 2159 in

2233 2193 2435 2249 codice
2465 2195 2806 2268 apocrypho
2839 2195 2978 2251 Novi
3009 2197 3160 2251 Test.
3200 2212 3330 2269 pag.
3386 2196 3514 2263 371,
3549 2200 3607 2250 et
3636 2201 3780 2250 tom.
3813 2196 3887 2262 II,

2231 2298 2363 2355 pag.
2397 2285 2534 2339 547:
2570 2284 2728 2356 quod
2754 2302 2888 2340 vero
2919 2284 2993 2340 ad
3022 2283 3682 2354 codicem,Thiboriade
3715 2300 3887 2356 repo-

2232 2371 2414 2429 situm
2444 2374 2702 2446 attinet;
2732 2374 3131 2430 conferendas
3161 2374 3215 2429 S.
3252 2373 3616 2447 Epiphanus,
3672 2373 3886 2429 haeresi

2233 2461 2320 2529 30,
2356 2479 2484 2536 pag.
2522 2465 2643 2519 133.

2303 2553 2588 2624 Ignatius,
2621 2553 2909 2611 diaconus
2931 2560 2990 2610 et
3011 2559 3210 2611 custos
3238 2570 3514 2611 vasorum
3538 2555 3758 2625 Magnae
3777 2553 3882 2608 Ec-

2231 2640 2428 2697 clesiae
2460 2642 2630 2699 CPol.
2668 2648 2726 2699 et
2754 2644 2963 2700 Nicmae
2994 2644 3510 2717 metropolitanus,
3534 2642 3883 2716 grammati-

2230 2746 2354 2786 cus.
2389 2731 2637 2804 Scripsit
2670 2734 2826 2789 Vitas
2863 2735 3078 2790 Tarasii
3108 2739 3167 2789 et
3192 2732 3507 2805 Nicephori,
3542 2738 3883 2787 sanctorum

2230 2819 2609 2878 etbeatorum
2632 2822 3101 2894 patriarcharum
3123 2841 3136 2889 ;
3156 2825 3352 2894 Elegos
3368 2822 3734 2893 sepulcrales;
3755 2823 3885 2893 Epi-

2228 2909 2428 2977 stolas;
2460 2911 2681 2967 Iambos
2712 2910 2773 2967 in
2801 2913 3059 2967 Thomam
3078 2914 3392 2984 Antartem,
3417 2911 3723 2982 multaque
3745 2911 3882 2967 alia.

2299 2998 2450 3056 Ilion
2463 3000 2607 3056 urbs
2618 3001 2907 3075 Phrygim.
2921 3003 3208 3074 Tempore
3226 3003 3694 3076 Argonautarum
3732 3001 3891 3074 apud

2229 3087 2462 3144 Griecos
2492 3088 2810 3146 vaticinata
2841 3095 2931 3146 est
2954 3089 3177 3162 Sibylla
3192 3090 3519 3162 Erythraea,
3544 3089 3607 3144 in
3636 3089 3894 3162 Phrygia

2227 3191 2364 3230 vero
2393 3177 2557 3243 Tros,
2593 3175 2664 3231 lli
2696 3182 2755 3232 et
2811 3176 3169 3249 Ganymedis
3222 3182 3413 3249 pater,
3470 3176 3758 3249 regnavit,
3784 3175 3889 3247 qui

2227 3264 2463 3336 Trojam
2494 3264 2557 3320 in
2589 3281 2762 3322 suum
2792 3283 3036 3334 nomen,
3071 3266 3242 3321 Ilium
3275 3267 3336 3321 in
3360 3265 3466 3321 ﬁlii
3493 3264 3775 3321 condidit.

2301 3350 2365 3407 Ei
2399 3353 2477 3425 μή
2512 3348 2719 3410 δύναιο.
2752 3355 3042 3427 Theognis
3082 3360 3210 3411 erat
3262 3355 3541 3427 tragicus,
3574 3342 3751 3426 poeta
3780 3354 3887 3409 fri-

2225 3441 2419 3515 gidus,
2454 3461 2632 3516 quem
2662 3444 3071 3517 perstringens
3121 3444 3555 3516 Aristophanes
3587 3444 3687 3514 ait,
3758 3444 3892 3500 nive

2228 3530 2445 3588 texisse
2475 3533 2785 3589 Thraciam
2820 3538 3025 3599 totam,
3049 3539 3109 3588 et
3136 3533 3390 3589 flumina
3419 3533 3783 3607 congelasse.

2298 3622 2424 3687 Ion,
2447 3621 2648 3691 Chius,
2680 3623 2959 3695 tragicus,
2988 3622 3213 3695 lyricus
3242 3628 3301 3679 et
3330 3621 3741 3694 philosophus,
3775 3624 3883 3679 Or-

2225 3711 2526 3768 thomenis
2557 3711 2737 3767 Xuthi
2768 3714 2853 3782 F.,
2886 3712 3200 3785 tragmdias
3230 3712 3442 3768 docere
3474 3711 3651 3783 ccepit
3679 3712 3883 3785 Olym-

2226 3801 2401 3874 piade
2448 3799 2706 3858 LXXXII.
2766 3801 3019 3858 Fabulae
3078 3800 3317 3872 scripsit
3357 3798 3487 3855 XII.
3550 3800 3890 3857 Secundum

2227 3890 2377 3946 alios
2409 3891 2580 3958 ΧΧΧ,
2613 3889 2705 3945 vel
2757 3891 2877 3948 XL.
2920 3891 3084 3947 Idem
3116 3889 3358 3961 scripsit
3410 3888 3541 3963 Περὶ
3599 3888 3890 3963 μετεώρων

2225 3979 2313 4032 καὶ
2347 3978 2630 4041 συνθέτους
2671 3979 2869 4055 λόγους
2914 3982 3026 4051 (77)
3053 3980 3351 4053 (suprajjn
3382 3973 3893 4052 Διθυραμϐοδιὸἀσο

2223 4066 2433 4142 καλοι.)
2465 4071 2633 4125 Hunc
2662 4070 3088 4141 Aristophanes
3117 4086 3224 4142 per
3253 4070 3462 4141 jocum
3505 4067 3688 4125 Ἀοῖον
3723 4074 3896 4126 vocat

2225 4179 2251 4208 ‹‹
2282 4158 2662 4231 (matutinam
2694 4159 2976 4232 stellam).

2292 4250 2520 4321 Iophon
2547 4249 2931 4304 Atheniensis
2960 4250 3238 4321 tragicus,
3260 4248 3557 4322 genuinus
3575 4248 3893 4320 Sophoclis

2225 4339 2430 4413 tragici
2463 4338 2646 4408 ﬁlius,
2699 4357 2770 4395 ex
2812 4339 3165 4394 Nicostrata.
3219 4339 3349 4394 Fuit
3407 4344 3467 4394 et
3516 4338 3736 4394 nothus
3766 4339 3885 4412 ipsi

2224 4427 2386 4484 illius
2430 4429 2693 4497 Ariston,
2749 4446 2820 4484 ex
2872 4427 3261 4496 Theodoride,
3322 4427 3597 4499 Syconia.
3630 4427 3890 4483 Fabulas

2224 4519 2453 4589 Iophon
2483 4517 2688 4574 docuit
2721 4518 3178 4590 quinquaginta,
3211 4517 3275 4571 in
3326 4531 3581 4587 quarum
3627 4532 3886 4571 numero

2225 4612 2383 4675 sunt,
2418 4603 2742 4680 Ἀχιλλεὺς,
2775 4603 3053 4683 Τήλεφος,
3105 4603 3399 4672 Ἀκταίων,
3440 4600 3634 4674 Ἰλίου,
3665 4604 3887 4678 πέρσις,

2225 4695 2519 4768 Δεξαμενὸς
2554 4696 2788 4769 Βάκχαι,
2822 4692 3070 4766 Πενθεὺς,
3121 4700 3178 4750 et
3216 4694 3348 4750 alia)
3385 4693 3659 4766 quaedam
3690 4695 3887 4766 patris

2222 4784 2550 4856 Sophoclis.

2294 4873 2639 4946 Iphicrates,
2692 4875 2911 4931 sutoris
2968 4876 3053 4942 F.,
3113 4873 3518 4943 Atheniensis,
3578 4877 3781 4930 orator
3828 4878 3893 4928 et

2223 4961 2366 5019 belli
2399 4962 2537 5031 dux,
2570 4962 2671 5034 qui
2721 4963 2951 5034 primus
2990 4963 3052 5019 in
3096 4963 3427 5035 spoliorum
3486 4963 3889 5035 inscriptione

2224 5052 2393 5108 ducis
2444 5052 2815 5107 mentionem
2863 5051 3025 5119 fecit,
3079 5068 3214 5108 cum
3257 5056 3434 5107 antea
3481 5051 3671 5107 solius
3714 5050 3892 5106 urbis

2223 5158 2447 5197 nomen
2489 5142 2938 5198 inscriberetur.

2294 5232 2554 5288 lrenaeus
2583 5232 2815 5304 (Latina
2860 5233 3065 5307 lingua
3092 5233 3375 5305 Paculus),
3406 5230 3891 5303 discipulusﬂe-

2222 5322 2462 5390 liodori,
2497 5322 2749 5391 metrici,
2782 5322 3207 5396 grammaticus
3245 5320 3707 5388 Alexandrinus,
3738 5318 3895 5374 scri-

2221 5508 2427 5577 poetas
2452 5501 2918 5577 dithyrambicos
2954 5518 3153 5557 amare
3184 5501 3497 5577 verborum
3548 5500 3898 5577 translatio-

2222 5572 2330 5632 iles
2361 5573 2420 5629 ἐκ
2448 5577 2555 5627 τῶν
2585 5572 2917 5646 ⁷ι.ι.ι;τεοῖ)ε)‹ι›ν,
2952 5590 3023 5646 ex
3055 5574 3254 5640 astris,
3315 5573 3576 5628 nubibus
3606 5572 3895 5646 aliisque,

2223 5664 2350 5719 quae
2382 5647 2443 5701 in
2469 5642 2712 5719 sublimi
2751 5642 2934 5713 fiunt;
2967 5645 3225 5719 libenter
3253 5646 3432 5719 etiam
3462 5646 3550 5701 uti
3580 5642 3896 5700 vocabulis

2223 5718 2740 5790 sesquipedalibus
2762 5723 2821 5773 et
2850 5718 3235 5790 coagmentis.
3270 5718 3444 5772 Hum.
