4110 6412
283 405 438 474 1281

1569 394 1822 458 INDEX
1864 394 2371 458 SCPIPTORUM

3550 386 3706 447 1282

283 546 409 618 psit
439 541 570 617 Περὶ
601 544 702 610 τῆς
729 535 1033 610 ’Δθηναίων
1052 529 1428 610 προπομπίας,
1450 552 1478 582 ‹‹
1503 533 1582 587 De
1611 529 1937 586 Athenien-
1969 577 1977 596 Α

2099 535 2318 591 latonis
2351 530 2606 586 auditor.
2644 529 2744 584 Hic
2785 544 2919 584 cum
2968 523 3318 591 Theodecte,
3373 524 3607 577 oratore
3652 524 3713 574 et

287 661 317 687 «ι
355 636 512 690 sium
545 649 711 688 more
743 631 975 701 aliquos
1017 644 1153 682 cum
1204 626 1432 680 honore
1493 618 1828 676 deducendi
1859 617 1952 672 vel

292 751 322 778 ‹‹
347 722 857 799 prosequendi.De
889 716 1426 774 Alexandrinorum
1449 712 1862 775 dialecto,eam
1879 707 1952 762 ab

289 841 320 869 «
346 817 540 872 Attica
569 812 881 868 deductam
914 807 1260 875 esse,libros
1288 805 1400 859 VII.
1428 802 1758 859 Atticorum
1783 813 1953 853 voca-

293 929 322 959 «
356 907 629 961 bulorum
656 902 840 956 libros
873 900 966 952 llI.
1002 897 1210 952 Atticae
1243 891 1696 950 consuetudinis
1742 890 1802 942 in
1830 888 1956 942 dic-

294 1020 322 1048 ‹‹
358 996 518 1050 tione
551 998 609 1048 et
639 994 908 1056 accentu,
943 987 1154 1042 ordine
1185 982 1558 1057 alphabetico
1611 979 1799 1034 libros
1856 975 1953 1032 III.

298 1109 326 1135 ‹‹
359 1084 614 1156 Regulas
636 1079 939 1137 Graecismi
969 1076 1194 1132 librum
1224 1077 1268 1129 Ι.
1305 1077 1383 1130 De
1408 1071 1717 1127 Atticismo
1734 1067 1956 1122 librum

300 1196 324 1227 σ
351 1177 396 1242 I,
421 1196 449 1225 ι»
485 1179 544 1228 et
568 1171 754 1227 multa
779 1168 916 1224 alia.

373 1265 580 1332 Isaeus,
613 1279 770 1318 unus
820 1261 1026 1315 decem
1071 1261 1397 1321 oratorum,
1447 1252 1778 1325 discipulus
1834 1251 1956 1305 Iso-

297 1355 477 1412 cratis
494 1358 551 1409 et
566 1351 848 1424 magister
880 1346 1540 1417 Demosthenis,genere
1556 1338 1956 1397 Atheniensis.

299 1444 633 1501 Demetrius
666 1458 800 1496 vero
829 1439 971 1494 dicit
1006 1454 1135 1494 esse
1168 1434 1643 1491 Chalcidensem.
1680 1433 1782 1486 Hic
1830 1431 1958 1486 lau-

304 1537 480 1592 datur
534 1538 600 1589 ut
650 1537 870 1596 orator,
945 1534 1003 1584 et
1074 1527 1233 1600 quod
1292 1527 1751 1582 Demosthenem
1831 1523 1961 1578 sine

305 1625 580 1683 mercede
613 1622 965 1678 instituit.In
995 1619 1400 1675 adolescentia
1426 1617 1786 1685 luxuriosus,
1807 1620 1963 1687 post-

307 1735 380 1773 ea
436 1715 510 1773 ad
558 1715 778 1770 bonam
832 1713 1061 1784 frugem
1116 1726 1178 1765 se
1216 1709 1460 1780 recepit.
1515 1709 1716 1780 Itaque
1776 1708 1962 1762 inter-

308 1815 552 1881 rogatus
582 1805 653 1861 ab
686 1805 908 1875 aliquo,
965 1802 1099 1872 quis
1131 1801 1332 1873 piscis,
1394 1817 1526 1870 qum
1553 1800 1677 1854 avis
1736 1815 1839 1854 esu
1872 1816 1964 1854 es-

2059 625 2299 696 tragico,
2337 627 2394 678 et
2422 623 2818 693 Theopompo,
2879 618 3046 683 Chio,
3105 616 3368 685 itemque
3409 613 3713 684 Erythraeo

2058 713 2371 769 Naucratia
2405 713 2475 767 de
2503 710 2846 782 eloquentia
2874 706 3119 762 certavit
3146 706 3208 759 in
3231 704 3436 759 funere
3470 699 3715 757 Mausoli

2059 804 2243 870 Caris,
2274 805 2430 876 regis
2462 799 2879 856 Halicarnassi.
2899 797 3207 852 Orationes
3232 795 3360 866 ejus
3378 797 3518 847 sunt
3539 791 3715 862 quin-

2061 912 2174 967 que
2213 912 2224 948 :
2253 916 2278 944 ‹‹
2313 890 2792 964 Amphictyonia,
2825 887 3178 952 Hortatoria,
3214 883 3490 954 Philippo
3524 879 3717 950 sepul-

2061 1010 2089 1037 «
2120 1002 2287 1040 crum
2312 1001 2430 1039 non
2465 999 2593 1037 esse
2652 980 2993 1036 faciendum
3027 997 3040 1045 ;
3078 978 3157 1031 De
3190 974 3583 1047 migratione;
3639 973 3716 1024 De

2062 1097 2090 1125 «
2117 1091 2221 1130 sue
2251 1072 2583 1145 republica.

2139 1170 2304 1232 Ister,
2338 1161 2644 1220 Menandri
2676 1161 2810 1215 Istri
2839 1161 2924 1227 F.,
2953 1159 3266 1229 Cyrenaeus
3326 1157 3428 1207 aut
3459 1148 3716 1214 Macedo,

2063 1256 2405 1322 historicus,
2438 1251 2783 1308 Callimachi
2816 1264 3017 1303 servus
3067 1250 3126 1300 et
3181 1241 3529 1314 discipulus.
3567 1239 3713 1292 Her-

2065 1348 2300 1419 mippus
2316 1362 2448 1400 vero
2475 1343 2766 1415 Paphium
2797 1340 2992 1411 ipsum
3025 1336 3169 1391 dicit
3194 1336 3254 1388 in
3278 1331 3539 1389 secundo
3564 1328 3719 1383 libro

2067 1439 2138 1492 De
2168 1437 2355 1503 servis,
2401 1432 2501 1504 qui
2564 1429 2898 1485 eruditione
2953 1426 3098 1480 clari
3155 1425 3416 1478 fuerunt.
3475 1415 3723 1487 Scripsit

2065 1523 2254 1579 multa
2283 1527 2342 1577 et
2373 1521 2568 1576 soluta
2608 1525 2666 1576 et
2698 1517 2876 1590 ligata
2907 1514 3197 1570 oratione.

2138 1705 2409 1774 Jacobus,
2435 1701 2709 1773 Iiesychii
2746 1697 2958 1754 medici
2993 1699 3078 1765 F.,
3114 1691 3467 1766 cognomine
3505 1685 3724 1760 Ψύχρι-

2070 1812 2293 1861 c-coc,ex
2325 1795 2734 1849 Damnascena
2755 1785 3190 1861 provincia,qui
3216 1782 3387 1838 CPoli
3409 1779 3518 1835 sub
3533 1779 3727 1831 Leone

311 1905 447 1955 sent
476 1895 871 1953 suavissima?
901 1893 1082 1960 Desii,
1114 1891 1328 1962 inquit,
1363 1891 1456 1946 his
1504 1890 1683 1946 rebus
1706 1889 1966 1957 studere,
1999 1892 2044 1955 Β
2073 1885 2214 1956 imp.
2251 1883 2611 1939 medicinam
2645 1877 2910 1935 exercuit
2943 1875 3192 1948 egregie,
3228 1873 3311 1926 ita
3366 1876 3432 1924 ut
3461 1885 3495 1923 a
3525 1865 3728 1921 multis

310 1990 596 2062 quoniam
627 1985 918 2054 intellexi,
955 2007 982 2033 «
1019 2000 1114 2038 me
1167 1981 1395 2037 Tantali
1441 1982 1643 2037 hortos
1674 1980 1963 2035 vindemi-

313 2103 338 2134 ι
369 2096 521 2150 asse,
556 2101 584 2127 ››
621 2079 730 2132 hoc
762 2081 853 2131 est
881 2090 1090 2130 omnes
1120 2075 1451 2145 voluptates
1469 2071 1696 2127 umbrae
1724 2076 1781 2127 et
1801 2087 1965 2126 som-

312 2173 412 2226 nio
447 2186 577 2224 esse
610 2167 858 2223 similes.

388 2258 734 2327 Ischander,
768 2255 1025 2327 tragicus
1055 2253 1287 2308 histrio.

385 2349 668 2415 Isidorus,
704 2363 904 2416 senex,
940 2344 1261 2411 Pelusiota,
1292 2341 1383 2398 vir
1413 2343 1802 2410 clarissimus,
1834 2343 1968 2414 phi-

313 2440 601 2512 losophus
633 2442 691 2493 et
711 2442 929 2492 orator.
948 2435 1196 2507 Scripsit
1225 2435 1509 2506 epistolas
1539 2435 1722 2503 MMM,
1755 2432 1972 2505 quibus

297 2551 325 2588 s
344 2547 542 2587 acram
566 2529 928 2601 Scripturam
953 2526 1398 2597 interpretatur.

373 2621 664 2690 Isidorus,
698 2618 1110 2690 philosophus,
1148 2616 1247 2688 qui
1281 2615 1390 2670 sub
1441 2615 1724 2671 fratribus
1782 2615 1970 2687 (suis),

316 2713 365 2767 si
396 2711 528 2783 quis
560 2710 712 2766 alius
743 2709 804 2764 in
859 2706 1193 2779 disciplinis
1224 2704 1635 2777 philosophice
1697 2721 1760 2760 se
1804 2721 1973 2760 exer-

315 2803 460 2868 cuit,
487 2806 546 2856 et
574 2815 878 2856 sacrorum
928 2796 1096 2853 valde
1130 2795 1432 2852 studiosus
1463 2796 1595 2863 fuit,
1631 2795 1748 2850 vita
1779 2795 1972 2866 philo-

320 2893 566 2963 sophus,
601 2889 854 2946 scientia
909 2905 1044 2943 vero
1088 2903 1208 2942 non
1261 2887 1404 2942 satis
1466 2885 1736 2940 excultus
1795 2889 1853 2939 et
1911 2884 1971 2939 in

309 2981 646 3038 dialecticis
692 2979 1116 3035 inexercitatus
1147 2977 1335 3049 magis
1367 2992 1546 3047 quam
1597 2975 1800 3030 hebes.
1859 2973 1976 3046 Ipsi

321 3071 690 3128 adolescenti
740 3069 960 3124 mirum
1019 3066 1302 3139 quiddam
1361 3065 1622 3122 accidit:
1658 3081 1796 3121 nam
1847 3064 1976 3136 ejus

323 3163 594 3234 aequalis,
629 3167 687 3216 et
716 3160 934 3215 sororis
959 3158 1138 3223 illius,
1173 3174 1361 3212 annos
1418 3156 1589 3212 XVIII
1639 3162 1835 3224 natus,
1867 3160 1980 3211 sta-

324 3255 432 3308 tim
463 3252 720 3323 aprima
769 3255 940 3305 aetate
991 3248 1252 3304 divinam
1303 3247 1525 3319 ingenii
1577 3247 1693 3302 vim
1743 3264 1864 3318 prze
1919 3265 1982 3304 se

321 3344 544 3410 ferens,
570 3341 643 3396 de
667 3346 819 3396 tecto
851 3339 1130 3410 delapsus
1162 3341 1406 3409 repente
1438 3337 1617 3392 vitam
1641 3337 1815 3393 ﬁniit.
1849 3339 1986 3394 Om-

323 3433 503 3487 nibus
535 3432 713 3504 igitur
765 3429 992 3501 ingenti
1050 3428 1214 3482 luctu
1272 3443 1407 3481 eum
1459 3427 1983 3498 prosequentibus,

317 3522 452 3593 ipse
481 3537 588 3592 per
619 3535 896 3575 somnum
948 3516 1023 3573 ad
1079 3515 1376 3572 Isidorum
1423 3516 1695 3584 accessit,
1730 3533 1987 3587 eumque

327 3611 555 3665 solatus
587 3613 694 3663 est.

405 3697 498 3760 Εἰς
522 3695 810 3768 λατομίας.
841 3695 1226 3764 Philoxenus,
1260 3701 1435 3766 poeta
1493 3695 1986 3768 dithyrambicus,

331 3807 469 3846 cum
488 3789 777 3859 Dionysii,
815 3789 1051 3859 tyranni
1083 3792 1377 3859 poemata,
1403 3791 1606 3858 utpote
1630 3786 1806 3856 mala,
1835 3786 1990 3842 ferre

329 3897 454 3935 non
483 3879 784 3951 posset,ab
817 3878 945 3949 ipso
1003 3879 1065 3931 in
1127 3877 1479 3949 lapicidinas
1511 3883 1602 3932 est
1659 3878 1987 3949 conjectus.

329 3974 544 4025 Postea
601 3969 888 4024 liberatus
949 3967 1277 4023 amicorum
1338 3967 1634 4040 precibus,
1670 3973 1729 4022 et
1783 3985 1992 4024 rursus

331 4061 585 4116 audiens
617 4061 741 4128 illa,
775 4059 1053 4127 surrexit,
1089 4057 1314 4126 dicens,
1353 4058 1538 4114 satius
1568 4075 1700 4114 esse
1731 4059 1794 4114 in
1842 4058 1992 4114 lato-

338 4153 477 4208 miis
502 4151 745 4219 versari,
777 4165 956 4221 quam
988 4148 1176 4220 ipsius
1207 4153 1486 4219 poemata
1531 4148 1759 4216 audire,
1791 4146 1994 4203 addito

341 4243 540 4298 dicto:
593 4241 758 4301 Οἴκος
814 4235 997 4314 φίλος,
1059 4238 1209 4298 οἶκος
1259 4239 1499 4310 ἄριστος,
1551 4239 1741 4294 domus
1793 4237 1995 4307 amica,

336 4334 527 4388 domus
559 4333 788 4402 optima,
826 4328 984 4400 quod
1012 4328 1169 4384 valet
1197 4327 1268 4382 de
1301 4327 1620 4384 testudine.

407 4426 718 4490 Isocrates,
746 4419 1062 4488 Theodori,
1094 4417 1243 4474 fabri
1307 4417 1612 4487 tibiarum,
1673 4419 1758 4484 F.,
1825 4419 1996 4474 Athe-

335 4513 586 4579 niensis,
621 4517 842 4577 orator,
878 4515 1054 4565 natus
1113 4508 1462 4580 Olympiade
1499 4509 1786 4570 LXXXVI,
1821 4508 1881 4562 id
1911 4512 2002 4564 est

336 4607 474 4675 post
497 4601 724 4657 bellum
754 4599 1350 4671 Peloponnesiacum.
1387 4597 1490 4652 Hic
1522 4597 1595 4652 ob
1626 4597 1785 4652 vocis
1809 4596 2000 4652 imbe-

2075 1976 2373 2031 diceretur
2404 1975 2612 2046 σωτήρ,
2645 1976 2711 2026 ut
2733 1967 3034 2041 quondam
3053 1959 3729 2033 Aisculapiusyisusque

2075 2067 2314 2122 habere.
2378 2058 2855 2132 Ἀσκληπιαδικήν
2887 2056 3074 2130 ψυχὴν
3117 2053 3206 2107 καὶ
3240 2051 3396 2126 φύσιν
3433 2046 3724 2101 Παιώνιον.

2075 2158 2167 2212 Sic
2199 2161 2257 2210 et
2304 2155 2576 2210 Phidiam
2634 2149 2995 2213 ἐνθουσιῶντα
3063 2143 3422 2215 δημιουργεῖν
3483 2135 3731 2192 numine

2076 2247 2321 2319 plenum
2376 2250 2601 2301 statuas
2659 2242 2892 2308 fecisse,
2951 2243 3010 2294 et
3065 2233 3382 2291 Zeuxidem
3442 2227 3732 2299 imagines

2076 2338 2361 2410 pinxisse,
2397 2341 2509 2391 etc.
2535 2337 2600 2408 (E
2633 2329 2990 2401 Damascio.)

2147 2427 2398 2484 Iacobus
2429 2427 2641 2482 hausto
2674 2439 2899 2478 veneno
2933 2418 3040 2474 sub
3075 2417 3318 2472 Valente
3379 2411 3546 2477 obiit,
3607 2422 3737 2462 sua-

2078 2519 2255 2575 dente
2289 2520 2401 2574 hoc
2425 2518 2475 2573 ei
2510 2515 2751 2571 Libanio
2786 2511 3072 2585 sophista,
3105 2505 3265 2579 quod
3309 2499 3735 2573 inquisivisset,

2079 2611 2213 2682 quis
2247 2611 2307 2665 in
2353 2608 2602 2680 imperio
2637 2604 2868 2661 Valenti
2928 2613 3312 2657 successurus
3371 2596 3547 2648 esset.
3608 2586 3734 2642 Vid.

2081 2707 2206 2756 not.
2242 2699 2499 2764 Kusteri,
2534 2703 2572 2753 t.
2610 2699 2681 2764 lI,
2734 2714 2792 2767 p.
2828 2694 2896 2748 88
2927 2709 3052 2762 seq.

2151 2791 2540 2854 Jamblichus,
2599 2787 2872 2852 libertus,
2933 2780 3172 2851 scripsit
3228 2772 3587 2846 Babylonica
3618 2769 3738 2823 sive

2083 2881 2370 2936 Rhodinis
2404 2885 2462 2934 et
2517 2876 2824 2932 Sinonidis
2856 2889 3089 2929 amores
3122 2867 3291 2923 libris
3323 2863 3571 2919 XXXIX.
3632 2859 3736 2912 Hic

2082 2972 2202 3044 agit
2231 2971 2302 3026 de
2351 2970 2592 3036 Zobara,
2627 2965 2923 3031 eunucho,
2953 2955 3389 3031 Mesopotamiw
3428 2949 3739 3007 formosis-

2084 3065 2250 3120 simze
2283 3068 2567 3118 amatore.

2155 3154 2519 3210 Jamblichus
2559 3150 2729 3219 alter,
2763 3166 2834 3204 ex
2879 3142 3155 3201 Chalcide
3213 3138 3412 3212 Syriae,
3473 3132 3739 3206 philoso-

2088 3246 2263 3317 phus,
2297 3241 2630 3314 discipulus
2644 3234 3090 3310 Porphyrii,qui
3109 3232 3220 3287 fuit
3244 3227 3482 3317 auditor
3502 3221 3740 3317 Plotini.

2093 3311 2257 3388 Vixit
2293 3311 2669 3388 Constantini
2703 3329 2844 3399 imp.
2899 3321 3290 3396 temporibus.
3327 3316 3530 3371 Varios
3561 3311 3746 3366 libros

2091 3423 2536 3496 philosophicos
2568 3418 2824 3491 scripsit.

2162 3515 2361 3582 Jason,
2395 3509 2764 3576 Menecratis,
2797 3509 2885 3573 E.,
2915 3507 3155 3577 Nysaeus
3210 3516 3243 3556 a
3272 3501 3460 3571 patre,
3495 3511 3528 3549 a
3556 3496 3746 3547 matre

2094 3602 2383 3670 Rhodius,
2406 3599 2818 3674 philosophus,
2851 3593 3181 3664 discipulus
3213 3594 3273 3643 et
3302 3604 3370 3642 ex
3403 3584 3528 3640 ﬁlia
3559 3596 3744 3651 nepos

2097 3699 2154 3749 et
2184 3709 2490 3748 successor
2521 3688 2824 3745 Posidonii
2856 3681 3220 3758 philosophi,
3253 3680 3315 3734 in
3354 3673 3559 3732 schola
3614 3687 3747 3742 qum

2097 3790 2224 3842 erat
2255 3783 2474 3840 Rhodr.
2509 3781 2755 3852 Scripsit
2783 3803 2809 3830 «
2833 3776 3164 3832 Illustrium
3213 3773 3474 3826 virorum
3509 3768 3668 3822 Vitas
3698 3775 3751 3822 et

2097 3899 2124 3926 «
2145 3875 2640 3945 PhilosoPhorum
2669 3869 3088 3926 Successiones
3106 3886 3132 3915 »
3151 3870 3207 3919 et
3223 3859 3554 3918 secundum
3573 3875 3754 3929 quos-

2100 3966 2235 4022 dam
2267 3990 2292 4016 «
2328 3966 2514 4021 libros
2553 3965 2622 4018 IV
2678 3964 2756 4018 De
2814 3961 2935 4016 vita
2984 3957 3240 4014 Graeciae.
3274 3977 3300 4007 ››
3327 3954 3428 4008 llic
3462 3951 3641 4007 etiam
3675 3955 3752 4005 De

2099 4057 2290 4112 Rhodo
2318 4055 2575 4128 scripsit.
2667 4072 2680 4085 '

2171 4148 2349 4204 Iason
2405 4144 2674 4217 Argivus,
2731 4140 3077 4208 historicus,
3149 4136 3357 4208 junior
3413 4131 3755 4198 Plutarcho,

2103 4225 2546 4304 Chaeronense,
2603 4229 3046 4304 grammaticus,
3118 4225 3355 4295 scripsit
3412 4223 3484 4276 De
3549 4221 3761 4276 Graecia

2105 4325 2405 4390 librosIV,
2459 4322 2560 4394 qui
2619 4321 2931 4376 continent
2977 4314 3329 4384 antiquitate
3401 4309 3637 4365 Graeciaa
3700 4311 3759 4361 et

2103 4413 2415 4474 historiam
2445 4414 2764 4467 Persarum
2797 4413 2856 4463 et
2895 4423 2988 4460 res
3047 4403 3120 4459 ab
3179 4398 3515 4456 Alexandro
3565 4401 3760 4469 gestas

2104 4521 2293 4576 usque
2327 4502 2400 4559 ad
2430 4501 2657 4556 obitum
2688 4499 2818 4571 ejus
2844 4502 2901 4551 et
2927 4501 3159 4566 tempus
3190 4490 3484 4559 illud,quo
3517 4487 3764 4541 Athenze

2107 4595 2180 4650 ab
2212 4593 2544 4664 Antipatro,
2577 4586 2894 4644 Cassandri
2927 4588 3119 4657 patre,
3142 4588 3326 4653 captaa
3356 4580 3620 4634 fuerunt.

339 4656 362 4675 ι
553 4656 558 4657 κ
637 4656 658 4657 η
901 4656 919 4671 ι
2354 4656 2375 4664 -
2531 4656 2538 4659 -
2927 4656 2946 4657 ί

339 4692 650 4748 cillitatem
684 4696 742 4746 et
773 4691 835 4745 in
867 4688 1118 4745 dicendo
1162 4687 1580 4743 verecundiam
1612 4702 1821 4743 causas
1877 4703 1998 4742 non
2042 4656 2086 4721 Β
2180 4686 2456 4748 Joannes,
2493 4678 2801 4750 the010gus
2863 4680 2920 4731 et
2993 4671 3374 4744 evangelista,
3437 4685 3507 4723 ex
3559 4665 3768 4722 exsilio

342 4783 480 4855 egit,
514 4781 618 4837 sed
649 4781 851 4854 plures
883 4779 1122 4836 erudiit.
1156 4779 1468 4835 Orationes
1499 4778 1738 4850 scripsit
1766 4779 1998 4846 XXXII,

346 4878 406 4927 et
462 4889 619 4928 anno
682 4871 874 4928 aetatis
933 4871 1048 4924 CVI
1101 4869 1266 4924 obiit.
1356 4870 1590 4924 Fratres
1650 4867 1779 4940 ejus
1836 4867 2002 4922 fuere

342 4963 642 5034 Tisippus,
678 4963 1140 5027 Theomnestus,
1201 4965 1259 5015 et
1314 4959 1684 5025 Theodorus,
1722 4957 2006 5031 magister

348 5071 484 5108 vero
519 5053 800 5125 Gorgias;
835 5052 936 5106 alii
967 5051 1204 5118 Tisiam,
1238 5050 1589 5122 Erginumve
1647 5049 1738 5104 vel
1797 5049 2004 5103 Prodi-

348 5159 505 5211 cum,
530 5142 631 5196 alii
663 5141 920 5212 denique
950 5139 1158 5195 dicunt
1207 5139 1659 5197 Theramenem.
1694 5139 2007 5195 Orationes

351 5231 482 5304 ejus
514 5237 654 5286 sunt
684 5231 977 5302 plurimm.

420 5325 732 5392 Isocrates,
767 5317 1434 5392 Amyclte,phi1050phi,
1467 5319 1554 5385 F.,
1591 5317 1922 5390 Apollonia)
1948 5316 2010 5371 in

2113 4773 2301 4831 Patmi
2320 4787 2589 4852 reversus
2618 4767 2808 4824 aetatis
2839 4783 2994 4821 anno
3028 4763 3353 4819 centesimo
3386 4756 3771 4830 Evangelium

2114 4862 2469 4935 conscripsit
2500 4846 2802 4915 et'deinde
2834 4855 3101 4929 pervenit
3133 4853 3208 4909 ad
3234 4867 3458 4908 annum
3477 4846 3773 4904 CXX.Illic

2115 4959 2312 5011 autem
2352 4933 2479 5023 8(78)
2566 4949 2810 5020 degens,
2874 4940 3241 5020 συγγρᾶφεται
3297 4941 3397 5008 τήν
3471 4933 3770 5008 Θεολογίαν

2115 5041 2494 5115 Theologiam
2513 5039 2648 5112 (hoc
2681 5043 2771 5092 est
2790 5035 3195 5107 Evangelium)
3215 5047 3391 5087 consc
3402 5029 3444 5082 ri
3454 5026 3776 5100 psit.Chry-

2119 5139 2418 5190 sostomus
2452 5136 2570 5184 tres
2603 5127 2731 5200 ejus
2781 5125 3065 5199 epistolas
3110 5128 3168 5179 et
3197 5117 3593 5193 Apocalypsin
3625 5131 3772 5185 pro-

2120 5223 2425 5282 canonicis
2455 5219 2659 5275 habet.

2191 5317 2450 5371 Joannes
2481 5311 2964 5382 Chrysostomus,
3021 5303 3448 5369 Antiochenus,
3480 5295 3775 5369 principio

348 5413 560 5480 Ponto,
594 5411 680 5465 vel
713 5385 1009 5465 lleracleae
1069 5385 1264 5475 natus,
1292 5385 1358 5462 ut
1383 5385 1590 5461 scribit
1641 5385 2014 5462 Callistratus
2121 5406 2436 5480 presbyter
2465 5399 2894 5468 Antiochiae,et
2919 5394 3156 5451 Eusebii
3186 5388 3487 5455 Emeseni,
3521 5385 3780 5459 philoso-

352 5475 555 5557 orator
580 5519 593 5569 ;
620 5497 952 5571 discipulus
984 5501 1042 5552 et
1071 5514 1382 5553 successor
1408 5497 1686 5552 Isocratis
1717 5495 1930 5568 Magni,
1957 5499 2014 5550 et
2122 5475 2250 5571 phi,
2287 5475 2346 5552 et
2366 5492 2604 5550 Diodori
2638 5494 2912 5546 sectator.
2947 5486 3049 5541 Hic
3085 5482 3274 5538 multa
3303 5477 3615 5552 scripsisse
3656 5475 3777 5530 fer-

424 5711 539 5782 (78)
569 5710 785 5783 Ephesi
813 5709 1102 5783 intellige,
1135 5725 1207 5766 ex
1235 5706 1643 5777 Chrysostomi
1673 5704 1924 5762 homilia
1980 5702 2042 5760 in
2099 5703 2410 5768 Joannem,
2443 5699 2486 5754 t.
2538 5694 2630 5762 Vl,
2665 5710 2726 5764 p.
2757 5693 2883 5758 505,
2915 5704 2987 5743 ex
3042 5700 3159 5756 quo
3191 5683 3390 5740 locum
3445 5678 3656 5738 Suidas
3686 5695 3781 5735 re-

347 5783 540 5854 petiit.
