  <div class='ocr_page' id='page_1' title='image "/cluster/home/n/w/nwhite01/storage/ocr_20150623/117/coo.31924054870211/654.png"; bbox 0 0 4110 6420; ppageno 0'>
   <div class='ocr_carea' id='block_1_1' title="bbox 244 359 1890 455">
    <p class='ocr_par' dir='ltr' id='par_1_1' title="bbox 244 359 1890 455">
     <span class='ocr_line' id='line_1_1' title="bbox 244 359 1890 455; baseline 0.002 -17"><span class='ocrx_word' id='word_1_1' title='bbox 244 359 410 438; x_wconf 73' lang='grc'>1285</span> <span class='ocrx_word' id='word_1_2' title='bbox 1550 383 1651 444; x_wconf 89' lang='lat' dir='ltr'>DE</span> <span class='ocrx_word' id='word_1_3' title='bbox 1695 380 1890 455; x_wconf 82' lang='lat' dir='ltr'>QUIB‘</span> 
     </span>
    </p>
   </div>
   <div class='ocr_carea' id='block_1_2' title="bbox 2015 359 3726 455">
    <p class='ocr_par' dir='ltr' id='par_1_2' title="bbox 2017 373 3726 443">
     <span class='ocr_line' id='line_1_2' title="bbox 2017 373 3726 443; baseline 0.001 -3"><span class='ocrx_word' id='word_1_4' title='bbox 2017 373 2334 441; x_wconf 44' lang='lat' dir='ltr'>‘SUIDAS.</span> <span class='ocrx_word' id='word_1_5' title='bbox 3515 383 3671 443; x_wconf 66' lang='lat'>{286</span> <span class='ocrx_word' id='word_1_6' title='bbox 3715 385 3726 432; x_wconf 72' lang='grc' dir='ltr'>ἐ</span> 
     </span>
    </p>
   </div>
   <div class='ocr_carea' id='block_1_3' title="bbox 244 511 3676 590">
    <p class='ocr_par' dir='ltr' id='par_1_3' title="bbox 244 511 3676 590">
     <span class='ocr_line' id='line_1_3' title="bbox 244 511 3676 590; baseline 0.001 -24"><span class='ocrx_word' id='word_1_7' title='bbox 244 516 394 570; x_wconf 88' lang='lat' dir='ltr'>tom.</span> <span class='ocrx_word' id='word_1_8' title='bbox 428 513 499 583; x_wconf 90' lang='lat' dir='ltr'>II,</span> <span class='ocrx_word' id='word_1_9' title='bbox 532 529 666 586; x_wconf 99' lang='lat' dir='ltr'>pag.</span> <span class='ocrx_word' id='word_1_10' title='bbox 701 515 848 587; x_wconf 82' lang='grc'>123),</span> <span class='ocrx_word' id='word_1_11' title='bbox 881 515 1119 572; x_wconf 86' lang='lat' dir='ltr'>Oracula</span> <span class='ocrx_word' id='word_1_12' title='bbox 1147 516 1406 584; x_wconf 78' lang='lat' dir='ltr'>versibus,</span> <span class='ocrx_word' id='word_1_13' title='bbox 1438 521 1498 571; x_wconf 88' lang='lat' dir='ltr'>et</span> <span class='ocrx_word' id='word_1_14' title='bbox 1528 532 1899 588; x_wconf 70' lang='lat' dir='ltr'>quaecunque</span> <span class='ocrx_word' id='word_1_15' title='bbox 1931 519 1984 590; x_wconf 72' lang='grc' dir='ltr'><strong>Α</strong></span> <span class='ocrx_word' id='word_1_16' title='bbox 2009 511 2384 578; x_wconf 84' lang='lat' dir='ltr'>helluonem,</span> <span class='ocrx_word' id='word_1_17' title='bbox 2419 517 2478 566; x_wconf 90' lang='lat' dir='ltr'>et</span> <span class='ocrx_word' id='word_1_18' title='bbox 2532 511 2869 585; x_wconf 87' lang='lat' dir='ltr'>prodigum,</span> <span class='ocrx_word' id='word_1_19' title='bbox 2927 519 2986 569; x_wconf 88' lang='lat' dir='ltr'>et</span> <span class='ocrx_word' id='word_1_20' title='bbox 3042 514 3564 586; x_wconf 80' lang='lat' dir='ltr'>intemperantem,</span> <span class='ocrx_word' id='word_1_21' title='bbox 3615 520 3676 571; x_wconf 89' lang='lat' dir='ltr'>et</span> 
     </span>
    </p>
   </div>
   <div class='ocr_carea' id='block_1_4' title="bbox 243 599 3671 676">
    <p class='ocr_par' dir='ltr' id='par_1_4' title="bbox 243 599 3671 676">
     <span class='ocr_line' id='line_1_4' title="bbox 243 599 3671 676; baseline 0.001 -20"><span class='ocrx_word' id='word_1_22' title='bbox 243 602 370 658; x_wconf 87' lang='lat' dir='ltr'>alia</span> <span class='ocrx_word' id='word_1_23' title='bbox 402 608 542 658; x_wconf 92' lang='lat' dir='ltr'>sunt</span> <span class='ocrx_word' id='word_1_24' title='bbox 563 604 742 676; x_wconf 86' lang='lat' dir='ltr'>hujus</span> <span class='ocrx_word' id='word_1_25' title='bbox 777 604 1042 660; x_wconf 61' lang='lat' dir='ltr'>scientiae</span> <span class='ocrx_word' id='word_1_26' title='bbox 1074 621 1311 661; x_wconf 88' lang='lat' dir='ltr'>arcana.</span> <span class='ocrx_word' id='word_1_27' title='bbox 1368 599 1616 670; x_wconf 77' lang='lat' dir='ltr'>Quidam</span> <span class='ocrx_word' id='word_1_28' title='bbox 1665 604 1910 661; x_wconf 91' lang='lat' dir='ltr'>tradunt</span> <span class='ocrx_word' id='word_1_29' title='bbox 2017 604 2226 658; x_wconf 90' lang='lat' dir='ltr'>mortis</span> <span class='ocrx_word' id='word_1_30' title='bbox 2257 607 2646 672; x_wconf 77' lang='lat' dir='ltr'>metuentem,</span> <span class='ocrx_word' id='word_1_31' title='bbox 2677 619 2894 676; x_wconf 90' lang='lat' dir='ltr'>magno</span> <span class='ocrx_word' id='word_1_32' title='bbox 2928 605 3153 676; x_wconf 85' lang='lat' dir='ltr'>pudore</span> <span class='ocrx_word' id='word_1_33' title='bbox 3178 605 3671 661; x_wconf 62' lang='lat' dir='ltr'>affecit-Tandem</span> 
     </span>
    </p>
   </div>
   <div class='ocr_carea' id='block_1_5' title="bbox 243 691 3665 766">
    <p class='ocr_par' dir='ltr' id='par_1_5' title="bbox 243 691 3665 766">
     <span class='ocr_line' id='line_1_5' title="bbox 243 691 3665 766; baseline 0.001 -20"><span class='ocrx_word' id='word_1_34' title='bbox 243 692 1907 766; x_wconf 80' lang='lat' dir='ltr'>hunc,Romanisaliquandositilaborantibus,effecisse,</span> <span class='ocrx_word' id='word_1_35' title='bbox 2014 691 2196 763; x_wconf 83' lang='lat' dir='ltr'>hujus</span> <span class='ocrx_word' id='word_1_36' title='bbox 2255 691 2797 746; x_wconf 79' lang='lat' dir='ltr'>machinationibus</span> <span class='ocrx_word' id='word_1_37' title='bbox 2855 697 2914 747; x_wconf 91' lang='lat' dir='ltr'>et</span> <span class='ocrx_word' id='word_1_38' title='bbox 2993 693 3226 748; x_wconf 88' lang='lat' dir='ltr'>insidiis</span> <span class='ocrx_word' id='word_1_39' title='bbox 3271 694 3494 750; x_wconf 89' lang='lat' dir='ltr'>factum</span> <span class='ocrx_word' id='word_1_40' title='bbox 3554 701 3665 764; x_wconf 90' lang='lat' dir='ltr'>est,</span> 
     </span>
    </p>
   </div>
   <div class='ocr_carea' id='block_1_6' title="bbox 241 783 3664 858">
    <p class='ocr_par' dir='ltr' id='par_1_6' title="bbox 241 783 3664 858">
     <span class='ocr_line' id='line_1_6' title="bbox 241 783 3664 858; baseline 0.001 -21"><span class='ocrx_word' id='word_1_41' title='bbox 241 787 315 837; x_wconf 89' lang='lat' dir='ltr'>ut</span> <span class='ocrx_word' id='word_1_42' title='bbox 343 788 486 838; x_wconf 62' lang='lat' dir='ltr'>atrae</span> <span class='ocrx_word' id='word_1_43' title='bbox 517 783 728 850; x_wconf 87' lang='lat' dir='ltr'>nubes,</span> <span class='ocrx_word' id='word_1_44' title='bbox 763 784 957 839; x_wconf 89' lang='lat' dir='ltr'>subito</span> <span class='ocrx_word' id='word_1_45' title='bbox 1007 789 1249 854; x_wconf 69' lang='lat' dir='ltr'>coactai,</span> <span class='ocrx_word' id='word_1_46' title='bbox 1297 784 1597 856; x_wconf 82' lang='lat' dir='ltr'>ingentem</span> <span class='ocrx_word' id='word_1_47' title='bbox 1650 783 1904 839; x_wconf 85' lang='lat' dir='ltr'>imbrem</span> <span class='ocrx_word' id='word_1_48' title='bbox 1955 783 1958 788; x_wconf 83' lang='grc'><em>’</em></span> <span class='ocrx_word' id='word_1_49' title='bbox 2012 789 2080 838; x_wconf 91' lang='lat' dir='ltr'>ut</span> <span class='ocrx_word' id='word_1_50' title='bbox 2123 788 2408 854; x_wconf 81' lang='lat' dir='ltr'>tanquam</span> <span class='ocrx_word' id='word_1_51' title='bbox 2465 783 2836 838; x_wconf 88' lang='lat' dir='ltr'>Christianus</span> <span class='ocrx_word' id='word_1_52' title='bbox 2894 801 2999 854; x_wconf 89' lang='lat' dir='ltr'>pro</span> <span class='ocrx_word' id='word_1_53' title='bbox 3057 785 3289 841; x_wconf 85' lang='lat' dir='ltr'>Christo</span> <span class='ocrx_word' id='word_1_54' title='bbox 3371 786 3664 858; x_wconf 89' lang='lat' dir='ltr'>supplicio</span> 
     </span>
    </p>
   </div>
   <div class='ocr_carea' id='block_1_7' title="bbox 244 873 1904 947">
    <p class='ocr_par' dir='ltr' id='par_1_7' title="bbox 244 873 1904 947">
     <span class='ocr_line' id='line_1_7' title="bbox 244 873 1904 947; baseline 0 -19"><span class='ocrx_word' id='word_1_55' title='bbox 244 890 385 928; x_wconf 89' lang='lat' dir='ltr'>cum</span> <span class='ocrx_word' id='word_1_56' title='bbox 416 873 640 928; x_wconf 86' lang='lat' dir='ltr'>crebris</span> <span class='ocrx_word' id='word_1_57' title='bbox 668 873 988 929; x_wconf 86' lang='lat' dir='ltr'>tonitribus</span> <span class='ocrx_word' id='word_1_58' title='bbox 1015 879 1074 929; x_wconf 88' lang='lat' dir='ltr'>et</span> <span class='ocrx_word' id='word_1_59' title='bbox 1122 874 1456 947; x_wconf 77' lang='lat' dir='ltr'>fulguribus</span> <span class='ocrx_word' id='word_1_60' title='bbox 1505 875 1904 944; x_wconf 77' lang='lat' dir='ltr'>effunderent,</span> 
     </span>
    </p>
   </div>
   <div class='ocr_carea' id='block_1_8' title="bbox 247 964 1904 1037">
    <p class='ocr_par' dir='ltr' id='par_1_8' title="bbox 247 964 1904 1037">
     <span class='ocr_line' id='line_1_8' title="bbox 247 964 1904 1037; baseline 0.001 -19"><span class='ocrx_word' id='word_1_61' title='bbox 247 964 430 1036; x_wconf 88' lang='lat' dir='ltr'>idque</span> <span class='ocrx_word' id='word_1_62' title='bbox 460 965 754 1036; x_wconf 84' lang='lat' dir='ltr'>sapientia</span> <span class='ocrx_word' id='word_1_63' title='bbox 785 965 1042 1037; x_wconf 88' lang='lat' dir='ltr'>quadam</span> <span class='ocrx_word' id='word_1_64' title='bbox 1103 966 1372 1021; x_wconf 70' lang='lat' dir='ltr'>effecisse</span> <span class='ocrx_word' id='word_1_65' title='bbox 1423 965 1744 1021; x_wconf 78' lang='lat' dir='ltr'>Iulianum.</span> <span class='ocrx_word' id='word_1_66' title='bbox 1789 964 1904 1020; x_wconf 84' lang='lat' dir='ltr'>Alii</span> 
     </span>
    </p>
   </div>
   <div class='ocr_carea' id='block_1_9' title="bbox 247 1053 1902 1126">
    <p class='ocr_par' dir='ltr' id='par_1_9' title="bbox 247 1053 1902 1126">
     <span class='ocr_line' id='line_1_9' title="bbox 247 1053 1902 1126; baseline 0.001 -20"><span class='ocrx_word' id='word_1_67' title='bbox 247 1069 385 1108; x_wconf 90' lang='lat' dir='ltr'>vero</span> <span class='ocrx_word' id='word_1_68' title='bbox 420 1053 758 1124; x_wconf 82' lang='lat' dir='ltr'>Arnuphim,</span> <span class='ocrx_word' id='word_1_69' title='bbox 791 1055 1126 1126; x_wconf 68' lang='lat' dir='ltr'>Egyptium</span> <span class='ocrx_word' id='word_1_70' title='bbox 1159 1055 1603 1126; x_wconf 84' lang='lat' dir='ltr'>philosophum,</span> <span class='ocrx_word' id='word_1_71' title='bbox 1637 1055 1749 1110; x_wconf 91' lang='lat' dir='ltr'>hoc</span> <span class='ocrx_word' id='word_1_72' title='bbox 1787 1054 1902 1110; x_wconf 89' lang='lat' dir='ltr'>mi-</span> 
     </span>
    </p>
   </div>
   <div class='ocr_carea' id='block_1_10' title="bbox 246 1141 1100 1199">
    <p class='ocr_par' dir='ltr' id='par_1_10' title="bbox 246 1141 1100 1199">
     <span class='ocr_line' id='line_1_10' title="bbox 246 1141 1100 1199; baseline 0.004 -3"><span class='ocrx_word' id='word_1_73' title='bbox 246 1141 521 1198; x_wconf 89' lang='lat' dir='ltr'>raculum</span> <span class='ocrx_word' id='word_1_74' title='bbox 550 1142 809 1198; x_wconf 88' lang='lat' dir='ltr'>edidisse</span> <span class='ocrx_word' id='word_1_75' title='bbox 839 1143 1100 1199; x_wconf 90' lang='lat' dir='ltr'>tradunt.</span> 
     </span>
    </p>
   </div>
   <div class='ocr_carea' id='block_1_11' title="bbox 318 1231 1903 1306">
    <p class='ocr_par' dir='ltr' id='par_1_11' title="bbox 318 1231 1903 1306">
     <span class='ocr_line' id='line_1_11' title="bbox 318 1231 1903 1306; baseline 0.001 -19"><span class='ocrx_word' id='word_1_76' title='bbox 318 1231 591 1287; x_wconf 82' lang='lat' dir='ltr'>Julianus</span> <span class='ocrx_word' id='word_1_77' title='bbox 623 1233 834 1288; x_wconf 90' lang='lat' dir='ltr'>Domni</span> <span class='ocrx_word' id='word_1_78' title='bbox 868 1234 932 1290; x_wconf 90' lang='lat' dir='ltr'>F.</span> <span class='ocrx_word' id='word_1_79' title='bbox 991 1234 1374 1289; x_wconf 63' lang='lat' dir='ltr'>Caesariensis</span> <span class='ocrx_word' id='word_1_80' title='bbox 1421 1233 1756 1306; x_wconf 84' lang='lat' dir='ltr'>Cappadox,</span> <span class='ocrx_word' id='word_1_81' title='bbox 1807 1251 1903 1289; x_wconf 86' lang='lat' dir='ltr'>so-</span> 
     </span>
    </p>
   </div>
   <div class='ocr_carea' id='block_1_12' title="bbox 242 1321 1902 1396">
    <p class='ocr_par' dir='ltr' id='par_1_12' title="bbox 242 1321 1902 1396">
     <span class='ocr_line' id='line_1_12' title="bbox 242 1321 1902 1396; baseline 0.001 -20"><span class='ocrx_word' id='word_1_82' title='bbox 242 1322 465 1394; x_wconf 88' lang='lat' dir='ltr'>phista,</span> <span class='ocrx_word' id='word_1_83' title='bbox 497 1321 748 1393; x_wconf 67' lang='lat' dir='ltr'>aequatis</span> <span class='ocrx_word' id='word_1_84' title='bbox 778 1322 1068 1394; x_wconf 90' lang='lat' dir='ltr'>Callinici,</span> <span class='ocrx_word' id='word_1_85' title='bbox 1103 1324 1405 1396; x_wconf 73' lang='lat' dir='ltr'>SOphistm.</span> <span class='ocrx_word' id='word_1_86' title='bbox 1431 1324 1562 1380; x_wconf 88' lang='lat' dir='ltr'>Fuit</span> <span class='ocrx_word' id='word_1_87' title='bbox 1588 1323 1695 1380; x_wconf 88' lang='lat' dir='ltr'>sub</span> <span class='ocrx_word' id='word_1_88' title='bbox 1719 1324 1902 1380; x_wconf 90' lang='lat' dir='ltr'>Cons-</span> 
     </span>
    </p>
   </div>
   <div class='ocr_carea' id='block_1_13' title="bbox 243 1411 656 1482">
    <p class='ocr_par' dir='ltr' id='par_1_13' title="bbox 243 1411 656 1482">
     <span class='ocr_line' id='line_1_13' title="bbox 243 1411 656 1482; baseline 0.002 -16"><span class='ocrx_word' id='word_1_89' title='bbox 243 1412 479 1467; x_wconf 89' lang='lat' dir='ltr'>tantino</span> <span class='ocrx_word' id='word_1_90' title='bbox 511 1411 656 1482; x_wconf 90' lang='lat' dir='ltr'>imp.</span> 
     </span>
    </p>
   </div>
   <div class='ocr_carea' id='block_1_14' title="bbox 315 1500 1898 1572">
    <p class='ocr_par' dir='ltr' id='par_1_14' title="bbox 315 1500 1898 1572">
     <span class='ocr_line' id='line_1_14' title="bbox 315 1500 1898 1572; baseline 0.001 -16"><span class='ocrx_word' id='word_1_91' title='bbox 315 1500 608 1572; x_wconf 90' lang='lat' dir='ltr'>Julianus,</span> <span class='ocrx_word' id='word_1_92' title='bbox 644 1500 1153 1570; x_wconf 84' lang='lat' dir='ltr'>Halicarnasseus,</span> <span class='ocrx_word' id='word_1_93' title='bbox 1187 1503 1379 1557; x_wconf 90' lang='lat' dir='ltr'>Severi</span> <span class='ocrx_word' id='word_1_94' title='bbox 1421 1503 1679 1558; x_wconf 83' lang='lat' dir='ltr'>haeresin</span> <span class='ocrx_word' id='word_1_95' title='bbox 1715 1519 1898 1558; x_wconf 87' lang='lat' dir='ltr'>reno-</span> 
     </span>
    </p>
   </div>
   <div class='ocr_carea' id='block_1_15' title="bbox 244 1591 1896 1662">
    <p class='ocr_par' dir='ltr' id='par_1_15' title="bbox 244 1591 1896 1662">
     <span class='ocr_line' id='line_1_15' title="bbox 244 1591 1896 1662; baseline 0.002 -18"><span class='ocrx_word' id='word_1_96' title='bbox 244 1604 380 1646; x_wconf 84' lang='lat' dir='ltr'>vare</span> <span class='ocrx_word' id='word_1_97' title='bbox 412 1591 619 1658; x_wconf 86' lang='lat' dir='ltr'>voluit,</span> <span class='ocrx_word' id='word_1_98' title='bbox 655 1607 909 1662; x_wconf 88' lang='lat' dir='ltr'>eumque</span> <span class='ocrx_word' id='word_1_99' title='bbox 960 1591 1021 1645; x_wconf 94' lang='lat' dir='ltr'>in</span> <span class='ocrx_word' id='word_1_100' title='bbox 1073 1592 1253 1646; x_wconf 81' lang='lat' dir='ltr'>finem</span> <span class='ocrx_word' id='word_1_101' title='bbox 1315 1593 1628 1660; x_wconf 87' lang='lat' dir='ltr'>Marinum,</span> <span class='ocrx_word' id='word_1_102' title='bbox 1680 1591 1896 1662; x_wconf 87' lang='lat' dir='ltr'>Carris,</span> 
     </span>
    </p>
   </div>
   <div class='ocr_carea' id='block_1_16' title="bbox 245 1679 1943 1753">
    <p class='ocr_par' dir='ltr' id='par_1_16' title="bbox 245 1679 1943 1753">
     <span class='ocr_line' id='line_1_16' title="bbox 245 1679 1943 1753; baseline 0.001 -18"><span class='ocrx_word' id='word_1_103' title='bbox 245 1681 436 1752; x_wconf 73' lang='lat' dir='ltr'>Gyriaa</span> <span class='ocrx_word' id='word_1_104' title='bbox 466 1679 636 1750; x_wconf 88' lang='lat' dir='ltr'>urbe,</span> <span class='ocrx_word' id='word_1_105' title='bbox 665 1680 982 1736; x_wconf 88' lang='lat' dir='ltr'>oriundum</span> <span class='ocrx_word' id='word_1_106' title='bbox 1007 1681 1133 1753; x_wconf 84' lang='lat' dir='ltr'>jam</span> <span class='ocrx_word' id='word_1_107' title='bbox 1161 1683 1407 1737; x_wconf 85' lang='lat' dir='ltr'>miserat</span> <span class='ocrx_word' id='word_1_108' title='bbox 1429 1682 1900 1752; x_wconf 87' lang='lat' dir='ltr'>inOrientem,ut</span> <span class='ocrx_word' id='word_1_109' title='bbox 1935 1679 1943 1702; x_wconf 78' lang='grc'><strong><em>⁵</em></strong></span> 
     </span>
    </p>
   </div>
   <div class='ocr_carea' id='block_1_17' title="bbox 245 1768 1894 1843">
    <p class='ocr_par' dir='ltr' id='par_1_17' title="bbox 245 1768 1894 1843">
     <span class='ocr_line' id='line_1_17' title="bbox 245 1768 1894 1843; baseline 0.001 -20"><span class='ocrx_word' id='word_1_110' title='bbox 245 1768 452 1841; x_wconf 83' lang='lat' dir='ltr'>dogma</span> <span class='ocrx_word' id='word_1_111' title='bbox 465 1769 613 1824; x_wconf 91' lang='lat' dir='ltr'>illud</span> <span class='ocrx_word' id='word_1_112' title='bbox 633 1770 1151 1838; x_wconf 84' lang='lat' dir='ltr'>conﬁrmaret,nisi</span> <span class='ocrx_word' id='word_1_113' title='bbox 1170 1771 1348 1842; x_wconf 90' lang='lat' dir='ltr'>paulo</span> <span class='ocrx_word' id='word_1_114' title='bbox 1363 1777 1496 1843; x_wconf 90' lang='lat' dir='ltr'>post</span> <span class='ocrx_word' id='word_1_115' title='bbox 1509 1770 1894 1839; x_wconf 85' lang='lat' dir='ltr'>obiisset,etc.</span> 
     </span>
    </p>
   </div>
   <div class='ocr_carea' id='block_1_18' title="bbox 2013 873 2373 929">
    <p class='ocr_par' dir='ltr' id='par_1_18' title="bbox 2013 873 2373 929">
     <span class='ocr_line' id='line_1_18' title="bbox 2013 873 2373 929; baseline -0.006 -1"><span class='ocrx_word' id='word_1_116' title='bbox 2013 873 2074 929; x_wconf 87' lang='lat' dir='ltr'>af</span> <span class='ocrx_word' id='word_1_117' title='bbox 2077 873 2373 928; x_wconf 73' lang='lat' dir='ltr'>liceretur.</span> 
     </span>
    </p>
   </div>
   <div class='ocr_carea' id='block_1_19' title="bbox 2081 962 3664 1037">
    <p class='ocr_par' dir='ltr' id='par_1_19' title="bbox 2081 962 3664 1037">
     <span class='ocr_line' id='line_1_19' title="bbox 2081 962 3664 1037; baseline 0.001 -19"><span class='ocrx_word' id='word_1_118' title='bbox 2081 963 2350 1018; x_wconf 86' lang='lat' dir='ltr'>Justinus</span> <span class='ocrx_word' id='word_1_119' title='bbox 2378 964 2509 1033; x_wconf 86' lang='lat'>(&#39;79),</span> <span class='ocrx_word' id='word_1_120' title='bbox 2545 965 2942 1018; x_wconf 82' lang='lat' dir='ltr'>Romanorum</span> <span class='ocrx_word' id='word_1_121' title='bbox 2999 964 3324 1035; x_wconf 88' lang='lat' dir='ltr'>imperator</span> <span class='ocrx_word' id='word_1_122' title='bbox 3374 962 3664 1037; x_wconf 80' lang='grc' dir='ltr'>ὀρθοδοξό-</span> 
     </span>
    </p>
   </div>
   <div class='ocr_carea' id='block_1_20' title="bbox 2008 1053 3706 1128">
    <p class='ocr_par' dir='ltr' id='par_1_20' title="bbox 2008 1053 3706 1128">
     <span class='ocr_line' id='line_1_20' title="bbox 2008 1053 3706 1128; baseline 0.004 -22"><span class='ocrx_word' id='word_1_123' title='bbox 2008 1072 2189 1119; x_wconf 74' lang='grc' dir='ltr'>τατος,</span> <span class='ocrx_word' id='word_1_124' title='bbox 2226 1053 2329 1108; x_wconf 89' lang='lat' dir='ltr'>sed</span> <span class='ocrx_word' id='word_1_125' title='bbox 2357 1053 2626 1108; x_wconf 87' lang='lat' dir='ltr'>omnium</span> <span class='ocrx_word' id='word_1_126' title='bbox 2657 1053 2991 1108; x_wconf 88' lang='lat' dir='ltr'>litterarum</span> <span class='ocrx_word' id='word_1_127' title='bbox 3032 1055 3343 1126; x_wconf 89' lang='lat' dir='ltr'>imperitus</span> <span class='ocrx_word' id='word_1_128' title='bbox 3398 1061 3456 1111; x_wconf 87' lang='lat' dir='ltr'>et</span> <span class='ocrx_word' id='word_1_129' title='bbox 3504 1057 3662 1128; x_wconf 92' lang='lat' dir='ltr'>quod</span> <span class='ocrx_word' id='word_1_130' title='bbox 3703 1087 3706 1090; x_wconf 83' lang='lat'><strong><em>~</em></strong></span> 
     </span>
    </p>
   </div>
   <div class='ocr_carea' id='block_1_21' title="bbox 2010 1136 2873 1217">
    <p class='ocr_par' dir='ltr' id='par_1_21' title="bbox 2010 1136 2873 1217">
     <span class='ocr_line' id='line_1_21' title="bbox 2010 1136 2873 1217; baseline 0.001 -21"><span class='ocrx_word' id='word_1_131' title='bbox 2010 1142 2180 1215; x_wconf 80' lang='lat' dir='ltr'>vulgo</span> <span class='ocrx_word' id='word_1_132' title='bbox 2215 1143 2436 1198; x_wconf 91' lang='lat' dir='ltr'>dicitur</span> <span class='ocrx_word' id='word_1_133' title='bbox 2467 1136 2873 1217; x_wconf 57' lang='grc' dir='ltr'>ἀναλφάϐητος.</span> 
     </span>
    </p>
   </div>
   <div class='ocr_carea' id='block_1_22' title="bbox 2081 1225 3668 1307">
    <p class='ocr_par' dir='ltr' id='par_1_22' title="bbox 2081 1225 3668 1307">
     <span class='ocr_line' id='line_1_22' title="bbox 2081 1225 3668 1307; baseline 0.004 -21"><span class='ocrx_word' id='word_1_134' title='bbox 2081 1233 2302 1300; x_wconf 85' lang='lat' dir='ltr'>Justus,</span> <span class='ocrx_word' id='word_1_135' title='bbox 2337 1225 2718 1301; x_wconf 83' lang='lat' dir='ltr'>Tiberiensis,</span> <span class='ocrx_word' id='word_1_136' title='bbox 2745 1249 2814 1286; x_wconf 87' lang='lat' dir='ltr'>ex</span> <span class='ocrx_word' id='word_1_137' title='bbox 2838 1234 3141 1304; x_wconf 87' lang='lat' dir='ltr'>provincia</span> <span class='ocrx_word' id='word_1_138' title='bbox 3173 1234 3568 1307; x_wconf 70' lang='lat' dir='ltr'>Galilma,‘qui</span> <span class='ocrx_word' id='word_1_139' title='bbox 3601 1242 3668 1292; x_wconf 74' lang='lat' dir='ltr'>et</span> 
     </span>
    </p>
   </div>
   <div class='ocr_carea' id='block_1_23' title="bbox 2009 1319 3680 1392">
    <p class='ocr_par' dir='ltr' id='par_1_23' title="bbox 2009 1319 3680 1392">
     <span class='ocr_line' id='line_1_23' title="bbox 2009 1319 3680 1392; baseline 0.003 -17"><span class='ocrx_word' id='word_1_140' title='bbox 2009 1321 2136 1392; x_wconf 91' lang='lat' dir='ltr'>ipse</span> <span class='ocrx_word' id='word_1_141' title='bbox 2161 1319 2465 1376; x_wconf 77' lang='lat' dir='ltr'>Historiam</span> <span class='ocrx_word' id='word_1_142' title='bbox 2495 1321 2787 1376; x_wconf 80' lang='lat' dir='ltr'>Iudaicam</span> <span class='ocrx_word' id='word_1_143' title='bbox 2819 1323 3194 1378; x_wconf 86' lang='lat' dir='ltr'>conscribere</span> <span class='ocrx_word' id='word_1_144' title='bbox 3244 1329 3304 1379; x_wconf 87' lang='lat' dir='ltr'>et</span> <span class='ocrx_word' id='word_1_145' title='bbox 3328 1334 3680 1380; x_wconf 53' lang='lat' dir='ltr'>commentar</span> 
     </span>
    </p>
   </div>
   <div class='ocr_carea' id='block_1_24' title="bbox 2009 1411 3658 1484">
    <p class='ocr_par' dir='ltr' id='par_1_24' title="bbox 2009 1411 3658 1484">
     <span class='ocr_line' id='line_1_24' title="bbox 2009 1411 3658 1484; baseline 0.004 -18"><span class='ocrx_word' id='word_1_146' title='bbox 2009 1415 2119 1467; x_wconf 79' lang='lat' dir='ltr'>rios</span> <span class='ocrx_word' id='word_1_147' title='bbox 2152 1411 2440 1483; x_wconf 90' lang='lat' dir='ltr'>quosdam</span> <span class='ocrx_word' id='word_1_148' title='bbox 2474 1427 2832 1483; x_wconf 87' lang='lat' dir='ltr'>componere</span> <span class='ocrx_word' id='word_1_149' title='bbox 2863 1429 3173 1484; x_wconf 89' lang='lat' dir='ltr'>aggressus</span> <span class='ocrx_word' id='word_1_150' title='bbox 3205 1420 3310 1469; x_wconf 85' lang='lat' dir='ltr'>est.</span> <span class='ocrx_word' id='word_1_151' title='bbox 3355 1415 3467 1469; x_wconf 91' lang='lat' dir='ltr'>Sed</span> <span class='ocrx_word' id='word_1_152' title='bbox 3500 1417 3658 1472; x_wconf 91' lang='lat' dir='ltr'>hunc</span> 
     </span>
    </p>
   </div>
   <div class='ocr_carea' id='block_1_25' title="bbox 2007 1499 3658 1573">
    <p class='ocr_par' dir='ltr' id='par_1_25' title="bbox 2007 1499 3658 1573">
     <span class='ocr_line' id='line_1_25' title="bbox 2007 1499 3658 1573; baseline 0.002 -17"><span class='ocrx_word' id='word_1_153' title='bbox 2007 1500 2297 1572; x_wconf 86' lang='lat' dir='ltr'>Josephus</span> <span class='ocrx_word' id='word_1_154' title='bbox 2331 1499 2624 1555; x_wconf 85' lang='lat' dir='ltr'>mendacii</span> <span class='ocrx_word' id='word_1_155' title='bbox 2657 1501 2869 1572; x_wconf 83' lang='lat' dir='ltr'>arguit.</span> <span class='ocrx_word' id='word_1_156' title='bbox 2930 1501 3178 1573; x_wconf 88' lang='lat' dir='ltr'>Scripsit</span> <span class='ocrx_word' id='word_1_157' title='bbox 3223 1508 3422 1558; x_wconf 85' lang='lat' dir='ltr'>autem</span> <span class='ocrx_word' id='word_1_158' title='bbox 3471 1504 3658 1559; x_wconf 76' lang='lat' dir='ltr'>histo-</span> 
     </span>
    </p>
   </div>
   <div class='ocr_carea' id='block_1_26' title="bbox 2009 1589 3190 1662">
    <p class='ocr_par' dir='ltr' id='par_1_26' title="bbox 2009 1589 3190 1662">
     <span class='ocr_line' id='line_1_26' title="bbox 2009 1589 3190 1662; baseline 0 -18"><span class='ocrx_word' id='word_1_159' title='bbox 2009 1590 2158 1645; x_wconf 91' lang='lat' dir='ltr'>riam</span> <span class='ocrx_word' id='word_1_160' title='bbox 2193 1589 2399 1645; x_wconf 87' lang='lat' dir='ltr'>eodem</span> <span class='ocrx_word' id='word_1_161' title='bbox 2435 1596 2702 1661; x_wconf 88' lang='lat' dir='ltr'>tempore</span> <span class='ocrx_word' id='word_1_162' title='bbox 2734 1607 2850 1661; x_wconf 91' lang='lat' dir='ltr'>quo</span> <span class='ocrx_word' id='word_1_163' title='bbox 2881 1591 3190 1662; x_wconf 86' lang='lat' dir='ltr'>Josephus.</span> 
     </span>
    </p>
   </div>
   <div class='ocr_carea' id='block_1_27' title="bbox 2078 1679 3704 1753">
    <p class='ocr_par' dir='ltr' id='par_1_27' title="bbox 2078 1679 3704 1753">
     <span class='ocr_line' id='line_1_27' title="bbox 2078 1679 3704 1753; baseline 0.002 -17"><span class='ocrx_word' id='word_1_164' title='bbox 2078 1679 2376 1736; x_wconf 82' lang='lat' dir='ltr'>Iuvenalis</span> <span class='ocrx_word' id='word_1_165' title='bbox 2408 1686 2583 1753; x_wconf 89' lang='lat' dir='ltr'>poeta</span> <span class='ocrx_word' id='word_1_166' title='bbox 2614 1681 2874 1736; x_wconf 84' lang='lat' dir='ltr'>Latinus.</span> <span class='ocrx_word' id='word_1_167' title='bbox 2907 1682 3007 1736; x_wconf 88' lang='lat' dir='ltr'>Hic</span> <span class='ocrx_word' id='word_1_168' title='bbox 3031 1682 3139 1736; x_wconf 89' lang='lat' dir='ltr'>sub</span> <span class='ocrx_word' id='word_1_169' title='bbox 3160 1682 3518 1751; x_wconf 87' lang='lat' dir='ltr'>Domitiano,</span> <span class='ocrx_word' id='word_1_170' title='bbox 3547 1687 3659 1740; x_wconf 72' lang='grc' dir='ltr'>Βοι</span> <span class='ocrx_word' id='word_1_171' title='bbox 3702 1712 3704 1714; x_wconf 62' lang='grc' dir='ltr'>τ</span> 
     </span>
    </p>
   </div>
   <div class='ocr_carea' id='block_1_28' title="bbox 2009 1769 3702 1841">
    <p class='ocr_par' dir='ltr' id='par_1_28' title="bbox 2009 1769 3702 1841">
     <span class='ocr_line' id='line_1_28' title="bbox 2009 1769 3702 1841; baseline 0.004 -18"><span class='ocrx_word' id='word_1_172' title='bbox 2009 1785 2321 1824; x_wconf 86' lang='lat' dir='ltr'>manorum</span> <span class='ocrx_word' id='word_1_173' title='bbox 2355 1770 2522 1841; x_wconf 90' lang='lat' dir='ltr'>imp.,</span> <span class='ocrx_word' id='word_1_174' title='bbox 2583 1769 2744 1822; x_wconf 80' lang='lat' dir='ltr'>vixit.</span> <span class='ocrx_word' id='word_1_175' title='bbox 2802 1769 3174 1824; x_wconf 84' lang='lat' dir='ltr'>Domitianus</span> <span class='ocrx_word' id='word_1_176' title='bbox 3233 1785 3390 1825; x_wconf 82' lang='lat' dir='ltr'>vero</span> <span class='ocrx_word' id='word_1_177' title='bbox 3425 1772 3702 1829; x_wconf 88' lang='lat' dir='ltr'>amabat-</span> 
     </span>
    </p>
   </div>
   <div class='ocr_carea' id='block_1_29' title="bbox 315 1852 1890 1936">
    <p class='ocr_par' dir='ltr' id='par_1_29' title="bbox 315 1852 1890 1930">
     <span class='ocr_line' id='line_1_29' title="bbox 315 1852 1890 1930; baseline 0.003 -18"><span class='ocrx_word' id='word_1_178' title='bbox 315 1859 606 1927; x_wconf 89' lang='lat' dir='ltr'>Julianus,</span> <span class='ocrx_word' id='word_1_179' title='bbox 639 1858 667 1912; x_wconf 89' lang='grc' dir='ltr'>ὁ</span> <span class='ocrx_word' id='word_1_180' title='bbox 725 1852 1046 1930; x_wconf 72' lang='grc' dir='ltr'>παραϐάτης</span> <span class='ocrx_word' id='word_1_181' title='bbox 1103 1859 1191 1913; x_wconf 84' lang='grc' dir='ltr'>καὶ</span> <span class='ocrx_word' id='word_1_182' title='bbox 1241 1858 1569 1928; x_wconf 80' lang='grc' dir='ltr'>ἀποστάτης,</span> <span class='ocrx_word' id='word_1_183' title='bbox 1631 1861 1890 1916; x_wconf 74' lang='lat' dir='ltr'>desertor</span> 
     </span>
    </p>
   </div>
   <div class='ocr_carea' id='block_1_30' title="bbox 2015 1852 3658 1936">
    <p class='ocr_par' dir='ltr' id='par_1_30' title="bbox 2015 1857 3658 1929">
     <span class='ocr_line' id='line_1_30' title="bbox 2015 1857 3658 1929; baseline 0.002 -17"><span class='ocrx_word' id='word_1_184' title='bbox 2015 1857 2270 1913; x_wconf 81' lang='lat' dir='ltr'>Prasinae</span> <span class='ocrx_word' id='word_1_185' title='bbox 2294 1858 2570 1912; x_wconf 78' lang='lat' dir='ltr'>factibnis</span> <span class='ocrx_word' id='word_1_186' title='bbox 2605 1857 2970 1925; x_wconf 77' lang='lat' dir='ltr'>saltatorem,</span> <span class='ocrx_word' id='word_1_187' title='bbox 2999 1859 3102 1929; x_wconf 91' lang='lat' dir='ltr'>qui</span> <span class='ocrx_word' id='word_1_188' title='bbox 3131 1860 3298 1913; x_wconf 89' lang='lat' dir='ltr'>Paris</span> <span class='ocrx_word' id='word_1_189' title='bbox 3321 1860 3658 1916; x_wconf 83' lang='lat' dir='ltr'>vocabatur.</span> 
     </span>
    </p>
   </div>
   <div class='ocr_carea' id='block_1_31' title="bbox 243 1949 1897 2022">
    <p class='ocr_par' dir='ltr' id='par_1_31' title="bbox 243 1949 1897 2022">
     <span class='ocr_line' id='line_1_31' title="bbox 243 1949 1897 2022; baseline 0.002 -19"><span class='ocrx_word' id='word_1_190' title='bbox 243 1953 601 2020; x_wconf 87' lang='lat' dir='ltr'>etapostata,</span> <span class='ocrx_word' id='word_1_191' title='bbox 623 1951 1023 2004; x_wconf 82' lang='lat' dir='ltr'>Romanorum</span> <span class='ocrx_word' id='word_1_192' title='bbox 1050 1950 1220 2021; x_wconf 90' lang='lat' dir='ltr'>imp.,</span> <span class='ocrx_word' id='word_1_193' title='bbox 1236 1950 1472 2022; x_wconf 89' lang='lat' dir='ltr'>genitus</span> <span class='ocrx_word' id='word_1_194' title='bbox 1497 1967 1566 2005; x_wconf 83' lang='lat' dir='ltr'>ex</span> <span class='ocrx_word' id='word_1_195' title='bbox 1586 1949 1897 2020; x_wconf 86' lang='lat' dir='ltr'>Dalmatio,</span> 
     </span>
    </p>
   </div>
   <div class='ocr_carea' id='block_1_32' title="bbox 242 2037 1895 2112">
    <p class='ocr_par' dir='ltr' id='par_1_32' title="bbox 242 2037 1895 2112">
     <span class='ocr_line' id='line_1_32' title="bbox 242 2037 1895 2112; baseline 0.001 -19"><span class='ocrx_word' id='word_1_196' title='bbox 242 2037 619 2093; x_wconf 88' lang='lat' dir='ltr'>Constantini</span> <span class='ocrx_word' id='word_1_197' title='bbox 643 2039 832 2112; x_wconf 88' lang='lat' dir='ltr'>Magni</span> <span class='ocrx_word' id='word_1_198' title='bbox 861 2038 1063 2106; x_wconf 87' lang='lat' dir='ltr'>fratre,</span> <span class='ocrx_word' id='word_1_199' title='bbox 1087 2043 1146 2093; x_wconf 89' lang='lat' dir='ltr'>et</span> <span class='ocrx_word' id='word_1_200' title='bbox 1167 2039 1350 2094; x_wconf 91' lang='lat' dir='ltr'>Galla.</span> <span class='ocrx_word' id='word_1_201' title='bbox 1387 2039 1895 2111; x_wconf 80' lang='lat' dir='ltr'>Scripsitlibrum,</span> 
     </span>
    </p>
   </div>
   <div class='ocr_carea' id='block_1_33' title="bbox 241 2127 1896 2198">
    <p class='ocr_par' dir='ltr' id='par_1_33' title="bbox 241 2127 1896 2198">
     <span class='ocr_line' id='line_1_33' title="bbox 241 2127 1896 2198; baseline 0.001 -16"><span class='ocrx_word' id='word_1_202' title='bbox 241 2127 345 2198; x_wconf 90' lang='lat' dir='ltr'>qui</span> <span class='ocrx_word' id='word_1_203' title='bbox 377 2132 618 2182; x_wconf 88' lang='lat' dir='ltr'>vocatur</span> <span class='ocrx_word' id='word_1_204' title='bbox 646 2127 927 2195; x_wconf 63' lang='lat' dir='ltr'>Caesares,</span> <span class='ocrx_word' id='word_1_205' title='bbox 961 2129 1368 2183; x_wconf 88' lang='lat' dir='ltr'>continentem</span> <span class='ocrx_word' id='word_1_206' title='bbox 1395 2145 1603 2183; x_wconf 90' lang='lat' dir='ltr'>omnes</span> <span class='ocrx_word' id='word_1_207' title='bbox 1661 2127 1733 2184; x_wconf 91' lang='lat' dir='ltr'>ab</span> <span class='ocrx_word' id='word_1_208' title='bbox 1779 2131 1896 2184; x_wconf 86' lang='lat' dir='ltr'>Au-</span> 
     </span>
    </p>
   </div>
   <div class='ocr_carea' id='block_1_34' title="bbox 238 2217 1894 2293">
    <p class='ocr_par' dir='ltr' id='par_1_34' title="bbox 238 2217 1894 2293">
     <span class='ocr_line' id='line_1_34' title="bbox 238 2217 1894 2293; baseline -0.001 -21"><span class='ocrx_word' id='word_1_209' title='bbox 238 2223 411 2290; x_wconf 89' lang='lat' dir='ltr'>gusto</span> <span class='ocrx_word' id='word_1_210' title='bbox 430 2217 842 2289; x_wconf 82' lang='lat' dir='ltr'>imperatores.</span> <span class='ocrx_word' id='word_1_211' title='bbox 865 2218 1061 2273; x_wconf 90' lang='lat' dir='ltr'>Alium</span> <span class='ocrx_word' id='word_1_212' title='bbox 1088 2217 1218 2292; x_wconf 86' lang='grc' dir='ltr'>Περὶ</span> <span class='ocrx_word' id='word_1_213' title='bbox 1239 2221 1346 2272; x_wconf 83' lang='grc' dir='ltr'>τῶν</span> <span class='ocrx_word' id='word_1_214' title='bbox 1369 2221 1534 2293; x_wconf 81' lang='grc' dir='ltr'>τριῶν</span> <span class='ocrx_word' id='word_1_215' title='bbox 1565 2217 1894 2292; x_wconf 81' lang='grc' dir='ltr'>σχημάτων,</span> 
     </span>
    </p>
   </div>
   <div class='ocr_carea' id='block_1_35' title="bbox 240 2306 1896 2381">
    <p class='ocr_par' dir='ltr' id='par_1_35' title="bbox 240 2306 1896 2381">
     <span class='ocr_line' id='line_1_35' title="bbox 240 2306 1896 2381; baseline 0.001 -22"><span class='ocrx_word' id='word_1_216' title='bbox 240 2329 271 2357; x_wconf 85' lang='grc'>‹‹</span> <span class='ocrx_word' id='word_1_217' title='bbox 307 2307 385 2362; x_wconf 91' lang='lat' dir='ltr'>De</span> <span class='ocrx_word' id='word_1_218' title='bbox 410 2308 598 2362; x_wconf 86' lang='lat' dir='ltr'>tribus</span> <span class='ocrx_word' id='word_1_219' title='bbox 647 2307 873 2381; x_wconf 82' lang='lat' dir='ltr'>ﬁguris,</span> <span class='ocrx_word' id='word_1_220' title='bbox 931 2315 983 2362; x_wconf 88' lang='lat' dir='ltr'>et</span> <span class='ocrx_word' id='word_1_221' title='bbox 1041 2306 1269 2380; x_wconf 84' lang='grc' dir='ltr'>Κρόνια,</span> <span class='ocrx_word' id='word_1_222' title='bbox 1330 2307 1685 2364; x_wconf 87' lang='lat' dir='ltr'>Saturnalia.</span> <span class='ocrx_word' id='word_1_223' title='bbox 1747 2309 1896 2363; x_wconf 87' lang='lat' dir='ltr'>Idem</span> 
     </span>
    </p>
   </div>
   <div class='ocr_carea' id='block_1_36' title="bbox 245 2394 1895 2469">
    <p class='ocr_par' dir='ltr' id='par_1_36' title="bbox 245 2394 1895 2469">
     <span class='ocr_line' id='line_1_36' title="bbox 245 2394 1895 2469; baseline 0.002 -22"><span class='ocrx_word' id='word_1_224' title='bbox 245 2421 266 2446; x_wconf 77' lang='grc' dir='ltr'>ι</span> <span class='ocrx_word' id='word_1_225' title='bbox 304 2396 743 2469; x_wconf 84' lang='lat' dir='ltr'>Misopogonem</span> <span class='ocrx_word' id='word_1_226' title='bbox 774 2400 885 2453; x_wconf 85' lang='lat' dir='ltr'>sive</span> <span class='ocrx_word' id='word_1_227' title='bbox 916 2397 1299 2453; x_wconf 88' lang='lat' dir='ltr'>Antiochium</span> <span class='ocrx_word' id='word_1_228' title='bbox 1331 2421 1380 2453; x_wconf 87' lang='lat'>».</span> <span class='ocrx_word' id='word_1_229' title='bbox 1416 2400 1486 2453; x_wconf 92' lang='lat' dir='ltr'>Et</span> <span class='ocrx_word' id='word_1_230' title='bbox 1518 2397 1682 2460; x_wconf 84' lang='grc' dir='ltr'>Πόθεν</span> <span class='ocrx_word' id='word_1_231' title='bbox 1736 2394 1895 2466; x_wconf 71' lang='grc' dir='ltr'>κακὰ,</span> 
     </span>
    </p>
   </div>
   <div class='ocr_carea' id='block_1_37' title="bbox 237 2481 1897 2558">
    <p class='ocr_par' dir='ltr' id='par_1_37' title="bbox 237 2481 1897 2558">
     <span class='ocr_line' id='line_1_37' title="bbox 237 2481 1897 2558; baseline 0.002 -19"><span class='ocrx_word' id='word_1_232' title='bbox 237 2485 376 2540; x_wconf 65' lang='grc' dir='ltr'>κειτᾶ</span> <span class='ocrx_word' id='word_1_233' title='bbox 407 2481 772 2555; x_wconf 79' lang='grc' dir='ltr'>ἀπαιδεύτων,</span> <span class='ocrx_word' id='word_1_234' title='bbox 809 2508 836 2537; x_wconf 87' lang='grc'><em>‹‹</em></span> <span class='ocrx_word' id='word_1_235' title='bbox 872 2487 1035 2542; x_wconf 91' lang='lat' dir='ltr'>Unde</span> <span class='ocrx_word' id='word_1_236' title='bbox 1068 2486 1227 2542; x_wconf 88' lang='lat' dir='ltr'>mala</span> <span class='ocrx_word' id='word_1_237' title='bbox 1243 2488 1728 2558; x_wconf 81' lang='lat' dir='ltr'>proficiscuntur,</span> <span class='ocrx_word' id='word_1_238' title='bbox 1754 2503 1897 2542; x_wconf 88' lang='lat' dir='ltr'>con-</span> 
     </span>
    </p>
   </div>
   <div class='ocr_carea' id='block_1_38' title="bbox 240 2575 1897 2646">
    <p class='ocr_par' dir='ltr' id='par_1_38' title="bbox 240 2575 1897 2646">
     <span class='ocr_line' id='line_1_38' title="bbox 240 2575 1897 2646; baseline 0.004 -19"><span class='ocrx_word' id='word_1_239' title='bbox 240 2598 270 2626; x_wconf 83' lang='grc'>‹‹</span> <span class='ocrx_word' id='word_1_240' title='bbox 300 2580 389 2630; x_wconf 89' lang='lat' dir='ltr'>tra</span> <span class='ocrx_word' id='word_1_241' title='bbox 420 2576 750 2631; x_wconf 87' lang='lat' dir='ltr'>ineruditos</span> <span class='ocrx_word' id='word_1_242' title='bbox 783 2596 850 2645; x_wconf 84' lang='lat'>»;</span> <span class='ocrx_word' id='word_1_243' title='bbox 886 2576 960 2631; x_wconf 89' lang='lat' dir='ltr'>ad</span> <span class='ocrx_word' id='word_1_244' title='bbox 1007 2593 1215 2632; x_wconf 91' lang='lat' dir='ltr'>canem</span> <span class='ocrx_word' id='word_1_245' title='bbox 1262 2575 1648 2646; x_wconf 86' lang='lat' dir='ltr'>Heraclitum,</span> <span class='ocrx_word' id='word_1_246' title='bbox 1682 2599 1709 2627; x_wconf 86' lang='grc'>‹‹</span> <span class='ocrx_word' id='word_1_247' title='bbox 1743 2577 1897 2642; x_wconf 87' lang='lat' dir='ltr'>Quo-</span> 
     </span>
    </p>
   </div>
   <div class='ocr_carea' id='block_1_39' title="bbox 241 2665 1896 2739">
    <p class='ocr_par' dir='ltr' id='par_1_39' title="bbox 241 2665 1896 2739">
     <span class='ocr_line' id='line_1_39' title="bbox 241 2665 1896 2739; baseline 0.001 -19"><span class='ocrx_word' id='word_1_248' title='bbox 241 2687 269 2714; x_wconf 83' lang='grc'>‹‹</span> <span class='ocrx_word' id='word_1_249' title='bbox 302 2665 476 2720; x_wconf 89' lang='lat' dir='ltr'>modo</span> <span class='ocrx_word' id='word_1_250' title='bbox 537 2666 744 2739; x_wconf 87' lang='lat' dir='ltr'>cynice</span> <span class='ocrx_word' id='word_1_251' title='bbox 794 2665 1106 2721; x_wconf 90' lang='lat' dir='ltr'>vivendum</span> <span class='ocrx_word' id='word_1_252' title='bbox 1154 2666 1329 2734; x_wconf 87' lang='lat' dir='ltr'>sit»;</span> <span class='ocrx_word' id='word_1_253' title='bbox 1380 2665 1655 2736; x_wconf 78' lang='lat' dir='ltr'>Epistolas</span> <span class='ocrx_word' id='word_1_254' title='bbox 1701 2665 1896 2721; x_wconf 88' lang='lat' dir='ltr'>omnis</span> 
     </span>
    </p>
   </div>
   <div class='ocr_carea' id='block_1_40' title="bbox 238 2755 1893 2827">
    <p class='ocr_par' dir='ltr' id='par_1_40' title="bbox 238 2755 1893 2827">
     <span class='ocr_line' id='line_1_40' title="bbox 238 2755 1893 2827; baseline 0 -18"><span class='ocrx_word' id='word_1_255' title='bbox 238 2755 488 2825; x_wconf 88' lang='lat' dir='ltr'>generis,</span> <span class='ocrx_word' id='word_1_256' title='bbox 525 2761 584 2810; x_wconf 93' lang='lat' dir='ltr'>et</span> <span class='ocrx_word' id='word_1_257' title='bbox 610 2756 746 2810; x_wconf 88' lang='lat' dir='ltr'>alia.</span> <span class='ocrx_word' id='word_1_258' title='bbox 803 2757 882 2810; x_wconf 90' lang='lat' dir='ltr'>De</span> <span class='ocrx_word' id='word_1_259' title='bbox 934 2755 1342 2827; x_wconf 90' lang='lat' dir='ltr'>Empedotimo</span> <span class='ocrx_word' id='word_1_260' title='bbox 1387 2755 1582 2810; x_wconf 91' lang='lat' dir='ltr'>locum</span> <span class='ocrx_word' id='word_1_261' title='bbox 1617 2772 1647 2810; x_wconf 93' lang='lat' dir='ltr'>e</span> <span class='ocrx_word' id='word_1_262' title='bbox 1677 2755 1893 2810; x_wconf 90' lang='lat' dir='ltr'>Juliani</span> 
     </span>
    </p>
   </div>
   <div class='ocr_carea' id='block_1_41' title="bbox 245 2839 1892 2918">
    <p class='ocr_par' dir='ltr' id='par_1_41' title="bbox 245 2839 1892 2918">
     <span class='ocr_line' id='line_1_41' title="bbox 245 2839 1892 2918; baseline 0.002 -22"><span class='ocrx_word' id='word_1_263' title='bbox 245 2843 494 2918; x_wconf 79' lang='grc' dir='ltr'>Κρονίοις</span> <span class='ocrx_word' id='word_1_264' title='bbox 526 2846 701 2900; x_wconf 79' lang='lat' dir='ltr'>affert</span> <span class='ocrx_word' id='word_1_265' title='bbox 731 2845 908 2900; x_wconf 89' lang='lat' dir='ltr'>etiam</span> <span class='ocrx_word' id='word_1_266' title='bbox 944 2845 1153 2899; x_wconf 90' lang='lat' dir='ltr'>Suidas</span> <span class='ocrx_word' id='word_1_267' title='bbox 1185 2844 1245 2898; x_wconf 91' lang='lat' dir='ltr'>in</span> <span class='ocrx_word' id='word_1_268' title='bbox 1276 2839 1707 2916; x_wconf 81' lang='grc' dir='ltr'>Ἑμπεδότιμος.</span> <span class='ocrx_word' id='word_1_269' title='bbox 1742 2846 1892 2900; x_wconf 88' lang='lat' dir='ltr'>Ora-</span> 
     </span>
    </p>
   </div>
   <div class='ocr_carea' id='block_1_42' title="bbox 233 2933 1893 3005">
    <p class='ocr_par' dir='ltr' id='par_1_42' title="bbox 233 2933 1893 3005">
     <span class='ocr_line' id='line_1_42' title="bbox 233 2933 1893 3005; baseline 0 -17"><span class='ocrx_word' id='word_1_270' title='bbox 233 2933 460 2999; x_wconf 83' lang='lat' dir='ltr'>culum,</span> <span class='ocrx_word' id='word_1_271' title='bbox 513 2933 746 2988; x_wconf 90' lang='lat' dir='ltr'>Juliano</span> <span class='ocrx_word' id='word_1_272' title='bbox 779 2933 1006 3000; x_wconf 90' lang='lat' dir='ltr'>datum,</span> <span class='ocrx_word' id='word_1_273' title='bbox 1058 2933 1358 2988; x_wconf 90' lang='lat' dir='ltr'>diversum</span> <span class='ocrx_word' id='word_1_274' title='bbox 1392 2950 1426 2988; x_wconf 90' lang='lat' dir='ltr'>a</span> <span class='ocrx_word' id='word_1_275' title='bbox 1455 2933 1707 3002; x_wconf 92' lang='lat' dir='ltr'>duobus,</span> <span class='ocrx_word' id='word_1_276' title='bbox 1763 2951 1893 3005; x_wconf 73' lang='lat' dir='ltr'>qum</span> 
     </span>
    </p>
   </div>
   <div class='ocr_carea' id='block_1_43' title="bbox 237 3022 1774 3094">
    <p class='ocr_par' dir='ltr' id='par_1_43' title="bbox 237 3022 1774 3094">
     <span class='ocr_line' id='line_1_43' title="bbox 237 3022 1774 3094; baseline 0 -17"><span class='ocrx_word' id='word_1_277' title='bbox 237 3022 452 3078; x_wconf 88' lang='lat' dir='ltr'>Suidas</span> <span class='ocrx_word' id='word_1_278' title='bbox 484 3023 715 3090; x_wconf 85' lang='lat' dir='ltr'>recitat,</span> <span class='ocrx_word' id='word_1_279' title='bbox 751 3023 967 3094; x_wconf 89' lang='lat' dir='ltr'>legitur</span> <span class='ocrx_word' id='word_1_280' title='bbox 996 3023 1071 3078; x_wconf 90' lang='lat' dir='ltr'>ad</span> <span class='ocrx_word' id='word_1_281' title='bbox 1097 3023 1451 3091; x_wconf 88' lang='lat' dir='ltr'>Cedrenum,</span> <span class='ocrx_word' id='word_1_282' title='bbox 1485 3040 1615 3094; x_wconf 84' lang='lat' dir='ltr'>pag.</span> <span class='ocrx_word' id='word_1_283' title='bbox 1650 3025 1774 3077; x_wconf 78' lang='lat'><strong>253.</strong></span> 
     </span>
    </p>
   </div>
   <div class='ocr_carea' id='block_1_44' title="bbox 305 3112 1888 3184">
    <p class='ocr_par' dir='ltr' id='par_1_44' title="bbox 305 3112 1888 3184">
     <span class='ocr_line' id='line_1_44' title="bbox 305 3112 1888 3184; baseline 0 -16"><span class='ocrx_word' id='word_1_284' title='bbox 305 3112 622 3168; x_wconf 90' lang='lat' dir='ltr'>Justiniani</span> <span class='ocrx_word' id='word_1_285' title='bbox 676 3112 1044 3168; x_wconf 79' lang='lat' dir='ltr'>Hhinotmeti</span> <span class='ocrx_word' id='word_1_286' title='bbox 1102 3129 1506 3168; x_wconf 88' lang='lat' dir='ltr'>successorem</span> <span class='ocrx_word' id='word_1_287' title='bbox 1557 3113 1888 3184; x_wconf 87' lang='lat' dir='ltr'>Leontium,</span> 
     </span>
    </p>
   </div>
   <div class='ocr_carea' id='block_1_45' title="bbox 2007 1946 3668 2019">
    <p class='ocr_par' dir='ltr' id='par_1_45' title="bbox 2007 1946 3668 2019">
     <span class='ocr_line' id='line_1_45' title="bbox 2007 1946 3668 2019; baseline 0.002 -19"><span class='ocrx_word' id='word_1_288' title='bbox 2007 1947 2131 2010; x_wconf 90' lang='lat' dir='ltr'>Qua</span> <span class='ocrx_word' id='word_1_289' title='bbox 2151 1946 2223 2000; x_wconf 90' lang='lat' dir='ltr'>de</span> <span class='ocrx_word' id='word_1_290' title='bbox 2250 1962 2428 2001; x_wconf 88' lang='lat' dir='ltr'>causa</span> <span class='ocrx_word' id='word_1_291' title='bbox 2448 1951 2506 2000; x_wconf 90' lang='lat' dir='ltr'>et</span> <span class='ocrx_word' id='word_1_292' title='bbox 2531 1963 2564 2000; x_wconf 89' lang='lat' dir='ltr'>a</span> <span class='ocrx_word' id='word_1_293' title='bbox 2594 1951 2804 2000; x_wconf 88' lang='lat' dir='ltr'>senatu</span> <span class='ocrx_word' id='word_1_294' title='bbox 2838 1951 2896 2000; x_wconf 90' lang='lat' dir='ltr'>et</span> <span class='ocrx_word' id='word_1_295' title='bbox 2925 1963 2960 2001; x_wconf 92' lang='lat' dir='ltr'>a</span> <span class='ocrx_word' id='word_1_296' title='bbox 2987 1946 3251 2001; x_wconf 88' lang='lat' dir='ltr'>Juvenali</span> <span class='ocrx_word' id='word_1_297' title='bbox 3284 1949 3668 2019; x_wconf 71' lang='lat' dir='ltr'>carpebatur.</span> 
     </span>
    </p>
   </div>
   <div class='ocr_carea' id='block_1_46' title="bbox 2007 2035 3656 2106">
    <p class='ocr_par' dir='ltr' id='par_1_46' title="bbox 2007 2035 3656 2106">
     <span class='ocr_line' id='line_1_46' title="bbox 2007 2035 3656 2106; baseline 0 -15"><span class='ocrx_word' id='word_1_298' title='bbox 2007 2038 2336 2106; x_wconf 89' lang='lat' dir='ltr'>Imperator</span> <span class='ocrx_word' id='word_1_299' title='bbox 2365 2036 2504 2090; x_wconf 91' lang='lat' dir='ltr'>hinc</span> <span class='ocrx_word' id='word_1_300' title='bbox 2534 2036 2876 2090; x_wconf 89' lang='lat' dir='ltr'>Juvenalem</span> <span class='ocrx_word' id='word_1_301' title='bbox 2905 2035 3255 2106; x_wconf 89' lang='lat' dir='ltr'>Pentapolin</span> <span class='ocrx_word' id='word_1_302' title='bbox 3281 2037 3489 2091; x_wconf 75' lang='lat' dir='ltr'>Africm</span> <span class='ocrx_word' id='word_1_303' title='bbox 3505 2037 3656 2092; x_wconf 90' lang='lat' dir='ltr'>rele-</span> 
     </span>
    </p>
   </div>
   <div class='ocr_carea' id='block_1_47' title="bbox 2005 2125 3657 2197">
    <p class='ocr_par' dir='ltr' id='par_1_47' title="bbox 2005 2125 3657 2197">
     <span class='ocr_line' id='line_1_47' title="bbox 2005 2125 3657 2197; baseline 0.001 -17"><span class='ocrx_word' id='word_1_304' title='bbox 2005 2125 2204 2197; x_wconf 88' lang='lat' dir='ltr'>gavit;</span> <span class='ocrx_word' id='word_1_305' title='bbox 2239 2125 2581 2180; x_wconf 82' lang='lat' dir='ltr'>saltatorem</span> <span class='ocrx_word' id='word_1_306' title='bbox 2608 2141 2741 2179; x_wconf 88' lang='lat' dir='ltr'>vero</span> <span class='ocrx_word' id='word_1_307' title='bbox 2799 2125 3225 2196; x_wconf 88' lang='lat' dir='ltr'>locupletatum</span> <span class='ocrx_word' id='word_1_308' title='bbox 3279 2127 3657 2181; x_wconf 86' lang='lat' dir='ltr'>Antiochiam</span> 
     </span>
    </p>
   </div>
   <div class='ocr_carea' id='block_1_48' title="bbox 2007 2213 3658 2287">
    <p class='ocr_par' dir='ltr' id='par_1_48' title="bbox 2007 2213 3658 2287">
     <span class='ocr_line' id='line_1_48' title="bbox 2007 2213 3658 2287; baseline 0.001 -19"><span class='ocrx_word' id='word_1_309' title='bbox 2007 2214 2189 2282; x_wconf 92' lang='lat' dir='ltr'>misit,</span> <span class='ocrx_word' id='word_1_310' title='bbox 2217 2215 2339 2285; x_wconf 88' lang='lat' dir='ltr'>qui,</span> <span class='ocrx_word' id='word_1_311' title='bbox 2366 2214 2546 2269; x_wconf 91' lang='lat' dir='ltr'>domo</span> <span class='ocrx_word' id='word_1_312' title='bbox 2579 2220 2638 2269; x_wconf 94' lang='lat' dir='ltr'>et</span> <span class='ocrx_word' id='word_1_313' title='bbox 2665 2213 2880 2269; x_wconf 90' lang='lat' dir='ltr'>balnea</span> <span class='ocrx_word' id='word_1_314' title='bbox 2909 2220 3073 2270; x_wconf 82' lang='lat' dir='ltr'>extra</span> <span class='ocrx_word' id='word_1_315' title='bbox 3101 2215 3311 2270; x_wconf 89' lang='lat' dir='ltr'>urbem</span> <span class='ocrx_word' id='word_1_316' title='bbox 3343 2215 3658 2287; x_wconf 71' lang='lat' dir='ltr'>uaditicato,</span> 
     </span>
    </p>
   </div>
   <div class='ocr_carea' id='block_1_49' title="bbox 2007 2303 2531 2359">
    <p class='ocr_par' dir='ltr' id='par_1_49' title="bbox 2007 2303 2531 2359">
     <span class='ocr_line' id='line_1_49' title="bbox 2007 2303 2531 2359; baseline 0.002 -2"><span class='ocrx_word' id='word_1_317' title='bbox 2007 2303 2086 2358; x_wconf 92' lang='lat' dir='ltr'>ibi</span> <span class='ocrx_word' id='word_1_318' title='bbox 2121 2309 2390 2359; x_wconf 92' lang='lat' dir='ltr'>mortuus</span> <span class='ocrx_word' id='word_1_319' title='bbox 2423 2310 2531 2358; x_wconf 91' lang='lat' dir='ltr'>est.</span> 
     </span>
    </p>
   </div>
   <div class='ocr_carea' id='block_1_50' title="bbox 2079 2481 3662 2556">
    <p class='ocr_par' dir='ltr' id='par_1_50' title="bbox 2079 2481 3662 2556">
     <span class='ocr_line' id='line_1_50' title="bbox 2079 2481 3662 2556; baseline 0.003 -20"><span class='ocrx_word' id='word_1_320' title='bbox 2079 2482 2395 2550; x_wconf 88' lang='lat' dir='ltr'>Lachares,</span> <span class='ocrx_word' id='word_1_321' title='bbox 2432 2483 2708 2539; x_wconf 88' lang='lat' dir='ltr'>Lacharis</span> <span class='ocrx_word' id='word_1_322' title='bbox 2765 2481 2851 2550; x_wconf 90' lang='lat' dir='ltr'>F.,</span> <span class='ocrx_word' id='word_1_323' title='bbox 2912 2484 3321 2552; x_wconf 85' lang='lat' dir='ltr'>Atheniensis,</span> <span class='ocrx_word' id='word_1_324' title='bbox 3374 2485 3662 2556; x_wconf 88' lang='lat' dir='ltr'>sophista,</span> 
     </span>
    </p>
   </div>
   <div class='ocr_carea' id='block_1_51' title="bbox 2004 2571 3660 2643">
    <p class='ocr_par' dir='ltr' id='par_1_51' title="bbox 2004 2571 3660 2643">
     <span class='ocr_line' id='line_1_51' title="bbox 2004 2571 3660 2643; baseline 0.003 -18"><span class='ocrx_word' id='word_1_325' title='bbox 2004 2571 2335 2643; x_wconf 82' lang='lat' dir='ltr'>discipulus</span> <span class='ocrx_word' id='word_1_326' title='bbox 2365 2572 2764 2637; x_wconf 82' lang='lat' dir='ltr'>Heracleonis,</span> <span class='ocrx_word' id='word_1_327' title='bbox 2799 2572 3082 2643; x_wconf 64' lang='lat' dir='ltr'>sophista:</span> <span class='ocrx_word' id='word_1_328' title='bbox 3106 2573 3506 2641; x_wconf 89' lang='lat' dir='ltr'>Atheniensis,</span> <span class='ocrx_word' id='word_1_329' title='bbox 3528 2592 3660 2630; x_wconf 79' lang='lat' dir='ltr'>ma-</span> 
     </span>
    </p>
   </div>
   <div class='ocr_carea' id='block_1_52' title="bbox 2003 2661 3656 2735">
    <p class='ocr_par' dir='ltr' id='par_1_52' title="bbox 2003 2661 3656 2735">
     <span class='ocr_line' id='line_1_52' title="bbox 2003 2661 3656 2735; baseline 0.002 -21"><span class='ocrx_word' id='word_1_330' title='bbox 2003 2662 2187 2734; x_wconf 90' lang='lat' dir='ltr'>gister</span> <span class='ocrx_word' id='word_1_331' title='bbox 2218 2668 2342 2717; x_wconf 91' lang='lat' dir='ltr'>tum</span> <span class='ocrx_word' id='word_1_332' title='bbox 2374 2662 2700 2717; x_wconf 89' lang='lat' dir='ltr'>multorum</span> <span class='ocrx_word' id='word_1_333' title='bbox 2733 2661 3011 2730; x_wconf 90' lang='lat' dir='ltr'>aliorum,</span> <span class='ocrx_word' id='word_1_334' title='bbox 3045 2663 3194 2731; x_wconf 86' lang='lat' dir='ltr'>tum,</span> <span class='ocrx_word' id='word_1_335' title='bbox 3229 2664 3327 2734; x_wconf 90' lang='lat' dir='ltr'>qui</span> <span class='ocrx_word' id='word_1_336' title='bbox 3353 2681 3474 2735; x_wconf 65' lang='lat' dir='ltr'>pra)</span> <span class='ocrx_word' id='word_1_337' title='bbox 3506 2665 3656 2719; x_wconf 75' lang='lat' dir='ltr'>reli-</span> 
     </span>
    </p>
   </div>
   <div class='ocr_carea' id='block_1_53' title="bbox 2003 2751 3655 2822">
    <p class='ocr_par' dir='ltr' id='par_1_53' title="bbox 2003 2751 3655 2822">
     <span class='ocr_line' id='line_1_53' title="bbox 2003 2751 3655 2822; baseline 0.002 -17"><span class='ocrx_word' id='word_1_338' title='bbox 2003 2751 2137 2822; x_wconf 85' lang='lat' dir='ltr'>quis</span> <span class='ocrx_word' id='word_1_339' title='bbox 2164 2751 2308 2806; x_wconf 87' lang='lat' dir='ltr'>clari</span> <span class='ocrx_word' id='word_1_340' title='bbox 2341 2751 2656 2821; x_wconf 88' lang='lat' dir='ltr'>habentur,</span> <span class='ocrx_word' id='word_1_341' title='bbox 2690 2752 3016 2821; x_wconf 87' lang='lat' dir='ltr'>Eustephii,</span> <span class='ocrx_word' id='word_1_342' title='bbox 3051 2753 3274 2807; x_wconf 84' lang='lat' dir='ltr'>Nicolai</span> <span class='ocrx_word' id='word_1_343' title='bbox 3329 2759 3386 2806; x_wconf 92' lang='lat' dir='ltr'>et</span> <span class='ocrx_word' id='word_1_344' title='bbox 3416 2755 3655 2809; x_wconf 90' lang='lat' dir='ltr'>Asterii.</span> 
     </span>
    </p>
   </div>
   <div class='ocr_carea' id='block_1_54' title="bbox 2002 2840 3657 2914">
    <p class='ocr_par' dir='ltr' id='par_1_54' title="bbox 2002 2840 3657 2914">
     <span class='ocr_line' id='line_1_54' title="bbox 2002 2840 3657 2914; baseline 0 -19"><span class='ocrx_word' id='word_1_345' title='bbox 2002 2841 2228 2895; x_wconf 90' lang='lat' dir='ltr'>Floruit</span> <span class='ocrx_word' id='word_1_346' title='bbox 2256 2840 2626 2911; x_wconf 89' lang='lat' dir='ltr'>temporibus</span> <span class='ocrx_word' id='word_1_347' title='bbox 2651 2840 2927 2894; x_wconf 85' lang='lat' dir='ltr'>Marciani</span> <span class='ocrx_word' id='word_1_348' title='bbox 2952 2846 3010 2895; x_wconf 87' lang='lat' dir='ltr'>et</span> <span class='ocrx_word' id='word_1_349' title='bbox 3034 2842 3240 2896; x_wconf 87' lang='lat' dir='ltr'>Leonis</span> <span class='ocrx_word' id='word_1_350' title='bbox 3257 2841 3440 2912; x_wconf 89' lang='lat' dir='ltr'>impp.</span> <span class='ocrx_word' id='word_1_351' title='bbox 3467 2843 3657 2914; x_wconf 79' lang='lat' dir='ltr'>Scrip-</span> 
     </span>
    </p>
   </div>
   <div class='ocr_carea' id='block_1_55' title="bbox 2003 2929 3654 3003">
    <p class='ocr_par' dir='ltr' id='par_1_55' title="bbox 2003 2929 3654 3003">
     <span class='ocr_line' id='line_1_55' title="bbox 2003 2929 3654 3003; baseline -0.001 -19"><span class='ocrx_word' id='word_1_352' title='bbox 2003 2930 2080 2985; x_wconf 91' lang='lat' dir='ltr'>sit</span> <span class='ocrx_word' id='word_1_353' title='bbox 2110 2954 2136 2980; x_wconf 83' lang='lat'>«</span> <span class='ocrx_word' id='word_1_354' title='bbox 2171 2932 2250 2984; x_wconf 93' lang='lat' dir='ltr'>De</span> <span class='ocrx_word' id='word_1_355' title='bbox 2284 2930 2411 2984; x_wconf 92' lang='lat' dir='ltr'>colo</span> <span class='ocrx_word' id='word_1_356' title='bbox 2455 2934 2513 2984; x_wconf 88' lang='lat' dir='ltr'>et</span> <span class='ocrx_word' id='word_1_357' title='bbox 2569 2936 2861 2985; x_wconf 88' lang='lat' dir='ltr'>commate</span> <span class='ocrx_word' id='word_1_358' title='bbox 2923 2935 2980 2984; x_wconf 90' lang='lat' dir='ltr'>et</span> <span class='ocrx_word' id='word_1_359' title='bbox 3034 2931 3301 3001; x_wconf 92' lang='lat' dir='ltr'>periodo,</span> <span class='ocrx_word' id='word_1_360' title='bbox 3360 2929 3654 3003; x_wconf 80' lang='grc' dir='ltr'>Διαλὲξεις,</span> 
     </span>
    </p>
   </div>
   <div class='ocr_carea' id='block_1_56' title="bbox 2001 3019 3656 3095">
    <p class='ocr_par' dir='ltr' id='par_1_56' title="bbox 2001 3019 3656 3095">
     <span class='ocr_line' id='line_1_56' title="bbox 2001 3019 3656 3095; baseline 0.003 -22"><span class='ocrx_word' id='word_1_361' title='bbox 2001 3045 2028 3073; x_wconf 87' lang='grc'><strong>‹‹</strong></span> <span class='ocrx_word' id='word_1_362' title='bbox 2065 3022 2562 3088; x_wconf 84' lang='lat' dir='ltr'>Dissertationes;</span> <span class='ocrx_word' id='word_1_363' title='bbox 2598 3019 2856 3095; x_wconf 78' lang='grc' dir='ltr'>Ἱστορίαν</span> <span class='ocrx_word' id='word_1_364' title='bbox 2888 3021 2988 3087; x_wconf 79' lang='grc' dir='ltr'>τήν</span> <span class='ocrx_word' id='word_1_365' title='bbox 3019 3020 3157 3074; x_wconf 83' lang='grc' dir='ltr'>κατά</span> <span class='ocrx_word' id='word_1_366' title='bbox 3180 3025 3503 3093; x_wconf 77' lang='grc' dir='ltr'>Κορνοῦτον.</span> <span class='ocrx_word' id='word_1_367' title='bbox 3531 3023 3656 3078; x_wconf 84' lang='lat' dir='ltr'>His-</span> 
     </span>
    </p>
   </div>
   <div class='ocr_carea' id='block_1_57' title="bbox 2003 3111 3653 3183">
    <p class='ocr_par' dir='ltr' id='par_1_57' title="bbox 2003 3111 3653 3183">
     <span class='ocr_line' id='line_1_57' title="bbox 2003 3111 3653 3183; baseline 0 -17"><span class='ocrx_word' id='word_1_368' title='bbox 2003 3133 2031 3161; x_wconf 91' lang='grc'>‹‹</span> <span class='ocrx_word' id='word_1_369' title='bbox 2066 3113 2278 3167; x_wconf 89' lang='lat' dir='ltr'>toriam</span> <span class='ocrx_word' id='word_1_370' title='bbox 2311 3113 2592 3177; x_wconf 87' lang='lat' dir='ltr'>Cornuti;</span> <span class='ocrx_word' id='word_1_371' title='bbox 2626 3111 2869 3183; x_wconf 89' lang='lat' dir='ltr'>Eclogas</span> <span class='ocrx_word' id='word_1_372' title='bbox 2901 3111 3228 3166; x_wconf 87' lang='lat' dir='ltr'>rhetoricas</span> <span class='ocrx_word' id='word_1_373' title='bbox 3260 3135 3288 3161; x_wconf 70' lang='grc' dir='ltr'>»ι</span> <span class='ocrx_word' id='word_1_374' title='bbox 3323 3111 3653 3168; x_wconf 88' lang='lat' dir='ltr'>secundum</span> 
     </span>
    </p>
   </div>
   <div class='ocr_carea' id='block_1_58' title="bbox 231 3201 3654 3299">
    <p class='ocr_par' dir='ltr' id='par_1_58' title="bbox 231 3201 3654 3299">
     <span class='ocr_line' id='line_1_58' title="bbox 231 3201 3654 3299; baseline 0 -42"><span class='ocrx_word' id='word_1_375' title='bbox 231 3203 491 3257; x_wconf 64' lang='lat' dir='ltr'>Orientis</span> <span class='ocrx_word' id='word_1_376' title='bbox 514 3203 746 3270; x_wconf 89' lang='lat' dir='ltr'>ducem,</span> <span class='ocrx_word' id='word_1_377' title='bbox 772 3202 1013 3271; x_wconf 88' lang='lat' dir='ltr'>Paulus,</span> <span class='ocrx_word' id='word_1_378' title='bbox 1046 3202 1394 3258; x_wconf 87' lang='lat' dir='ltr'>monasterii</span> <span class='ocrx_word' id='word_1_379' title='bbox 1420 3201 1736 3257; x_wconf 87' lang='lat' dir='ltr'>Callistrati</span> <span class='ocrx_word' id='word_1_380' title='bbox 1760 3219 1884 3259; x_wconf 87' lang='lat' dir='ltr'>mo-</span> <span class='ocrx_word' id='word_1_381' title='bbox 1926 3221 1979 3299; x_wconf 78' lang='lat' dir='ltr'>C&#39;</span> <span class='ocrx_word' id='word_1_382' title='bbox 2001 3203 2274 3258; x_wconf 89' lang='lat' dir='ltr'>ordinem</span> <span class='ocrx_word' id='word_1_383' title='bbox 2306 3203 2627 3274; x_wconf 90' lang='lat' dir='ltr'>alphabeti.</span> <span class='ocrx_word' id='word_1_384' title='bbox 2659 3202 2969 3270; x_wconf 87' lang='lat' dir='ltr'>Lachares,</span> <span class='ocrx_word' id='word_1_385' title='bbox 3005 3203 3273 3274; x_wconf 81' lang='lat' dir='ltr'>scphista</span> <span class='ocrx_word' id='word_1_386' title='bbox 3301 3203 3362 3258; x_wconf 92' lang='lat' dir='ltr'>in</span> <span class='ocrx_word' id='word_1_387' title='bbox 3385 3203 3654 3274; x_wconf 87' lang='lat' dir='ltr'>discipli-</span> 
     </span>
    </p>
   </div>
   <div class='ocr_carea' id='block_1_59' title="bbox 231 3291 1882 3365">
    <p class='ocr_par' dir='ltr' id='par_1_59' title="bbox 231 3291 1882 3365">
     <span class='ocr_line' id='line_1_59' title="bbox 231 3291 1882 3365; baseline 0.001 -19"><span class='ocrx_word' id='word_1_388' title='bbox 231 3292 483 3359; x_wconf 89' lang='lat' dir='ltr'>nachus,</span> <span class='ocrx_word' id='word_1_389' title='bbox 519 3299 915 3361; x_wconf 90' lang='lat' dir='ltr'>astronomus,</span> <span class='ocrx_word' id='word_1_390' title='bbox 951 3298 1010 3347; x_wconf 90' lang='lat' dir='ltr'>et</span> <span class='ocrx_word' id='word_1_391' title='bbox 1041 3291 1354 3365; x_wconf 84' lang='lat' dir='ltr'>Gregorius</span> <span class='ocrx_word' id='word_1_392' title='bbox 1385 3291 1719 3364; x_wconf 88' lang='lat' dir='ltr'>Cappadox,</span> <span class='ocrx_word' id='word_1_393' title='bbox 1755 3309 1882 3348; x_wconf 86' lang='lat' dir='ltr'>mo-</span> 
     </span>
    </p>
   </div>
   <div class='ocr_carea' id='block_1_60' title="bbox 237 3381 1886 3454">
    <p class='ocr_par' dir='ltr' id='par_1_60' title="bbox 237 3381 1886 3454">
     <span class='ocr_line' id='line_1_60' title="bbox 237 3381 1886 3454; baseline 0.001 -18"><span class='ocrx_word' id='word_1_394' title='bbox 237 3381 485 3436; x_wconf 89' lang='lat' dir='ltr'>nasterii</span> <span class='ocrx_word' id='word_1_395' title='bbox 520 3381 672 3436; x_wconf 90' lang='lat' dir='ltr'>Flori</span> <span class='ocrx_word' id='word_1_396' title='bbox 725 3381 1060 3453; x_wconf 80' lang='lat' dir='ltr'>praefectus,</span> <span class='ocrx_word' id='word_1_397' title='bbox 1098 3381 1349 3454; x_wconf 91' lang='lat' dir='ltr'>imperio</span> <span class='ocrx_word' id='word_1_398' title='bbox 1397 3381 1726 3452; x_wconf 89' lang='lat' dir='ltr'>potiturum</span> <span class='ocrx_word' id='word_1_399' title='bbox 1758 3397 1886 3438; x_wconf 90' lang='lat' dir='ltr'>esse</span> 
     </span>
    </p>
   </div>
   <div class='ocr_carea' id='block_1_61' title="bbox 235 3469 1889 3542">
    <p class='ocr_par' dir='ltr' id='par_1_61' title="bbox 235 3469 1889 3542">
     <span class='ocr_line' id='line_1_61' title="bbox 235 3469 1889 3542; baseline 0.001 -18"><span class='ocrx_word' id='word_1_400' title='bbox 235 3469 664 3542; x_wconf 73' lang='lat' dir='ltr'>prmdixerunt,</span> <span class='ocrx_word' id='word_1_401' title='bbox 691 3487 807 3542; x_wconf 90' lang='lat' dir='ltr'>quo</span> <span class='ocrx_word' id='word_1_402' title='bbox 835 3471 1014 3526; x_wconf 89' lang='lat' dir='ltr'>etiam</span> <span class='ocrx_word' id='word_1_403' title='bbox 1046 3476 1250 3542; x_wconf 87' lang='lat' dir='ltr'>postea</span> <span class='ocrx_word' id='word_1_404' title='bbox 1280 3470 1479 3542; x_wconf 92' lang='lat' dir='ltr'>potius</span> <span class='ocrx_word' id='word_1_405' title='bbox 1511 3475 1601 3526; x_wconf 90' lang='lat' dir='ltr'>est</span> <span class='ocrx_word' id='word_1_406' title='bbox 1655 3471 1889 3542; x_wconf 90' lang='lat' dir='ltr'>(Confer</span> 
     </span>
    </p>
   </div>
   <div class='ocr_carea' id='block_1_62' title="bbox 234 3559 1670 3633">
    <p class='ocr_par' dir='ltr' id='par_1_62' title="bbox 234 3559 1670 3633">
     <span class='ocr_line' id='line_1_62' title="bbox 234 3559 1670 3633; baseline -0.001 -19"><span class='ocrx_word' id='word_1_407' title='bbox 234 3559 549 3631; x_wconf 87' lang='lat' dir='ltr'>Nicephori</span> <span class='ocrx_word' id='word_1_408' title='bbox 582 3560 948 3615; x_wconf 88' lang='lat' dir='ltr'>Breviarium</span> <span class='ocrx_word' id='word_1_409' title='bbox 987 3559 1359 3627; x_wconf 90' lang='lat' dir='ltr'>historicum,</span> <span class='ocrx_word' id='word_1_410' title='bbox 1393 3576 1522 3633; x_wconf 88' lang='lat' dir='ltr'>pag.</span> <span class='ocrx_word' id='word_1_411' title='bbox 1558 3563 1624 3613; x_wconf 81' lang='lat'><strong>25</strong></span> <span class='ocrx_word' id='word_1_412' title='bbox 1655 3562 1670 3629; x_wconf 95' lang='lat'><strong>)</strong></span> 
     </span>
    </p>
   </div>
   <div class='ocr_carea' id='block_1_63' title="bbox 303 3648 1885 3721">
    <p class='ocr_par' dir='ltr' id='par_1_63' title="bbox 303 3648 1885 3721">
     <span class='ocr_line' id='line_1_63' title="bbox 303 3648 1885 3721; baseline 0.001 -17"><span class='ocrx_word' id='word_1_413' title='bbox 303 3649 589 3716; x_wconf 89' lang='lat' dir='ltr'>Justinus,</span> <span class='ocrx_word' id='word_1_414' title='bbox 624 3649 1017 3721; x_wconf 91' lang='lat' dir='ltr'>philosophus</span> <span class='ocrx_word' id='word_1_415' title='bbox 1049 3654 1108 3703; x_wconf 91' lang='lat' dir='ltr'>et</span> <span class='ocrx_word' id='word_1_416' title='bbox 1155 3648 1360 3704; x_wconf 90' lang='lat' dir='ltr'>habitu</span> <span class='ocrx_word' id='word_1_417' title='bbox 1393 3649 1885 3720; x_wconf 91' lang='lat' dir='ltr'>philosophorum</span> 
     </span>
    </p>
   </div>
   <div class='ocr_carea' id='block_1_64' title="bbox 231 3739 1885 3812">
    <p class='ocr_par' dir='ltr' id='par_1_64' title="bbox 231 3739 1885 3812">
     <span class='ocr_line' id='line_1_64' title="bbox 231 3739 1885 3812; baseline 0.001 -17"><span class='ocrx_word' id='word_1_418' title='bbox 231 3745 431 3806; x_wconf 90' lang='lat' dir='ltr'>utens,</span> <span class='ocrx_word' id='word_1_419' title='bbox 464 3757 534 3795; x_wconf 84' lang='lat' dir='ltr'>ex</span> <span class='ocrx_word' id='word_1_420' title='bbox 565 3739 951 3812; x_wconf 81' lang='lat' dir='ltr'>Neapolitana</span> <span class='ocrx_word' id='word_1_421' title='bbox 982 3739 1298 3794; x_wconf 62' lang='lat' dir='ltr'>Palaestina</span> <span class='ocrx_word' id='word_1_422' title='bbox 1342 3739 1662 3810; x_wconf 85' lang='lat' dir='ltr'>provincia,</span> <span class='ocrx_word' id='word_1_423' title='bbox 1698 3741 1885 3797; x_wconf 90' lang='lat' dir='ltr'>Prisci</span> 
     </span>
    </p>
   </div>
   <div class='ocr_carea' id='block_1_65' title="bbox 233 3829 1885 3903">
    <p class='ocr_par' dir='ltr' id='par_1_65' title="bbox 233 3829 1885 3903">
     <span class='ocr_line' id='line_1_65' title="bbox 233 3829 1885 3903; baseline 0.002 -19"><span class='ocrx_word' id='word_1_424' title='bbox 233 3830 415 3896; x_wconf 83' lang='lat' dir='ltr'>ﬁlius,</span> <span class='ocrx_word' id='word_1_425' title='bbox 447 3830 680 3885; x_wconf 86' lang='lat' dir='ltr'>Bacchii</span> <span class='ocrx_word' id='word_1_426' title='bbox 713 3847 918 3901; x_wconf 86' lang='lat' dir='ltr'>nepos.</span> <span class='ocrx_word' id='word_1_427' title='bbox 956 3829 1058 3884; x_wconf 91' lang='lat' dir='ltr'>Hic</span> <span class='ocrx_word' id='word_1_428' title='bbox 1104 3847 1209 3900; x_wconf 90' lang='lat' dir='ltr'>pro</span> <span class='ocrx_word' id='word_1_429' title='bbox 1233 3829 1568 3884; x_wconf 89' lang='lat' dir='ltr'>Christiana</span> <span class='ocrx_word' id='word_1_430' title='bbox 1599 3829 1885 3903; x_wconf 85' lang='lat' dir='ltr'>religione</span> 
     </span>
    </p>
   </div>
   <div class='ocr_carea' id='block_1_66' title="bbox 229 3918 1886 3990">
    <p class='ocr_par' dir='ltr' id='par_1_66' title="bbox 229 3918 1886 3990">
     <span class='ocr_line' id='line_1_66' title="bbox 229 3918 1886 3990; baseline 0.001 -16"><span class='ocrx_word' id='word_1_431' title='bbox 229 3919 486 3974; x_wconf 89' lang='lat' dir='ltr'>multum</span> <span class='ocrx_word' id='word_1_432' title='bbox 519 3919 825 3986; x_wconf 86' lang='lat' dir='ltr'>laboravit,</span> <span class='ocrx_word' id='word_1_433' title='bbox 862 3923 920 3972; x_wconf 91' lang='lat' dir='ltr'>et</span> <span class='ocrx_word' id='word_1_434' title='bbox 950 3918 1252 3972; x_wconf 87' lang='lat' dir='ltr'>Antonino</span> <span class='ocrx_word' id='word_1_435' title='bbox 1276 3918 1376 3972; x_wconf 85' lang='lat' dir='ltr'>Pio</span> <span class='ocrx_word' id='word_1_436' title='bbox 1406 3918 1712 3990; x_wconf 91' lang='lat' dir='ltr'>ipsiusque</span> <span class='ocrx_word' id='word_1_437' title='bbox 1747 3920 1886 3976; x_wconf 81' lang='lat' dir='ltr'>filiis</span> 
     </span>
    </p>
   </div>
   <div class='ocr_carea' id='block_1_67' title="bbox 233 4008 1882 4078">
    <p class='ocr_par' dir='ltr' id='par_1_67' title="bbox 233 4008 1882 4078">
     <span class='ocr_line' id='line_1_67' title="bbox 233 4008 1882 4078; baseline 0 -14"><span class='ocrx_word' id='word_1_438' title='bbox 233 4015 292 4064; x_wconf 91' lang='lat' dir='ltr'>et</span> <span class='ocrx_word' id='word_1_439' title='bbox 323 4011 588 4064; x_wconf 85' lang='lat' dir='ltr'>Romano</span> <span class='ocrx_word' id='word_1_440' title='bbox 624 4009 854 4063; x_wconf 90' lang='lat' dir='ltr'>senatui</span> <span class='ocrx_word' id='word_1_441' title='bbox 889 4008 1108 4062; x_wconf 86' lang='lat' dir='ltr'>librum</span> <span class='ocrx_word' id='word_1_442' title='bbox 1141 4008 1344 4062; x_wconf 80' lang='lat' dir='ltr'>Contra</span> <span class='ocrx_word' id='word_1_443' title='bbox 1375 4008 1618 4064; x_wconf 77' lang='lat' dir='ltr'>ethnicos</span> <span class='ocrx_word' id='word_1_444' title='bbox 1648 4009 1882 4078; x_wconf 84' lang='lat' dir='ltr'>obtulit,</span> 
     </span>
    </p>
   </div>
   <div class='ocr_carea' id='block_1_68' title="bbox 231 4097 1889 4170">
    <p class='ocr_par' dir='ltr' id='par_1_68' title="bbox 231 4097 1889 4170">
     <span class='ocr_line' id='line_1_68' title="bbox 231 4097 1889 4170; baseline 0.001 -17"><span class='ocrx_word' id='word_1_445' title='bbox 231 4098 619 4170; x_wconf 89' lang='lat' dir='ltr'>opprobrium</span> <span class='ocrx_word' id='word_1_446' title='bbox 647 4098 840 4152; x_wconf 89' lang='lat' dir='ltr'>crucis</span> <span class='ocrx_word' id='word_1_447' title='bbox 907 4115 1026 4152; x_wconf 94' lang='lat' dir='ltr'>non</span> <span class='ocrx_word' id='word_1_448' title='bbox 1085 4097 1462 4152; x_wconf 87' lang='lat' dir='ltr'>erubescens.</span> <span class='ocrx_word' id='word_1_449' title='bbox 1523 4099 1772 4170; x_wconf 78' lang='lat' dir='ltr'>SCripsit</span> <span class='ocrx_word' id='word_1_450' title='bbox 1829 4104 1889 4154; x_wconf 89' lang='lat' dir='ltr'>et</span> 
     </span>
    </p>
   </div>
   <div class='ocr_carea' id='block_1_69' title="bbox 231 4187 1884 4260">
    <p class='ocr_par' dir='ltr' id='par_1_69' title="bbox 231 4187 1884 4260">
     <span class='ocr_line' id='line_1_69' title="bbox 231 4187 1884 4260; baseline 0.002 -18"><span class='ocrx_word' id='word_1_451' title='bbox 231 4187 416 4242; x_wconf 89' lang='lat' dir='ltr'>alium</span> <span class='ocrx_word' id='word_1_452' title='bbox 447 4188 689 4256; x_wconf 87' lang='lat' dir='ltr'>librum,</span> <span class='ocrx_word' id='word_1_453' title='bbox 723 4204 900 4258; x_wconf 88' lang='lat' dir='ltr'>quem</span> <span class='ocrx_word' id='word_1_454' title='bbox 936 4187 1220 4241; x_wconf 81' lang='lat' dir='ltr'>Antonini</span> <span class='ocrx_word' id='word_1_455' title='bbox 1262 4187 1398 4260; x_wconf 88' lang='lat' dir='ltr'>(Pii)</span> <span class='ocrx_word' id='word_1_456' title='bbox 1441 4189 1884 4245; x_wconf 88' lang='lat' dir='ltr'>successoribus</span> 
     </span>
    </p>
   </div>
   <div class='ocr_carea' id='block_1_70' title="bbox 234 4277 1888 4344">
    <p class='ocr_par' dir='ltr' id='par_1_70' title="bbox 234 4277 1888 4344">
     <span class='ocr_line' id='line_1_70' title="bbox 234 4277 1888 4344; baseline 0.002 -13"><span class='ocrx_word' id='word_1_457' title='bbox 234 4277 470 4344; x_wconf 89' lang='lat' dir='ltr'>obtulit,</span> <span class='ocrx_word' id='word_1_458' title='bbox 500 4279 574 4333; x_wconf 86' lang='grc' dir='ltr'>Μ.</span> <span class='ocrx_word' id='word_1_459' title='bbox 618 4277 920 4332; x_wconf 93' lang='lat' dir='ltr'>Antonino</span> <span class='ocrx_word' id='word_1_460' title='bbox 954 4282 1011 4330; x_wconf 90' lang='lat' dir='ltr'>et</span> <span class='ocrx_word' id='word_1_461' title='bbox 1043 4277 1100 4331; x_wconf 91' lang='lat' dir='ltr'>L.</span> <span class='ocrx_word' id='word_1_462' title='bbox 1136 4277 1377 4332; x_wconf 86' lang='lat' dir='ltr'>Aurelio</span> <span class='ocrx_word' id='word_1_463' title='bbox 1402 4277 1745 4335; x_wconf 90' lang='lat' dir='ltr'>Commodo.</span> <span class='ocrx_word' id='word_1_464' title='bbox 1785 4281 1888 4334; x_wconf 89' lang='lat' dir='ltr'>Est</span> 
     </span>
    </p>
   </div>
   <div class='ocr_carea' id='block_1_71' title="bbox 233 4371 1887 4444">
    <p class='ocr_par' dir='ltr' id='par_1_71' title="bbox 233 4371 1887 4444">
     <span class='ocr_line' id='line_1_71' title="bbox 233 4371 1887 4444; baseline 0 -18"><span class='ocrx_word' id='word_1_465' title='bbox 233 4375 292 4426; x_wconf 88' lang='lat' dir='ltr'>et</span> <span class='ocrx_word' id='word_1_466' title='bbox 307 4372 461 4427; x_wconf 88' lang='lat' dir='ltr'>alius</span> <span class='ocrx_word' id='word_1_467' title='bbox 480 4371 608 4444; x_wconf 80' lang='lat' dir='ltr'>ejus</span> <span class='ocrx_word' id='word_1_468' title='bbox 637 4371 788 4426; x_wconf 82' lang='lat' dir='ltr'>liber</span> <span class='ocrx_word' id='word_1_469' title='bbox 814 4376 1021 4426; x_wconf 90' lang='lat' dir='ltr'>contra</span> <span class='ocrx_word' id='word_1_470' title='bbox 1042 4371 1402 4437; x_wconf 89' lang='lat' dir='ltr'>cthnicos,in</span> <span class='ocrx_word' id='word_1_471' title='bbox 1428 4387 1544 4442; x_wconf 90' lang='lat' dir='ltr'>quo</span> <span class='ocrx_word' id='word_1_472' title='bbox 1576 4373 1653 4427; x_wconf 89' lang='lat' dir='ltr'>De</span> <span class='ocrx_word' id='word_1_473' title='bbox 1680 4380 1887 4427; x_wconf 87' lang='lat' dir='ltr'>natura</span> 
     </span>
    </p>
   </div>
   <div class='ocr_carea' id='block_1_72' title="bbox 230 4459 1881 4530">
    <p class='ocr_par' dir='ltr' id='par_1_72' title="bbox 230 4459 1881 4530">
     <span class='ocr_line' id='line_1_72' title="bbox 230 4459 1881 4530; baseline -0.001 -14"><span class='ocrx_word' id='word_1_474' title='bbox 230 4462 537 4517; x_wconf 70' lang='lat' dir='ltr'>darmonum</span> <span class='ocrx_word' id='word_1_475' title='bbox 568 4461 828 4527; x_wconf 89' lang='lat' dir='ltr'>disserit,</span> <span class='ocrx_word' id='word_1_476' title='bbox 866 4466 923 4515; x_wconf 91' lang='lat' dir='ltr'>et</span> <span class='ocrx_word' id='word_1_477' title='bbox 956 4465 1201 4530; x_wconf 90' lang='lat' dir='ltr'>quartus</span> <span class='ocrx_word' id='word_1_478' title='bbox 1223 4459 1429 4514; x_wconf 91' lang='lat' dir='ltr'>itidem</span> <span class='ocrx_word' id='word_1_479' title='bbox 1453 4465 1662 4516; x_wconf 86' lang='lat' dir='ltr'>contra</span> <span class='ocrx_word' id='word_1_480' title='bbox 1683 4461 1881 4516; x_wconf 83' lang='lat' dir='ltr'>ethni-</span> 
     </span>
    </p>
   </div>
   <div class='ocr_carea' id='block_1_73' title="bbox 229 4549 1885 4622">
    <p class='ocr_par' dir='ltr' id='par_1_73' title="bbox 229 4549 1885 4622">
     <span class='ocr_line' id='line_1_73' title="bbox 229 4549 1885 4622; baseline 0 -17"><span class='ocrx_word' id='word_1_481' title='bbox 229 4568 352 4619; x_wconf 91' lang='lat' dir='ltr'>cos,</span> <span class='ocrx_word' id='word_1_482' title='bbox 389 4567 566 4622; x_wconf 88' lang='lat' dir='ltr'>quem</span> <span class='ocrx_word' id='word_1_483' title='bbox 597 4549 904 4622; x_wconf 87' lang='lat' dir='ltr'>inscripsit</span> <span class='ocrx_word' id='word_1_484' title='bbox 957 4549 1276 4604; x_wconf 84' lang='lat' dir='ltr'>Elenchum.</span> <span class='ocrx_word' id='word_1_485' title='bbox 1330 4550 1398 4603; x_wconf 89' lang='lat' dir='ltr'>Et</span> <span class='ocrx_word' id='word_1_486' title='bbox 1447 4549 1600 4605; x_wconf 89' lang='lat' dir='ltr'>alius</span> <span class='ocrx_word' id='word_1_487' title='bbox 1649 4551 1725 4604; x_wconf 85' lang='lat' dir='ltr'>De</span> <span class='ocrx_word' id='word_1_488' title='bbox 1783 4551 1885 4605; x_wconf 84' lang='lat' dir='ltr'>Dei</span> 
     </span>
    </p>
   </div>
   <div class='ocr_carea' id='block_1_74' title="bbox 226 4634 1883 4710">
    <p class='ocr_par' dir='ltr' id='par_1_74' title="bbox 226 4634 1883 4710">
     <span class='ocr_line' id='line_1_74' title="bbox 226 4634 1883 4710; baseline 0.001 -16"><span class='ocrx_word' id='word_1_489' title='bbox 226 4640 574 4696; x_wconf 80' lang='lat' dir='ltr'>monarchia.</span> <span class='ocrx_word' id='word_1_490' title='bbox 610 4641 757 4695; x_wconf 90' lang='lat' dir='ltr'>Item</span> <span class='ocrx_word' id='word_1_491' title='bbox 790 4639 964 4707; x_wconf 90' lang='lat' dir='ltr'>alius,</span> <span class='ocrx_word' id='word_1_492' title='bbox 998 4655 1175 4710; x_wconf 90' lang='lat' dir='ltr'>quem</span> <span class='ocrx_word' id='word_1_493' title='bbox 1208 4634 1482 4695; x_wconf 85' lang='lat' dir='ltr'>nominat</span> <span class='ocrx_word' id='word_1_494' title='bbox 1534 4639 1776 4695; x_wconf 86' lang='lat' dir='ltr'>Psalten.</span> <span class='ocrx_word' id='word_1_495' title='bbox 1813 4635 1883 4695; x_wconf 86' lang='lat' dir='ltr'>Et</span> 
     </span>
    </p>
   </div>
   <div class='ocr_carea' id='block_1_75' title="bbox 228 4728 1882 4801">
    <p class='ocr_par' dir='ltr' id='par_1_75' title="bbox 228 4728 1882 4801">
     <span class='ocr_line' id='line_1_75' title="bbox 228 4728 1882 4801; baseline 0.001 -16"><span class='ocrx_word' id='word_1_496' title='bbox 228 4729 384 4785; x_wconf 92' lang='lat' dir='ltr'>alius</span> <span class='ocrx_word' id='word_1_497' title='bbox 411 4731 483 4784; x_wconf 88' lang='lat' dir='ltr'>De</span> <span class='ocrx_word' id='word_1_498' title='bbox 513 4729 721 4786; x_wconf 82' lang='lat' dir='ltr'>anima.</span> <span class='ocrx_word' id='word_1_499' title='bbox 746 4731 892 4785; x_wconf 90' lang='lat' dir='ltr'>Item</span> <span class='ocrx_word' id='word_1_500' title='bbox 916 4729 1182 4798; x_wconf 81' lang='lat' dir='ltr'>Dialogus</span> <span class='ocrx_word' id='word_1_501' title='bbox 1213 4733 1421 4784; x_wconf 89' lang='lat' dir='ltr'>contra</span> <span class='ocrx_word' id='word_1_502' title='bbox 1439 4728 1882 4801; x_wconf 74' lang='lat' dir='ltr'>Judaaos,quem</span> 
     </span>
    </p>
   </div>
   <div class='ocr_carea' id='block_1_76' title="bbox 226 4818 1886 4892">
    <p class='ocr_par' dir='ltr' id='par_1_76' title="bbox 226 4818 1886 4892">
     <span class='ocr_line' id='line_1_76' title="bbox 226 4818 1886 4892; baseline -0.001 -16"><span class='ocrx_word' id='word_1_503' title='bbox 226 4820 435 4876; x_wconf 85' lang='lat' dir='ltr'>Contra</span> <span class='ocrx_word' id='word_1_504' title='bbox 466 4821 830 4892; x_wconf 79' lang='lat' dir='ltr'>Tryphonem,</span> <span class='ocrx_word' id='word_1_505' title='bbox 863 4818 1199 4874; x_wconf 78' lang='lat' dir='ltr'>Judznorum</span> <span class='ocrx_word' id='word_1_506' title='bbox 1239 4819 1627 4890; x_wconf 81' lang='lat' dir='ltr'>Ephesiorum</span> <span class='ocrx_word' id='word_1_507' title='bbox 1659 4819 1886 4890; x_wconf 83' lang='lat' dir='ltr'>princi-</span> 
     </span>
    </p>
   </div>
   <div class='ocr_carea' id='block_1_77' title="bbox 223 4907 1884 4982">
    <p class='ocr_par' dir='ltr' id='par_1_77' title="bbox 223 4907 1884 4982">
     <span class='ocr_line' id='line_1_77' title="bbox 223 4907 1884 4982; baseline 0.002 -19"><span class='ocrx_word' id='word_1_508' title='bbox 223 4925 361 4980; x_wconf 91' lang='lat' dir='ltr'>pem</span> <span class='ocrx_word' id='word_1_509' title='bbox 394 4910 767 4982; x_wconf 85' lang='lat' dir='ltr'>conscripsit.</span> <span class='ocrx_word' id='word_1_510' title='bbox 802 4909 955 4974; x_wconf 92' lang='lat' dir='ltr'>Quin</span> <span class='ocrx_word' id='word_1_511' title='bbox 983 4909 1159 4963; x_wconf 89' lang='lat' dir='ltr'>etiam</span> <span class='ocrx_word' id='word_1_512' title='bbox 1197 4907 1399 4962; x_wconf 80' lang='lat' dir='ltr'>Contra</span> <span class='ocrx_word' id='word_1_513' title='bbox 1425 4907 1759 4964; x_wconf 82' lang='lat' dir='ltr'>Marcioncm</span> <span class='ocrx_word' id='word_1_514' title='bbox 1791 4910 1884 4966; x_wconf 81' lang='lat' dir='ltr'>in-</span> 
     </span>
    </p>
   </div>
   <div class='ocr_carea' id='block_1_78' title="bbox 224 4997 1884 5072">
    <p class='ocr_par' dir='ltr' id='par_1_78' title="bbox 224 4997 1884 5072">
     <span class='ocr_line' id='line_1_78' title="bbox 224 4997 1884 5072; baseline 0.002 -20"><span class='ocrx_word' id='word_1_515' title='bbox 224 4999 420 5072; x_wconf 89' lang='lat' dir='ltr'>signia</span> <span class='ocrx_word' id='word_1_516' title='bbox 450 5000 670 5072; x_wconf 87' lang='lat' dir='ltr'>scripta</span> <span class='ocrx_word' id='word_1_517' title='bbox 722 4999 926 5054; x_wconf 88' lang='lat' dir='ltr'>edidit.</span> <span class='ocrx_word' id='word_1_518' title='bbox 981 5000 1126 5053; x_wconf 87' lang='lat' dir='ltr'>Item</span> <span class='ocrx_word' id='word_1_519' title='bbox 1185 4997 1370 5052; x_wconf 89' lang='lat' dir='ltr'>alium</span> <span class='ocrx_word' id='word_1_520' title='bbox 1416 4997 1634 5054; x_wconf 89' lang='lat' dir='ltr'>librum</span> <span class='ocrx_word' id='word_1_521' title='bbox 1677 5000 1884 5056; x_wconf 86' lang='lat' dir='ltr'>Contra</span> 
     </span>
    </p>
   </div>
   <div class='ocr_carea' id='block_1_79' title="bbox 220 5087 1882 5162">
    <p class='ocr_par' dir='ltr' id='par_1_79' title="bbox 220 5087 1882 5162">
     <span class='ocr_line' id='line_1_79' title="bbox 220 5087 1882 5162; baseline -0.001 -16"><span class='ocrx_word' id='word_1_522' title='bbox 220 5098 397 5146; x_wconf 86' lang='lat' dir='ltr'>sectas</span> <span class='ocrx_word' id='word_1_523' title='bbox 423 5108 626 5160; x_wconf 87' lang='lat' dir='ltr'>omnes,</span> <span class='ocrx_word' id='word_1_524' title='bbox 662 5090 832 5162; x_wconf 89' lang='lat' dir='ltr'>cujus</span> <span class='ocrx_word' id='word_1_525' title='bbox 863 5089 1139 5146; x_wconf 89' lang='lat' dir='ltr'>meminit</span> <span class='ocrx_word' id='word_1_526' title='bbox 1170 5087 1230 5142; x_wconf 88' lang='lat' dir='ltr'>in</span> <span class='ocrx_word' id='word_1_527' title='bbox 1267 5088 1649 5158; x_wconf 83' lang='lat' dir='ltr'>Apologetico,</span> <span class='ocrx_word' id='word_1_528' title='bbox 1705 5107 1882 5162; x_wconf 90' lang='lat' dir='ltr'>quem</span> 
     </span>
    </p>
   </div>
   <div class='ocr_carea' id='block_1_80' title="bbox 222 5178 1886 5235">
    <p class='ocr_par' dir='ltr' id='par_1_80' title="bbox 222 5178 1886 5235">
     <span class='ocr_line' id='line_1_80' title="bbox 222 5178 1886 5235; baseline -0.001 -1"><span class='ocrx_word' id='word_1_529' title='bbox 222 5179 444 5234; x_wconf 90' lang='lat' dir='ltr'>obtulit</span> <span class='ocrx_word' id='word_1_530' title='bbox 472 5179 774 5235; x_wconf 88' lang='lat' dir='ltr'>Antonino</span> <span class='ocrx_word' id='word_1_531' title='bbox 806 5179 931 5235; x_wconf 91' lang='lat' dir='ltr'>Pio.</span> <span class='ocrx_word' id='word_1_532' title='bbox 967 5178 1070 5233; x_wconf 89' lang='lat' dir='ltr'>Hic</span> <span class='ocrx_word' id='word_1_533' title='bbox 1102 5193 1236 5232; x_wconf 89' lang='lat' dir='ltr'>cum</span> <span class='ocrx_word' id='word_1_534' title='bbox 1269 5178 1466 5232; x_wconf 83' lang='lat' dir='ltr'>Romae</span> <span class='ocrx_word' id='word_1_535' title='bbox 1490 5194 1886 5233; x_wconf 88' lang='lat' dir='ltr'>commorare-</span> 
     </span>
    </p>
   </div>
   <div class='ocr_carea' id='block_1_81' title="bbox 227 5264 1885 5339">
    <p class='ocr_par' dir='ltr' id='par_1_81' title="bbox 227 5264 1885 5339">
     <span class='ocr_line' id='line_1_81' title="bbox 227 5264 1885 5339; baseline 0.001 -17"><span class='ocrx_word' id='word_1_536' title='bbox 227 5273 345 5336; x_wconf 90' lang='lat' dir='ltr'>tur,</span> <span class='ocrx_word' id='word_1_537' title='bbox 407 5269 808 5334; x_wconf 88' lang='lat' dir='ltr'>Crescentem,</span> <span class='ocrx_word' id='word_1_538' title='bbox 870 5267 1155 5339; x_wconf 88' lang='lat' dir='ltr'>Cynicum</span> <span class='ocrx_word' id='word_1_539' title='bbox 1206 5264 1459 5335; x_wconf 91' lang='lat' dir='ltr'>fatuum,</span> <span class='ocrx_word' id='word_1_540' title='bbox 1516 5267 1618 5338; x_wconf 89' lang='lat' dir='ltr'>qui</span> <span class='ocrx_word' id='word_1_541' title='bbox 1675 5272 1885 5324; x_wconf 89' lang='lat' dir='ltr'>contra</span> 
     </span>
    </p>
   </div>
   <div class='ocr_carea' id='block_1_82' title="bbox 220 5354 1882 5430">
    <p class='ocr_par' dir='ltr' id='par_1_82' title="bbox 220 5354 1882 5430">
     <span class='ocr_line' id='line_1_82' title="bbox 220 5354 1882 5430; baseline 0.002 -18"><span class='ocrx_word' id='word_1_542' title='bbox 220 5357 592 5415; x_wconf 89' lang='lat' dir='ltr'>Christianos</span> <span class='ocrx_word' id='word_1_543' title='bbox 621 5357 941 5415; x_wconf 90' lang='lat' dir='ltr'>maledicta</span> <span class='ocrx_word' id='word_1_544' title='bbox 969 5354 1388 5430; x_wconf 89' lang='lat' dir='ltr'>profundebat,</span> <span class='ocrx_word' id='word_1_545' title='bbox 1424 5355 1618 5428; x_wconf 90' lang='lat' dir='ltr'>ipsum</span> <span class='ocrx_word' id='word_1_546' title='bbox 1666 5355 1882 5415; x_wconf 85' lang='lat' dir='ltr'>vocans</span> 
     </span>
    </p>
   </div>
   <div class='ocr_carea' id='block_1_83' title="bbox 271 5535 1882 5612">
    <p class='ocr_par' dir='ltr' id='par_1_83' title="bbox 271 5535 1882 5612">
     <span class='ocr_line' id='line_1_83' title="bbox 271 5535 1882 5612; baseline -0.001 -18"><span class='ocrx_word' id='word_1_547' title='bbox 271 5540 410 5611; x_wconf 73' lang='grc'>⁵(79)</span> <span class='ocrx_word' id='word_1_548' title='bbox 443 5542 569 5612; x_wconf 84' lang='lat' dir='ltr'>Non</span> <span class='ocrx_word' id='word_1_549' title='bbox 601 5538 676 5612; x_wconf 84' lang='lat' dir='ltr'>de</span> <span class='ocrx_word' id='word_1_550' title='bbox 706 5537 1039 5612; x_wconf 79' lang='lat' dir='ltr'>Justiniano</span> <span class='ocrx_word' id='word_1_551' title='bbox 1066 5537 1318 5612; x_wconf 54' lang='lat' dir='ltr'>(_u_t_ms._</span> <span class='ocrx_word' id='word_1_552' title='bbox 1345 5535 1606 5612; x_wconf 84' lang='lat' dir='ltr'>_K_u_steri)</span> <span class='ocrx_word' id='word_1_553' title='bbox 1646 5535 1760 5612; x_wconf 78' lang='lat' dir='ltr'>sed</span> <span class='ocrx_word' id='word_1_554' title='bbox 1809 5537 1882 5612; x_wconf 79' lang='lat' dir='ltr'>de</span> 
     </span>
    </p>
   </div>
   <div class='ocr_carea' id='block_1_84' title="bbox 216 5605 1879 5683">
    <p class='ocr_par' dir='ltr' id='par_1_84' title="bbox 216 5605 1879 5683">
     <span class='ocr_line' id='line_1_84' title="bbox 216 5605 1879 5683; baseline -0.001 -17"><span class='ocrx_word' id='word_1_555' title='bbox 216 5605 453 5667; x_wconf 81' lang='lat' dir='ltr'>Justino</span> <span class='ocrx_word' id='word_1_556' title='bbox 470 5610 761 5683; x_wconf 85' lang='lat' dir='ltr'>(Seniore)</span> <span class='ocrx_word' id='word_1_557' title='bbox 777 5609 903 5666; x_wconf 71' lang='lat' dir='ltr'>hmo</span> <span class='ocrx_word' id='word_1_558' title='bbox 928 5611 988 5664; x_wconf 92' lang='lat' dir='ltr'>in</span> <span class='ocrx_word' id='word_1_559' title='bbox 1005 5605 1199 5683; x_wconf 54' lang='lat' dir='ltr'>Suldae</span> <span class='ocrx_word' id='word_1_560' title='bbox 1212 5605 1691 5683; x_wconf 61' lang='lat' dir='ltr'>codd.}’aticanis</span> <span class='ocrx_word' id='word_1_561' title='bbox 1707 5609 1879 5683; x_wconf 90' lang='lat' dir='ltr'>tradi,</span> 
     </span>
    </p>
   </div>
   <div class='ocr_carea' id='block_1_85' title="bbox 212 5679 1878 5751">
    <p class='ocr_par' dir='ltr' id='par_1_85' title="bbox 212 5679 1878 5751">
     <span class='ocr_line' id='line_1_85' title="bbox 212 5679 1878 5751; baseline -0.001 -13"><span class='ocrx_word' id='word_1_562' title='bbox 212 5683 447 5738; x_wconf 84' lang='lat' dir='ltr'>notavit</span> <span class='ocrx_word' id='word_1_563' title='bbox 477 5679 662 5738; x_wconf 84' lang='lat' dir='ltr'>etiam</span> <span class='ocrx_word' id='word_1_564' title='bbox 709 5679 775 5737; x_wconf 74' lang='grc' dir='ltr'>Η.</span> <span class='ocrx_word' id='word_1_565' title='bbox 829 5683 1020 5737; x_wconf 86' lang='lat' dir='ltr'>Noris.</span> <span class='ocrx_word' id='word_1_566' title='bbox 1070 5681 1220 5735; x_wconf 87' lang='lat' dir='ltr'>Diss.</span> <span class='ocrx_word' id='word_1_567' title='bbox 1267 5679 1340 5734; x_wconf 86' lang='lat' dir='ltr'>de</span> <span class='ocrx_word' id='word_1_568' title='bbox 1390 5679 1624 5751; x_wconf 72' lang='lat' dir='ltr'>Synado</span> <span class='ocrx_word' id='word_1_569' title='bbox 1654 5695 1706 5750; x_wconf 85' lang='lat' dir='ltr'>v,</span> <span class='ocrx_word' id='word_1_570' title='bbox 1738 5697 1790 5736; x_wconf 88' lang='lat' dir='ltr'>c.</span> <span class='ocrx_word' id='word_1_571' title='bbox 1821 5679 1878 5748; x_wconf 73' lang='lat'><strong>2;</strong></span> 
     </span>
    </p>
   </div>
   <div class='ocr_carea' id='block_1_86' title="bbox 209 5751 1880 5829">
    <p class='ocr_par' dir='ltr' id='par_1_86' title="bbox 209 5751 1880 5829">
     <span class='ocr_line' id='line_1_86' title="bbox 209 5751 1880 5829; baseline -0.001 -18"><span class='ocrx_word' id='word_1_572' title='bbox 209 5772 350 5829; x_wconf 87' lang='lat' dir='ltr'>pag.</span> <span class='ocrx_word' id='word_1_573' title='bbox 389 5758 476 5810; x_wconf 78' lang='grc'>10.</span> <span class='ocrx_word' id='word_1_574' title='bbox 511 5756 682 5812; x_wconf 63' lang='lat' dir='ltr'>mea.</span> <span class='ocrx_word' id='word_1_575' title='bbox 707 5785 771 5797; x_wconf 90' lang='lat'>—</span> <span class='ocrx_word' id='word_1_576' title='bbox 793 5753 958 5809; x_wconf 87' lang='lat' dir='ltr'>Idem</span> <span class='ocrx_word' id='word_1_577' title='bbox 978 5768 1101 5808; x_wconf 90' lang='lat' dir='ltr'>non</span> <span class='ocrx_word' id='word_1_578' title='bbox 1125 5751 1318 5808; x_wconf 91' lang='lat' dir='ltr'>solum</span> <span class='ocrx_word' id='word_1_579' title='bbox 1341 5751 1568 5808; x_wconf 85' lang='lat' dir='ltr'>notavit</span> <span class='ocrx_word' id='word_1_580' title='bbox 1597 5753 1718 5810; x_wconf 87' lang='lat' dir='ltr'>Nic.</span> <span class='ocrx_word' id='word_1_581' title='bbox 1739 5752 1880 5810; x_wconf 80' lang='lat' dir='ltr'>Ale-</span> 
     </span>
    </p>
   </div>
   <div class='ocr_carea' id='block_1_87' title="bbox 2001 3293 3648 3366">
    <p class='ocr_par' dir='ltr' id='par_1_87' title="bbox 2001 3293 3648 3366">
     <span class='ocr_line' id='line_1_87' title="bbox 2001 3293 3648 3366; baseline 0.001 -17"><span class='ocrx_word' id='word_1_582' title='bbox 2001 3295 2097 3350; x_wconf 91' lang='lat' dir='ltr'>nis</span> <span class='ocrx_word' id='word_1_583' title='bbox 2125 3295 2366 3364; x_wconf 88' lang='lat' dir='ltr'>tardior,</span> <span class='ocrx_word' id='word_1_584' title='bbox 2400 3299 2461 3348; x_wconf 93' lang='lat' dir='ltr'>at</span> <span class='ocrx_word' id='word_1_585' title='bbox 2490 3294 2652 3349; x_wconf 88' lang='lat' dir='ltr'>vultu</span> <span class='ocrx_word' id='word_1_586' title='bbox 2686 3293 2919 3349; x_wconf 87' lang='lat' dir='ltr'>liberali</span> <span class='ocrx_word' id='word_1_587' title='bbox 2953 3299 3009 3349; x_wconf 89' lang='lat' dir='ltr'>et</span> <span class='ocrx_word' id='word_1_588' title='bbox 3040 3295 3293 3349; x_wconf 90' lang='lat' dir='ltr'>honesto</span> <span class='ocrx_word' id='word_1_589' title='bbox 3343 3295 3648 3366; x_wconf 66' lang='lat' dir='ltr'>praeditus,</span> 
     </span>
    </p>
   </div>
   <div class='ocr_carea' id='block_1_88' title="bbox 1999 3383 3654 3456">
    <p class='ocr_par' dir='ltr' id='par_1_88' title="bbox 1999 3383 3654 3456">
     <span class='ocr_line' id='line_1_88' title="bbox 1999 3383 3654 3456; baseline -0.001 -17"><span class='ocrx_word' id='word_1_590' title='bbox 1999 3390 2059 3439; x_wconf 91' lang='lat' dir='ltr'>et</span> <span class='ocrx_word' id='word_1_591' title='bbox 2086 3385 2298 3439; x_wconf 84' lang='lat' dir='ltr'>virtute</span> <span class='ocrx_word' id='word_1_592' title='bbox 2329 3384 2722 3456; x_wconf 88' lang='lat' dir='ltr'>philosophus</span> <span class='ocrx_word' id='word_1_593' title='bbox 2745 3383 2942 3454; x_wconf 90' lang='lat' dir='ltr'>potius</span> <span class='ocrx_word' id='word_1_594' title='bbox 2964 3399 3141 3454; x_wconf 91' lang='lat' dir='ltr'>quam</span> <span class='ocrx_word' id='word_1_595' title='bbox 3171 3384 3437 3454; x_wconf 90' lang='lat' dir='ltr'>sophista</span> <span class='ocrx_word' id='word_1_596' title='bbox 3453 3385 3654 3456; x_wconf 82' lang='lat' dir='ltr'>appel-</span> 
     </span>
    </p>
   </div>
   <div class='ocr_carea' id='block_1_89' title="bbox 1997 3472 3653 3544">
    <p class='ocr_par' dir='ltr' id='par_1_89' title="bbox 1997 3472 3653 3544">
     <span class='ocr_line' id='line_1_89' title="bbox 1997 3472 3653 3544; baseline -0.001 -17"><span class='ocrx_word' id='word_1_597' title='bbox 1997 3473 2236 3530; x_wconf 90' lang='lat' dir='ltr'>landus.</span> <span class='ocrx_word' id='word_1_598' title='bbox 2272 3474 2371 3544; x_wconf 90' lang='lat' dir='ltr'>qui</span> <span class='ocrx_word' id='word_1_599' title='bbox 2404 3472 2591 3528; x_wconf 89' lang='lat' dir='ltr'>visum</span> <span class='ocrx_word' id='word_1_600' title='bbox 2625 3473 2912 3528; x_wconf 91' lang='lat' dir='ltr'>amissum</span> <span class='ocrx_word' id='word_1_601' title='bbox 2961 3473 3351 3544; x_wconf 88' lang='lat' dir='ltr'>recuperavit,</span> <span class='ocrx_word' id='word_1_602' title='bbox 3401 3473 3559 3543; x_wconf 90' lang='lat' dir='ltr'>quod</span> <span class='ocrx_word' id='word_1_603' title='bbox 3591 3477 3653 3528; x_wconf 90' lang='lat' dir='ltr'>et</span> 
     </span>
    </p>
   </div>
   <div class='ocr_carea' id='block_1_90' title="bbox 1999 3561 3650 3634">
    <p class='ocr_par' dir='ltr' id='par_1_90' title="bbox 1999 3561 3650 3634">
     <span class='ocr_line' id='line_1_90' title="bbox 1999 3561 3650 3634; baseline 0.001 -17"><span class='ocrx_word' id='word_1_604' title='bbox 1999 3563 2221 3634; x_wconf 90' lang='lat' dir='ltr'>alioqui</span> <span class='ocrx_word' id='word_1_605' title='bbox 2249 3564 2364 3617; x_wconf 88' lang='lat' dir='ltr'>Deo</span> <span class='ocrx_word' id='word_1_606' title='bbox 2385 3561 2601 3617; x_wconf 89' lang='lat' dir='ltr'>charus</span> <span class='ocrx_word' id='word_1_607' title='bbox 2633 3567 2806 3617; x_wconf 90' lang='lat' dir='ltr'>esset.</span> <span class='ocrx_word' id='word_1_608' title='bbox 2839 3562 3054 3616; x_wconf 85' lang='lat' dir='ltr'>Confer</span> <span class='ocrx_word' id='word_1_609' title='bbox 3079 3561 3256 3633; x_wconf 89' lang='lat' dir='ltr'>infra,</span> <span class='ocrx_word' id='word_1_610' title='bbox 3289 3563 3650 3632; x_wconf 84' lang='lat' dir='ltr'>Superianus.</span> 
     </span>
    </p>
   </div>
   <div class='ocr_carea' id='block_1_91' title="bbox 2071 3652 3651 3724">
    <p class='ocr_par' dir='ltr' id='par_1_91' title="bbox 2071 3652 3651 3724">
     <span class='ocr_line' id='line_1_91' title="bbox 2071 3652 3651 3724; baseline 0 -16"><span class='ocrx_word' id='word_1_611' title='bbox 2071 3653 2352 3724; x_wconf 85' lang='lat' dir='ltr'>Lacydes,</span> <span class='ocrx_word' id='word_1_612' title='bbox 2397 3652 2717 3707; x_wconf 83' lang='lat' dir='ltr'>Alexandri</span> <span class='ocrx_word' id='word_1_613' title='bbox 2779 3653 3042 3724; x_wconf 70' lang='lat' dir='ltr'>Cyrenmi</span> <span class='ocrx_word' id='word_1_614' title='bbox 3100 3653 3190 3719; x_wconf 85' lang='lat' dir='ltr'>F.,</span> <span class='ocrx_word' id='word_1_615' title='bbox 3238 3652 3651 3724; x_wconf 78' lang='lat' dir='ltr'>phi1050phus,</span> 
     </span>
    </p>
   </div>
   <div class='ocr_carea' id='block_1_92' title="bbox 1999 3740 3654 3814">
    <p class='ocr_par' dir='ltr' id='par_1_92' title="bbox 1999 3740 3654 3814">
     <span class='ocr_line' id='line_1_92' title="bbox 1999 3740 3654 3814; baseline -0.001 -16"><span class='ocrx_word' id='word_1_616' title='bbox 1999 3743 2098 3814; x_wconf 91' lang='lat' dir='ltr'>qui</span> <span class='ocrx_word' id='word_1_617' title='bbox 2128 3742 2239 3797; x_wconf 87' lang='lat' dir='ltr'>fuit</span> <span class='ocrx_word' id='word_1_618' title='bbox 2268 3759 2431 3797; x_wconf 84' lang='lat' dir='ltr'>novae</span> <span class='ocrx_word' id='word_1_619' title='bbox 2465 3740 2785 3797; x_wconf 78' lang='lat' dir='ltr'>academim</span> <span class='ocrx_word' id='word_1_620' title='bbox 2830 3747 3055 3798; x_wconf 87' lang='lat' dir='ltr'>auctor.</span> <span class='ocrx_word' id='word_1_621' title='bbox 3112 3742 3359 3814; x_wconf 89' lang='lat' dir='ltr'>Scripsit</span> <span class='ocrx_word' id='word_1_622' title='bbox 3396 3741 3654 3798; x_wconf 76' lang='lat' dir='ltr'>Philoso-</span> 
     </span>
    </p>
   </div>
   <div class='ocr_carea' id='block_1_93' title="bbox 1989 3832 2730 3904">
    <p class='ocr_par' dir='ltr' id='par_1_93' title="bbox 1989 3832 2730 3904">
     <span class='ocr_line' id='line_1_93' title="bbox 1989 3832 2730 3904; baseline 0 -18"><span class='ocrx_word' id='word_1_623' title='bbox 1989 3832 2186 3904; x_wconf 84' lang='lat' dir='ltr'>phica,</span> <span class='ocrx_word' id='word_1_624' title='bbox 2221 3833 2361 3887; x_wconf 89' lang='lat' dir='ltr'>item</span> <span class='ocrx_word' id='word_1_625' title='bbox 2402 3834 2478 3886; x_wconf 90' lang='lat' dir='ltr'>De</span> <span class='ocrx_word' id='word_1_626' title='bbox 2505 3839 2730 3887; x_wconf 81' lang='lat' dir='ltr'>natura.</span> 
     </span>
    </p>
   </div>
   <div class='ocr_carea' id='block_1_94' title="bbox 2076 3921 3647 3994">
    <p class='ocr_par' dir='ltr' id='par_1_94' title="bbox 2076 3921 3647 3994">
     <span class='ocr_line' id='line_1_94' title="bbox 2076 3921 3647 3994; baseline -0.001 -17"><span class='ocrx_word' id='word_1_627' title='bbox 2076 3946 2096 3970; x_wconf 76' lang='grc' dir='ltr'>ι</span> <span class='ocrx_word' id='word_1_628' title='bbox 2123 3922 2561 3993; x_wconf 85' lang='lat' dir='ltr'>Lamponjurat</span> <span class='ocrx_word' id='word_1_629' title='bbox 2583 3937 2880 3991; x_wconf 90' lang='lat' dir='ltr'>anserem,</span> <span class='ocrx_word' id='word_1_630' title='bbox 2897 3938 3032 3977; x_wconf 90' lang='lat' dir='ltr'>cum</span> <span class='ocrx_word' id='word_1_631' title='bbox 3056 3922 3321 3993; x_wconf 91' lang='lat' dir='ltr'>aliquem</span> <span class='ocrx_word' id='word_1_632' title='bbox 3345 3921 3567 3994; x_wconf 86' lang='lat' dir='ltr'>decipit</span> <span class='ocrx_word' id='word_1_633' title='bbox 3598 3944 3647 3976; x_wconf 79' lang='lat' dir='ltr'>n.</span> 
     </span>
    </p>
   </div>
   <div class='ocr_carea' id='block_1_95' title="bbox 1999 4012 3657 4083">
    <p class='ocr_par' dir='ltr' id='par_1_95' title="bbox 1999 4012 3657 4083">
     <span class='ocr_line' id='line_1_95' title="bbox 1999 4012 3657 4083; baseline 0.001 -17"><span class='ocrx_word' id='word_1_634' title='bbox 1999 4013 2261 4083; x_wconf 86' lang='lat' dir='ltr'>Lampon</span> <span class='ocrx_word' id='word_1_635' title='bbox 2287 4017 2413 4068; x_wconf 89' lang='lat' dir='ltr'>erat</span> <span class='ocrx_word' id='word_1_636' title='bbox 2441 4028 2692 4083; x_wconf 90' lang='lat' dir='ltr'>aruspex</span> <span class='ocrx_word' id='word_1_637' title='bbox 2713 4016 2768 4065; x_wconf 91' lang='lat' dir='ltr'>et</span> <span class='ocrx_word' id='word_1_638' title='bbox 2796 4015 2976 4076; x_wconf 90' lang='lat' dir='ltr'>vates,</span> <span class='ocrx_word' id='word_1_639' title='bbox 3001 4029 3178 4083; x_wconf 90' lang='lat' dir='ltr'>quem</span> <span class='ocrx_word' id='word_1_640' title='bbox 3202 4012 3481 4066; x_wconf 90' lang='lat' dir='ltr'>nonnulli</span> <span class='ocrx_word' id='word_1_641' title='bbox 3506 4029 3657 4082; x_wconf 90' lang='lat' dir='ltr'>quo-</span> 
     </span>
    </p>
   </div>
   <div class='ocr_carea' id='block_1_96' title="bbox 1999 4101 3656 4174">
    <p class='ocr_par' dir='ltr' id='par_1_96' title="bbox 1999 4101 3656 4174">
     <span class='ocr_line' id='line_1_96' title="bbox 1999 4101 3656 4174; baseline 0 -18"><span class='ocrx_word' id='word_1_642' title='bbox 1999 4119 2110 4174; x_wconf 88' lang='lat' dir='ltr'>que</span> <span class='ocrx_word' id='word_1_643' title='bbox 2141 4102 2353 4156; x_wconf 85' lang='lat' dir='ltr'>ducem</span> <span class='ocrx_word' id='word_1_644' title='bbox 2386 4101 2571 4156; x_wconf 87' lang='lat' dir='ltr'>fuisse</span> <span class='ocrx_word' id='word_1_645' title='bbox 2603 4101 2772 4155; x_wconf 91' lang='lat' dir='ltr'>aiunt</span> <span class='ocrx_word' id='word_1_646' title='bbox 2800 4101 3052 4155; x_wconf 65' lang='lat' dir='ltr'>colonia:</span> <span class='ocrx_word' id='word_1_647' title='bbox 3084 4101 3160 4156; x_wconf 89' lang='lat' dir='ltr'>ab</span> <span class='ocrx_word' id='word_1_648' title='bbox 3187 4101 3656 4156; x_wconf 87' lang='lat' dir='ltr'>Atheniensibus</span> 
     </span>
    </p>
   </div>
   <div class='ocr_carea' id='block_1_97' title="bbox 1999 4189 3669 4263">
    <p class='ocr_par' dir='ltr' id='par_1_97' title="bbox 1999 4189 3669 4263">
     <span class='ocr_line' id='line_1_97' title="bbox 1999 4189 3669 4263; baseline 0 -18"><span class='ocrx_word' id='word_1_649' title='bbox 1999 4191 2268 4263; x_wconf 86' lang='lat' dir='ltr'>Sybarim</span> <span class='ocrx_word' id='word_1_650' title='bbox 2313 4190 2530 4244; x_wconf 82' lang='lat' dir='ltr'>missae.</span> <span class='ocrx_word' id='word_1_651' title='bbox 2563 4189 2806 4244; x_wconf 90' lang='lat' dir='ltr'>Jurabat</span> <span class='ocrx_word' id='word_1_652' title='bbox 2863 4195 3060 4244; x_wconf 91' lang='lat' dir='ltr'>autem</span> <span class='ocrx_word' id='word_1_653' title='bbox 3107 4206 3214 4260; x_wconf 90' lang='lat' dir='ltr'>per</span> <span class='ocrx_word' id='word_1_654' title='bbox 3257 4206 3553 4260; x_wconf 90' lang='lat' dir='ltr'>anserem,</span> <span class='ocrx_word' id='word_1_655' title='bbox 3590 4196 3669 4245; x_wconf 59' lang='lat' dir='ltr'>ut&#39;</span> 
     </span>
    </p>
   </div>
   <div class='ocr_carea' id='block_1_98' title="bbox 1996 4275 3538 4350">
    <p class='ocr_par' dir='ltr' id='par_1_98' title="bbox 1996 4275 3538 4350">
     <span class='ocr_line' id='line_1_98' title="bbox 1996 4275 3538 4350; baseline -0.003 -14"><span class='ocrx_word' id='word_1_656' title='bbox 1996 4297 2186 4347; x_wconf 91' lang='lat' dir='ltr'>avem,</span> <span class='ocrx_word' id='word_1_657' title='bbox 2219 4279 2524 4335; x_wconf 92' lang='lat' dir='ltr'>divinandi</span> <span class='ocrx_word' id='word_1_658' title='bbox 2555 4279 2830 4350; x_wconf 89' lang='lat' dir='ltr'>peritam.</span> <span class='ocrx_word' id='word_1_659' title='bbox 2866 4279 3073 4349; x_wconf 89' lang='lat' dir='ltr'>Supra,</span> <span class='ocrx_word' id='word_1_660' title='bbox 3107 4282 3255 4350; x_wconf 77' lang='grc' dir='ltr'>χῆνα</span> <span class='ocrx_word' id='word_1_661' title='bbox 3287 4275 3538 4348; x_wconf 80' lang='grc' dir='ltr'>ὀμνύναι.</span> 
     </span>
    </p>
   </div>
   <div class='ocr_carea' id='block_1_99' title="bbox 2068 4366 3651 4441">
    <p class='ocr_par' dir='ltr' id='par_1_99' title="bbox 2068 4366 3651 4441">
     <span class='ocr_line' id='line_1_99' title="bbox 2068 4366 3651 4441; baseline -0.001 -17"><span class='ocrx_word' id='word_1_662' title='bbox 2068 4370 2393 4441; x_wconf 90' lang='lat' dir='ltr'>Lamprias,</span> <span class='ocrx_word' id='word_1_663' title='bbox 2427 4367 2730 4422; x_wconf 91' lang='lat' dir='ltr'>Plutarchi</span> <span class='ocrx_word' id='word_1_664' title='bbox 2759 4366 3176 4422; x_wconf 77' lang='lat' dir='ltr'>Chmronensis</span> <span class='ocrx_word' id='word_1_665' title='bbox 3207 4367 3294 4433; x_wconf 90' lang='lat' dir='ltr'>F.,</span> <span class='ocrx_word' id='word_1_666' title='bbox 3342 4367 3651 4422; x_wconf 84' lang='lat' dir='ltr'>contexuit</span> 
     </span>
    </p>
   </div>
   <div class='ocr_carea' id='block_1_100' title="bbox 1995 4455 3652 4529">
    <p class='ocr_par' dir='ltr' id='par_1_100' title="bbox 1995 4455 3652 4529">
     <span class='ocr_line' id='line_1_100' title="bbox 1995 4455 3652 4529; baseline -0.001 -16"><span class='ocrx_word' id='word_1_667' title='bbox 1995 4459 2262 4513; x_wconf 90' lang='lat' dir='ltr'>Indicem</span> <span class='ocrx_word' id='word_1_668' title='bbox 2295 4457 2574 4529; x_wconf 89' lang='lat' dir='ltr'>Operum,</span> <span class='ocrx_word' id='word_1_669' title='bbox 2601 4473 2732 4527; x_wconf 77' lang='lat' dir='ltr'>qum</span> <span class='ocrx_word' id='word_1_670' title='bbox 2755 4462 2924 4528; x_wconf 89' lang='lat' dir='ltr'>pater</span> <span class='ocrx_word' id='word_1_671' title='bbox 2945 4455 3132 4527; x_wconf 90' lang='lat' dir='ltr'>ipsius</span> <span class='ocrx_word' id='word_1_672' title='bbox 3157 4455 3230 4512; x_wconf 88' lang='lat' dir='ltr'>de</span> <span class='ocrx_word' id='word_1_673' title='bbox 3261 4457 3424 4512; x_wconf 91' lang='lat' dir='ltr'>omni</span> <span class='ocrx_word' id='word_1_674' title='bbox 3449 4457 3652 4512; x_wconf 66' lang='lat' dir='ltr'>Graeca</span> 
     </span>
    </p>
   </div>
   <div class='ocr_carea' id='block_1_101' title="bbox 1997 4545 2930 4616">
    <p class='ocr_par' dir='ltr' id='par_1_101' title="bbox 1997 4545 2930 4616">
     <span class='ocr_line' id='line_1_101' title="bbox 1997 4545 2930 4616; baseline -0.005 -13"><span class='ocrx_word' id='word_1_675' title='bbox 1997 4553 2054 4604; x_wconf 91' lang='lat' dir='ltr'>et</span> <span class='ocrx_word' id='word_1_676' title='bbox 2084 4549 2350 4602; x_wconf 80' lang='lat' dir='ltr'>Romana</span> <span class='ocrx_word' id='word_1_677' title='bbox 2380 4545 2634 4600; x_wconf 83' lang='lat' dir='ltr'>Historia</span> <span class='ocrx_word' id='word_1_678' title='bbox 2673 4545 2930 4616; x_wconf 91' lang='lat' dir='ltr'>scripsit.</span> 
     </span>
    </p>
   </div>
   <div class='ocr_carea' id='block_1_102' title="bbox 2067 4634 3646 4704">
    <p class='ocr_par' dir='ltr' id='par_1_102' title="bbox 2067 4634 3646 4704">
     <span class='ocr_line' id='line_1_102' title="bbox 2067 4634 3646 4704; baseline 0.001 -13"><span class='ocrx_word' id='word_1_679' title='bbox 2067 4637 2269 4704; x_wconf 89' lang='lat' dir='ltr'>Lasus,</span> <span class='ocrx_word' id='word_1_680' title='bbox 2304 4635 2580 4690; x_wconf 61' lang='lat' dir='ltr'>(tharbini</span> <span class='ocrx_word' id='word_1_681' title='bbox 2615 4637 2701 4700; x_wconf 89' lang='lat' dir='ltr'>F.,</span> <span class='ocrx_word' id='word_1_682' title='bbox 2735 4651 2804 4689; x_wconf 84' lang='lat' dir='ltr'>ex</span> <span class='ocrx_word' id='word_1_683' title='bbox 2863 4634 3200 4701; x_wconf 87' lang='lat' dir='ltr'>Hermione,</span> <span class='ocrx_word' id='word_1_684' title='bbox 3249 4635 3470 4691; x_wconf 80' lang='lat' dir='ltr'>Achaie</span> <span class='ocrx_word' id='word_1_685' title='bbox 3501 4637 3646 4692; x_wconf 90' lang='lat' dir='ltr'>civi-</span> 
     </span>
    </p>
   </div>
   <div class='ocr_carea' id='block_1_103' title="bbox 1998 4723 3654 4798">
    <p class='ocr_par' dir='ltr' id='par_1_103' title="bbox 1998 4723 3654 4798">
     <span class='ocr_line' id='line_1_103' title="bbox 1998 4723 3654 4798; baseline 0.001 -16"><span class='ocrx_word' id='word_1_686' title='bbox 1998 4730 2137 4794; x_wconf 84' lang='lat' dir='ltr'>tate,</span> <span class='ocrx_word' id='word_1_687' title='bbox 2172 4725 2314 4781; x_wconf 85' lang='lat' dir='ltr'>vixit</span> <span class='ocrx_word' id='word_1_688' title='bbox 2343 4725 2574 4797; x_wconf 91' lang='lat' dir='ltr'>Olymp.</span> <span class='ocrx_word' id='word_1_689' title='bbox 2612 4723 2778 4779; x_wconf 85' lang='lat' dir='ltr'>LVIII</span> <span class='ocrx_word' id='word_1_690' title='bbox 2808 4729 3094 4796; x_wconf 87' lang='lat' dir='ltr'>regnante</span> <span class='ocrx_word' id='word_1_691' title='bbox 3117 4725 3312 4795; x_wconf 90' lang='lat' dir='ltr'>Dario,</span> <span class='ocrx_word' id='word_1_692' title='bbox 3347 4723 3654 4798; x_wconf 88' lang='lat' dir='ltr'>Hystaspis</span> 
     </span>
    </p>
   </div>
   <div class='ocr_carea' id='block_1_104' title="bbox 1991 4813 3652 4886">
    <p class='ocr_par' dir='ltr' id='par_1_104' title="bbox 1991 4813 3652 4886">
     <span class='ocr_line' id='line_1_104' title="bbox 1991 4813 3652 4886; baseline 0.001 -15"><span class='ocrx_word' id='word_1_693' title='bbox 1991 4818 2050 4872; x_wconf 94' lang='lat' dir='ltr'>F.</span> <span class='ocrx_word' id='word_1_694' title='bbox 2073 4815 2323 4881; x_wconf 89' lang='lat' dir='ltr'>Quidam</span> <span class='ocrx_word' id='word_1_695' title='bbox 2344 4831 2480 4869; x_wconf 90' lang='lat' dir='ltr'>eum</span> <span class='ocrx_word' id='word_1_696' title='bbox 2504 4814 2633 4869; x_wconf 92' lang='lat' dir='ltr'>loco</span> <span class='ocrx_word' id='word_1_697' title='bbox 2653 4813 2963 4868; x_wconf 90' lang='lat' dir='ltr'>Periandri</span> <span class='ocrx_word' id='word_1_698' title='bbox 2993 4813 3394 4870; x_wconf 90' lang='lat' dir='ltr'>adnumerant</span> <span class='ocrx_word' id='word_1_699' title='bbox 3421 4822 3652 4886; x_wconf 73' lang='lat' dir='ltr'>septem</span> 
     </span>
    </p>
   </div>
   <div class='ocr_carea' id='block_1_105' title="bbox 1992 4903 3654 4978">
    <p class='ocr_par' dir='ltr' id='par_1_105' title="bbox 1992 4903 3654 4978">
     <span class='ocr_line' id='line_1_105' title="bbox 1992 4903 3654 4978; baseline -0.001 -17"><span class='ocrx_word' id='word_1_700' title='bbox 1992 4905 2385 4977; x_wconf 90' lang='lat' dir='ltr'>sapientibus.</span> <span class='ocrx_word' id='word_1_701' title='bbox 2421 4903 2657 4958; x_wconf 91' lang='lat' dir='ltr'>Primus</span> <span class='ocrx_word' id='word_1_702' title='bbox 2688 4903 2932 4974; x_wconf 89' lang='lat' dir='ltr'>scripsit</span> <span class='ocrx_word' id='word_1_703' title='bbox 2962 4904 3033 4956; x_wconf 79' lang='lat' dir='ltr'>Di</span> <span class='ocrx_word' id='word_1_704' title='bbox 3059 4903 3273 4958; x_wconf 85' lang='lat' dir='ltr'>musica</span> <span class='ocrx_word' id='word_1_705' title='bbox 3303 4921 3321 4958; x_wconf 92' lang='lat'><strong><em>:</em></strong></span> <span class='ocrx_word' id='word_1_706' title='bbox 3355 4909 3414 4960; x_wconf 92' lang='lat' dir='ltr'>et</span> <span class='ocrx_word' id='word_1_707' title='bbox 3453 4905 3654 4978; x_wconf 89' lang='lat' dir='ltr'>dithy-</span> 
     </span>
    </p>
   </div>
   <div class='ocr_carea' id='block_1_106' title="bbox 1990 4987 3648 5066">
    <p class='ocr_par' dir='ltr' id='par_1_106' title="bbox 1990 4987 3648 5066">
     <span class='ocr_line' id='line_1_106' title="bbox 1990 4987 3648 5066; baseline -0.001 -17"><span class='ocrx_word' id='word_1_708' title='bbox 1990 4994 2198 5050; x_wconf 90' lang='lat' dir='ltr'>rambo</span> <span class='ocrx_word' id='word_1_709' title='bbox 2229 4998 2456 5048; x_wconf 83' lang='lat' dir='ltr'>certare</span> <span class='ocrx_word' id='word_1_710' title='bbox 2483 4992 2744 5046; x_wconf 80' lang='lat' dir='ltr'>instituit</span> <span class='ocrx_word' id='word_1_711' title='bbox 2765 4997 2823 5046; x_wconf 90' lang='lat' dir='ltr'>et</span> <span class='ocrx_word' id='word_1_712' title='bbox 2841 4987 2971 5052; x_wconf 77' lang='grc' dir='ltr'>τοὺς</span> <span class='ocrx_word' id='word_1_713' title='bbox 2993 4988 3299 5064; x_wconf 82' lang='grc' dir='ltr'>ἐριστικοὺς</span> <span class='ocrx_word' id='word_1_714' title='bbox 3319 4990 3648 5066; x_wconf 78' lang='grc' dir='ltr'>εἰσηγήσατο</span> 
     </span>
    </p>
   </div>
   <div class='ocr_carea' id='block_1_107' title="bbox 1992 5080 3652 5157">
    <p class='ocr_par' dir='ltr' id='par_1_107' title="bbox 1992 5080 3652 5157">
     <span class='ocr_line' id='line_1_107' title="bbox 1992 5080 3652 5157; baseline 0.001 -20"><span class='ocrx_word' id='word_1_715' title='bbox 1992 5080 2214 5157; x_wconf 80' lang='grc' dir='ltr'>λόγους,</span> <span class='ocrx_word' id='word_1_716' title='bbox 2249 5083 2690 5138; x_wconf 89' lang='lat' dir='ltr'>contentiosum</span> <span class='ocrx_word' id='word_1_717' title='bbox 2724 5081 2960 5136; x_wconf 91' lang='lat' dir='ltr'>dicendi</span> <span class='ocrx_word' id='word_1_718' title='bbox 3013 5098 3200 5154; x_wconf 89' lang='lat' dir='ltr'>genus</span> <span class='ocrx_word' id='word_1_719' title='bbox 3246 5082 3308 5137; x_wconf 92' lang='lat' dir='ltr'>in</span> <span class='ocrx_word' id='word_1_720' title='bbox 3337 5097 3510 5138; x_wconf 90' lang='lat' dir='ltr'>usum</span> <span class='ocrx_word' id='word_1_721' title='bbox 3557 5083 3652 5138; x_wconf 87' lang='lat' dir='ltr'>in-</span> 
     </span>
    </p>
   </div>
   <div class='ocr_carea' id='block_1_108' title="bbox 1994 5172 2282 5230">
    <p class='ocr_par' dir='ltr' id='par_1_108' title="bbox 1994 5172 2282 5230">
     <span class='ocr_line' id='line_1_108' title="bbox 1994 5172 2282 5230; baseline 0.003 -2"><span class='ocrx_word' id='word_1_722' title='bbox 1994 5172 2282 5230; x_wconf 84' lang='lat' dir='ltr'>troduxit.</span> 
     </span>
    </p>
   </div>
   <div class='ocr_carea' id='block_1_109' title="bbox 2062 5259 3642 5335">
    <p class='ocr_par' dir='ltr' id='par_1_109' title="bbox 2062 5259 3642 5335">
     <span class='ocr_line' id='line_1_109' title="bbox 2062 5259 3642 5335; baseline -0.003 -17"><span class='ocrx_word' id='word_1_723' title='bbox 2062 5266 2251 5335; x_wconf 87' lang='grc' dir='ltr'><strong>Λῆμα.</strong></span> <span class='ocrx_word' id='word_1_724' title='bbox 2283 5261 2711 5332; x_wconf 77' lang='lat' dir='ltr'>Aristophanes</span> <span class='ocrx_word' id='word_1_725' title='bbox 2758 5259 2831 5317; x_wconf 92' lang='lat' dir='ltr'>de</span> <span class='ocrx_word' id='word_1_726' title='bbox 2888 5261 3168 5332; x_wconf 90' lang='lat' dir='ltr'>Euripide</span> <span class='ocrx_word' id='word_1_727' title='bbox 3226 5265 3285 5316; x_wconf 90' lang='lat' dir='ltr'>et</span> <span class='ocrx_word' id='word_1_728' title='bbox 3327 5259 3642 5332; x_wconf 70' lang='lat' dir='ltr'>Eschylo:</span> 
     </span>
    </p>
   </div>
   <div class='ocr_carea' id='block_1_110' title="bbox 1991 5346 3645 5428">
    <p class='ocr_par' dir='ltr' id='par_1_110' title="bbox 1991 5346 3645 5428">
     <span class='ocr_line' id='line_1_110' title="bbox 1991 5346 3645 5428; baseline -0.001 -23"><span class='ocrx_word' id='word_1_729' title='bbox 1991 5357 2160 5424; x_wconf 75' lang='grc' dir='ltr'><strong>Λῆμα</strong></span> <span class='ocrx_word' id='word_1_730' title='bbox 2189 5347 2234 5404; x_wconf 80' lang='grc' dir='ltr'>δ’</span> <span class='ocrx_word' id='word_1_731' title='bbox 2265 5350 2366 5405; x_wconf 84' lang='grc' dir='ltr'>οὐκ</span> <span class='ocrx_word' id='word_1_732' title='bbox 2395 5346 2638 5422; x_wconf 69' lang='grc' dir='ltr'>ἄτολμον</span> <span class='ocrx_word' id='word_1_733' title='bbox 2672 5348 2906 5428; x_wconf 76' lang='grc' dir='ltr'>ἀμφοῖν,</span> <span class='ocrx_word' id='word_1_734' title='bbox 2939 5354 3048 5405; x_wconf 90' lang='lat' dir='ltr'>etc.</span> <span class='ocrx_word' id='word_1_735' title='bbox 3083 5352 3294 5422; x_wconf 83' lang='lat' dir='ltr'>(Ranis,</span> <span class='ocrx_word' id='word_1_736' title='bbox 3328 5367 3458 5422; x_wconf 89' lang='lat' dir='ltr'>pag.</span> <span class='ocrx_word' id='word_1_737' title='bbox 3493 5351 3597 5405; x_wconf 72' lang='grc'>254</span> <span class='ocrx_word' id='word_1_738' title='bbox 3629 5351 3645 5420; x_wconf 83' lang='lat'><strong>)</strong></span> 
     </span>
    </p>
   </div>
   <div class='ocr_carea' id='block_1_111' title="bbox 1993 5529 3641 5602">
    <p class='ocr_par' dir='ltr' id='par_1_111' title="bbox 1993 5529 3641 5602">
     <span class='ocr_line' id='line_1_111' title="bbox 1993 5529 3641 5602; baseline -0.002 -14"><span class='ocrx_word' id='word_1_739' title='bbox 1993 5549 2252 5588; x_wconf 89' lang='lat' dir='ltr'>mannus</span> <span class='ocrx_word' id='word_1_740' title='bbox 2284 5530 2354 5587; x_wconf 91' lang='lat' dir='ltr'>ad</span> <span class='ocrx_word' id='word_1_741' title='bbox 2388 5529 2662 5602; x_wconf 89' lang='lat' dir='ltr'>Procopii</span> <span class='ocrx_word' id='word_1_742' title='bbox 2694 5529 2900 5585; x_wconf 91' lang='lat' dir='ltr'>histor.</span> <span class='ocrx_word' id='word_1_743' title='bbox 2938 5539 3135 5602; x_wconf 83' lang='lat' dir='ltr'>arc&#39;an.</span> <span class='ocrx_word' id='word_1_744' title='bbox 3162 5531 3370 5602; x_wconf 15' lang='lat' dir='ltr'>cap.r6,</span> <span class='ocrx_word' id='word_1_745' title='bbox 3394 5545 3525 5602; x_wconf 87' lang='lat' dir='ltr'>pag.</span> <span class='ocrx_word' id='word_1_746' title='bbox 3553 5529 3641 5598; x_wconf 79' lang='lat' dir='ltr'>l9,</span> 
     </span>
    </p>
   </div>
   <div class='ocr_carea' id='block_1_112' title="bbox 1995 5599 3641 5672">
    <p class='ocr_par' dir='ltr' id='par_1_112' title="bbox 1995 5599 3641 5672">
     <span class='ocr_line' id='line_1_112' title="bbox 1995 5599 3641 5672; baseline -0.001 -13"><span class='ocrx_word' id='word_1_747' title='bbox 1995 5605 2099 5659; x_wconf 91' lang='lat' dir='ltr'>sed</span> <span class='ocrx_word' id='word_1_748' title='bbox 2133 5604 2312 5659; x_wconf 90' lang='lat' dir='ltr'>etiam</span> <span class='ocrx_word' id='word_1_749' title='bbox 2361 5599 2647 5657; x_wconf 78' lang='lat' dir='ltr'>Kusterus</span> <span class='ocrx_word' id='word_1_750' title='bbox 2698 5602 2760 5656; x_wconf 93' lang='lat' dir='ltr'>in</span> <span class='ocrx_word' id='word_1_751' title='bbox 2821 5606 2962 5657; x_wconf 85' lang='lat' dir='ltr'>nota</span> <span class='ocrx_word' id='word_1_752' title='bbox 3015 5599 3194 5672; x_wconf 86' lang='lat' dir='ltr'>longa-</span> <span class='ocrx_word' id='word_1_753' title='bbox 3236 5599 3322 5656; x_wconf 20' lang='lat' dir='ltr'>iad</span> <span class='ocrx_word' id='word_1_754' title='bbox 3377 5599 3641 5670; x_wconf 50' lang='lat' dir='ltr'>Suidam‘,</span> 
     </span>
    </p>
   </div>
   <div class='ocr_carea' id='block_1_113' title="bbox 1993 5673 3644 5748">
    <p class='ocr_par' dir='ltr' id='par_1_113' title="bbox 1993 5673 3644 5748">
     <span class='ocr_line' id='line_1_113' title="bbox 1993 5673 3644 5748; baseline -0.002 -16"><span class='ocrx_word' id='word_1_755' title='bbox 1993 5689 2123 5748; x_wconf 83' lang='lat' dir='ltr'>pag.</span> <span class='ocrx_word' id='word_1_756' title='bbox 2162 5674 2433 5748; x_wconf 14' lang='lat' dir='ltr'>128,,vol.</span> <span class='ocrx_word' id='word_1_757' title='bbox 2467 5676 2538 5748; x_wconf 67' lang='lat' dir='ltr'>II,</span> <span class='ocrx_word' id='word_1_758' title='bbox 2569 5674 2670 5744; x_wconf 84' lang='lat' dir='ltr'>qui</span> <span class='ocrx_word' id='word_1_759' title='bbox 2713 5674 2898 5730; x_wconf 79' lang='lat' dir='ltr'>etiam</span> <span class='ocrx_word' id='word_1_760' title='bbox 2923 5673 3224 5745; x_wconf 82' lang='lat' dir='ltr'>integrum</span> <span class='ocrx_word' id='word_1_761' title='bbox 3253 5675 3524 5745; x_wconf 86' lang='lat' dir='ltr'>Procopii</span> <span class='ocrx_word' id='word_1_762' title='bbox 3555 5674 3644 5730; x_wconf 90' lang='lat' dir='ltr'>lo-</span> 
     </span>
    </p>
   </div>
   <div class='ocr_carea' id='block_1_114' title="bbox 1994 5747 2669 5818">
    <p class='ocr_par' dir='ltr' id='par_1_114' title="bbox 1994 5747 2669 5818">
     <span class='ocr_line' id='line_1_114' title="bbox 1994 5747 2669 5818; baseline -0.004 -14"><span class='ocrx_word' id='word_1_763' title='bbox 1994 5747 2133 5805; x_wconf 78' lang='lat' dir='ltr'>cum</span> <span class='ocrx_word' id='word_1_764' title='bbox 2166 5747 2460 5818; x_wconf 85' lang='lat' dir='ltr'>ascripsit.</span> <span class='ocrx_word' id='word_1_765' title='bbox 2493 5747 2669 5802; x_wconf 77' lang='lat' dir='ltr'>HAnL.</span> 
     </span>
    </p>
   </div>
  </div>
