4110 6470
468 357 619 420 128⁸1

1786 348 2039 411 INDEX
2082 345 2583 412 SCPIPTOBUM

3708 358 3849 418 1288

534 492 617 562 Λή
631 508 836 563 μματα,
871 489 1220 562 prephetize,
1253 487 1343 543 vel
1376 487 1555 543 etiam
1588 486 2108 558 apophthegmata,
2141 485 2194 553 Α
2227 499 2376 551 esse,
2411 499 2632 554 easque
2662 482 2895 540 exedris
2925 499 3057 540 esse
3089 483 3338 540 similes.
3371 485 3575 559 Apollo
3621 490 3708 545 cui
3749 492 3840 546 di-

466 599 538 637 ex
567 582 807 653 preprio
839 597 1021 636 sensu
1052 579 1237 635 animi
1271 578 1458 636 nostri
1491 576 1744 650 prolata.

536 672 670 737 Leo,
706 670 915 725 Leonis
948 671 1034 738 F.,
1069 669 1397 740 Byzantius,
1433 667 1827 739 philosophus
1873 663 2110 737 peripa-

463 761 676 815 teticus
743 765 803 814 et
858 759 1147 830 sophista,
1201 758 1489 827 Platonis,
1548 757 1661 824 vel,
1720 761 1786 810 ut
1842 754 2107 826 quidam,

462 849 801 904 Aristotelis
833 848 1182 920 discipulus.
1231 848 1480 919 Scripsit
1534 871 1552 895 α
1590 848 1704 901 Res
1748 844 2111 915 Philippicas

467 960 494 988 α
527 943 586 992 et
641 937 998 1009 Byzantinas
1059 936 1228 991 libris
1283 937 1444 1002 VIII;
1518 933 1982 989 Teuthranicum
2028 931 2110 985 De

464 1048 493 1076 «
528 1028 768 1093 Besaao;
803 1027 1046 1082 Sacrum
1078 1025 1340 1093 bellum;
1376 1026 1455 1080 De
1488 1023 1775 1090 statibus;
1810 1024 1924 1078 Res
1976 1037 2107 1093 ges-

461 1140 490 1169 ‹‹
528 1122 614 1173 tas
643 1117 964 1173 Alexandri
994 1138 1050 1173 η.
1105 1116 1231 1182 Hic,
1279 1115 1509 1188 legatus
1555 1114 1820 1170 Athenas
1864 1112 2106 1179 missus,

457 1224 595 1262 cum
623 1206 945 1263 admodum
976 1206 1191 1261 obesus
1224 1211 1400 1272 esset,
1433 1201 1900 1260 Atheniensibus
1921 1200 2109 1256 risum

456 1297 659 1353 movit.
692 1296 896 1367 Atqui,
930 1295 1148 1367 inquit,
1182 1303 1273 1351 est
1297 1295 1445 1349 mihi
1480 1311 1629 1349 uxor
1648 1293 1822 1365 longe
1850 1290 2105 1358 obesior,

456 1391 515 1440 et
544 1385 872 1442 concordes
903 1402 1120 1456 parvus
1150 1384 1363 1452 lectus,
1403 1382 1711 1439 discordes
1746 1386 1866 1437 tota
1893 1380 2107 1435 domus

455 1492 579 1531 non
605 1475 780 1547 capit.
813 1477 963 1531 Eum
989 1474 1300 1546 Philippus
1331 1474 1425 1529 his
1455 1473 1671 1529 litteris
1716 1469 2103 1545 perstrinxit:

459 1586 488 1615 α
520 1565 578 1619 Si
612 1569 839 1621 tantam
870 1565 1049 1619 Leoni
1082 1564 1395 1634 pecuniam
1417 1562 1740 1631 dedissem,
1764 1565 2047 1633 quantam
2073 1575 2108 1615 a

460 1677 483 1703 α
518 1671 614 1709 me
670 1653 1012 1725 postulavit,
1072 1653 1273 1712 statim
1332 1653 1674 1723 Byzantium
1724 1651 2019 1724 cepissem
2054 1670 2104 1707 ι.

457 1744 692 1799 Veritus
721 1744 921 1816 igitur,
954 1760 1028 1798 ne
1058 1759 1093 1798 a
1124 1742 1348 1798 civibus
1379 1742 1736 1797 obrueretur
1783 1740 2104 1812 lapidibus,

455 1829 643 1885 ἑαυτὸν
670 1831 819 1904 ἧγξε,
854 1849 916 1887 se
947 1831 1259 1903 suspendit
1288 1831 1490 1886 miser.
1525 1829 1693 1887 Conf.
1718 1829 1953 1885 Kusteri
1976 1833 2099 1884 not.
2136 1847 2182 1911 Β

452 1926 596 1976 tom.
628 1922 702 1989 II,
733 1937 861 1993 pag.
900 1923 988 1977 45.

525 2011 637 2065 Leo
667 2009 1125 2079 Alabandensis,
1160 2016 1383 2080 orator,
1417 2009 1662 2081 scripsit
1700 2031 1727 2059 «
1763 2008 2103 2065 Caricorum

455 2119 479 2149 ε
513 2098 699 2155 libros
731 2099 841 2168 IV;
870 2100 1260 2173 ,Lyciacorum
1291 2099 1479 2154 libros
1508 2101 1559 2153 ll
1585 2117 1599 2167 ;
1632 2100 1836 2154 Artem
1857 2096 2108 2153 rhetori-

451 2212 480 2241 ‹‹
516 2207 685 2259 cam;
741 2191 822 2245 De
872 2191 1128 2246 statibus
1177 2207 1535 2259 causarum;
1588 2189 1815 2245 Bellum
1868 2203 2104 2245 sacrum

454 2302 481 2330 ‹ι
517 2280 912 2335 Phocensium
945 2286 1004 2335 et
1030 2283 1369 2337 Bmotorum
1404 2302 1457 2336 ».

523 2372 635 2426 Leo
667 2372 963 2440 Macelles,
999 2373 1142 2444 imp.
1178 2375 1604 2437 Romanorum,
1630 2371 1858 2427 Malcho
1875 2368 2102 2442 judice,

452 2459 640 2529 Ιιάσης
672 2459 861 2521 κακίας
894 2460 1263 2534 καταγώγιον,
1297 2463 1472 2516 omnis
1496 2460 1871 2530 improbitatis
1914 2462 2103 2514 diver—

449 2552 684 2618 sorium,
716 2551 817 2621 qui
850 2555 909 2605 et
941 2551 1375 2622 Hyperechium
1407 2550 1862 2622 grammaticum
1892 2549 1955 2603 in
2001 2564 2101 2603 ex-

448 2637 649 2694 silium
682 2640 820 2711 egit.
853 2640 999 2694 Cum
1031 2639 1394 2711 stipendium
1453 2637 1696 2711 Eulogio
1744 2638 2100 2710 philosopho

447 2726 577 2785 dari
599 2729 905 2801 jussisset,
935 2734 996 2783 et
1052 2729 1296 2800 quidam
1357 2746 1427 2784 ex
1481 2728 1772 2783 eunuchis
1830 2728 2098 2796 dixisset,

444 2819 603 2874 hanc
632 2819 949 2890 pecuniam
972 2821 1034 2874 in
1060 2820 1281 2875 milites
1305 2819 1770 2891 impendendam
1798 2837 1810 2875 :
1839 2819 2099 2879 Utinam.

444 2902 656 2979 inquit,
691 2914 862 2965 aetate
893 2926 1029 2965 mea
1058 2911 1383 2982 contingat,
1415 2915 1481 2964 ut
1512 2909 1810 2981 stipendia
1836 2909 2099 2964 militum

442 2997 504 3052 in
542 2998 819 3055 doctores
876 2999 1313 3058 conferantur?
1367 3000 1510 3071 Ejus
1568 2998 1941 3071 temporibus
1984 2997 2099 3053 fuit

440 3087 691 3143 Aeacius
723 3087 1084 3159 patriarcha.

514 3177 823 3247 Leogoras,
856 3181 1025 3247 pater
1053 3175 1398 3243 Andocidis,
1433 3176 1706 3232 oratoris.

513 3266 762 3336 Leonas,
796 3266 1083 3337 sophista,
1117 3267 1359 3322 natione
1389 3267 1649 3335 lsaurus,
1710 3264 1963 3320 celebris
1995 3265 2086 3320 in-

440 3359 531 3408 ter
551 3354 820 3425 ejusdem
841 3356 988 3410 artis
1008 3355 1377 3426 professores
1397 3354 1790 3421 Alexandria),
1818 3355 1919 3426 qui
1943 3356 2085 3410 Pro-

437 3443 599 3499 clum
631 3460 750 3498 non
785 3444 980 3499 solum
1015 3443 1370 3499 eruditionis
1403 3460 1524 3499 suae
1548 3443 1903 3516 participem
1923 3443 2086 3514 fecit,

437 3532 541 3589 sed
571 3539 631 3588 et
658 3533 1153 3591 contubernalem
1210 3533 1440 3602 ascivit,
1492 3539 1552 3590 et
1598 3551 1736 3589 cum
1786 3551 1968 3590 uxore
2011 3534 2085 3589 li-

433 3622 715 3696 berisque
746 3627 870 3682 suis
902 3630 1023 3681 tam
1053 3625 1433 3681 familiariter
1463 3625 1657 3681 vivere
1697 3625 1903 3697 jussit,
1935 3642 2003 3681 ac
2036 3624 2085 3680 si

431 3730 752 3786 germanus
776 3715 963 3786 ipsius
995 3714 1154 3770 filius
1187 3720 1363 3771 esset.
1398 3714 1563 3770 ldem
1586 3715 1803 3780 effecit,
1836 3721 1902 3769 ut
1922 3714 2087 3787 prin-

433 3802 668 3873 cipibus
701 3804 762 3857 in
792 3805 1036 3874 Egypto
1067 3804 1210 3858 viris
1242 3804 1665 3859 innotesceret.

506 3892 810 3960 Leontius,
868 3892 1123 3964 Tripolis
1182 3892 1376 3965 Lydiae
1436 3899 1702 3965 tempore
1755 3892 2084 3950 Constantii

434 3981 772 4052 episcopus,
816 3997 994 4051 quem
1053 3980 1482 4053 Philostorgius
1538 3981 1744 4037 laudat
1801 3987 2085 4054 tanquam

431 4069 892 4142 approbatorem
913 4071 1148 4137 Arianae
1175 4088 1297 4127 suae
1324 4072 1598 4128 vesaniaa.
1620 4071 1834 4125 Κανόνα
1855 4068 1900 4125 δ’
1921 4070 2080 4126 αὐτὸν

427 4146 659 4205 ἐκάλουν
718 4156 818 4220 τῆς
874 4148 1232 4222 Ἐκκλησίας,
1290 4152 1449 4207 hunc
1503 4153 1764 4210 Ecclesia:
1820 4153 2084 4225 Regulam

427 4241 743 4313 vocabant,
775 4248 887 4298 etc.

502 4332 801 4400 Leontius,
839 4332 1245 4388 Antiochenus
1265 4331 1474 4404 episc.,
1500 4332 1762 4405 seipsum
1796 4333 2079 4404 exsecuit,

428 4421 516 4476 vir
554 4427 769 4477 caetera
800 4439 1037 4493 quoque
1066 4421 1384 4493 profanus:
1422 4426 1487 4477 ut
1513 4428 1569 4477 et
1600 4423 1826 4490 Aetius,
1886 4424 2081 4478 Euno-

2226 577 2357 628 cata
2378 572 2560 628 fuisse
2584 572 2980 645 perhibentur
3005 574 3263 644 Leschaa,
3286 574 3425 631 inde
3446 575 3631 633 dictus
3653 584 3848 655 Λεσχηο

2226 660 2431 733 νόριος.
2494 661 2684 717 Etiam
2748 659 2945 736 λέσχαι
3004 663 3163 719 dicta
3218 670 3491 736 poemata
3543 667 3845 725 Heraclidis

2227 752 2478 818 Pontici,
2541 756 2731 807 metro
2786 753 3083 809 Phalaecio
3142 753 3232 808 vel
3289 754 3575 826 Sapphico
3630 758 3848 830 scripta.

2226 841 2486 910 Leschas,
2520 842 2692 898 sedes
2722 843 2811 898 vel
2839 843 2991 911 loca,
3024 844 3085 898 in
3118 861 3249 915 quea
3290 844 3560 901 homines
3591 846 3658 902 de
3689 848 3849 905 rebus

2224 933 2657 1006 philosophicis
2670 935 3012 1008 disputandi
3030 936 3218 1009 gratia
3231 937 3544 992 convenire
3576 938 3845 995 solebant.

2224 1022 2318 1078 Sic
2349 1024 2627 1080 Heroeles
2654 1024 2805 1080 libro
2835 1027 3027 1097 primo
3060 1025 3656 1098 Philosophumenon.

2294 1112 2631 1182 Leschides,
2660 1119 2837 1185 poeta
2865 1116 3091 1187 epicus,
3124 1116 3279 1188 regis
3297 1117 3577 1173 Eumenis
3606 1117 3664 1173 in
3692 1134 3848 1191 expe-

2223 1199 2550 1258 ditionibus
2581 1202 2817 1259 bellicis
2847 1220 3069 1270 comes,
3112 1209 3422 1276 poetarum
3481 1207 3847 1263 clarissimus.

2223 1291 2413 1362 Hujus
2444 1291 2879 1348 consuetudine
2911 1295 3088 1350 etiam
3120 1310 3264 1350 usus
3294 1293 3408 1350 fuit
3436 1296 3694 1369 Pythias,
3742 1297 3852 1351 his-

2223 1378 2468 1448 toricus,
2505 1386 2563 1436 et
2591 1382 2936 1451 Menander,
2968 1382 3260 1440 medicus.

2294 1468 2551 1533 Leucon,
2586 1470 2902 1544 Agnusius,
2935 1471 3462 1544 PeIOponnesiacis
3504 1472 3848 1545 temporibus

2220 1556 2379 1613 vixit.
2413 1560 2493 1613 Ex
2538 1559 2728 1630 ipsius
2787 1558 3156 1616 dramatibus
3215 1565 3356 1617 sunt
3380 1580 3401 1617 :.
3442 1562 3618 1634 Ὃνος,
3673 1561 3851 1617 Ἀσκο-

2221 1644 2409 1720 φόρος,
2445 1646 2745 1721 Φράτορες.

2290 1736 2593 1806 Libanius,
2626 1739 3052 1809 Antiochenus,
3087 1741 3376 1814 sophista,
3412 1741 3609 1799 clarus
3651 1741 3853 1798 Iuliani

2221 1830 2515 1897 Apostatae
2557 1829 2947 1900 temporibus,
3007 1829 3081 1886 ad
3137 1831 3536 1887 Theodosium
3588 1831 3853 1904 Majorem

2214 1930 2404 1986 usque
2429 1916 2591 1987 vixit,
2616 1916 2775 1972 filius
2800 1918 3142 1991 Phasganii,
3172 1920 3492 1991 Diophanti
3513 1920 3853 1992 discipulus,

2213 2003 2460 2076 Scripsit
2481 2005 2738 2076 infinita,
2765 2011 2824 2061 et
2852 2006 3008 2062 inter
3029 2024 3100 2063 ea
3125 2035 3152 2059 ιι
3179 2010 3511 2065 Constantii
3535 2010 3852 2082 imp.Enco-

2217 2113 2239 2142 ι
2274 2094 2462 2150 mium
2493 2101 2544 2152 et
2573 2097 2810 2152 alterum
2838 2098 3057 2154 Iuliani
3094 2117 3108 2167 ;
3144 2100 3621 2157 Declamationes
3665 2100 3851 2155 rheto-

2214 2204 2242 2234 «
2273 2184 2429 2240 ricas
2464 2206 2493 2235 ››
2519 2203 2533 2254 ;
2566 2187 2866 2256 Epistolas.
2898 2188 3116 2243 Eadem
3149 2195 3418 2262 tempore
3452 2190 3695 2247 fuerunt
3717 2189 3859 2244 Basi-

2210 2272 2328 2327 lius
2355 2279 2413 2328 et
2444 2275 2760 2347 Gregorius
2815 2275 3013 2349 (Naz.).
3061 2278 3333 2334 Julianus
3379 2295 3539 2347 vero,
3591 2279 3731 2334 licet
3777 2282 3856 2333 tot

2209 2362 2464 2435 negotiis
2483 2364 2832 2435 implicitus,
2858 2371 3057 2421 tamen
3081 2372 3141 2422 et
3160 2367 3376 2424 litteris
3399 2369 3609 2425 sedulo
3630 2383 3861 2441 operam

2208 2451 2406 2522 dabat,
2445 2456 2504 2508 et
2534 2455 2594 2508 in
2627 2454 2748 2509 illis
2781 2455 3074 2512 excellere
3104 2457 3289 2513 videri
3330 2458 3586 2526 volebat,
3639 2458 3857 2530 sephis-

2209 2548 2451 2615 tamque
2492 2544 2954 2616 Antiochenum,
3006 2546 3343 2619 Libanium,
3395 2565 3579 2620 supra
3626 2547 3856 2603 modum

2208 2630 3043 2707 admirabatur,laudibusque
3075 2636 3346 2706 ornabat,
3369 2643 3553 2709 atque
3576 2643 3856 2709 utmagno

2208 2724 2491 2797 sophista)
2523 2728 2843 2782 Promresio
2876 2744 3031 2801 aegre
3059 2727 3303 2799 faceret,
3338 2729 3513 2785 illum
3544 2730 3684 2784 huic
3711 2746 3856 2801 prae-

2205 2812 2454 2868 ferebat.
2490 2815 2740 2871 Aeacius
2791 2816 2991 2887 igitur,
3053 2817 3340 2888 sophista,
3402 2818 3641 2874 dicendi
3697 2817 3851 2872 valde

2205 2903 2454 2975 peritus,
2488 2908 2547 2959 et
2584 2905 2934 2971 Tuscianus,
2980 2906 3195 2977 Phryx,
3256 2906 3392 2962 ideo
3442 2924 3581 2963 eum
3631 2923 3857 2980 semper

2206 2992 2551 3065 culpabant,
2589 2994 2837 3066 ejusque
2861 2994 3160 3067 judicium
3190 2997 3739 3068 reprehendebant.

2278 3082 2479 3150 Linus,
2514 3082 2947 3151 Chalcidensis,
2988 3085 3275 3156 Apollinis
3333 3092 3397 3141 et
3444 3088 3857 3160 Terpsichores

2133 3190 2177 3256 α
2205 3171 2291 3241 F.,
2324 3171 2436 3240 vel,
2469 3176 2536 3226 ut
2566 3171 2689 3241 alii,
2724 3173 3091 3245 Amphimari
3125 3181 3183 3230 et
3212 3176 3479 3246 Uraniae,
3514 3176 3603 3232 vel
3638 3174 3860 3232 Urania:

2205 3266 2265 3316 et
2294 3262 2587 3317 Mercurii.
2625 3262 2728 3318 Hic
2768 3264 2998 3335 primus
3057 3281 3126 3320 ex
3166 3265 3481 3323 Phcenicia
3530 3267 3759 3323 litteras
3802 3266 3858 3321 in

2203 3352 2488 3408 Graeciam
2525 3352 2824 3421 intulisse,
2850 3354 3285 3427 Herculemque
3307 3356 3546 3415 litteras
3572 3358 3857 3425 docuisse,

2203 3446 2261 3497 et
2290 3441 2575 3497 carminis
2606 3442 2777 3515 lyrici
2810 3445 3043 3515 primus
3074 3451 3281 3501 auctor
3308 3446 3504 3504 fuisse
3535 3447 3741 3504 fertur.

2272 3532 2452 3587 Linus
2478 3532 2651 3601 alter,
2683 3532 3020 3604 Thebanus,
3045 3535 3275 3608 junior,
3308 3537 3734 3611 philosophus.

2272 3623 2472 3693 Linus,
2505 3641 2693 3697 genus
2724 3625 2956 3698 hymni,
2989 3632 3055 3682 ut
3084 3643 3280 3700 pman.
3321 3630 3499 3685 Conf.
3534 3631 3769 3687 Kuster.
3795 3627 3836 3682 H
3856 3669 3873 3700 ,

2197 3729 2334 3786 pag.
2377 3714 2503 3782 449,
2534 3719 2658 3769 not.
2693 3716 2745 3772 3.

2277 3803 2590 3874 Lityerses,
2624 3821 2812 3877 genus
2843 3807 3140 3862 cantionis
3173 3809 3510 3879 messoriae,
3540 3826 3575 3865 a
3607 3811 3856 3882 Lityerso

2199 3891 2365 3948 Midae
2399 3894 2482 3961 F.,
2518 3911 2695 3965 quem
2728 3896 3011 3953 Hercules
3040 3897 3298 3953 sustulit.
3333 3898 3508 3957 Conf.
3566 3900 3759 3956 Schol.
3793 3896 3860 3953 ad

2199 3982 2494 4038 Theocrit.
2530 3985 2605 4052 X,
2637 3986 2725 4039 41.

2272 4070 2450 4145 Λὸγια
2509 4073 2771 4144 oracula,
2824 4092 2955 4147 qua;
3014 4077 3284 4133 oratione
3346 4086 3653 4152 concepta
3708 4081 3860 4145 sunt,

2198 4160 2473 4235 χρησμοὶ,
2500 4163 2793 4219 versibus.

2271 4249 2650 4329 Λογογράφος,
2685 4269 3000 4311 causarum
3028 4255 3117 4311 vel
3148 4257 3498 4314 orationum
3532 4259 3857 4315 forensium

2198 4339 2471 4411 scriptor.
2524 4342 2836 4412 Λογοποιός
2892 4361 2999 4416 pro
3057 4346 3339 4402 historico
3400 4355 3734 4422 usurpatur
3786 4345 3855 4401 ab

2197 4429 2456 4484 Isocrate
2489 4435 2547 4486 et
2575 4431 2892 4489 Herodoto.
2926 4434 3020 4489 Sic
3052 4435 3231 4491 etiam
3283 4442 3544 4494 vocatur
3590 4439 3859 4495 inventor

426 4510 531 4565 mii
564 4511 865 4583 magister,
895 4512 994 4582 qui
1021 4512 1143 4567 Arii
1176 4511 1610 4583 blasphemiam
1652 4512 1777 4568 suis
1835 4512 2082 4585 argutiis
2110 4556 2157 4621 D
2195 4517 2533 4576 fabularum
2569 4526 2628 4575 et
2656 4522 3063 4596 apologorum.

425 4598 693 4655 adauxit.

502 4687 805 4743 Leontius.
832 4690 902 4743 Et
922 4689 1021 4745 hic
1046 4690 1384 4746 Antiobhiaa
1406 4690 2084 4760 fuithmreticus,contra

424 4793 604 4847 quem
634 4778 879 4833 Photius
910 4779 1251 4849 patriarcha
1282 4781 1543 4852 scripsit.
1580 4780 1682 4835 Hic
1723 4780 1796 4835 de
1829 4781 2081 4837 homou-

422 4867 510 4921 sio
543 4865 863 4938 disputavit
893 4884 1027 4925 cum
1058 4869 1357 4939 Flaviano,
1381 4868 1631 4926 audacia
1651 4875 1710 4926 et
1729 4869 2080 4943 blasphema

421 4955 819 5012 deliramenta
841 4957 1172 5027 proferens.

493 5045 793 5113 Leontius,
830 5047 1181 5115 monachus,
1217 5047 1325 5103 sub
1355 5047 1591 5103 Zenone
1619 5047 1778 5103 vixit.
1810 5049 1914 5104 Hic
1939 5065 2076 5104 cum

419 5134 769 5205 prophetica
797 5136 990 5207 gratia
1015 5135 1299 5190 obscuros
1332 5136 1649 5207 Scripturae
1680 5135 1845 5192 locos
1875 5136 2074 5193 decla-

420 5229 600 5293 raret,
634 5223 857 5280 multos
888 5225 1044 5279 viros
1088 5224 1279 5281 bonos
1328 5224 1556 5291 habuit,
1609 5225 1708 5295 qui
1760 5225 1833 5282 ad
1878 5227 2074 5299 ipsum

416 5310 765 5383 frequenter
797 5312 1181 5380 accedebant,
1219 5318 1329 5369 etc.

490 5402 822 5469 Lesbonax,
878 5403 1272 5475 Mytilenaaus,
1322 5403 1740 5475 philosophus,
1783 5406 1884 5476 qui
1931 5406 2076 5463 vixit

417 5492 666 5564 Augusti
698 5492 1091 5565 temporibus,
1120 5498 1291 5565 pater
1311 5494 1676 5562 Potamonis,
1704 5494 2070 5569 philosophi.

419 5580 669 5652 Scripsit
698 5582 991 5654 plurimos
1022 5581 1208 5639 libros
1240 5583 1710 5655 philosophicos.

491 5666 720 5743 Λὲσχαι.
753 5670 1069 5727 Cleanthes
1098 5672 1261 5743 dicit,
1288 5673 1540 5731 Leschas
1559 5673 1821 5747 Apollini
1840 5675 2068 5737 dicatas

3044 4615 3335 4687 sophista,
3416 4619 3556 4674 Issei
3633 4613 3854 4688 Assyrii

2190 4697 2542 4770 discipulus,
2582 4699 2829 4757 Adriani
2896 4701 3144 4760 Cesaris
3204 4708 3589 4779 temporibus
3646 4707 3759 4763 fuit
3803 4707 3859 4759 et

2189 4787 2380 4843 multa
2411 4789 2668 4861 scripsit.

2261 4877 2559 4951 Longinus
2577 4880 3587 4958 Cassius,philosophus,Porphyrii
3605 4887 3859 4960 philoso-

2186 4966 2289 5039 phi
2317 4968 2622 5041 magister,
2658 4970 2749 5024 vir
2789 4987 3003 5045 magna
3041 4973 3318 5030 doctrina
3347 4977 3603 5050 acrique
3629 4974 3855 5051 judicio

2187 5055 2493 5129 praeditus.
2529 5058 2684 5113 Vixit
2705 5060 2813 5115 sub
2829 5061 3146 5119 Aureliano
3169 5064 3315 5136 imp.
3351 5071 3413 5120 et
3436 5067 3515 5123 ab
3543 5084 3614 5123 eo
3633 5067 3857 5123 occisus

2189 5152 2300 5215 est,
2329 5147 2486 5219 quod
2529 5165 2663 5204 cum
2685 5150 2943 5208 Zenobia
2969 5152 3217 5209 Odenati
3241 5170 3427 5210 uxore
3455 5157 3856 5230 conspiraret.

2188 5235 2437 5308 Scripsit
2462 5260 2488 5287 «
2513 5238 2592 5293 De
2608 5238 2877 5295 oratione
2897 5247 3104 5298 contra
3120 5241 3419 5308 Phidiam;
3436 5245 3858 5303 Dubitationes

2184 5347 2212 5376 «
2236 5325 2611 5395 Homericas;
2638 5330 2719 5383 An
2743 5329 3030 5386 Homerus
3050 5331 3657 5405 fueritphilosophus
3674 5335 3859 5390 ‘lPro-

2184 5436 2212 5465 «
2237 5413 2499 5471 blemata
2554 5415 2870 5475 Homerica
2910 5424 2969 5475 et
2997 5420 3335 5477 Solutiones
3366 5421 3553 5479 libris
3582 5424 3819 5481 duobus
3844 5440 3860 5490 ;

2182 5526 2210 5554 ‹‹
2226 5504 2510 5568 Quasnam
2532 5511 2742 5563 contra
2765 5507 2944 5564 fidem
2966 5509 3234 5565 historiae
3257 5516 3559 5583 tanquam
3570 5513 3862 5569 historica

2181 5614 2209 5643 ‹‹
2224 5597 2998 5667 enarrentgrammatici;De
3016 5599 3520 5671 vocabulis,apud
3533 5603 3863 5659 Homerum

2183 5704 2205 5734 α
2224 5683 2444 5741 multas
2458 5685 2930 5758 signiﬁcationes
2941 5688 3517 5749 habentibuslibros
3528 5693 3627 5763 IV;
3647 5692 3866 5749 Attico-

2262 4608 2589 4678 Lollianus,
2645 4611 2960 4683 Ephesius,
