4110 6436
345 407 371 469 4
384 404 507 465 289

1667 412 1773 472 DE
1815 410 2106 482 QUIBUS
2153 411 2438 476 SUIDAS

3624 426 3649 486 l
3662 427 3780 490 290

350 583 523 656 crum
556 564 977 656 vocabulorum
1022 566 1322 656 editiones
1355 567 1522 637 duas,
1559 570 1886 626 secundum
1917 588 2012 626 or-
2041 573 2096 639 Α
2197 573 2564 645 Lycophron,
2591 577 2996 634 Chalcidensis
3013 596 3083 635 ex
3103 580 3343 647 Eubaa,
3376 581 3536 640 Illius
3571 584 3776 656 Soclis,

344 678 372 706 «
399 655 603 710 dinem
635 655 971 710 litterarum
1001 655 1260 728 digestas
1286 676 1300 725 ;
1335 658 1541 714 vocula
1585 659 1924 716 Antimachi
1957 664 2015 714 et

345 767 375 795 «
404 743 811 809 Heracleonis,
847 766 876 793 ››
908 750 968 799 et
992 745 1112 801 alia
1141 747 1352 802 multa.

419 835 623 894 Lucas.
658 834 1039 906 evangelista,
1075 835 1281 891 titulos
1311 836 1494 892 habet
1523 837 2014 910 LXXXIII,capita

345 923 575 978 CCCXL
584 925 724 977 VIII.

416 1013 1192 1081 Lucianus,Samosatensis,
1211 1015 1550 1086 Blasphemi
1581 1016 1670 1072 vel
1694 1016 2012 1088 Dysphemi

340 1117 673 1175 cognomen
706 1101 862 1169 tulit,
897 1102 990 1157 vel
1019 1103 1194 1158 Athei
1224 1105 1442 1176 potius,
1470 1105 1628 1176 quod
1659 1106 1723 1160 in
1753 1106 2012 1178 Dialogis

341 1191 468 1246 suis
498 1207 567 1246 ea
596 1208 730 1262 qua
762 1191 834 1245 de
865 1191 981 1246 diis
1011 1191 1308 1261 dicuntur,
1346 1198 1412 1247 ut
1439 1193 1694 1249 ridicula
1733 1195 2008 1266 exagitat.

339 1282 552 1336 Fertur
581 1280 689 1334 sub
721 1281 973 1351 Trajano
1001 1281 1144 1352 imp.
1180 1286 1239 1336 et
1296 1287 1434 1338 ante
1467 1283 1700 1338 vixisse.
1744 1284 2012 1338 Primum

340 1370 676 1425 Antiochia
709 1370 769 1424 in
802 1371 971 1443 Syria
1000 1371 1358 1439 causidicus,
1396 1377 1455 1427 et
1484 1389 1618 1428 cum
1661 1373 1774 1428 hoc
1805 1374 1857 1427 ei
1889 1390 2011 1428 non

337 1460 494 1516 bene
525 1460 782 1526 cederet,
815 1460 890 1515 ad
917 1460 1304 1516 scribendum
1328 1477 1391 1517 se
1415 1461 1670 1516 contulit
1691 1467 1748 1517 et
1776 1463 2012 1518 inﬁnita

341 1551 660 1622 scripsit.A
692 1550 939 1605 canibus
970 1550 1330 1606 dilaceratus
1353 1551 1542 1606 fertur
1569 1552 2006 1624 homoimpius.

342 1642 443 1712 qui
479 1641 696 1714 lingua
729 1657 850 1695 sua
882 1640 1046 1696 rabie
1091 1642 1282 1712 ipsam
1321 1642 1629 1696 veritatem
1685 1641 2010 1698 insectatus

336 1731 472 1786 fuit.
509 1732 652 1785 Nam
710 1730 773 1784 in
835 1730 1140 1803 Peregrini
1173 1731 1302 1785 Vita
1353 1730 1751 1785 Christianam
1773 1731 2006 1804 religio-

337 1836 479 1874 nem
503 1819 871 1891 perstringit,
907 1824 966 1874 et
1021 1820 1134 1890 ipsi
1184 1819 1416 1875 Christo
1475 1820 1782 1876 maledicit
1829 1822 2007 1876 homo

2121 660 2435 734 adoptatus
2457 680 2491 720 a
2522 666 2690 737 Lyco,
2722 668 3006 740 Rhegino,
3063 672 3508 742 grammaticus,
3543 679 3602 729 et
3651 681 3778 733 tra-

2121 753 2286 824 gicus
2315 770 2472 809 unus
2494 755 2566 810 de
2586 757 2838 827 pleiade.
2865 760 3004 830 Ejus
3038 762 3332 832 tragoedia
3351 768 3521 818 sunt:
3546 761 3774 835 Α’ίολος,

2123 838 2472 928 Ἀνδρομέδα,
2527 843 2804 915 Ἀλήτης,
2867 845 3156 918 Αἰολίδης,
3217 850 3558 927 Ἐλεφήνωρ,
3610 854 3774 928 Ἡρα-

2119 927 2284 1001 κλης,
2387 931 2600 1001 Ἰκὲται,
2679 934 3027 1006 Ἱππόλυτος,
3107 936 3494 1010 Κασσανδρεῖς,
3584 941 3777 1014 Αάῖος,

2120 1020 2494 1094 Μαραθώνιοι,
2573 1022 2875 1092 Ναύπλιος,
2909 1023 3173 1088 Οἰδίπους
3231 1028 3297 1098 α’,
3380 1030 3445 1102 β’.
3488 1031 3777 1108 Ὀρφανὸς,

2121 1108 2372 1177 Πενθεὺς,
2419 1109 2742 1181 Πελοπίδαι,
2777 1115 3101 1189 Σύμμαχοι,
3129 1113 3469 1192 Τηλέγονος,
3523 1119 3780 1191 Χρύσιπ-

2119 1217 2242 1259 πος.
2282 1202 2364 1255 Ex
2419 1202 2515 1256 his
2571 1204 2872 1274 Nauplium
2923 1206 3303 1263 emendatum
3363 1210 3624 1266 secunda
3655 1213 3778 1268 vice

2120 1287 2336 1343 iterum
2360 1290 2421 1344 in
2454 1309 2631 1348 scena
2661 1293 2947 1350 exhibuit.
2981 1295 3228 1367 Scripsit
3271 1302 3329 1352 et
3369 1298 3774 1369 Alewandram,

2119 1393 2334 1448 poema
2363 1379 2703 1436 obscurum.

2193 1467 2508 1541 Lycurgus,
2543 1470 2887 1542 Spartanus,
2920 1489 2955 1528 a
2985 1474 3252 1529 Patrocle
3292 1491 3477 1547 genus
3527 1477 3774 1533 ducens.

2119 1555 2440 1628 legislator,
2503 1575 2680 1630 quem
2738 1561 2906 1615 aiunt
2951 1578 2986 1617 a
3042 1563 3231 1628 Creta,
3265 1565 3355 1618 vel
3393 1565 3465 1619 ab
3497 1566 3625 1636 ipso
3658 1568 3776 1622 Deo

2120 1644 2436 1716 (Apolline)
2470 1646 2628 1719 leges
2659 1665 2796 1704 suas
2827 1651 3146 1722 aceepisse.
3185 1653 3287 1707 Hic
3319 1669 3353 1707 a
3382 1653 3592 1723 Pythia
3622 1656 3776 1709 Deus

2120 1734 2452 1804 appellatus
2484 1741 2592 1804 est,
2627 1742 2737 1791 etc.
2775 1740 2954 1793 Natus
2985 1739 3096 1793 fuit
3145 1747 3346 1796 octavo
3393 1748 3528 1812 post
3576 1743 3777 1813 Troja-

2119 1838 2263 1876 num
2297 1823 2521 1878 bellum
2543 1831 2977 1896 anno,patruus
3009 1828 3568 1900 Charilai,Spartani
3589 1831 3775 1903 regis:

339 1908 853 1964 sceleratissimus.
889 1909 1286 1974 Quamobrem
1319 1915 1377 1964 et
1405 1909 1468 1964 in
1516 1909 1628 1964 hac
1658 1910 1775 1965 vita
1797 1912 1994 1982 justas
2036 1930 2085 1996 Β
2120 1912 2370 1965 Eunomi
2425 1913 2622 1969 frater.
2684 1914 2988 1985 Spartanis
3029 1916 3341 1988 imperavit
3389 1933 3577 1972 annos
3604 1917 3775 1985 XLII,

337 1999 560 2054 furoris
585 1999 675 2053 sui
707 2015 912 2070 panas
962 1999 1145 2064 dedit,
1177 2005 1236 2055 et
1263 1999 1326 2054 in
1377 1998 1578 2054 futura
1609 1999 1762 2071 ignis
1793 2000 2001 2055 aterni

339 2105 476 2144 cum
499 2089 716 2144 Satana
746 2089 938 2144 hares
972 2089 1104 2143 erit.

411 2178 726 2245 Lucianus,
760 2184 1005 2250 martyr,
1043 2178 1129 2232 vir
1179 2177 1419 2248 nobilis,
1448 2182 1644 2252 prima
1673 2185 1844 2235 atate
1881 2181 2002 2236 Ma-

334 2268 816 2334 carii,sacrorum
849 2267 1156 2322 Librorum
1189 2268 2002 2340 interpretis,consuetudine

333 2357 570 2412 Edessa
602 2372 767 2424 usus,
800 2355 1016 2411 deinde
1047 2356 1120 2411 ad
1149 2357 1326 2412 vitam
1366 2358 1696 2413 solitariam
1727 2359 1997 2414 animum

335 2446 576 2518 adjecit.
613 2445 700 2500 Ad
725 2445 1120 2500 sacerdotium
1145 2446 1286 2502 hinc
1308 2448 2005 2519 processit,etpresbyter

335 2535 663 2590 Antiochia
693 2534 884 2590 factus
915 2551 1193 2606 magnam
1225 2536 1494 2591 scholam
1553 2537 1678 2592 illic
1709 2537 1988 2592 instituit.

339 2627 442 2681 Hic
475 2641 610 2680 cum
641 2625 1180 2692 animadvertisset,
1214 2626 1275 2680 in
1335 2643 1538 2682 sacros
1596 2626 1782 2682 libros
1813 2627 2003 2682 multa

339 2714 1026 2785 adulterinairrepsisse,
1051 2719 1177 2769 tum
1207 2714 1382 2786 longo
1416 2720 1682 2786 tempore
1713 2719 1772 2770 et
1792 2715 2002 2770 crebra

336 2803 817 2875 transcriptioue,
855 2809 980 2858 tum
1004 2803 1164 2874 quod
1190 2803 1421 2876 profani
1458 2805 1701 2876 quidam
1721 2805 1998 2859 homines

339 2898 675 2966 pervertere
708 2892 1001 2948 nonnulla
1057 2893 1185 2947 ausi
1245 2899 1466 2961 essent,
1519 2894 1642 2965 ipse
1694 2910 1904 2949 omnes
1929 2911 2000 2949 ex

330 2985 538 3056 lingua
564 2982 870 3050 Hebraica,
905 2999 1084 3052 quam
1109 2989 1382 3038 accurate
1423 2983 1698 3050 callebat,
1732 2984 1794 3038 in
1842 2984 2000 3038 inte-

327 3090 500 3146 grum
532 3072 812 3136 restituit,
845 3071 1292 3142 plurimumque
1333 3071 1598 3127 laborem
1660 3072 1722 3126 in
1780 3087 1989 3127 eorum

329 3161 814 3217 emendationem
846 3159 1118 3229 contulit,
1135 3165 1244 3214 etc.
1267 3161 1560 3232 Epistolas
1593 3161 1773 3216 etiam
1791 3159 1995 3228 edidit,

330 3251 540 3320 utique
567 3249 1111 3320 prastantissimas,
1148 3265 1218 3304 ex
1273 3249 1487 3320 quibus
1536 3250 1708 3305 facile
1743 3255 1995 3315 constat,

333 3338 530 3410 qualis
558 3338 736 3393 fuerit
764 3338 874 3392 viri
905 3337 1085 3408 hujus
1115 3337 1187 3393 de
1219 3338 1397 3394 rebus
1428 3338 1641 3394 divinis
1673 3339 1990 3394 sententia.

329 3427 676 3499 Martyrium
705 3426 850 3481 obiit
873 3426 1227 3482 Nicomediae
1259 3427 1321 3481 in
1362 3427 1638 3499 Bithynia
1669 3428 1775 3483 sub
1809 3428 1990 3483 Maxi-

331 3517 554 3572 miano.

400 3606 613 3661 Lucius
642 3603 898 3660 Catilina
931 3604 1302 3659 teterrimum
1360 3605 1592 3660 facinus
1636 3622 1838 3673 ausus,
1873 3610 1984 3660 etc.

327 3694 443 3750 Sed
465 3695 686 3760 Cicero,
738 3693 826 3747 vir
877 3693 1162 3766 singulari
1213 3693 1557 3764 eloquentia
1588 3699 1646 3750 et
1702 3695 1764 3748 in
1795 3694 2000 3766 depre-

333 3783 668 3840 hendendis
694 3783 963 3838 consiliis
977 3800 1096 3838 non
1118 3783 1402 3838 mediocri
1433 3784 1676 3839 solertia
1689 3785 1994 3856 praditus,

331 3879 621 3946 praterea
649 3872 712 3927 in
741 3872 920 3928 rebus
941 3872 1130 3928 multo
1159 3879 1295 3928 ante
1323 3873 1758 3945 prospiciendis
1777 3875 1994 3928 acutis-

331 3963 519 4019 simus
552 3979 687 4017 cum
737 3963 868 4034 ejus
925 3962 1401 4034 conjurationem
1452 3964 1848 4035 patefecisset,
1885 3965 1994 4018 ho-

333 4058 604 4123 stemque
635 4052 721 4124 (in
751 4054 980 4121 senatu)
1031 4052 1229 4123 ipsum
1285 4052 1668 4121 declarasset,
1704 4053 1855 4110 Urbe
1890 4071 1990 4108 ex-

329 4141 504 4214 pulit.

405 4231 728 4302 Lupercus,
761 4230 1054 4302 Berytius,
1075 4232 1630 4304 grammaticus,qui
1653 4232 1831 4304 paulo
1863 4239 2000 4289 ante

339 4325 612 4390 tempora
642 4318 871 4374 Claudii
905 4319 1152 4374 secundi
1174 4319 1318 4391 imp.
1370 4321 1530 4376 vixit.
1585 4321 1830 4392 Scripsit
1865 4345 1884 4370 ι
1921 4323 2000 4377 De

330 4432 359 4460 «
381 4408 676 4481 particula
688 4404 748 4460 ἂν
764 4408 950 4463 libros
965 4409 1150 4476 IlI,De
1173 4425 1430 4480 pavone;
1460 4410 1537 4464 De
1556 4410 1997 4482 squilla,pisce;

331 4521 361 4550 α
377 4499 457 4553 De
480 4497 635 4568 gallo
667 4496 826 4568 apud
853 4497 1184 4552 Platonem.
1219 4496 1434 4565 Κτίσιν,
1464 4501 1576 4554 sive
1599 4499 1872 4570 Origines
1893 4501 2004 4553 Ar-

333 4609 362 4639 «
387 4586 600 4641 sinoeti
631 4587 693 4641 in
716 4589 958 4658 (Egypto
976 4604 989 4654 ;
1007 4587 1304 4642 Vocabula
1335 4587 1559 4654 Attica;
1595 4590 1788 4642 Artem
1807 4604 1997 4659 gram-

2119 2016 2234 2070 quo
2267 1999 2445 2055 etiam
2478 2006 2741 2073 tempore
2782 2002 2940 2073 leges
2996 2004 3151 2072 tulit,
3211 2021 3346 2059 cum
3407 2010 3568 2060 tutor
3616 2012 3776 2062 esset

2115 2088 2312 2143 fratris
2347 2089 2473 2153 ﬁlii,
2512 2092 2610 2160 qui
2635 2092 2762 2163 ipse
2794 2109 3032 2164 quoque
3061 2095 3324 2165 regnavit
3352 2111 3542 2149 annos
3575 2097 3770 2164 XVIII,

2113 2182 2171 2231 et
2191 2183 2323 2248 post
2345 2195 2483 2234 eum
2508 2179 2801 2234 Nicander
2821 2197 3009 2236 annos
3033 2181 3266 2238 XLVIII.
3301 2183 3548 2254 Scripsit
3588 2183 3770 2255 leges.

2188 2266 2481 2336 Lycurgus
2527 2268 2929 2340 Lycophronis
2978 2271 3064 2337 F.,
3124 2271 3528 2339 Atheniensis,
3557 2289 3774 2344 genere

2113 2355 2528 2426 Eleobutades,
2558 2375 2711 2413 unus
2769 2376 2839 2414 ex
2896 2359 3104 2414 decem
3164 2361 3524 2427 oratoribus,
3559 2362 3775 2432 quibus

2113 2443 2545 2500 Demosthenes
2577 2447 2755 2501 etiam
2777 2455 3148 2520 accensetur.
3185 2449 3308 2515 Hic,
3345 2450 3460 2504 vita
3491 2449 3621 2504 sine
3654 2451 3773 2504 cri-

2113 2533 2274 2586 mine
2334 2539 2652 2602 transacta,
2710 2536 2915 2591 morbo
2962 2523 3250 2602 decessit,
3321 2538 3547 2593 relictis
3610 2538 3772 2606 ﬁliis,

2113 2639 2262 2692 quos
2295 2623 2742 2692 Demosthenes,
2773 2631 2973 2680 orator
3026 2626 3215 2689 exsul,
3248 2626 3566 2681 calumniis
3601 2643 3776 2682 vexa-

2112 2715 2203 2766 tos
2245 2712 2513 2767 oratione
2576 2712 2864 2768 defendit.
2926 2716 3209 2769 Genuina
3264 2716 3565 2770 orationes
3618 2715 3773 2787 ejus,

2111 2817 2242 2871 qua
2275 2801 2467 2855 adhuc
2490 2803 3006 2873 exstant(80),sunt
3027 2803 3152 2857 ista
3179 2820 3192 2856 :
3215 2827 3232 2851 ι
3252 2804 3470 2858 Contra
3485 2804 3774 2877 Aristogi-

2114 2909 2142 2938 «
2175 2894 2374 2944 tonem
2401 2907 2414 2955 ;
2449 2891 2667 2946 Contra
2699 2891 3050 2962 Autolycum
3079 2893 3336 2957 ;Contra
3385 2893 3726 2948 Leocratem
3757 2911 3772 2959 ;

2114 2979 2363 3033 «Contra
2378 2980 2824 3051 Lycophronem
2848 2980 2978 3035 dua
3001 2999 3013 3048 ;
3037 2981 3255 3036 Contra
3269 2981 3556 3036 Pasiclen:
3584 2999 3597 3049 ;
3623 2983 3773 3038 Con-

2109 3089 2138 3115 ‹‹
2175 3072 2264 3121 tra
2294 3069 2756 3135 Menachmum;
2809 3071 3027 3124 Contra
3085 3069 3449 3137 Demadem;
3484 3070 3775 3144 Apologia

2111 3176 2136 3208 α
2170 3156 2449 3212 adversus
2481 3157 2756 3212 eumdem
2789 3159 2861 3213 de
2884 3157 3132 3214 redditis
3161 3175 3195 3214 a
3227 3176 3288 3213 se
3312 3160 3645 3215 rationibus
3666 3160 3773 3215 ad-

2105 3267 2132 3295 «
2168 3246 2520 3301 ministrata
2553 3247 2700 3318 reip.
2736 3265 2749 3314 ;
2783 3247 3076 3303 Adversus
3117 3249 3482 3320 Ischyriam;
3512 3247 3654 3318 Πρὸς
3676 3249 3773 3312 τὰς

2109 3356 2134 3384 α
2166 3332 2441 3403 μαντείας,
2477 3334 2769 3390 Adversus
2801 3336 3196 3391 divinationes
3223 3357 3237 3405 ;
3271 3338 3352 3392 De
3383 3336 3770 3392 administra-

2109 3444 2132 3475 α
2165 3425 2324 3478 tione
2340 3424 2488 3495 reip.
2517 3443 2531 3491 ;
2563 3426 2641 3478 De
2668 3425 2973 3480 sacerdote
2994 3425 3259 3493 femina;
3294 3428 3374 3482 De
3407 3426 3769 3495 sacerdotio;

2107 3513 2428 3584 «Epistola
2465 3536 2484 3562 ι
2522 3518 2580 3568 et
2610 3514 2729 3569 alia
2759 3514 3052 3585 quadam.

2180 3603 2386 3673 Lycus,
2421 3603 2520 3674 qui
2569 3608 2625 3658 et
2677 3605 2963 3659 Butheras
3017 3604 3210 3659 dictus
3268 3609 3377 3672 est,
3438 3605 3763 3678 Rheginus,

2108 3691 2449 3759 historicus,
2479 3697 2646 3763 pater
2665 3693 3030 3764 (adoptione)
3089 3693 3492 3764 Lycophronis
3540 3695 3770 3766 tragici.

2111 3782 2264 3835 Vixit
2291 3781 2398 3835 sub
2432 3781 2751 3836 Alexandri
2814 3784 2882 3836 M.
2937 3782 3403 3850 successoribus,
3456 3788 3513 3838 et
3563 3799 3597 3838 a
3659 3785 3772 3838 De-

2109 3871 2322 3926 metrio
2356 3871 2640 3926 Phalereo
2684 3870 2920 3925 insidiis
2973 3873 3272 3942 appetitus
3331 3872 3460 3927 fuit.
3519 3873 3772 3944 Scripsit

2111 3961 2427 4015 Historiam
2465 3961 2660 4032 Libya
2692 3966 2749 4016 et
2787 3961 3023 4015 Sicilia.

2185 4046 2350 4103 Λυδοὶ
2384 4048 2698 4124 Μάγνητος,
2731 4051 2938 4106 drama
2995 4051 3299 4124 Magnetis,
3333 4052 3568 4120 comici,
3596 4052 3767 4120 Lydi,

2113 4140 2184 4195 ab
2246 4157 2314 4196 eo
2363 4141 2745 4196 emendatum
2823 4140 3017 4195 denuo
3084 4141 3146 4194 in
3206 4157 3386 4196 scena
3443 4140 3771 4196 exhibitum

2108 4230 2243 4285 fuit.

2184 4320 2469 4390 Lynceus,
2543 4317 2796 4384 Samius,
2881 4317 3325 4388 grammaticus,
3382 4317 3774 4387 Theophrasti

2114 4409 2463 4480 discipulus,
2517 4407 2701 4462 frater
2745 4406 2980 4460 Duridis
3038 4405 3330 4471 historici,
3364 4405 3465 4475 qui
3517 4410 3576 4460 et
3612 4405 3771 4460 Sami

2113 4505 2400 4570 tyrannus
2430 4497 2561 4560 fuit,
2609 4495 2911 4558 Menandri
2943 4495 3152 4549 comici
3195 4494 3463 4564 aqualis,
3499 4510 3677 4564 quem
3708 4494 3771 4549 in

2115 4586 2630 4643 commissionibus
2669 4585 3006 4640 dramatum
3061 4584 3216 4639 vicit.
3280 4586 3344 4638 V.
3407 4585 3640 4652 Kuster,
3697 4583 3770 4652 ΙΙ,

333 4698 361 4725 ‹‹
385 4676 662 4730 maticam
691 4693 703 4741 ;
743 4676 822 4730 De
850 4675 1168 4747 generibus
1227 4675 1599 4744 masculinis,
1647 4675 1888 4731 feminis
1936 4682 1998 4732 et
2029 4663 2074 4727 Β
2105 4695 2235 4750 pag.
2262 4678 2386 4732 465.

332 4786 360 4813 ‹‹
381 4764 608 4819 neutris
631 4764 814 4819 libros
831 4765 979 4834 XIII,
1001 4787 1028 4814 κ
1055 4765 1115 4820 in
1136 4765 1352 4836 quibus
1375 4765 1565 4820 multa
1585 4766 1805 4820 rectius
1819 4766 2000 4821 tradit

334 4870 515 4925 quam
548 4853 940 4908 Herodianus.

405 4942 592 5014 Lycis,
627 4943 729 5013 qui
762 4948 820 4997 et
845 4944 1051 5014 Lycus,
1110 4943 1182 4999 ab
1231 4944 1647 5016 Aristophane,
1699 4950 1768 4999 ut
1819 4952 1997 5017 poeta

329 5031 601 5105 frigidus,
633 5033 1076 5105 perstringitur.
1110 5033 1506 5105 Phrynichus,
1542 5034 1706 5105 Lycis
1741 5040 1799 5089 et
1827 5036 1988 5089 Ami-

331 5121 492 5193 psias
525 5125 644 5176 tres
667 5120 880 5176 comici
897 5120 1272 5176 habebantur
1301 5123 1989 5194 subfrigidi.Phr-ynichus

331 5216 396 5270 in
427 5210 735 5267 comadiis
757 5211 1059 5266 auditores
1089 5212 1442 5284 plerumque
1474 5213 1649 5268 tadio
1674 5213 1991 5269 afﬁciebat.

329 5300 497 5355 Idem
528 5317 562 5355 a
593 5300 836 5356 comicis
867 5301 1048 5356 etiam
1071 5303 1606 5380 perstringebatur,
1637 5307 1704 5357 ut
1724 5303 1993 5375 peregri-

332 5408 448 5446 nus
475 5391 548 5446 ob
582 5390 739 5446 mala
764 5397 1039 5462 poemata
1096 5398 1156 5447 et
1203 5394 1304 5464 qui
1363 5410 1398 5448 a
1455 5381 1757 5464 praposito
1793 5394 1993 5449 aliena

333 5480 656 5546 diceret,et
680 5481 911 5536 insuavi
943 5487 1132 5536 metro
1165 5482 1227 5536 in
1259 5483 1624 5538 carminibus
1658 5483 1989 5539 scribendis

332 5575 620 5626 uteretur.
656 5571 918 5625 Fuerunt
946 5575 1006 5626 et
1023 5571 1124 5627 alii
1149 5577 1268 5627 tres
1289 5571 1634 5645 Phrynichi-

404 5749 518 5824 (80)
549 5750 630 5807 De
665 5749 859 5806 Suida
889 5751 1258 5824 temporibus
1287 5751 1572 5826 intelligo.

668 5868 933 5931 PATROL.
983 5873 1096 5931 Gn.
1144 5871 1378 5933 CXVII.

2183 4767 2402 4838 Lysias,
2438 4763 2680 4836 Cephali
2712 4764 2890 4831 filius,
2953 4764 3382 4834 Syracusanus,
3439 4763 3770 4836 discipulus

2107 4858 2277 4912 Tisia
2309 4861 2368 4911 et
2397 4855 2590 4921 Nisia,
2623 4869 2779 4908 unus
2811 4851 3101 4908 exdecem
3124 4853 3670 4908 oratoribus.Natus
3684 4857 3776 4907 est

2104 4946 2374 5011 Athenis,
2418 4960 2533 5015 quo
2600 4949 2767 5014 pater
2821 4942 3192 5014 migraverat,
3253 4942 3534 5012 idemque
3613 4957 3770 4996 anno

2104 5037 2296 5091 atatis
2317 5034 2548 5089 decimo
2582 5033 2790 5103 quinto
2823 5049 2958 5087 cum
2990 5031 3222 5087 duobus
3281 5031 3565 5086 fratribus
3619 5031 3768 5084 Thu-

2104 5126 2226 5181 rios
2259 5126 2318 5179 in
2350 5123 2650 5179 coloniam
2699 5122 3002 5194 profectus
3035 5127 3145 5176 est.
3181 5124 3393 5176 Postea
3439 5135 3598 5182 vero,
3633 5134 3770 5173 cum

2104 5215 2374 5287 partibus
2402 5213 2857 5268 Atheniensium
2884 5213 3066 5266 nimis
3100 5209 3541 5274 studeret,inde
3562 5209 3770 5280 pulsus

2105 5305 2366 5360 Athenas
2396 5302 2576 5358 rediit
2596 5319 2752 5357 anno
2785 5303 2975 5356 atatis
3025 5299 3237 5355 XLVII.
3299 5303 3586 5355 Orationes
3637 5298 3769 5370 ejus

2104 5393 2381 5464 genuina
2415 5391 2806 5462 perhibentur
2854 5405 2982 5444 esse
3044 5387 3199 5442 ultra
3254 5387 3400 5452 CCC,
3448 5393 3507 5440 et
3553 5391 3771 5456 prater

2105 5498 2204 5536 eas
2231 5481 2382 5548 alia,
2412 5480 2482 5535 de
2515 5479 2730 5551 quibus
2761 5478 3100 5549 ambigitur.
3146 5475 3430 5530 Dictionis
3480 5475 3608 5545 ejus
3656 5490 3768 5544 pu-

2102 5570 2342 5626 ritatem
2367 5586 2545 5625 nemo
2569 5569 2835 5623 imitatus
2867 5572 2957 5621 est
2986 5569 3204 5636 prater
3232 5568 3574 5618 Isocratem.
3611 5561 3763 5616 Scri-

3360 5863 3435 5926 41
