4110 6422
362 411 514 472 1291

1688 402 1926 464 INDEX
1974 401 2475 467 SCRIPTORUM

3630 405 3792 468 1292

357 547 479 620 psit
507 547 686 602 etiam
711 545 906 599 Artem
935 544 1241 597 oratoriam
1288 547 1347 598 et
1400 536 1735 614 Δημγορίας,
1769 539 2000 596 Concio-

2127 538 2428 610 Magnetis,
2460 531 2833 612 Βαρϐκτιστὰς
2889 544 2948 594 et
3001 537 3278 611 Ὃρνιθας.
3330 539 3578 611 Scripsit
3603 541 3786 599 etiam

355 652 471 704 nes,
530 636 791 704 itemque
847 633 1116 687 Encomia
1169 636 1229 686 et
1307 631 1601 687 Orationes
1654 627 1912 702 funebres
1957 630 2016 680 et

355 725 638 794 Epistolas
678 724 798 787 V11,
851 737 1030 775 unam
1089 720 1534 792 pragmaticam,
1568 717 1832 788 reliquas
1876 732 2012 770 vero

355 813 694 883 amatorias,
749 827 1001 883 quarum
1054 811 1318 881 quinque
1370 813 1509 864 sunt
1554 807 1629 864 ad
1669 806 2012 862 adolescen-

354 904 532 959 tulos.

427 992 832 1065 Lysimachus,
887 989 1058 1060 cujus
1134 988 1412 1044 meminit
1470 986 1897 1042 Demosthenes
1949 986 2012 1041 in

354 1083 634 1139 Oratione
666 1081 738 1136 de
789 1078 1294 1144 immunitatibus,
1352 1082 1478 1132 erat
1537 1076 1813 1132 Aristidis
1865 1075 2013 1130 Justi

354 1172 553 1239 filius;
587 1175 648 1226 at
684 1169 1088 1240 Lysimachus,
1145 1167 1316 1238 cujus
1372 1167 1650 1223 meminit
1694 1167 2012 1237 Lycurgus,

352 1265 480 1317 erat
508 1259 640 1315 vilis
670 1264 845 1330 poeta
875 1257 1145 1312 melicus.

425 1349 735 1422 Lysippus,
773 1363 841 1400 ex
872 1347 1041 1416 cujus
1082 1345 1448 1399 dramatibus
1507 1348 1645 1398 sunt
1685 1343 1916 1416 Βάκχαι,
1948 1348 2014 1396 ut

350 1437 629 1493 meminit
659 1435 979 1490 Athenaeus
1011 1433 1088 1488 III
1145 1439 1205 1488 et
1236 1435 1356 1487 VIII
1389 1432 1830 1504 Dipnosophist.
1864 1431 2015 1486 Sunt

352 1532 410 1582 et
437 1526 570 1582 alia)
597 1527 726 1597 ejus
757 1523 1083 1589 commdias,
1117 1527 1184 1578 ut
1212 1520 1582 1595 Θυρσοκόμος.

1152 1613 1203 1666 Μ

423 1702 660 1758 Macarii
700 1701 816 1756 duo
847 1700 1014 1756 fuere
1044 1699 1311 1755 celebres
1339 1698 1411 1754 ob
1443 1698 1870 1754 abstinentiam
1891 1713 2014 1752 mo-

355 1807 576 1861 resque
599 1798 653 1846 el
685 1789 758 1844 ob
785 1788 1096 1844 miracula.
1131 1787 1297 1842 Alter
1326 1793 1454 1843 erat
1480 1787 1804 1860 Egyptius,
1837 1786 2007 1852 alter,

2120 623 2328 688 Λυδοὺς
2363 629 2574 700 (Supra
2602 629 2765 700 Lydi)
2801 635 2859 684 et
2895 630 3086 692 Ψῆνας
3118 634 3178 684 et
3219 628 3561 703 Βατράχους.
3590 631 3788 688 Genus

2120 723 2320 772 autem
2352 719 2570 774 coloris
2601 725 2689 774 est
2718 719 3051 792 Βατράχιον,
3085 736 3201 789 quo
3234 719 3782 777 histrionesfaciem

2119 806 2455 875 illinebant,
2515 814 2836 880 antequam
2915 809 3211 865 larvarum
3287 827 3430 865 usus
3511 817 3784 882 repertus

2119 902 2295 952 esset.

2190 988 2452 1058 Magnus,
2484 988 2572 1042 vir
2615 989 2976 1059 Smyrnaeus,
3037 989 3202 1060 poesi
3262 995 3320 1044 et
3373 987 3602 1045 musica
3656 996 3784 1046 arte

2119 1075 2391 1147 insignis,
2423 1077 2702 1147 idemque
2751 1078 2943 1132 forma
2985 1077 3238 1150 egregia,
3269 1078 3447 1134 urbes
3495 1078 3786 1135 circuibat

2120 1171 2178 1220 et
2208 1167 2474 1222 carmina
2526 1183 2634 1223 sua
2683 1167 2921 1239 publice
2972 1168 3279 1224 recitabat.
3335 1169 3524 1240 Hujus
3578 1187 3782 1226 amore

2119 1258 2245 1310 tum
2277 1256 2376 1310 alii
2405 1257 2603 1324 multi,
2633 1263 2758 1312 tum
2789 1259 2973 1329 Gyges
3005 1259 3262 1313 maxime
3295 1258 3560 1323 ardebat,
3594 1267 3706 1316 etc.

2209 1345 2392 1400 Malor
2439 1345 2702 1419 (Μαίωρ),
2750 1347 3022 1414 Arabius,
3073 1348 3369 1419 Sophiste,
3421 1349 3660 1420 scripsit
3707 1352 3783 1405 De

2116 1437 2349 1491 statibus
2430 1453 2722 1493 causarum
2785 1437 2955 1493 libros
3030 1439 3182 1493 XIII.
3283 1439 3444 1494 Idem
3532 1442 3779 1511 aequalis

2117 1527 2356 1598 Apsinaa
2389 1533 2446 1582 et
2474 1529 2771 1600 Nicagorm
2803 1527 2914 1584 sub
2945 1529 3244 1600 Philippo,
3305 1530 3687 1600 imperatore,
3721 1537 3784 1587 et

2117 1621 2276 1674 ante.

2188 1707 2478 1775 Malchus,
2512 1709 2845 1780 Byzantius,
2879 1710 3171 1781 Sophiste.
3207 1710 3455 1782 Scripsit
3474 1713 3778 1767 Historiam

2115 1796 2190 1850 ab
2221 1797 2476 1868 imperio
2510 1799 2882 1854 Constantini
2915 1815 3103 1868 usque
3134 1799 3207 1854 ad
3238 1800 3637 1869 Anastasium,
3714 1802 3779 1856 in

351 1878 816 1976 Alexaﬂdf‘inusi
839 1877 898 1931 ίη
928 1877 1039 1931 hoc
1070 1892 1189 1930 ιιιιο
1222 1875 1597 1976 discrepabat:
1627 1875 1699 1931 ab
1721 1874 2007 1973 @83’Pti0,
2039 1911 2088 1976 Β
2119 1903 2237 1957 qua
2250 1905 2346 1942 res
2380 1893 2575 1960 gestas
2597 1888 2850 1943 Zenonis
2881 1893 2940 1943 et
2969 1887 3236 1944 Basilisci
3281 1894 3341 1942 et
3369 1890 3782 1961 conﬂagratio-

350 1967 507 2038 quod
539 1966 784 2021 hilarior
814 1969 989 2030 esset,
1024 1969 1084 2020 et
1116 1965 1394 2019 comitate
1443 1963 1699 2035 quadam
1735 1963 2010 2034 juniores

347 2055 422 2109 ad
445 2054 826 2126 disciplinam
861 2053 1255 2107 monasticam
1287 2051 1804 2107 alliceret.Horum
1827 2051 2007 2105 disci-

345 2145 522 2216 pulus
549 2142 852 2215 Evagrius,
883 2142 983 2212 qui
1043 2143 1303 2213 primum
1341 2157 1376 2196 a
1406 2141 1680 2213 Gregorio
1712 2140 2007 2211 Theologo

345 2233 517 2292 CPoli
549 2235 834 2289 diaconus
865 2232 1584 2302 ordinatus,postmodum
1615 2248 1735 2285 una
1757 2230 2008 2285 cumillo

348 2321 410 2375 in
451 2322 757 2391 {Egyptum
817 2318 892 2373 ad
949 2317 1085 2373 illos
1144 2317 1446 2388 profectus
1506 2322 1614 2371 est.
1668 2317 1772 2371 Hic
1827 2316 2010 2370 libros

349 2409 591 2479 scripsit
614 2408 782 2462 valde
814 2407 1014 2474 utiles,
1048 2423 1302 2477 quorum
1352 2423 1510 2461 unus
1562 2405 1860 2461 Monachus
1911 2406 2004 2460 in-

350 2497 750 2552 scribiturseu
780 2497 852 2550 de
876 2496 1085 2550 virtute
1099 2497 1286 2550 activa
1311 2495 1490 2550 :alter
1519 2494 2007 2560 Gnosticus,velde

351 2585 426 2640 iis
458 2585 560 2656 qui
593 2585 904 2640 scientiam
937 2584 1219 2654 consequi
1252 2589 1622 2647 meruerunt,
1654 2583 1715 2637 in
1765 2588 2007 2637 centum

350 2673 1062 2746 (quinquaginta)divisus
1090 2673 1303 2743 capita.
1327 2673 1555 2728 Tertius
1586 2672 2008 2727 Antirrheticus

332 2769 543 2819 contra
573 2768 898 2818 tentatores
929 2762 1254 2827 daemones,
1287 2761 1581 2832 capitibus
1625 2767 1754 2816 octo
1791 2778 2002 2816 secun-

332 2853 476 2908 dum
510 2869 831 2908 numerum
863 2857 995 2908 octo
1030 2851 1476 2923 cogitationum.
1497 2851 2004 2922 Scripsitpraeter-

333 2959 405 2998 ea
428 2944 805 3013 Prognostica
831 2941 1186 3011 problemata
1215 2946 1494 2996 sexcenta.
1554 2940 1823 3011 Denique
1883 2960 2000 2993 στι-

341 3030 495 3106 χηρά
530 3031 595 3106 β’,
629 3036 772 3087 duos
805 3030 984 3086 libros
1007 3033 1046 3085 Α
1052 3031 1763 3100 phorismorum,alterum
1781 3029 1855 3084 ad
1873 3047 1998 3084 mo-

333 3123 584 3187 nachos,
620 3121 721 3191 qui
754 3120 816 3175 in
850 3119 1136 3175 cmnobiis
1169 3119 1408 3191 degunt,
1444 3118 1700 3174 alterum
1732 3118 1806 3174 ad
1824 3119 1998 3190 virgi-

333 3227 498 3278 nem,
521 3216 634 3265 etc.

2116 1995 2253 2032 nem
2293 1979 2546 2050 publica:
2579 1979 2956 2034 bibliothecae
2980 1985 3039 2034 et
3057 1983 3388 2034 statuarum
3412 1981 3775 2052 Augustalis,

2116 2073 2172 2120 et
2199 2067 2316 2122 alia
2337 2069 2610 2138 quaedam
2651 2074 3101 2132 commemorat,
3159 2068 3312 2140 stylo
3364 2075 3540 2126 utens
3589 2072 3779 2141 gravi,

2116 2163 2176 2212 et
2207 2158 2409 2227 tragici
2442 2159 2632 2214 instar
2654 2175 2724 2214 ea
2754 2175 2886 2229 qua)
2919 2159 3266 2214 acciderunt
3286 2175 3663 2233 exaggerans.

2185 2244 2412 2300 Μᾶλλον
2473 2248 2501 2301 ὁ
2559 2246 2726 2322 Φρύξ.
2778 2249 3014 2320 Septem
3073 2250 3374 2320 sapientes
3433 2252 3691 2319 Craciaa,
3743 2268 3779 2307 a

2115 2337 2311 2392 Crmso
2330 2339 2696 2410 interrogati,
2715 2339 2849 2409 quis
2881 2339 3151 2394 omnium
3177 2345 3334 2394 esset
3352 2339 3734 2396 beatissimus
3751 2342 3780 2396 ‘I

2115 2427 2216 2480 alii
2247 2427 2705 2497 responderunt,
2739 2427 2896 2484 feras
2923 2428 3282 2495 animantes,
3318 2445 3417 2484 eas
3477 2431 3636 2484 enim
3669 2448 3777 2502 pro

2114 2515 2388 2571 libertate
2415 2517 2564 2571 mori
2591 2537 2604 2584 ;
2630 2517 2732 2572 alii
2765 2517 3079 2584 circonias,
3113 2533 3213 2573 eas
3239 2519 3455 2590 quippe
3476 2520 3602 2575 sine
3624 2520 3779 2592 lege,

2114 2606 2263 2662 duce
2294 2612 2528 2673 natura,
2556 2608 2855 2679 justitiam
2875 2608 3071 2663 colere
3096 2625 3110 2674 ;
3131 2608 3310 2663 Solon
3333 2625 3470 2664 vero
3491 2610 3641 2665 dixit
3670 2628 3776 2667 ne-

2112 2696 2335 2751 minem
2366 2702 2502 2750 ante
2532 2696 2771 2752 obitum.
2831 2699 2991 2752 Tunc
3039 2702 3240 2752 astans
3295 2700 3566 2770 Es0pus,
3605 2699 3780 2755 fabu-

2112 2787 2302 2842 lator:
2335 2789 2608 2855 Tantum,
2642 2788 2856 2858 inquit,
2890 2792 3136 2842 casteros
3186 2804 3452 2859 superas,
3482 2795 3772 2859 quantum

2115 2892 2276 2931 mare
2308 2876 2558 2943 ﬂuvios;
2609 2877 2842 2932 Crassus
2872 2881 3094 2944 autem,
3155 2877 3265 2932 hoc
3315 2877 3543 2946 audito,
3584 2879 3772 2934 dixit:

2109 2967 2287 3036 Magis
2321 2969 2435 3036 ipse
2461 2967 2677 3037 Phryx.

2181 3056 2604 3123 Manmchmus,
2635 3056 3146 3127 Alopeconnesius
3192 3057 3328 3128 (81),
3380 3057 3776 3130 philosophus

2109 3144 2473 3208 Platonicus,
2509 3145 2750 3216 scripsit
2784 3167 2805 3196 ι
2844 3145 3353 3216 Philosophica,et
3382 3147 3444 3202 in
3466 3147 3778 3204 Platonem

2111 3257 2138 3283 «
2174 3235 2254 3288 De
2286 3251 2409 3304 rep.
2447 3233 2630 3288 libros
2663 3235 2760 3291 III.
2783 3257 2803 3282 ο

406 3277 786 3356 Macedonius
845 3298 1198 3354 Novatianos
1254 3297 1546 3368 quosdam
1587 3297 1661 3354 ad
1708 3298 1996 3353 Arianum

2128 3277 2138 3283 ’
2177 3277 2960 3392 ἷείᾎιῖᾧὲὶιῌῖιίεῖεῖἑξοηίιιε,
3005 3321 3165 3376 [ilius
3213 3321 3428 3377 Alcibii
3477 3322 3568 3378 vel
3617 3323 3778 3379 Alci-

332 3390 548 3462 dogma
576 3388 884 3460 impellere
907 3393 1156 3444 conatus
1187 3392 1295 3454 est,
1313 3393 1372 3442 et
1399 3387 1686 3458 reliquias
1710 3389 1994 3443 Constan-

335 3479 443 3534 tini
478 3480 540 3534 in
571 3479 755 3534 alium
786 3478 985 3533 locum
1015 3477 1344 3545 transtulit,
1378 3477 1638 3548 denique
1669 3477 1992 3549 depositus,

331 3575 444 3625 etc.
478 3585 550 3624 ex
582 3569 859 3636 Socratis,
892 3567 965 3638 II,
989 3569 1076 3622 38.

403 3657 781 3714 Macedonius
812 3657 1107 3727 alius,qui
1139 3656 1247 3712 sub
1277 3655 1510 3712 Juliano
1532 3659 1802 3726 apostata
1816 3656 1996 3712 vitam

331 3748 617 3820 martyrio
641 3747 816 3801 ﬁniit.

406 3837 954 3904 Machaon,nomen
985 3835 1299 3903 medici,ut
1319 3839 1378 3889 et
1408 3834 1992 3899 Chiron,centaurus.

408 3925 747 3990 Maeonides,
803 3925 1112 3978 Homerus.
1178 3925 1356 3979 Vetus
1399 3923 1798 3995 epigramma:
1851 3922 1916 3978 Ei
1949 3920 1997 3976 δ’

333 4011 538 4078 ἑάλως,
566 4009 1062 4085 συγγνωστὸν,ἒπεὶ
1094 4010 1183 4064 καὶ
1206 4009 1458 4084 κοίρανος
1478 4009 1658 4082 ὕμνων
1693 4008 1994 4074 Μαιονίδας

333 4104 548 4178 γρίφων
575 4095 895 4174 ἶχθυϐόλων
927 4094 1099 4163 ἔθανε.
1135 4123 1162 4149 ‹‹
1198 4100 1253 4155 Si
1305 4106 1512 4172 captus
1546 4104 1653 4166 est,
1688 4101 1859 4156 venia
1889 4100 1995 4156 tibi

335 4216 363 4244 ε(
394 4191 590 4247 danda
623 4196 729 4250 est.
768 4191 1053 4261 quoniam
1087 4195 1145 4244 et
1179 4189 1432 4260 principi
1465 4190 1846 4260 hymnorum,
1881 4191 1992 4244 Ho-

337 4303 366 4334 «
396 4299 584 4347 mero,
625 4280 876 4353 aenigma
898 4280 1260 4350 piscatorum
1305 4284 1557 4333 mortem
1588 4279 1803 4333 attulit.
1823 4300 1852 4328 »

406 4371 612 4444 Magia,
647 4369 940 4426 invocatio
999 4368 1340 4423 daemonum
1394 4367 1821 4435 beneficorum,
1849 4368 1991 4424 boni

333 4460 586 4531 alicujus
619 4456 920 4514 efﬁciendi
951 4473 1150 4521 causa,
1175 4461 1312 4519 etc.,
1346 4473 1526 4527 supra
1556 4456 1616 4510 in
1667 4456 1916 4524 Γοητεια.

403 4547 646 4619 Μαγική.
685 4548 846 4601 Hanc
874 4545 1022 4599 Medi
1056 4550 1115 4599 et
1139 4546 1333 4599 Persas
1365 4544 1746 4600 invenerunt.

402 4636 548 4705 Magi
576 4635 731 4705 apud
754 4636 966 4689 Persas
995 4639 1281 4689 vocantur
1310 4634 1648 4704 philosoppi
1709 4641 1767 4688 et
1796 4636 1987 4705 philo-
2026 4640 2068 4702 Ι)

333 4725 478 4790 thei,
503 4740 756 4793 quorum
779 4724 1057 4794 princeps
1088 4723 1199 4777 fuit
1227 4724 1563 4778 Zoroastres
1596 4729 1653 4777 et
1692 4730 1828 4794 post
1858 4741 1992 4779 eum

334 4816 569 4870 Ostauaa
604 4817 663 4866 et
687 4812 1154 4883 Astrampsychi.
1643 4800 1645 4803 ’

407 4905 641 4974 Magnes
665 4918 734 4955 ex
771 4901 977 4964 Icario,
1030 4901 1174 4955 urbe
1233 4902 1460 4969 Atticm,
1521 4902 1806 4970 comicus,
1867 4903 1990 4974 qui,

335 4991 685 5047 adolescens
714 4988 1135 5060 Epicharmum
1170 5005 1375 5044 senem
1406 4990 1616 5062 attigit.
1652 4991 1863 5045 Docuit
1891 4991 1990 5046 Co-

333 5082 581 5138 moedias
611 5078 990 5147 novem,vicit
1013 5077 1104 5132 bis
1130 5094 1142 5144 ;
1177 5079 1437 5149 antiquae
1468 5079 1772 5134 comcediaa
1794 5086 1989 5151 poeta.

333 5169 763 5243 Aristophanes
816 5168 902 5237 (in
959 5165 1317 5238 Equitibus),
1375 5167 1590 5222 alludit
1655 5167 1729 5222 ad
1785 5169 1992 5226 drama

407 5432 518 5509 (8i)
549 5432 762 5509 Kuster
791 5429 854 5509 in
877 5433 1038 5496 nota,
1071 5431 1123 5494 5,
1158 5433 1300 5509 tom.
1336 5429 1697 5509 II,“pag._490
1721 5428 1989 5509 animad-

337 5499 510 5572 vertit
534 5502 1021 5572 antiquissimum
1079 5499 1345 5572 codicem
1402 5499 1654 5554 Parisin.
1710 5502 1988 5558 exhibere

334 5567 882 5641 Ἀλωπικοννῖιξσιος,
966 5571 1103 5625 κατὰ
1185 5567 1243 5624 δέ
1311 5590 1456 5630 τινας
1537 5574 1983 5640 Προικοννήσιος·

331 5662 584 5716 vereque
609 5645 858 5716 judicat,
879 5645 1223 5716 posteriora
1252 5643 1428 5698 verba
1467 5659 1507 5716 ra
1563 5644 1985 5716 festinantibus

332 5715 594 5768 librariis
614 5714 844 5770 omissa
868 5714 1050 5770 fuisse
1073 5719 1316 5786 propter
1345 5714 1599 5770 similem
1633 5715 1982 5776 νοο.Ἀλωπ,

2107 3409 2320 3477 biadis,
2353 3409 2695 3476 historicus,
2751 3409 2850 3480 qui
2901 3409 3010 3465 sub
3070 3410 3391 3466 Alexandri
3439 3413 3510 3467 M.
3545 3429 3776 3468 succes-

2108 3498 2345 3554 soribus
2392 3498 2552 3553 vixit.
2615 3499 2863 3570 Scripsit
2912 3499 3226 3556 Historiam
3281 3501 3596 3556 Aledandri
3652 3505 3775 3558 Ma-

2114 3587 2354 3643 cedonis.

2180 3678 2523 3748 Manasthos,
2557 3677 2914 3745 Mendesius,
2951 3679 3228 3735 sacerdos
3277 3681 3601 3753 Egyptius,
3635 3682 3776 3736 scri-

2110 3767 2230 3839 psit
2261 3767 2334 3821 De
2364 3767 2766 3838 compositione
2793 3767 2909 3838 (82)
2936 3764 3169 3843 κυφίων.

2179 3857 2520 3920 Manzethos,
2579 3856 3043 3927 Diospolitanus,
3089 3857 3390 3930 Egyptius
3433 3859 3523 3913 vel
3545 3859 3769 3915 Seben-

2107 3946 2283 4000 nites.
2311 3946 2560 4017 Scripsit
2582 3945 2975 4016 Phystologica
3007 3947 3478 4018 apotelesmatica
3501 3950 3773 4005 versibus

2105 4034 2488 4102 hexametris,
2520 4040 2580 4089 et
2599 4035 2717 4089 alia
2739 4035 3012 4105 quaedam
3042 4037 3440 4093 astronomica.

2179 4124 2446 4178 Maneros
2504 4130 2562 4178 et
2591 4124 2957 4193 Perimanos,
2986 4127 3234 4182 nomina
3273 4127 3588 4184 cantionis.
3652 4131 3769 4184 Eu-

2103 4211 2280 4267 bulus
2310 4213 2713 4284 Campylione.

2176 4303 2394 4357 Manes.
2445 4302 2548 4357 Hic
2599 4303 2982 4359 exsecrabilis
3031 4305 3212 4360 homo
3274 4305 3382 4361 sub
3445 4307 3770 4363 Aureliano

2104 4391 2247 4462 imp.
2281 4391 2543 4458 exstitit;
2595 4409 2657 4447 se
2689 4392 2990 4448 Christum
3039 4400 3098 4450 et
3153 4395 3436 4466 Spiritum
3497 4405 3769 4453 sanctum

2104 4497 2233 4534 esse
2268 4481 2750 4548 comminiscens,
2785 4489 2844 4537 et
2872 4484 2968 4538 ΧΙΙ
3025 4484 3352 4555 discipulos
3382 4493 3449 4541 ut
3502 4488 3770 4544 Christus

2103 4586 2304 4624 secum
2336 4570 2584 4637 habens,
2618 4571 2718 4641 qui
2775 4588 2910 4626 cum
2977 4589 3048 4627 ex
3106 4574 3385 4630 omnibus
3437 4577 3768 4633 haeresibus

2103 4676 2233 4729 quae
2267 4659 2327 4713 in
2360 4659 2433 4715 iis
2460 4660 2618 4715 mala
2647 4667 2837 4718 erant.
2867 4662 3225 4735 collegisset,
3257 4681 3326 4719 ex
3376 4665 3613 4721 Perside
3661 4668 3762 4722 Dei

2103 4748 2400 4818 permissu
2442 4749 2502 4803 in
2553 4750 2841 4804 ditionem
2889 4753 3216 4808 Romanam
3251 4755 3431 4808 venit.
3481 4756 3604 4823 Hic,
3661 4758 3763 4826 qui

2103 4845 2158 4892 et
2201 4841 2398 4894 Manes
2457 4846 2517 4893 et
2584 4841 2940 4911 Scythianus
2992 4843 3332 4911 vocabatur,
3392 4844 3505 4900 fuit
3549 4862 3766 4918 genere

2103 4928 2474 4995 Brachmam,
2509 4936 3056 5003 praeceptoremque
3087 4933 3298 4988 habuit
3341 4934 3625 5004 Buddam,
3660 4938 3764 4990 Te-

2100 5017 2442 5072 rebinthum
2475 5024 2614 5073 ante
2645 5026 2938 5085 vocatum,
2999 5023 3100 5092 qui
3163 5024 3502 5080 Graacorum
3549 5025 3764 5080 litteris

2100 5107 2431 5174 institutus,
2451 5109 2826 5180 Empedoclis
2858 5117 3080 5167 sectam
3111 5113 3426 5182 adamavit,
3458 5114 3574 5170 duo
3599 5116 3766 5187 prin-

2100 5197 2273 5268 cipia,
2301 5197 2457 5253 inter
2488 5215 2551 5254 se
2581 5201 2898 5267 contraria,
2932 5205 3270 5272 statuentis,
3306 5204 3472 5260 litem
3505 5210 3562 5260 et
3609 5206 3758 5260 ami-

2099 5438 2158 5488 et
2189 5436 2473 5503 Προικονν.
2509 5435 3011 5494 terminationem.
3049 5439 3220 5495 HARL.

2171 5507 2274 5574 (82)
2311 5507 2719 5583 Kocptmistura
2751 5510 3048 5583 sexdecim
3095 5511 3429 5583 specierum
3486 5512 3550 5567 in
3583 5529 3761 5567 usum

2098 5563 2330 5653 sacrum
2363 5563 2718 5653 abhibenda.
2749 5580 2888 5635 Vide

2097 5648 2346 5712 Osiride,
2376 5667 2507 5721 pag.
2532 5651 2634 5705 383
2668 5669 2791 5722 seq.
