4110 6424
289 435 443 500 1293

1612 431 1714 493 DE
1755 427 2050 498 QUIBUS
2092 428 2405 496 SUIDAS.

3566 439 3725 502 1294

290 573 512 640 citiam.
544 572 613 628 In
643 569 951 628 Persidem
981 572 1180 624 autem
1211 567 1517 640 ingressus
1544 583 1615 622 ex
1634 565 1856 638 virgine
1883 579 1946 619 se
1975 563 2028 630 Α
2131 566 2360 626 Marcus
2375 569 2736 636 Antoninus.
2755 572 3157 626 Romanorum
3182 571 3326 645 imp.
3352 573 3516 629 omni
3539 575 3728 632 laude

287 670 496 720 natum
530 679 659 718 esse
712 661 948 716 dicebat
1004 663 1060 716 et
1118 659 1182 713 in
1241 657 1546 714 montibus
1607 655 1947 712 educatum.

282 754 626 821 Quinetiam
667 749 1021 821 conscriptis
1070 752 1329 819 quatuor
1378 746 1549 801 libris
1600 745 1714 817 (83)
1765 760 1952 799 unum

285 859 495 900 eorum
514 841 742 898 vocavit
762 841 1166 909 Mysteriorum,
1200 835 1534 892 secundum
1565 833 1946 904 Evangelium,

289 932 533 988 tertium
564 931 902 986 Thesaurum
939 929 1075 997 (84),
1111 933 1390 998 quartum
1424 927 1703 996 Capitum.
1757 927 1949 994 Atque

290 1021 525 1077 Buddas
557 1019 799 1091 quidem
831 1018 965 1085 iste,
999 1017 1071 1072 ab
1099 1017 1333 1088 impuro
1367 1015 1582 1088 spiritu
1630 1014 1947 1083 contritus,

286 1111 537 1167 interiit.
574 1110 782 1164 Mulier
812 1125 949 1163 vero
978 1106 1134 1179 apud
1163 1123 1342 1178 quam
1361 1103 1768 1160 diversabatur
1792 1103 1950 1158 bona

285 1205 419 1276 ejus
450 1207 507 1257 et
535 1200 816 1273 profanos
868 1199 1052 1253 libros
1101 1214 1208 1270 per
1261 1195 1672 1252 haareditatem
1733 1193 1949 1265 adepta

285 1308 539 1364 puerum
571 1295 921 1361 septennem
949 1286 1096 1342 emit
1125 1284 1367 1342 nomine
1396 1285 1734 1351 Cubricum,
1769 1299 1947 1352 quem

283 1381 515 1436 litteras
537 1379 740 1434 docuit
770 1383 829 1434 et
849 1376 1200 1432 manumisit
1220 1375 1640 1444 hwredemque
1665 1372 1940 1428 instituit.

287 1471 395 1525 Hic
421 1471 484 1524 in
510 1468 753 1524 Perside
783 1469 1014 1522 Manem
1041 1482 1104 1522 se
1136 1465 1382 1532 vocavit,
1416 1469 1474 1520 et
1513 1463 1729 1519 Buddaa
1760 1463 1944 1517 libros

285 1559 611 1614 venditavit
640 1575 746 1629 pro
769 1557 913 1611 suis.
940 1557 1086 1610 Eum
1111 1572 1214 1610 rex
1247 1557 1561 1610 Persarum
1599 1553 1795 1608 vivum
1845 1569 1942 1607 ex-

288 1648 555 1711 coriavit,
587 1647 747 1718 quod
778 1647 903 1702 filio
936 1646 1124 1717 ipsius
1156 1660 1334 1700 causa
1355 1644 1564 1698 mortis
1596 1643 1942 1710 exstitisset,

285 1739 393 1793 Hic
425 1741 626 1794 Manes
657 1739 835 1793 Vetus
865 1738 1016 1792 Test.
1052 1735 1282 1807 rejecit,
1315 1735 1537 1788 Novum
1567 1738 1634 1787 ut
1663 1731 1805 1786 boni
1836 1732 1941 1786 Dei

287 1827 553 1892 admisit,
589 1832 700 1883 etc.
769 1825 988 1880 Paulus
1042 1823 1307 1895 quidam,
1365 1822 1611 1877 Mauetis
1670 1820 1938 1892 aequalis,

2067 653 2281 728 dignus
2310 657 2723 731 philosophus,
2757 660 2858 731 qui
2891 665 3018 714 tum
3050 660 3222 726 alios,
3256 667 3382 716 tum
3414 670 3721 735 postremo

2068 745 2328 816 Sextum,
2362 749 2807 820 philosophum,
2840 767 2870 805 e
2907 752 3128 806 Boeotia
3159 751 3500 820 oriundum,
3523 756 3724 810 Romae

2067 834 2308 904 audivit,
2341 837 2548 892 crebro
2581 838 2654 893 ad
2710 855 2845 894 eum
2897 840 3212 907 ventitans,
3264 841 3542 913 aedesque
3591 843 3722 915 ejus

2065 923 2473 996 frequentans.
2509 929 2654 982 Eum
2685 928 2865 1000 igitur
2921 929 3132 984 Lucius
3181 931 3446 1000 quidam,
3495 932 3722 1001 rhetor,

2067 1015 2336 1079 Herodis,
2368 1017 2623 1071 rhetoris
2645 1017 3048 1085 Atheniensis,
3073 1019 3722 1092 discipulus,prodeun-

2066 1111 2183 1161 tem
2215 1109 2616 1180 interrogavit,
2658 1127 2919 1181 quonam
2977 1111 3110 1179 iret,
3165 1118 3223 1167 et
3269 1113 3438 1183 cujus
3497 1113 3721 1186 negotii

2064 1199 2411 1265 causa;cui
2444 1201 2708 1267 Marcus;
2760 1200 2945 1255 Etiam
3000 1203 3137 1264 seni,
3195 1201 3408 1272 inquit,
3461 1203 3719 1258 decorum

2063 1293 2141 1340 est
2169 1286 2364 1342 dicere.
2400 1292 2474 1344 Eo
2523 1291 2698 1358 igitur
2743 1291 2821 1344 ad
2879 1291 3130 1355 Sestum,
3190 1291 3600 1361 philosophum,
3657 1298 3720 1347 ut

2061 1375 2264 1430 discam
2298 1393 2362 1431 ea
2392 1393 2521 1446 qum
2552 1379 2798 1433 nondum
2826 1380 2956 1434 scio.
3001 1381 3146 1433 Tum
3182 1379 3411 1443 Lucius,
3443 1397 3624 1436 manu
3657 1382 3720 1437 in

2061 1465 2276 1520 coelum
2308 1466 2576 1520 sublata:
2618 1468 2662 1522 0
2716 1467 2816 1533 sol,
2876 1468 3095 1538 inquit,
3158 1470 3524 1524 Romanorum
3579 1473 3719 1542 imp.

2053 1555 2178 1625 jam
2223 1571 2410 1622 senex,
2467 1562 2688 1626 sumpta
2747 1556 2976 1627 tabella,
3037 1557 3275 1612 doctoris
3333 1559 3553 1613 domum
3602 1563 3722 1627 fre-

2060 1651 2328 1716 quentat;
2377 1661 2478 1702 rex
2533 1661 2660 1700 vero
2717 1662 2888 1709 meus,
2947 1645 3282 1714 Alexander,
3342 1663 3490 1701 anno
3536 1652 3720 1704 atatis

2057 1736 2254 1790 XXXII
2284 1735 2439 1790 obiit.
2476 1734 2722 1804 Scripsit
2754 1737 2831 1789 De
2884 1737 3002 1790 vita
3058 1751 3178 1802 sua,
3229 1736 3345 1790 Τοῦ
3396 1732 3538 1788 ΐδίου
3594 1735 3718 1810 βίου

2060 1821 2368 1897 διαγωγὴν,
2401 1825 2565 1880 libros
2590 1825 2810 1880 XXXII.
2846 1826 2992 1879 Eum
3024 1825 3260 1880 facilius
3288 1831 3378 1880 est
3407 1826 3713 1895 admirari,

287 1917 622 1974 Antiochiae
654 1932 887 1988 magnas
937 1915 1273 1987 episcopus,
1333 1911 1655 1968 Dominum
1713 1911 1941 1966 nudum
1971 1920 2019 1988 Β
2053 1930 2234 1988 quam
2260 1913 2526 1982 laudare,
2559 1913 2715 1985 quod
2750 1914 2940 1969 oratio
2972 1914 3144 1970 nulla
3174 1914 3355 1986 hujus
3387 1915 3494 1970 viri
3527 1916 3716 1971 virtu-

279 2008 596 2064 hominem
625 2023 755 2062 esse
797 2004 965 2071 dixit,
1017 2009 1084 2059 ut
1129 2019 1318 2058 unum
1368 2001 1440 2057 de
1485 2001 1810 2074 prophetis.
1857 1999 1940 2056 Ab

282 2098 404 2153 hoc
433 2095 730 2152 Pauliani.

355 2185 752 2253 Marcellinus,
813 2183 915 2256 qui
971 2182 1374 2254 principatum
1438 2181 1630 2236 tenuit
1687 2179 1944 2236 liberum

273 2276 589 2334 Dalmatiae
619 2281 678 2331 et
704 2274 1068 2346 Illyriorum,
1103 2273 1164 2326 in
1195 2272 1369 2342 Epiro
1395 2269 1817 2336 habitantium,
1837 2271 1944 2324 Ro-

269 2366 473 2423 manis
499 2363 836 2436 disciplinis
857 2362 1166 2418 institutus
1183 2360 1686 2430 divinationisque
1712 2359 1944 2430 peritis-

271 2456 469 2511 simus
500 2459 560 2510 et
585 2451 938 2510 eruditionis
969 2449 1440 2506 amantissimus.
1469 2449 1612 2504 Huic
1631 2447 1946 2503 familiaris

271 2547 394 2602 fuit
424 2543 737 2610 Salustius,
768 2540 1182 2614 philosophus.

358 2633 689 2701 Marcellus,
720 2631 1004 2703 magister
1043 2627 1280 2684 Arcadii
1311 2628 1453 2699 imp.
1501 2627 1776 2683 omnibus
1826 2627 1941 2682 vir-

287 2724 512 2779 tutibus
544 2727 792 2776 ornatus
825 2719 917 2775 vel
946 2719 1144 2792 potius
1176 2717 1341 2792 ὰρετή
1372 2735 1456 2778 τις
1503 2709 1780 2790 ἔμψυχος,
1825 2716 1942 2772 vir-

289 2820 379 2868 tus
411 2813 663 2885 quedam
692 2811 966 2865 animata.

365 2900 695 2968 Marcellus,
729 2902 1152 2971 Pergamenus,
1185 2901 1404 2967 orator,
1437 2895 1673 2967 scripsit
1701 2895 1944 2961 librum,

285 2991 600 3060 Adrianus,
636 2991 755 3045 sive
783 2992 857 3045 De
887 3003 1077 3058 regno.
1569 3001 1574 3004 ·

361 3082 696 3147 Marcellus,
731 3081 984 3149 Sidetes,
1017 3077 1320 3146 medicus,
1356 3076 1464 3132 sub
1517 3077 1586 3130 M.
1643 3075 1943 3130 Antonino

275 3174 394 3231 Hic
426 3172 664 3244 scripsit
693 3169 960 3225 versibus
994 3167 1255 3223 heroicis
1297 3168 1374 3222 De
1416 3183 1474 3222 re
1523 3165 1732 3220 medica
1780 3165 1946 3221 libros

273 3264 450 3329 XLII,
513 3261 576 3316 in
617 3259 832 3331 quibus
889 3258 1068 3313 etiam
1117 3255 1188 3312 de
1232 3255 1438 3311 morbo
1487 3255 1694 3327 lupino
1742 3255 1935 3310 homi-
1975 3277 2019 3345 ρ

273 3368 431 3408 num
464 3350 582 3405 sive
627 3347 1060 3422 lycanthrOpia.
1110 3345 1274 3402 Conf.
1328 3345 1561 3402 Kusteri
1609 3350 1731 3400 not.
1783 3346 1942 3413 8,11,

272 3459 415 3515 pag.
449 3441 574 3498 498.
1635 3515 1640 3520 ι

355 3528 687 3594 Marcellus,
720 3527 840 3582 dux
868 3525 1130 3583 militum
1162 3524 1269 3581 sub
1328 3523 1672 3592 Commodo,
1721 3529 1789 3579 ut
1839 3541 1946 3597 per

270 3624 466 3676 tetam
499 3623 737 3674 noctem
768 3617 1010 3685 vigilare
1040 3615 1361 3681 videretur,
1390 3615 1656 3685 quotidie
1708 3615 1817 3670 sub
1849 3631 1944 3670 ve-

272 3723 520 3779 speram
577 3705 1001 3778 praescribebat
1055 3704 1371 3759 duodecim
1429 3704 1678 3759 tabellas
1737 3699 1946 3758 δώδεκα

269 3799 634 3872 γραμματεῖα
683 3794 835 3868 οἴάγε
892 3791 951 3847 ἐκ
1007 3790 1240 3870 φιλύρας
1298 3797 1559 3861 ποιεῖται,
1619 3809 1945 3865 earumque

278 3885 438 3942 alias
469 3885 604 3940 aliis
636 3884 799 3940 horis
832 3884 907 3940 ad
934 3883 1198 3939 diversos
1230 3883 1477 3956 perferri
1514 3883 1780 3952 curabat,
1833 3888 1943 3938 etc.

364 3975 715 4041 Marcianus,
751 3973 1014 4028 Valentis
1065 3973 1232 4045 imp.,
1289 3978 1348 4028 et
1393 3973 1640 4046 Angelii,
1689 3974 1948 4046 episcopi

289 4065 464 4120 CPol.
496 4070 762 4135 tempore
792 4063 956 4130 vixit,
986 4063 1074 4117 vir
1131 4062 1348 4128 clarus,
1398 4063 1500 4134 qui
1548 4063 1691 4118 olim
1740 4065 1801 4118 in
1849 4079 1950 4135 pa-

287 4154 436 4210 latio
471 4153 850 4219 militaverat,
904 4157 1043 4207 tunc
1093 4151 1404 4223 presbyter
1449 4153 1714 4209 ecclesias
1763 4155 1950 4208 Nova-

291 4244 620 4308 tianorum,
663 4241 1060 4310 Anastasiam,
1094 4241 1474 4314 imperatoris
1527 4243 1710 4299 tiliam
1759 4259 1954 4315 gram-

301 4333 582 4388 maticam
610 4331 833 4388 docuit.

2055 2005 2215 2059 tibus
2246 2002 2471 2075 aquari
2502 2003 2712 2074 possit,
2746 2009 2861 2058 etc.

2127 2096 2332 2159 Mares,
2363 2093 2753 2150 Chalcedonis
2784 2095 2846 2150 in
2898 2094 3175 2168 Bithynia
3221 2094 3560 2166 episcopus,
3611 2097 3714 2151 .lu-

2053 2185 2307 2249 lianum,
2339 2183 2704 2254 parabatem,
2738 2185 3010 2239 Fortunae
3059 2185 3472 2240 immolantem
3516 2186 3711 2255 CPoli,

2055 2276 2400 2340 insectatus,
2433 2275 2660 2329 vocavit
2714 2275 2987 2346 impium,
3045 2281 3403 2346 apostatam,
3447 2277 3712 2332 atlieum.

2054 2367 2160 2422 llle
2193 2365 2266 2422 ad
2299 2367 2541 2430 Marem,
2611 2365 2921 2420 oculorum
2977 2365 3287 2420 sufﬁsione
3345 2366 3719 2422 laborantem

2055 2473 2176 2529 prae
2209 2456 2377 2511 senio
2409 2471 2419 2510 :
2454 2458 2639 2524 Neque
2671 2461 2796 2510 tuus
2824 2455 2919 2508 ille
2951 2457 3092 2511 Deus
3124 2455 3392 2512 Galilazus
3427 2463 3477 2510 te
3523 2473 3722 2512 sanare

2049 2548 2244 2618 possit.
2280 2545 2383 2600 Cui
2415 2547 2635 2600 Mares:
2679 2545 2900 2613 Gratias
2957 2561 3060 2613 ago
3110 2545 3239 2611 Deo,
3276 2544 3377 2616 qui
3418 2562 3504 2600 me
3553 2547 3720 2601 lumi-

2054 2636 2214 2691 nibus
2245 2634 2480 2696 orbavit,
2529 2649 2597 2687 ne
2642 2640 2797 2688 tuum
2845 2633 3060 2688 vultum
3106 2635 3342 2702 videam,
3393 2638 3491 2706 qui
3537 2638 3613 2690 sic
3661 2638 3720 2690 in

2055 2727 2398 2795 impietatem
2423 2723 2720 2794 prolapsus
2775 2739 2847 2778 es.
2902 2723 3172 2777 Julianus
3226 2722 3389 2790 inde,
3444 2725 3714 2795 martyrii

2055 2816 2345 2871 honorem
2367 2813 2718 2868 Christianis
2741 2813 3074 2877 invidens,a
3096 2812 3447 2868 Diocletiani
3472 2814 3715 2886 quidem

2057 2902 2411 2958 crudelitate
2433 2900 2758 2966 abstinuit;
2783 2907 2844 2956 at
2863 2901 2991 2973 lege
3017 2899 3138 2956 lata
3154 2901 3503 2966 Christianis
3527 2903 3712 2958 inter-

2057 2992 2226 3057 dixit,
2259 3007 2333 3046 ne
2364 2990 2819 3045 humanioribus
2849 2989 3184 3061 disciplinis
3233 2991 3714 3062 instituerentur,

2056 3098 2154 3149 ne,
2189 3081 2238 3135 si
2281 3079 2573 3151 linguam,
2624 3085 2691 3134 ut
2747 3079 2968 3144 aiebat,
3025 3079 3349 3143 acuissent,
3403 3081 3716 3152 gentilium

2057 3172 2330 3228 dialectis
2362 3169 2695 3241 expeditius
2727 3169 3180 3241 responderent.
3216 3172 3326 3225 Per
3347 3173 3536 3226 varias
3559 3177 3717 3227 artes

2058 3263 2236 3318 etiam
2267 3259 2564 3333 persuasit
2593 3259 2975 3330 quibusdam,
3006 3259 3162 3314 inter
3219 3258 3326 3314 hos
3378 3260 3719 3333 Hecebolio,

2059 3354 2362 3426 sophistas,
2396 3357 2464 3406 ut
2492 3351 2669 3406 idolis
2701 3351 3104 3406 immolarent.

2123 3445 2417 3518 Margites,
2451 3444 2554 3514 qui
2587 3458 2622 3498 a
2650 3443 2893 3498 comicis
2925 3442 2998 3498 ob
3030 3442 3348 3499 stultitiam
3389 3442 3714 3510 deridetur.

2052 3537 2254 3602 Aiunt,
2318 3551 2455 3589 eum
2510 3533 2668 3590 ultra
2724 3533 2988 3604 quinque
3048 3549 3364 3589 numerare
3433 3551 3555 3589 non
3609 3551 3718 3606 po-

2053 3625 2260 3690 tuisse,
2291 3628 2402 3678 etc.

2125 3715 2444 3778 Marianus,
2479 3711 2674 3778 Marsi,
2716 3711 3022 3772 causidici,
3057 3711 3157 3782 qui
3197 3713 3385 3767 Roma
3429 3711 3713 3767 Eleuthe-

2054 3804 2287 3876 ropolin
2314 3802 2643 3858 Palzestinaa
2668 3801 2872 3872 primas
2898 3800 3183 3872 oppidum
3208 3801 3498 3874 migravit,
3523 3801 3709 3870 filius,

2056 3893 2370 3965 prmfectus
2401 3891 2566 3946 urbis
2588 3893 2809 3958 Romae,
2843 3889 3199 3958 consularis,
3230 3895 3306 3958 et,
3350 3889 3506 3961 quod
3539 3891 3708 3946 illus-

2061 3985 2210 4040 trius
2231 3987 2340 4049 est,
2363 3981 2647 4053 patricius
2671 3984 2938 4051 tempore
2961 3981 3258 4035 Anastasii
3283 3980 3451 4052 imp.,
3477 3981 3716 4051 scripsit

2058 4071 2439 4144 Metaphrasin
2470 4069 2762 4133 Theocriti,
2797 4069 3011 4124 iambis
3059 4073 3240 4136 3150;
3286 4071 3576 4139 Apollonii
3615 4073 3716 4126 Ar-

2061 4164 2499 4233 gonauticorum,
2560 4159 2774 4214 iambis
2833 4160 3012 4226 5608;
3087 4159 3410 4213 Callimachi
3467 4161 3717 4229 Hecales,

2063 4254 2425 4322 Hymnorum,
2483 4249 2785 4304 Causarum
2841 4253 2892 4300 et
2947 4249 3444 4315 Epigrammatum,
3505 4247 3720 4303 iambis

2067 4343 2205 4397 6810
2236 4357 2250 4405 ;
2281 4339 2470 4405 Arati,
2499 4336 2712 4390 iambis
2755 4337 2892 4389 1140
2924 4352 2936 4401 ;
2973 4337 3240 4392 Nicandri
3296 4337 3714 4404 Theriacorum,

376 4423 728 4490 Marcianus,
757 4421 1072 4478 familiaris
1121 4421 1408 4490 Musonio,
1454 4422 1826 4495 Pamphylio,
1874 4424 1962 4477 vir
2067 4439 2281 4495 iambis
2314 4438 2472 4505 1370,
2507 4441 2565 4490 et
2593 4434 2742 4490 alias
2774 4433 2994 4489 multas
3025 4435 3455 4505 metaphrases,

299 4512 376 4569 ad
411 4529 651 4568 omnem
681 4512 958 4567 virtutem
986 4512 1174 4566 instar
1204 4511 1423 4584 regulas
1482 4517 1741 4567 exactus.
1793 4511 1962 4567 Viros

2141 4527 2420 4594 Marinus,
2449 4529 2727 4595 suscepta
2757 4523 2949 4578 Procli
2983 4523 3210 4588 schola,
3233 4541 3368 4580 cum
3401 4525 3719 4594 Isidorum,

299 4601 465 4662 enim
497 4601 715 4673 probos
744 4600 818 4657 ad
842 4618 904 4657 se
926 4600 1230 4656 alliciebat
1250 4600 1573 4668 Musonius,
1605 4606 1672 4656 ut
1718 4617 1948 4674 magnes

299 4691 517 4713 9--.“-..
581 4692 654 4713 ξι.-
691 4695 754 4713 --ι
790 4691 832 4713 -;
891 4689 1014 4713 ---2-
1071 4689 1300 4713 ---ΔΞ-,1.
1351 4689 1606 4713 ,ιι----μ
1666 4707 1786 4713 Α---
1836 4692 1923 4713 ιι--

2069 4616 2502 4692 philosophum,
2538 4613 2899 4669 instituisset
2928 4613 3306 4670 Aristotelica
3335 4615 3628 4685 doctrina,
3664 4620 3727 4672 et

293 4691 546 4757 ferrum,
580 4692 662 4746 ita
691 4695 758 4746 ut
788 4691 836 4746 si
885 4689 1018 4762 quis
1069 4689 1302 4746 audiret
1347 4689 1612 4760 aliquem
1661 4707 1790 4746 esse
1836 4692 1954 4745 Mu-

2069 4709 2133 4762 in
2165 4705 2426 4762 Athenas
2457 4704 2676 4758 iterum
2707 4703 2985 4770 venisset,
3019 4705 3323 4760 communi
3357 4711 3724 4779 praeceptore

299 4781 456 4836 εοηίί
487 4781 771 4850 “uicum,
802 4797 939 4836 eum
965 4779 1189 4835 bonum
1219 4779 1408 4836 Virum
1440 4796 1592 4848 8339:
1625 4781 1777 4836 δοίη
1815 4780 1961 4835 Ῑίοθ·
2070 4797 2370 4859 defuncto,
2395 4791 2659 4848 ostendit
2687 4792 2740 4848 ei
2762 4791 3060 4863 prolixum
3084 4795 3644 4864 commentarium,a
3665 4812 3727 4854 se

299 4875 414 4926 ret.

375 4959 708 5018 Marcianus
739 4959 849 5014 sub
887 4961 1119 5020 Zenone
1150 4959 1371 5027 ﬂoruit,
1405 4959 1715 5031 presbyter
1740 4959 1801 5014 in
1825 4975 1960 5014 ora-

299 5049 454 5106 torio
482 5048 755 5104 delectus
788 5048 1115 5120 plurimum
1144 5049 1329 5104 valuit
1381 5048 1539 5119 apud
1586 5049 1962 5120 (magistrum

303 5137 638 5194 officiorum
671 5139 964 5208 Zenonis).
1001 5138 1200 5200 Illum,
1231 5138 1537 5210 Epicureis
1557 5137 1794 5210 placitis
1816 5155 1962 5209 quo-

303 5226 450 5282 tidie
483 5226 750 5298 seipsum
789 5243 1202 5298 corrumpens,
1254 5227 1545 5283 mundum
1597 5243 1705 5284 sua
1752 5231 1966 5300 sponte

308 5321 522 5370 natum
553 5331 682 5370 esse
713 5314 971 5384 dicebat,
1004 5321 1117 5372 etc.

383 5404 666 5471 Marcion,
699 5404 1116 5462 haeresiarcba.

385 5609 618 5682 (83)7At
647 5608 1031 5680 Scythianum
1085 5610 1394 5682 scripsisse
1447 5610 1519 5664 IV
1567 5609 1704 5682 illos
1760 5609 1970 5682 libros,

2071 4885 2475 4955 conscriptum
2526 4884 2584 4935 in
2617 4880 2866 4936 Platonis
2907 4881 3240 4938 Philebum:
3288 4885 3392 4940 sed
3421 4885 3528 4940 ille
3575 4885 3726 4940 dixit

2070 4975 2230 5030 ἱκανὰ
2261 4970 2494 5026 εἶναιτὰ
2546 4973 2644 5024 τοῦ
2702 4966 3059 5039 διδασκάλου,
3112 4976 3363 5042 sufﬁcere
3420 4991 3543 5045 qua!
3589 4977 3724 5028 Pro-

2074 5067 2186 5122 clus
2212 5067 2272 5118 in
2315 5062 2475 5116 illum
2530 5060 2816 5129 dialogum
2871 5063 3194 5131 scripsisset.
3256 5064 3466 5118 Statim
3525 5064 3726 5134 itaque

2074 5156 2244 5211 illum
2277 5150 2536 5206 flammis
2577 5149 2760 5204 dedit.
2795 5149 2986 5206 Etiam
3019 5167 3125 5222 per
3153 5150 3384 5207 litteras
3417 5169 3486 5207 ex
3504 5151 3731 5207 Isidoro

2077 5241 2346 5316 quaesivit
2378 5245 2439 5296 et
2465 5238 2540 5295 ad
2568 5255 2706 5294 eum
2736 5245 3087 5311 argumenta
3117 5240 3298 5303 misit,
3333 5241 3550 5312 quibus
3593 5257 3733 5312 pro-

2075 5335 2266 5399 baret,
2300 5328 2685 5386 Parmenidem
2717 5327 2983 5384 Platonis
3015 5345 3130 5383 non
3168 5346 3296 5384 esse
3324 5330 3396 5384 de
3445 5331 3581 5398 diis,
3631 5331 3738 5387 sed

2079 5425 2152 5480 de
2179 5421 2407 5479 formis.
2443 5419 2553 5475 Sed
2596 5417 2720 5484 ille,
2770 5417 3042 5489 pluribus
3091 5421 3460 5491 argumentis
3509 5421 3734 5478 Marino

2153 5609 2266 5678 (84)
2299 5597 2620 5678 Θηςξαυρῶνέ
2657 5597 3060 5678 Thesaurprum
3105 5612 3175 5678 ex
3214 5597 3452 5678 Cysillo,
3486 5599 3744 5672 Epipha-

312 5667 493 5756 docet
516 5667 753 5756 Kustexi
781 5683 853 5746 II,
886 5697 1017 5756 pag.
1062 5667 1367 5750 491,‘not.
1417 5683 1474 5750 4,
1525 5697 1597 5737 ex
1646 5680 1865 5754 Cyrillo
1916 5667 1976 5739 et
2082 5667 2181 5739 nio
2214 5667 2274 5735 et
2301 5667 2567 5732 Cedreno
2599 5667 2797 5741 legere
2819 5667 2996 5742 jubet
3020 5669 3253 5725 Kuster.
3284 5670 3455 5726 HALL.

311 5751 676 5826 Epiphanio.
710 5753 884 5810 Hum.
