4110 6442
433 472 589 531 1295

1733 463 1980 522 INDEX
2033 459 2535 522 SCRIPTORUM

3695 463 3725 520 I
3737 461 3856 522 296

428 607 821 679 respondens,
853 605 1221 660 verissimam
1245 618 1375 658 esse
1398 599 1669 672 probavit
1689 595 2081 669 dialogiillius
2112 596 2168 662 Α
2198 594 2489 666 plurimos
2521 601 2579 650 et
2609 618 2636 645 «
2672 597 2952 651 Poemata
2981 613 3151 651 versu
3183 595 3423 652 heroico
3457 603 3507 652 et
3543 597 3853 670 Epigram-

430 698 501 752 de
533 697 647 751 diis
676 696 1130 766 expositionem.
1167 694 1358 757 Quare
1391 690 1506 744 nisi
1531 689 1660 760 jam
1692 687 1847 741 liber
1875 685 2089 740 fuisset
2195 706 2223 734 «
2256 691 2415 739 mata
2447 691 2496 739 et
2526 685 2756 756 Elegias
2789 708 2814 733 ››
2850 698 2907 739 et
2936 685 3054 740 alia
3083 686 3358 756 plurima.

430 786 645 850 editus,
683 785 861 838 etiam
893 785 1052 838 hunc
1083 780 1353 836 fortassis
1385 778 1756 834 abolevisset.
1813 776 2085 829 Fortasse

2265 773 2715 844 Melanippides,
2751 774 3005 828 senioris
3036 791 3104 828 ex
3166 774 3289 829 ﬁlia
3334 791 3539 846 nepos,
3591 775 3847 832 Critonis

427 876 607 929 etlam
659 873 890 928 obstitit
943 871 1240 926 somnium
1272 887 1284 935 ;
1337 884 1474 922 nam
1530 865 1775 920 Proclus
1827 863 1976 916 dixit
2022 879 2084 916 se
2191 863 2275 932 F.,
2311 869 2369 917 et
2400 863 2525 934 ipse
2559 863 2818 933 lyricus:
2853 863 2952 932 qui
2985 863 3043 916 in
3071 864 3503 933 compositione
3527 863 3848 937 dithyram-

429 965 764 1020 somniasse
797 963 1062 1017 futurum
1123 965 1187 1014 ut
1237 959 1496 1013 Marinus
1553 957 1615 1010 in
1667 951 2082 1009 Parmenidem

428 1054 887 1110 commentarios
919 1050 1223 1105 scriberet.
1257 1049 1361 1119 (Ex
1393 1043 1745 1112 Damascio).

497 1144 800 1213 Marpsias,
836 1146 1035 1195 orator
1065 1137 1337 1211 garrulus
1369 1140 1426 1190 et
1457 1133 1856 1200 turbulentus,
1908 1130 2080 1201 eujus

423 1233 700 1290 meminit
727 1232 1176 1302 Aristophanes.

494 1325 773 1393 Marsyas,
793 1318 1102 1375 Periandri
1125 1319 1210 1382 F.,
1233 1315 1507 1382 Pellaeus,
1530 1313 1882 1379 historicus;
1907 1311 2078 1365 initio

419 1413 716 1469 litterator
770 1404 1466 1484 (γραμματοδιδάσκαλος),
1525 1405 1708 1459 frater
1775 1401 2076 1473 Antigoni,

418 1499 519 1574 qui
571 1507 778 1573 postea
825 1517 928 1554 rex
985 1498 1115 1563 fuit,
1177 1512 1298 1550 una
1353 1511 1487 1549 cum
1545 1509 1679 1564 rege
1740 1491 2074 1546 Alexandro

417 1591 723 1646 educatus.
785 1587 1033 1658 Scripsit
1087 1583 1440 1640 Macedonica
1494 1583 1649 1636 libris
1678 1584 1744 1648 X,
1801 1597 1836 1634 a
1882 1581 2075 1650 primo

415 1695 552 1748 rege
587 1675 972 1732 Macedonum
1010 1673 1084 1728 ad
1119 1671 1438 1726 Alexandri
1470 1669 1722 1740 Philippi
1755 1669 1813 1722 F.
1837 1668 2074 1738 expedi-

418 1769 642 1822 tionem
673 1766 734 1819 in
796 1765 1022 1836 Syriam
1078 1767 1214 1833 post
1270 1759 1574 1816 conditam
1629 1757 2070 1812 Alexandriam.

416 1859 596 1912 Attica
627 1854 785 1910 libris
804 1855 908 1909 XII
931 1872 953 1918 ,ο
979 1854 1241 1922 itemque
1274 1849 1579 1905 Alexandri
1603 1849 1999 1903 educationem.

2189 951 2400 1006 borum
2434 951 2692 1023 plurima
2723 951 3043 1018 innovavit,
3078 957 3136 1006 et
3158 952 3313 1024 apud
3355 952 3696 1008 Perdiceam
3746 973 3842 1009 re-

2187 1057 2319 1113 gem
2352 1041 2594 1111 degens,
2655 1040 2778 1094 illic
2826 1041 3002 1095 vitam
3063 1040 3238 1095 ﬁniit.
3301 1041 3548 1112 Scripsit
3601 1047 3659 1096 et
3714 1044 3843 1114 ipse

2187 1156 2213 1183 ‹‹
2245 1134 2486 1188 Cantica
2517 1133 2703 1205 lyrica
2732 1139 2785 1187 et
2823 1133 3257 1203 Dithyrambos.

2258 1223 2623 1294 Melanopus,
2657 1223 2855 1277 affinis
2891 1223 3224 1293 Diophanti,
3260 1223 3532 1278 oratoris.

2258 1313 2658 1373 Melesermus,
2695 1312 3094 1380 Atheniensis,
3120 1313 3411 1383 Sophista.
3447 1313 3693 1384 Scripsit
3721 1317 3839 1369 Me-

2187 1423 2214 1451 «
2243 1401 2617 1456 retriciarum
2653 1402 3046 1472 Epistolarum
3080 1401 3266 1456 libros
3294 1403 3436 1468 XIV,
3461 1403 3835 1459 Husticarum

2185 1512 2212 1538 ‹‹
2243 1508 2428 1545 unum
2451 1510 2463 1557 ;
2486 1491 2853 1546 Culinarium
2887 1491 3284 1562 Epistolarum
3310 1508 3495 1546 unum
3527 1494 3837 1558 ;Conviva-

2183 1601 2210 1629 ‹‹
2246 1580 2383 1634 lium
2411 1580 2630 1634 librum
2661 1597 2868 1634 unum.

2253 1668 2506 1737 Melitus,
2543 1669 2670 1723 Lari
2731 1670 2814 1734 F.,
2850 1669 3253 1735 Atheniensis,
3289 1676 3508 1739 orator,
3564 1673 3662 1742 qui
3698 1690 3832 1729 cum

2180 1759 2370 1830 Anyto
2406 1759 2708 1813 Socratem
2751 1759 3048 1814 accusavit
3077 1764 3135 1814 et
3180 1760 3517 1832 Tragoedias
3575 1762 3830 1833 scripsit.

2179 1849 2227 1901 A
2259 1848 2504 1902 comicis
2535 1853 2732 1903 autem
2767 1849 3208 1921 perstringitur,
3242 1855 3306 1903 ut
3365 1857 3540 1920 poeta
3582 1850 3832 1923 frigidus

488 1949 767 2016 Marsyas,
800 1941 1164 2014 Critophemi
1187 1942 1229 1995 F
1253 1981 1275 2008 ,
1299 1937 2066 2010 Philippensis,historicus,
2099 1973 2147 2038 Β
2179 1941 2239 1990 et
2267 1937 2565 1992 malitioso
2614 1938 2851 2009 ingenio
2901 1939 3206 2008 praeditus.
3266 1939 3566 2010 Aristoph.
3623 1941 3833 1993 ΣκοΑιά

529 2053 544 2089 ι
622 2079 636 2092 .

407 2053 764 2197 ψῖιίὲιῗεγᾶε,
823 2122 996 2178 Marsi
1055 2124 1139 2185 F.,
1197 2119 1469 2176 Tabenus
1525 2118 1662 2190 (85),
1748 2116 2068 2171 historicus

411 2215 653 2286 scripsit
682 2208 1142 2286 Ἀρχαιολογίαν,
1195 2210 1314 2264 sive
1368 2230 1395 2258 ‹‹
1426 2206 1848 2277 Antiquitates,
1899 2205 2068 2259 libris

405 2305 544 2370 XII;
577 2300 811 2367 Μυθικᾶ,
843 2299 1154 2364 Fabulosa,
1187 2297 1358 2351 libris
1390 2297 1486 2349 VII
1520 2316 1570 2363 »,
1623 2299 1682 2348 et
1728 2293 1848 2348 alia
1895 2309 2064 2364 qum-

406 2393 541 2447 dam
576 2391 647 2445 de
680 2391 872 2461 patria
901 2405 1027 2443 sua.

478 2483 736 2551 Marsyas
786 2475 1153 2549 temporibus
1187 2473 1460 2546 judicum
1517 2472 1920 2534 Judaicorum,
1978 2471 2067 2525 vir

407 2571 666 2641 sapiens,
701 2567 845 2622 artis
877 2565 1120 2621 musicae
1151 2564 1399 2637 peritus,
1461 2562 1562 2633 qui
1609 2561 1784 2616 tibias
1829 2561 2065 2615 arundi-

408 2676 551 2715 neas
577 2664 636 2713 et
664 2674 849 2713 mreas
879 2656 1123 2722 invenit,
1157 2660 1267 2709 etc.

479 2752 748 2812 Matreas,
785 2743 1122 2811 λαοπλάνος,
1150 2747 1436 2814 impostor,
1470 2741 1570 2812 qui
1601 2741 1850 2796 bestiam
1901 2740 2060 2796 alere

407 2855 469 2893 se
503 2837 755 2902 dicebat,
792 2852 923 2906 quas
972 2834 1100 2905 ipsa
1154 2849 1282 2887 sese
1333 2830 1672 2886 comederet
1719 2831 1844 2898 (86).
1892 2830 2058 2894 Quae-

408 2929 580 2994 ritur,
617 2941 891 2997 quamam
919 2923 1098 2978 fuerit
1127 2922 1234 2976 illa
1263 2923 1495 2975 Matreaa
1524 2919 1743 2974 bellua.
1802 2918 2055 2989 Compo-

405 3018 524 3072 suit
556 3017 730 3071 etiam
767 3016 1099 3079 Quaestiones
1132 3012 1206 3067 ad
1238 3012 1426 3065 instar
1455 3009 1892 3080 problematum
1926 3009 2054 3062 Ari-

404 3106 657 3172 stotelis,
691 3121 762 3159 ex
793 3103 1010 3174 quibus
1041 3107 1169 3156 erat
1197 3101 1361 3155 hanc:
1396 3101 1586 3164 Quare
1641 3098 1730 3152 sol
1779 3098 2056 3153 occidens

403 3195 636 3250 dicatur
661 3190 856 3261 δύνειν,
889 3207 1008 3246 non
1037 3183 1360 3260 κωλυμϐᾇν.

473 3284 803 3349 Matthaaus,
862 3280 1242 3353 evangelista,
1302 3278 1481 3334 habet
1529 3275 1735 3332 titulos
1813 3277 2050 3342 LXVIII,

398 3375 595 3445 capita
623 3371 862 3428 CCCLV.

471 3461 804 3529 Mauricius,
832 3461 1236 3516 Romanorum
1286 3457 1408 3528 imp
1442 3499 1455 3523 ,
1495 3455 1685 3509 fertur
1739 3453 2054 3509 verborum

394 3551 902 3625 magniﬁcentiam
925 3547 1167 3621 plurimi
1187 3546 1397 3602 fecisse
1423 3550 1483 3600 et
1498 3545 1762 3600 eruditos
1778 3543 2053 3599 maximis

397 3641 726 3699 honoribus
756 3639 1050 3707 affecisse,
1085 3641 1194 3693 etc.
1230 3635 1390 3691 Infra
1408 3636 1472 3690 in
1521 3633 1864 3704 Menandro,
1912 3650 2052 3704 pro-

393 3737 639 3787 tectore.

472 3819 761 3873 Maximus
787 3817 1016 3888 Tyrius,
1076 3814 1491 3885 philOSOphus,
1537 3813 1638 3883 qui
1689 3815 1888 3868 Roma
1940 3811 2048 3866 sub

389 3904 714 3961 Commodo
746 3904 904 3956 vixit.
938 3901 1189 3972 Scripsit
1217 3924 1242 3949 «
1280 3902 1359 3954 De
1411 3901 1664 3954 Homero
1723 3905 1780 3952 et
1809 3915 1940 3969 quae
1971 3899 2050 3953 sit

397 4017 418 4044 ι
454 3993 612 4064 apud
644 4008 779 4046 eum
813 3991 1061 4061 antiqua
1089 3988 1469 4061 philosophia
1499 4005 1510 4042 :
1547 3990 1802 4043 Rectene
1837 3987 2048 4042 Socra-

392 4105 420 4134 ‹‹
453 4088 542 4137 tes
567 4081 794 4146 fecerit,
832 4079 990 4150 quod
1051 4082 1362 4133 accusatus
1409 4093 1530 4131 non
1581 4076 1959 4147 responderit
1993 4097 2040 4130 ».

386 4174 534 4227 Item
565 4170 713 4226 alias
740 4169 1027 4241 quasdam
1061 4167 1422 4239 quaestiones
1443 4166 1908 4237 philosophicas.

457 4261 764 4326 Maximus,
796 4259 1055 4330 Epirota,
1088 4257 1178 4311 vel
1224 4256 1576 4328 Byzantinus
1627 4255 2037 4326 philosophus,

385 4350 603 4406 Iuliani
636 4349 903 4413 Caesaris,
937 4347 1235 4419 parabatae
1269 4345 1564 4418 magister.
1620 4343 1866 4415 Scripsit
1895 4365 1920 4391 «
1957 4343 2036 4397 De

2178 2023 2420 2080 ΜεΛίτου
2453 2028 2706 2100 Καρικῶν
2737 2024 3097 2098 αὐλημάτων,
3133 2050 3161 2078 ‹‹
3197 2027 3525 2083 Scoliorum
3563 2029 3742 2084 Meliii
3776 2036 3835 2084 et

2178 2138 2206 2165 ‹‹
2236 2117 2593 2184 carminum,
2627 2134 2757 2187 qum
2790 2119 2965 2172 Cares
2998 2117 3142 2172 tibia
3181 2123 3426 2174 cantant
3456 2141 3505 2172 n.
3557 2120 3836 2176 Carmina

2176 2223 2312 2260 vero
2343 2207 2547 2262 Carica
2579 2214 2748 2262 erant
2776 2207 3069 2280 lugubria.

2247 2296 2477 2351 Melitus
2516 2297 2657 2351 vixit
2712 2297 3082 2368 temporibus
3140 2298 3414 2365 Zenonis,
3476 2298 3711 2365 Eleates,
3777 2305 3835 2355 et

2174 2385 2570 2456 Empedoclis.
2606 2386 2853 2457 Scripsit
2883 2388 2954 2441 De
2984 2393 3125 2442 ente.
3159 2387 3225 2441 In
3263 2388 3411 2458 reip.
3447 2389 3828 2444 administra-

2174 2475 2333 2529 tione
2365 2475 2707 2531 adversatus
2735 2481 2824 2530 est
2854 2476 3087 2542 Pericli,
3117 2481 3174 2529 et
3195 2493 3330 2530 cum
3356 2477 3687 2532 Samiorum
3709 2479 3830 2533 dux

2174 2569 2350 2632 esset,
2386 2565 2579 2619 navali
2607 2565 2812 2636 praelio
2856 2566 3135 2637 pugnavit
3180 2582 3316 2620 cum
3364 2567 3672 2637 Sophocle,
3707 2575 3830 2622 tra-

2171 2652 2320 2725 gico,
2357 2652 2702 2724 Olympiade
2735 2653 3020 2708 LXXXIV.
3054 2653 3290 2725 [Suidas
3339 2655 3478 2710 huic
3527 2655 3706 2711 etiam
3757 2673 3828 2710 ea

2170 2742 2398 2810 tribuit,
2433 2760 2564 2813 qum
2596 2742 2826 2797 dixerat
2855 2743 2925 2797 de
2959 2743 3314 2815 superiore.]

2242 2833 2581 2900 Menander,
2617 2831 3020 2899 Atheniensis,
3053 2834 3317 2888 comicus
3349 2834 3649 2905 antiquus.

2242 2922 2562 2976 Menander
2591 2922 2764 2989 alius,
2797 2923 3200 2988 Atheniensis,
3235 2923 3526 2994 DiOpithis
3559 2930 3618 2979 et
3646 2925 3826 2997 Hege-

2168 3010 2436 3066 sistrates
2458 3013 2541 3078 F.,
2567 3012 2667 3082 qui
2692 3012 2962 3067 omnium
2986 3029 3261 3067 sermone
3280 3012 3822 3080 celebratur,l\'ovaa

2167 3103 2471 3157 comoediae
2501 3109 2694 3173 poeta,
2729 3103 2926 3158 strabo
2956 3102 3198 3174 quidem
3232 3104 3443 3169 oculis,
3497 3106 3600 3160 sed
3650 3112 3821 3162 acuto

2165 3191 2403 3263 ingenio
2435 3191 2720 3262 praeditus
2752 3198 2810 3246 et
2841 3193 2900 3246 in
2932 3192 3252 3248 mulierum
3285 3210 3550 3248 amorem
3576 3197 3818 3251 effusus.

2166 3280 2413 3351 Scripsit
2435 3303 2461 3330 ι(
2485 3280 2794 3337 Comedias
2817 3281 2980 3335 CVIIl
3003 3298 3014 3335 :
3036 3284 3273 3352 itemque
3296 3282 3586 3353 Epistolas
3600 3284 3673 3338 ad
3692 3287 3826 3339 Pto-

2079 3344 2121 3410 (ἶ
2161 3392 2188 3419 (ι
2224 3369 2500 3424 lemmum
2526 3386 2727 3442 regem
2755 3394 2775 3423 ι
2792 3413 2805 3436 ,
2829 3376 2886 3425 et
2909 3370 3178 3426 oratione
3203 3388 3379 3442 prosa
3403 3372 3662 3442 plurima
3682 3375 3818 3430 alia.

2231 3459 2573 3529 Menander,
2637 3459 2942 3527 Laodicea,
2975 3458 3050 3514 ad
3101 3461 3315 3531 Lycum
3357 3460 3626 3529 ﬂuvium,
3685 3463 3818 3532 sita,

2161 3548 2473 3616 oriundus,
2535 3549 2821 3618 sophista,
2883 3549 3122 3620 scripsit
3173 3571 3200 3600 ‹‹
3233 3550 3704 3607 Commentarios
3754 3554 3816 3608 in

2161 3659 2187 3686 ‹‹
2224 3638 2608 3710 Hermogenis
2640 3643 2827 3693 artem
2876 3643 2924 3692 et
2956 3638 3274 3693 Minuciani
3323 3656 3816 3712 progymnasmao

2156 3749 2184 3776 ‹‹
2219 3732 2278 3782 ta
2313 3750 2361 3795 -,
2395 3734 2452 3784 et
2481 3728 2617 3784 alia.

2224 3818 2564 3887 Menander,
2599 3822 2918 3888 protector,
2951 3817 3294 3885 historicus,
3329 3820 3428 3890 qui
3481 3821 3566 3876 sic
3619 3821 3690 3876 de
3748 3840 3810 3878 se

2153 3903 2280 3975 ipso
2300 3905 2536 3959 scribit:
2562 3929 2588 3954 ‹‹
2616 3907 2789 3960 Pater
2804 3906 2950 3960 mihi
2985 3911 3112 3961 erat
3141 3907 3496 3978 Euphratas,
3530 3911 3808 3980 Byzantio

2150 3993 2462 4061 oriundus,
2497 3995 2744 4048 minime
2767 3994 2868 4048 ille
2893 3995 3135 4064 quidem
3165 3996 3453 4052 eruditus.
3481 3999 3812 4054 Herodotus

2147 4080 2332 4136 frater
2360 4099 2699 4154 germanus,
2736 4084 2858 4154 qui,
2893 4084 3089 4156 legum
3153 4084 3427 4141 doctrina
3480 4087 3809 4159 degustata,

2147 4173 2345 4224 statim
2378 4171 2448 4226 ab
2482 4171 2690 4226 barum
2724 4172 2920 4227 studio
2955 4175 3220 4228 recessit.
3265 4176 3381 4247 Ego
3435 4192 3572 4230 vero
3627 4177 3806 4248 hujus

2146 4260 2326 4314 studii
2359 4263 2518 4332 quod
2547 4262 2770 4317 absolvi
2802 4262 3170 4334 professione
3196 4281 3314 4318 non
3355 4282 3486 4320 sum
3510 4283 3675 4336 usus,
3701 4269 3806 4323 sed

2144 4349 2216 4403 ad
2250 4349 2633 4406 decursiones
2667 4357 2972 4422 equcstres
3004 4356 3062 4406 et
3111 4351 3458 4409 saltationes
3502 4357 3802 4426 pantomi-

384 4461 412 4490 «
447 4438 872 4494 insolubilibus
925 4434 1362 4507 objectionibus
1390 4451 1403 4500 ;
1441 4434 1516 4489 De
1569 4432 1919 4504 principiis;
1954 4433 2034 4486 De
2141 4454 2374 4492 morum
2407 4445 2464 4493 et
2492 4439 2829 4511 palaestram
2863 4457 2956 4495 me
2981 4441 3225 4495 contuli.
3253 4444 3645 4514 Posteaquam
3667 4462 3802 4500 vero

379 4550 407 4578 «
441 4529 747 4595 numeris;
781 4526 1286 4582 Commentarium
1346 4524 1407 4578 in
1462 4521 1842 4577 Aristotelem
1877 4543 1926 4588 ››,
1979 4526 2036 4575 et
2140 4529 2454 4583 Mauricius
2487 4530 2804 4600 imperium
2865 4530 3197 4601 capessivit,
3247 4533 3544 4605 princeps,
3598 4535 3697 4605 qui
3745 4542 3804 4590 et

375 4616 495 4672 alia
525 4616 797 4686 quaedam
824 4614 900 4670 ad
923 4614 1199 4670 eumdem
1228 4613 1550 4667 Iulianum.

2137 4617 2340 4687 p0puli
2375 4617 2627 4673 salutem
2660 4618 2903 4689 provide
2937 4619 3180 4673 curabat
3211 4626 3270 4674 et
3299 4623 3492 4676 Musas
3539 4624 3797 4691 amabat,

445 4703 774 4777 Μεγαρίσαι,
833 4706 1190 4774 megarizare,
1250 4704 1368 4756 sive
1426 4701 1763 4772 philosophi
1836 4703 2026 4773 Mega-
2058 4705 2103 4770 D
2135 4707 2509 4778 poematibus
2541 4713 2600 4762 et
2628 4707 2894 4763 historiis
2923 4708 3237 4763 audiendis
3269 4727 3448 4780 quam
3470 4711 3795 4782 plurimum

371 4793 567 4849 rensis
644 4799 865 4847 sectam
925 4792 1114 4862 sequi.
1176 4792 1360 4862 Stilpo
1431 4807 1499 4844 ex
1557 4790 1821 4861 Megaris,
1878 4789 2024 4844 urbe

371 4883 629 4947 Graaciaa,
664 4881 952 4935 oriundus
1014 4885 1160 4948 erat,
1222 4880 1323 4950 qui
1377 4879 1548 4950 copia
1602 4879 1917 4934 verborum
1969 4885 2025 4933 et

369 4971 720 5027 dexteritate
756 4969 1089 5023 disserendi
1121 4974 1366 5023 caeteros
1415 4967 1562 5022 adeo
1609 4968 1924 5038 superavit,
1959 4973 2025 5022 ut

364 5065 489 5116 tota
516 5059 944 5132 propemodum
977 5058 1219 5122 Graecia,
1247 5059 1441 5128 ipsum
1467 5063 1763 5127 spectans,
1799 5065 2020 5114 sectam

362 5151 712 5221 Megaricam
746 5148 1230 5218 amplecteretur.

429 5238 755 5306 Melampus,
815 5233 1200 5291 divinationis
1259 5233 1508 5304 peritus,
1564 5233 1721 5288 conf.
1782 5234 2017 5290 Kusteri

359 5333 481 5384 not.
518 5335 661 5382 tom.
696 5328 766 5394 ΙΙ,
800 5343 930 5399 pag.
960 5326 1086 5381 521.

431 5416 878 5488 Melanippides,
913 5413 1168 5470 Critonis
1201 5416 1286 5480 F.,
1317 5413 1546 5480 Melius,
1590 5417 1765 5467 natus
1814 5413 2011 5485 Olym-

355 5507 528 5577 piade
562 5507 725 5561 LXV.
761 5505 1008 5578 Scripsit
1038 5503 1520 5574 Dilhyramborum
1570 5501 1754 5556 libros
1801 5519 2012 5574 quam-

425 5717 538 5781 (85)
569 5718 649 5770 Ex
680 5716 840 5782 Tabi,
874 5715 1104 5771 Arabiae
1129 5715 1392 5769 civitate.

424 5787 534 5855 (86)
566 5786 812 5840 Videtur
842 5789 1073 5841 Μαι-θα)
1106 5785 1305 5841 bellua
1333 5787 1516 5841 fuisse
1546 5790 1713 5858 ignis,
1763 5793 1829 5842 ut
1857 5789 2010 5858 lapis

2138 4795 2560 4861 delectabatur,
2597 4802 2800 4867 utpote
2849 4799 2951 4867 qui
3003 4814 3278 4870 magnam
3329 4801 3522 4855 noctis
3565 4808 3795 4872 partem

2137 4886 2199 4940 in
2233 4885 2446 4940 studiis
2477 4887 2604 4958 ipse
2636 4894 3036 4954 consumeret,
3098 4894 3155 4942 et
3202 4890 3443 4962 ingenia
3487 4891 3796 4947 hebetiora

2135 4975 2549 5030 muniﬁcentia
2582 4992 2688 5030 sua
2729 4977 3014 5030 excitaret
3057 4983 3115 5031 et
3167 4985 3446 5046 acueret;
3500 4986 3640 5036 tunc
3688 4999 3791 5053 ego

2131 5063 2341 5119 dolens
2374 5081 2607 5119 mecum
2651 5071 2924 5136 reputare
2978 5068 3149 5138 coepi,
3202 5085 3324 5123 non
3371 5075 3647 5141 oportere
3695 5089 3790 5127 me

2131 5154 2308 5207 vitam
2341 5154 2488 5208 adeo
2518 5155 2773 5210 inertem
2806 5171 3000 5228 agere,
3035 5163 3093 5211 et
3136 5157 3211 5212 ad
3270 5158 3425 5214 hanc
3476 5160 3790 5215 historiam

2129 5242 2505 5297 scribendam
2569 5260 2662 5299 me
2719 5244 2943 5315 appuli,
3005 5262 3185 5316 quam
3245 5255 3380 5317 post
3435 5248 3787 5305 defunctum

2126 5331 2433 5402 Agathiam
2468 5348 2598 5386 sum
2633 5332 2993 5403 auspicatus.
3031 5358 3052 5386 ι

2197 5422 2579 5489 Menecrates,
2615 5423 2897 5478 comicus.
2934 5424 3149 5480 Drama
3175 5426 3305 5497 ejus
3330 5425 3636 5500 μανέκτωρ,
3663 5431 3783 5485 sive

2123 5508 2460 5584 Ἑρμιονεύς.

2120 5720 2410 5797 miriﬁcus
2441 5721 2634 5797 Pipini
2659 5720 2821 5797 apud
2845 5722 3154 5780 Thuanum
3177 5725 3330 5781 libro
3364 5746 3441 5797 v1,
3475 5734 3533 5784 et
3551 5731 3784 5786 Morbo-

2119 5793 2286 5862 ﬁum,
2321 5793 2424 5847 lib-
2458 5809 2477 5847 ι
2509 5793 2794 5864 Polyhist.
2831 5809 2959 5865 cap.
2995 5797 3082 5850 13.
