4110 6484
402 407 561 468 1297

1701 408 1804 469 DE
1849 405 2138 480 QUIBUS
2183 403 2488 468 SUIDAS.

3671 402 3695 461 1
3709 402 3826 462 298

470 541 854 608 Menecrates,
892 541 1318 612 Syracusanus,
1352 540 1642 610 medicus,
1677 540 1778 611 qui
1819 555 2052 595 sacrum
2086 538 2137 605 Α
2170 541 2458 612 proxima,
2493 539 2557 594 in
2589 541 2825 607 Merem,
2860 540 3128 626 omnium
3160 537 3352 594 atatis
3382 541 3601 593 nostrae
3631 535 3827 591 homi—

394 629 672 685 morbum
694 646 932 696 curans,
955 629 1187 685 nullam
1211 630 1547 686 mercedem
1569 629 1896 702 recipiebat
1920 647 1932 684 :
1955 627 2059 684 sed
2167 647 2304 685 nem
2329 630 2754 702 justissimum,
2791 631 2884 684 cui
2916 629 3192 684 Aristidis
3222 643 3554 701 cognomen
3587 630 3732 690 erat,
3764 629 3823 679 et

395 736 430 774 ει
457 719 680 775 sanatis
707 719 1010 790 poscebat,
1053 725 1118 774 ut
1159 736 1221 775 se
1260 721 1447 791 ipsius
1479 737 1677 775 servos
1706 720 2056 775 faterentur.

395 809 559 862 Idem
589 809 790 863 Jovem
815 825 876 862 se
899 808 1255 880 appellabat,
1284 825 1524 880 eosque,
1549 825 1698 880 quos
1727 811 2055 874 sanaverat,

395 897 562 965 deos,
595 897 917 968 unicuique
971 913 1189 953 nomen
1239 897 1578 968 imponens,
1613 898 1715 952 uni
1750 897 2053 964 Mercurii,

393 986 566 1041 alteri
600 983 914 1056 Apollinis.
949 987 1012 1039 V.
1045 985 1251 1041 Athen.
1281 986 1398 1051 VII,
1431 1002 1562 1057 pag.
1597 987 1721 1039 298.

462 1073 766 1130 Menelaus
793 1075 1044 1146 Egmus,
1076 1080 1251 1145 poeta
1290 1074 1515 1146 epicus,
1551 1073 1790 1146 scripsit
1823 1074 2051 1129 Thebai-

388 1165 509 1219 dem
542 1166 698 1219 libris
726 1165 849 1228 ΧΗ,
886 1169 943 1219 et
971 1163 1109 1218 alia.

460 1253 768 1325 Menippus
798 1252 1072 1323 Cynicus.
1112 1254 1242 1308 Vide
1273 1254 1428 1309 infra
1457 1254 1518 1308 in
1553 1246 1742 1313 Φαιός.

2165 719 2228 772 in
2261 718 2664 788 Domininum,
2699 719 3146 790 philosophum.

2237 808 2669 878 Metrophanes,
2731 824 2799 862 ex
2856 807 3164 879 Eucarpia,
3251 806 3466 877 oppido
3527 804 3816 876 Phrygiae,

2163 897 2473 964 oriundus,
2507 897 2792 968 sophista,
2825 896 3064 967 scripsit
3093 918 3121 944 «
3149 897 3229 949 De
3263 895 3514 966 Phrygia
3537 893 3723 947 libros
3752 893 3818 960 II,

2166 986 2298 1040 «De
2338 985 2546 1040 formis
2595 986 2972 1052 orationum;
3021 986 3100 1040 De
3152 983 3403 1039 statibus
3460 997 3815 1047 causarum;

2161 1096 2188 1124 ι(
2213 1075 2717 1130 Commentarium
2736 1074 2796 1127 in
2815 1074 3200 1146 Hermogenis
3219 1077 3408 1128 artem
3433 1069 3815 1135 rhetoricam;

2165 1184 2193 1216 ι
2217 1163 2724 1218 Commentarium
2755 1165 2816 1219 in
2841 1162 3181 1218 Aristidem.
3219 1187 3240 1216 ι

2230 1255 2640 1324 Metrophanes
2653 1253 2989 1308 Corneliani
3007 1253 3264 1307 rhetoris
3279 1253 3414 1307 F.ex
3427 1249 3683 1306 Lebadia
3694 1249 3819 1302 Bm-

455 1343 784 1414 Menippus,
829 1343 1112 1398 comicus.
1160 1344 1242 1398 Ex
1301 1345 1429 1415 ejus
1485 1343 1853 1400 dramatibus
1912 1345 2053 1397 sunt
2155 1342 2290 1397 otiae
2312 1337 3813 1414 civitate,sophista,scripsit«Degeneribusdicen-

389 1434 647 1504 Cercopes
681 1437 739 1487 et
767 1432 905 1488 alia.

458 1522 824 1578 Mesomedes
849 1521 1171 1586 Cretensis,
1199 1523 1442 1594 lyricus,
1466 1526 1569 1595 qui
1597 1524 1877 1581 Hadriani
1906 1528 2053 1578 tem-

393 1612 637 1684 poribus
667 1612 831 1676 vixit,
876 1613 1005 1682 ejus
1036 1613 1283 1669 libertus
1334 1616 1424 1671 vel
1477 1633 1544 1670 ex
1594 1617 1892 1688 praecipue
1949 1615 2046 1669 di-

390 1698 586 1754 lectis.
647 1700 894 1770 Scripsit
945 1703 1265 1757 Encomium
1311 1705 1566 1769 Antinoi,
1608 1705 1709 1774 qui
1741 1703 2042 1759 Hadriano

391 1793 516 1843 erat
545 1789 608 1844 in
638 1789 891 1857 deliciis,
920 1795 979 1844 et
1001 1791 1118 1846 alia
1138 1792 1369 1848 diversa
1389 1794 1675 1850 carmina.
1707 1796 2046 1850 Antoninus

2157 1431 2497 1504 «di,quibus
2510 1433 2599 1487 usi
2613 1427 3819 1504 suntPlato,Xenophon,Nicostratus,Phi-

2155 1544 2182 1571 «
2208 1521 3749 1592 lostratus;Declamationes;Orationespanegyricas.
3785 1541 3810 1567 »

2228 1613 2666 1684 Metrophanes,
2699 1631 2734 1668 a
2765 1615 3021 1668 Lachare
3052 1629 3239 1685 genus
3270 1612 3514 1676 ducens,
3540 1610 3642 1664 Hic
3675 1625 3810 1663 cum

2153 1701 2347 1756 adhuc
2377 1718 2525 1773 puer
2549 1707 2724 1769 esset,
2749 1702 3242 1770 exclamavit.Ego
3270 1717 3386 1756 sum
3413 1698 3810 1768 Aristophanes

2153 1790 2246 1844 ille
2275 1792 2479 1845 calvus.
2513 1791 2736 1846 Deinde
2785 1789 3315 1860 interrogantibus,
3366 1787 3508 1859 quid
3540 1787 3808 1853 dixisset,

385 1877 559 1948 Syllaa
581 1879 920 1948 sepulcrum
934 1887 1234 1950 repertum
1254 1883 2041 1952 instauravit,etMesomedi,
2077 1913 2123 1976 Β
2153 1879 2464 1950 respondit
2502 1897 2562 1934 se
2594 1880 2747 1934 nihil
2779 1880 3128 1976 meminisse.
3157 1894 3361 1932 eorum
3395 1875 3810 1976 quaildixel‘at-

382 1967 484 2036 qui
538 1967 771 2023 cantica
827 1969 1012 2039 lyrica
1072 1973 1446 2044 conscripsit,
1488 1975 1912 2045 cenotaphium
1945 1991 2041 2029 ex-

378 2057 632 2111 struxit:
669 2057 807 2112 huic
855 2059 1119 2128 quidem,
1169 2062 1329 2131 quod
1386 2063 1616 2119 cithara
1644 2081 1857 2120 canere
1892 2064 2047 2120 didi-

381 2145 715 2214 cisset;illi
772 2163 932 2217 vero,
996 2150 1153 2220 quod
1211 2151 1340 2223 ejus
1398 2151 1814 2209 crudelitatem
1846 2154 2046 2209 imita-

391 2238 578 2290 retur.

450 2325 784 2396 Metagenes
799 2327 1224 2400 Atheniensis,
1250 2332 1405 2386 servi
1427 2333 1892 2400 F.,comicus.Ex
1914 2333 2044 2405 ejus

381 2414 752 2472 dramatibus
787 2423 964 2472 sunt:
1019 2418 1210 2489 Αὗραι,
1271 2420 1668 2493 Μαμμάκυθος,
1710 2421 2040 2497 Θουριοπέρ-

384 2522 494 2571 σαι,
530 2501 869 2574 Φιλοθύτης,
901 2507 1156 2580 Ὅμηρος
1189 2509 1223 2578 ἢ
1257 2509 1508 2578 ἀσκηταί.

457 2593 603 2646 Μετὰ
631 2587 859 2648 Λέσϐιον
885 2592 1046 2667 ᾠδὸν,
1071 2604 1191 2668 post
1214 2601 1466 2655 Lesbium
1496 2609 1796 2657 cantarem.
1823 2604 2048 2658 Dicitur

391 2681 460 2736 de
490 2683 586 2750 iis,
608 2683 827 2754 quibus
854 2686 1151 2741 secundus
1177 2688 1343 2743 locus
1367 2689 2045 2746 tribuiturLacedaamo-

387 2773 470 2825 nii
496 2773 734 2828 Lesbios
751 2773 1108 2830 citharmdos
1130 2777 1354 2847 primos
1372 2778 2044 2846 advocaverunt,deinde

382 2861 919 2933 Terpandrum,qui
942 2865 1016 2918 ob
1039 2866 1262 2922 caedem
1280 2869 2047 2937 exsulabat,arcessiverunt

378 2950 640 3018 Antissa,
665 2951 766 3022 qui
796 2951 1061 3023 ipsorum
1086 2955 1318 3012 animos
1341 2959 1694 3030 composuit,
1721 2964 1781 3015 et
1801 2959 2044 3015 seditio-

383 3055 521 3092 nem
555 3039 799 3108 sedavit,
833 3046 943 3096 etc.

461 3127 812 3197 Methodius,
851 3129 1083 3202 Olympi
1133 3133 1194 3186 in
1245 3134 1418 3205 Lycia
1460 3141 1565 3191 aut
1605 3139 1954 3193 Patarorum
1987 3143 2045 3193 et

378 3219 587 3286 postea
603 3214 737 3286 Tyri
750 3215 1280 3288 episcopus,nitido
1298 3223 1746 3295 compositoque
1766 3242 2041 3280 sermone

380 3304 654 3358 Adversus
675 3305 1045 3374 Porphyrium
1069 3307 1234 3364 libros
1255 3313 1612 3382 composuit,
1647 3319 1706 3368 et
1732 3317 2042 3370 convivium

383 3393 564 3446 decem
582 3394 880 3461 virginum.
907 3397 1050 3450 Item
1070 3397 1142 3451 De
1160 3405 1551 3457 resurrectione
1572 3420 1720 3474 opus
1741 3406 2039 3477 egregium

385 3487 593 3536 contra
610 3483 944 3554 Origenem.
967 3486 1318 3543 etadversus
1337 3491 1613 3547 eumdem
1631 3495 1700 3547 De
1713 3495 2043 3564 Pythonissa

385 3574 444 3623 et
465 3572 540 3626 De
561 3570 731 3626 libero
753 3572 1264 3648 arbitrio.Scripsit
1280 3579 1460 3635 etiam
1477 3583 1537 3635 in
1554 3582 1802 3640 Genesim
1825 3590 1884 3639 et
1905 3586 2043 3640 Can-

383 3661 550 3714 ticum
579 3660 922 3716 canticorum
947 3667 1429 3736 commentarios,
1456 3675 1515 3723 et
1543 3671 1734 3726 multa
1762 3673 2039 3745 alia,quaa

376 3748 548 3821 vulgo
581 3748 948 3806 lectitantur.
979 3755 1081 3809 llic
1105 3756 1168 3810 in
1192 3761 1456 3814 extrema
1484 3763 1899 3830 persecutione
1931 3765 2040 3820 sub

379 3837 557 3893 Decio
605 3844 664 3892 et
722 3841 1030 3898 Valeriano
1088 3845 1149 3899 in
1207 3847 1506 3917 Chalcide,
1560 3850 1706 3906 urbe
1758 3853 2036 3924 Orientis,

382 3929 667 4000 martyrio
697 3938 1015 3988 coronatus
1046 3940 1154 3990 est.

449 4018 665 4084 Meton,
697 4021 1195 4079 mathematicus:
1257 4031 1314 4080 et
1372 4029 1625 4084 Metonis
1685 4049 1898 4089 annus.
1934 4035 2038 4090 Hic

380 4111 570 4164 Meton
592 4109 705 4164 fuit
721 4113 1251 4181 praestantissimus
1269 4117 1535 4175 medicus
1558 4127 1617 4175 et
1636 4128 2033 4180 astronomus.

376 4198 441 4251 In
473 4199 696 4253 Colono
721 4215 850 4253 esse
873 4200 1338 4260 instrumentum
1363 4208 1762 4278 quoddam,ab
1787 4230 1854 4268 eo
1878 4214 2036 4270 dedi-

377 4292 596 4356 catum,
631 4289 713 4343 ait
741 4289 1516 4365 Callistratus.Euphronius
1537 4317 1674 4356 eum
1697 4320 1767 4357 ex
1791 4305 2032 4374 Colono,

377 4375 599 4445 populo
620 4376 1175 4440 Atticae,oriundum
1204 4398 1353 4436 esse.
1373 4387 1523 4439 Ante
1547 4388 1867 4457 Pythodori
1893 4398 2034 4447 asta-

378 4467 497 4516 tem
526 4480 661 4518 vero
696 4463 1117 4538 heliotropium
1150 4475 1275 4524 erat
1304 4471 1365 4525 in
1394 4474 1654 4535 comitio.
1683 4477 1841 4547 quod
1872 4496 2032 4535 nunc

378 4557 467 4605 est
496 4552 567 4607 ad
601 4569 836 4608 murum
861 4555 921 4610 in
948 4557 1160 4627 Pnyce-
1194 4561 1296 4614 Vel
1315 4562 1454 4631 quia
1475 4561 1535 4616 in
1558 4563 1782 4620 Colono
1804 4565 2030 4621 fontem

2154 1969 2450 2023 Adversus
2482 1969 2641 2024 hunc
2673 1969 3034 2040 Superianus
3067 1967 3284 2022 librum
3319 1965 3576 2036 scripsit.

2223 2059 2469 2112 Michael
2528 2058 2860 2130 Syncellus,
2925 2056 3516 2128 Hierosolymitanus,
3577 2052 3815 2123 scripsit

2151 2148 2505 2202 Encomium
2536 2148 2737 2220 magni
2768 2147 3054 2219 Dionysii.

2224 2253 2381 2318 Milo,
2401 2253 2792 2322 Crotoniates,
2807 2269 2910 2308 sex
2927 2249 3378 2323 Olympiadibus
3399 2246 3700 2304 continuis
3717 2245 3808 2300 lu-

2150 2347 2244 2398 cta
2272 2342 2430 2398 vicit.
2462 2343 2725 2414 Septima
2779 2359 2916 2397 vero
2973 2340 3320 2413 Olympiade
3379 2353 3657 2410 superare
3688 2352 3810 2390 non

2151 2432 2342 2502 potuit
2372 2432 2786 2498 Mnasitheum,
2815 2431 2916 2502 qui
2939 2430 3080 2485 civis
3102 2431 3232 2501 ejus
3255 2432 3382 2483 erat
3411 2433 3470 2481 et
3490 2424 3732 2498 juvenis
3755 2429 3814 2479 et

2153 2536 2287 2576 cum
2347 2521 2476 2591 ipso
2531 2520 2811 2592 congredi
2843 2519 3103 2575 nolebat.
3139 2549 3207 2558 —
3237 2516 3498 2573 Tandem
3529 2515 3808 2586 luporum

2149 2609 2354 2680 praeda
2383 2609 2496 2664 fuit
2524 2611 2618 2680 (ex
2650 2610 2964 2676 Pausania,
2999 2607 3102 2662 lib.
3135 2625 3212 2673 v1,
3244 2623 3376 2678 pag.
3419 2607 3520 2658 369
3554 2609 3704 2674 seq.)

2222 2703 2631 2765 Mimnermus,
2693 2701 3044 2774 Ligyrtiadaa
3091 2701 3178 2769 F.,
3237 2697 3662 2769 Colophonius,
3720 2693 3812 2750 vel

2149 2791 2510 2862 Smyrnaaus,
2553 2791 2643 2846 vel
2673 2789 3158 2862 Astypalaeensis,
3190 2793 3364 2858 poeta
3390 2783 3811 2858 elegiacus.Vi-

2147 2879 2233 2933 xit
2261 2879 2607 2951 Olympiade
2649 2880 2931 2944 XXXVII,
2964 2879 3046 2932 ita
3075 2882 3140 2932 ut
3171 2881 3398 2947 septem
3442 2872 3812 2945 sapientibus

2145 2968 2326 3022 fuerit
2355 2968 2679 3039 antiquior.
2708 2967 2959 3033 Quidam
2982 2983 3117 3022 vero
3141 2965 3348 3020 dicunt
3377 2963 3573 3034 ipsum
3601 2961 3812 3016 eodem

2148 3074 2262 3128 quo
2282 3057 2370 3111 illi
2394 3063 2662 3128 tempore
2685 3054 3322 3112 ﬂoruisse.Vocabatur
3336 3053 3516 3108 etiam
3538 3051 3812 3120 Ligystia-

2145 3149 2258 3215 des,
2293 3141 2385 3199 διὰ
2411 3145 2473 3199 τὸ
2529 3144 2678 3220 λιγὺ,
2709 3163 2744 3202 a
2773 3146 2935 3201 suavi
2969 3150 3028 3200 et
3085 3148 3293 3216 arguto
3325 3145 3524 3198 cantu.
3559 3138 3808 3209 Scripsit

2072 3278 2114 3345 Ο
2153 3237 2360 3293 multa.

2224 3345 2616 3411 Minucianus,
2652 3344 2950 3415 Nicagorm
3004 3342 3294 3414 Sophistaa
3332 3341 3416 3409 F.,
3450 3338 3552 3410 qui
3584 3335 3812 3393 Galieni

2150 3435 2516 3505 temporibus
2565 3433 2724 3488 vixit.
2778 3433 3024 3503 Scripsit
3055 3452 3079 3483 ι
3106 3433 3309 3486 Artem
3348 3427 3732 3498 rhetoricam,
3763 3430 3813 3479 et

2151 3545 2178 3572 α
2213 3525 2740 3595 Progymnasmata
2768 3528 2821 3576 et
2850 3521 3161 3577 Orationes
3189 3519 3401 3574 varias.
3436 3538 3466 3568 »

2223 3612 2458 3684 Minyae,
2491 3615 2864 3684 Argonautaa.

2220 3722 2546 3787 Mithaecus,
2608 3719 3049 3793 grammaticus.
3110 3716 3360 3788 Scripsit
3410 3709 3801 3786 Ὀψαρτυτικὰ,

2149 3833 2177 3861 ‹‹
2210 3812 2288 3865 De
2319 3810 2718 3866 condimentis
2739 3809 3029 3875 ciborum,
3051 3801 3415 3880 Κυνηγητικὰ,
3439 3805 3522 3858 De
3537 3800 3802 3856 venatio-

2149 3922 2179 3951 «
2201 3917 2298 3967 ne,
2320 3922 2348 3949 »
2372 3907 2430 3955 et
2445 3900 2580 3956 alia.
2609 3930 2673 3941 —
2695 3900 2798 3953 Est
2818 3899 2996 3953 etiam
3017 3912 3240 3952 nomen
3258 3893 3477 3949 velocis
3515 3889 3800 3946 hominis.

2220 3993 2508 4055 Mnaseas,
2543 3988 2834 4060 Berytius.
2869 3987 3114 4058 Scripsit
3134 4008 3162 4036 ‹‹
3197 3987 3394 4040 Artem
3422 3980 3804 4048 rhetoricam,

2152 4103 2180 4130 «
2211 4082 2446 4150 itemque
2478 4080 2556 4134 De
2587 4078 2932 4134 nominibus
2963 4077 3191 4131 Atticis.
3228 4097 3250 4126 ι

2219 4183 2895 4248 Μηθδὶωειοὶιιιε,ωθᾶίω
2918 4181 3221 4238 comoediae
3244 4185 3437 4251 poeta.
3462 4179 3544 4232 Ex
3566 4177 3803 4232 drama-

2147 4276 2306 4331 tibus
2346 4276 2474 4346 ejus
2523 4279 2664 4328 sunt
2719 4270 3098 4346 Ἱπποτρόφος,
3158 4269 3434 4339 Βούσιρις,
3495 4262 3795 4331 Φίλιππος,

2143 4360 2469 4434 (Δύσκολος)
2497 4369 2566 4418 ut
2591 4368 2840 4418 testatur
2861 4360 3181 4415 Athenaeus
3203 4357 3262 4410 in
3297 4353 3794 4427 Dipnosophistis.

2215 4453 2476 4507 Molones
2508 4451 2624 4506 duo
2654 4451 2947 4516 feruntur,
2972 4448 3295 4502 histriones
3326 4449 3385 4498 et
3410 4447 3795 4515 grassatores.

2216 4545 2580 4617 Molpagoras
2612 4543 2768 4615 apud
2790 4543 3002 4598 Cianos
3023 4540 3138 4594 fuit
3166 4539 3254 4592 vir
3283 4536 3356 4593 ad
3389 4535 3709 4592 dicendum
3741 4541 3801 4589 et

373 4639 794 4707 fabricavit,vel
811 4624 1196 4701 simulacrum
1212 4649 1298 4703 vel
1313 4624 1775 4709 instrumentum
1790 4655 2035 4726 aliquod
2064 4650 2112 4714 D
2144 4634 2440 4706 agendum
2471 4649 2717 4726 ρι’ρηιιετ
2751 4633 2873 4726 εξέἀ.
2897 4631 3135 4704 ingenio
3178 4627 3487 4701 ΡορυῙθοΓίε
3519 4631 3579 4682 et
3607 4624 3798 4680 ambi"

375 4732 843 4788 astronomicum
875 4736 1148 4792 confecit.
1183 4740 1556 4811 Phrynichus
1582 4744 1643 4798 in
1669 4743 2028 4818 Μονοτρόπω.

447 4859 538 4923 Τίς
570 4859 615 4916 δ’
646 4863 789 4917 ἔστιν
824 4865 852 4918 ὁ
881 4867 1018 4938 μετᾶ
1045 4871 1216 4923 ταῦτα
1245 4870 1450 4941 ταύτης
1480 4875 1816 4950 φροντίζων;

450 4950 640 5008 Μὲτων
670 4953 698 5006 ὁ
727 4955 1035 5023 Λυκονιεὺς,
1070 4955 1176 5012 οἷδ’
1207 4958 1292 5014 δτι
1319 4963 1526 5036 κρήνας
1557 4962 1700 5038 ἄγων
1731 4969 1866 5042 (87).

448 5085 693 5158 Μὲτριοι,
743 5090 1034 5155 moderati,
1089 5095 1338 5150 modesti.
1395 5098 1849 5171 Asclepiodotus
1898 5121 2031 5160 cum

377 5174 628 5230 Athenis
658 5176 1051 5247 discessisset,
1079 5188 1136 5236 et
1157 5183 1488 5242 Seleuciam
1519 5189 1698 5260 Syriae
1729 5194 2034 5263 pervenis-

377 5267 484 5325 set,
519 5280 581 5318 se
611 5265 674 5319 in
705 5271 826 5322 toto
858 5267 961 5323 illo
993 5270 1209 5326 itinere
1253 5275 1314 5328 in
1346 5280 1465 5330 tres
1497 5283 1726 5335 tantum
1757 5281 2032 5339 homines

374 5350 674 5407 modestos
699 5360 757 5409 et
771 5355 961 5411 bonos
990 5359 1270 5416 incidisse
1293 5363 1461 5434 dixit,
1491 5369 1808 5424 Antiochiae
1833 5371 1893 5426 in
1915 5373 2030 5428 Ila-

371 5436 559 5507 pium,
593 5440 996 5514 phiIOSOpum,
1031 5446 1351 5519 Laodicea,
1386 5469 1518 5524 quas
1563 5461 1652 5512 est
1681 5456 1824 5513 urbs
1851 5459 2030 5531 Syrias

2144 4726 2352 4792 tiosus,
2387 4730 2498 4779 etc.
2532 4724 2587 4796 (e
2616 4723 2902 4794 Polybio).

2217 4829 2520 4904 Μονῳδεῖν,
2553 4850 2771 4888 carmen
2800 4831 2979 4903 ﬂebile
3006 4846 3218 4886 canere.
3247 4827 3524 4884 Carmina
3553 4825 3796 4898 tragica,

2144 4944 2276 4999 qum
2309 4925 2370 4980 in
2402 4941 2581 4980 scena
2608 4923 2955 4990 recitantur,
2989 4925 3129 4975 sunt
3170 4919 3454 4974 lamenta.
3489 4914 3792 4986 Aristoph.

2146 5013 2256 5070 Εἶτ’
2330 5013 2616 5090 ἀνέτρεφον
2707 5006 3031 5082 μονῳδίαις,
3116 5009 3525 5084 Κιφησοφῶντα
3584 5000 3792 5076 μιγνὺς,

2143 5128 2171 5156 ‹‹
2195 5104 2410 5159 deinde
2428 5103 2696 5159 aluicum
2719 5099 3236 5169 monodiis,iisque
3255 5094 3794 5168 Ciphesophontem

2145 5219 2171 5246 ‹‹
2196 5193 2515 5248 immiscui.
2545 5215 2571 5241 »
2595 5192 2698 5246 Hic
2720 5189 3136 5262 Ciphesophon
3155 5203 3356 5242 servus
3375 5189 3519 5250 erat,
3535 5182 3634 5252 qui
3658 5197 3794 5236 eum

2142 5282 2506 5339 carminibus
2527 5280 2959 5352 componendis
2979 5278 3304 5350 plurimum
3332 5271 3666 5344 adjuvabat,
3681 5275 3792 5326 etc.

2213 5373 2526 5427 Morsimus
2548 5377 2606 5425 et
2626 5369 3002 5431 Melanthius,
3031 5371 3220 5438 poetae
3251 5361 3633 5434 tragici,quos
3658 5377 3794 5432 per-

2142 5463 2380 5535 stringit
2398 5461 2699 5533 AristOph.
2725 5452 3324 5525 Morsimus,Philocis
3347 5453 3614 5523 F.,poeta
3631 5449 3796 5522 frigi-

449 5650 806 5742 Kggtef‘
834 5656 895 5711 in
916 5660 1160 5742 μοι’,θά
1190 5661 1324 5742 h._l.
1355 5668 1498 5722 tom.
1530 5666 1602 5734 ΙΙ,
1636 5684 1770 5742 pag.
1803 5672 1925 5741 544,
1959 5671 2074 5728 duo
2097 5671 2240 5727 illos
2272 5673 2541 5730 senarios
2570 5673 2655 5728 ita
2682 5669 2949 5728 numeris
2981 5666 3106 5723 suis
3141 5663 3439 5721 restituit:
3469 5659 3560 5723 Τίς
3615 5678 3790 5735 φρον-

283 5736 292 5740 ’
372 5737 538 5776 τισων
558 5739 573 5791 ;
608 5721 734 5795 οἷδ’,
768 5726 795 5780 ὁ
824 5729 1027 5802 κρήνας
1060 5731 1224 5808 ἄγων.
1261 5734 1434 5794 HARL.
