4110 6444
341 391 502 454 1299

1657 377 1900 453 INDEX
1947 379 2451 455 SCRWRW

3616 394 3778 458 1800

347 523 459 580 dus
489 524 548 578 et
580 521 888 578 oculorum
930 520 1220 578 medicus.
1253 521 1640 578 Melanthium
1671 524 1996 594 reprehenv
2035 527 2079 590 Α
2118 535 2141 573 ἀι
2177 527 2337 581 taris.
2364 528 2530 593 Quod
2551 527 2749 584 autem
2767 527 2860 583 illi
2880 528 3013 584 urbi
3036 542 3212 602 opem
3230 528 3388 584 farre
3411 527 3776 600 Velisv,eique

351 614 440 668 dit
470 618 534 667 ut
563 611 904 666 helluonem
937 611 1178 682 Eupolis
1199 612 1262 666 in
1288 610 1540 679 Κόλαξιν.

423 701 734 776 Μόρσιμος,
785 703 1000 771 fatalis.
1044 703 1122 758 De
1178 703 1494 774 Apollonio
1553 705 1826 775 Tyaneo;
1878 703 2007 757 vide

355 809 534 864 supra
563 793 625 846 in
652 793 1006 847 Domitiano.

437 901 769 973 Morychus,
804 908 979 972 poeta
1009 901 1287 974 tragicus,
1315 901 1414 972 qui
1439 907 1504 957 ut
1535 901 1735 957 helluo
1765 919 1797 956 a
1827 901 2011 956 comi—

354 991 439 1046 cis
470 991 911 1063 perstringitur.

426 1099 757 1169 Morychus,
789 1099 1014 1166 Teleas,
1067 1099 1378 1156 Glaucotes
1426 1099 1500 1154 ob
1543 1099 1827 1155 veneﬁcia
1855 1097 2009 1153 male

353 1187 699 1244 audiebant.

427 1298 717 1364 Moschus,
753 1297 1179 1368 Syracusanus,
1214 1298 1657 1369 grammaticus,
1689 1297 2012 1352 Aristarchi

355 1387 707 1458 discipulus,
732 1387 835 1457 qui
867 1386 1164 1442 secundus
1187 1393 1276 1441 est
1301 1404 1334 1441 a
1354 1388 1686 1454 Theocrito,
1710 1393 1884 1458 poeta
1905 1387 2014 1442 bu-

357 1477 567 1533 colico.
600 1477 848 1547 Scripsit
875 1481 935 1530 et
965 1477 1090 1546 ipse
1121 1476 1399 1530 Bucolica.

430 1585 724 1653 Moschus,
758 1583 952 1639 malus
995 1584 1374 1651 citharmdus,
1417 1585 1516 1654 qui
1563 1585 1782 1640 multos
1812 1602 2016 1640 versus

360 1692 481 1730 uno
516 1674 729 1745 spiritu
759 1680 1018 1728 caneret.
1049 1675 1298 1729 Carmen
1323 1674 1609 1729 Bmotium
1634 1675 1861 1729 invenit
1881 1676 2015 1729 'l‘er-

362 1763 615 1834 pander,
647 1769 713 1818 ut
734 1769 792 1817 et
818 1764 1158 1835 Phrygium.

2115 636 2142 663 «
2161 616 2490 682 studeas,in
2507 618 2874 688 quascholas
2888 618 3360 687 habuisti,animi
3373 618 3776 690 philosophici

2116 725 2143 752 «
2168 710 2258 758 est
2277 708 2910 777 argumentum.Quare
2929 707 3076 761 mihi
3097 707 3330 762 videtur
3345 708 3510 780 prius
3530 707 3777 778 quidem

2117 793 2316 848 «illud
2346 794 2569 849 Socrati
2601 797 2937 864 convenire,
2970 797 3083 852 hoc
3105 813 3241 852 vero
3274 795 3612 868 posteribus
3642 799 3774 850 Mu-

2115 903 2142 931 ‹‹
2179 883 2367 937 sonio.
2403 885 2547 938 Nam
2588 885 2690 940 ille
2720 885 2808 940 fas
2840 901 2968 941 esse
3009 886 3286 959 negabat,
3319 887 3513 940 virum
3553 886 3776 941 bonum

2117 993 2144 1020 ‹‹
2179 971 2251 1026 ab
2285 971 2389 1027 illo
2420 973 2693 1044 improbo
2716 973 2872 1029 laedi.
2903 997 2928 1023 η
2959 975 3064 1029 llic
3093 979 3231 1030 Vero
3261 989 3570 1029 murorum
3603 991 3776 1030 cura-

2116 1064 2210 1115 tor
2239 1065 2387 1129 erat,
2417 1078 2552 1116 cum
2584 1063 2781 1134 ipsum
2808 1065 2958 1118 Nero
2987 1063 3262 1119 exsulare
3286 1064 3490 1134 jussit.

2189 1152 2514 1216 Musonius,
2538 1152 2630 1206 vir
2649 1169 2847 1208 rerum
2869 1152 3264 1224 gerendarum
3288 1152 3606 1224 prudentia
3631 1152 3785 1206 insi-

2118 1241 2270 1312 gnis,
2305 1241 2414 1297 sub
2447 1243 2590 1314 imp.
2623 1243 2952 1309 Joviniano,
2990 1248 3048 1298 et
3093 1243 3419 1314 Eunapius,
3470 1242 3780 1314 Phrygius,

2120 1334 2340 1394 orator,
2367 1331 2603 1386 tributis
2627 1332 2859 1387 Asianis
2882 1331 3233 1405 colligendis
3263 1331 3642 1403 praepositus,
3667 1337 3781 1385 etc-

2194 1414 2437 1492 Μύδρος.
2471 1421 2845 1493 Anaxagoras
2876 1420 3024 1476 dixit
3054 1421 3241 1476 solem
3275 1435 3405 1477 esse
3439 1416 3642 1495 μύδρον
3675 1439 3781 1472 πυ-

2123 1506 2334 1581 ρόεντα,
2371 1508 2618 1581 ignitam
2666 1509 2810 1565 ferri
2865 1525 3146 1577 massam,
3199 1511 3610 1582 Peloponneso
3643 1523 3781 1565 ma-

2115 1598 2333 1670 jorem,
2368 1599 2442 1653 ob
2475 1598 2633 1670 quod
2663 1605 2852 1654 morte
2882 1599 3230 1656 multandus
3257 1607 3404 1656 erat.

2197 1690 2365 1759 Myia,
2400 1691 2744 1762 Thespiaca,
2776 1691 2980 1763 lyrica.
3017 1692 3265 1764 Scripsit
3302 1694 3553 1747 carmina
3585 1692 3780 1762 lyrica.

2198 1780 2369 1851 Myia,
2405 1782 2714 1852 Spartana.
2746 1780 2997 1853 poetria.
3032 1783 3278 1852 Hymnos
3307 1784 3366 1837 in
3392 1782 3708 1853 Apollinem
3730 1788 3784 1835 et

434 1873 639 1936 Moses,
674 1870 964 1941 propheta
996 1875 1053 1924 et
1081 1869 1601 1942 legislator.Hujus
1627 1885 1781 1925 anno
1805 1869 2014 1936 LXXX,
2046 1874 2094 1939 B
2125 1870 2359 1924 Dianam
2384 1869 2641 1941 scripsit.

360 1958 469 2014 ﬁlii
501 1959 733 2014 Israelis
768 1975 836 2012 ex
867 1963 1109 2032 1Egypto
1143 1959 1362 2032 egressi
1397 1964 1556 2027 sunt,
1583 1963 1674 2015 etc
1723 1958 1878 2014 conf.
1910 1961 2020 2013 Ku-

363 2049 503 2102 steri
534 2053 657 2102 not.
695 2053 835 2102 tom.
873 2050 942 2116 II,
977 2065 1106 2120 pag.
1142 2050 1265 2103 583.

429 2139 610 2200 Moso,
646 2138 866 2193 mulier
897 2139 1162 2205 Hebraea,
1196 2154 1230 2193 a
1262 2154 1380 2208 qua
1410 2139 1631 2209 scripta
1663 2143 1753 2192 est
1782 2132 1873 2192 lex
1904 2139 2022 2191 Ἠθ-

359 2226 676 2294 braaorum,
707 2232 774 2281 ut
805 2227 987 2281 tradit
1016 2227 1318 2282 A-lxander
1350 2227 1706 2298 Polyhistor.

433 2311 704 2382 Muszeus,
755 2316 1116 2382 Eleusinius,
1152 2317 1555 2381 Atheniensis,
1590 2315 1932 2387 Antiphemi
1968 2320 2025 2369 et

361 2403 601 2460 Helena:
652 2406 737 2471 F.,
778 2411 953 2475 poeta
983 2405 1185 2476 epicus
1219 2411 1275 2458 et
1304 2405 1520 2475 Orphei
1548 2405 1897 2475 discipulus,
1931 2404 2022 2459 vel

359 2494 561 2566 potius
593 2509 660 2548 eo
693 2494 1013 2564 antiquior.
1057 2495 1283 2548 Fl‘oruit
1311 2500 1577 2565 tempore
1624 2495 1898 2565 CecrOpis
1931 2509 2024 2548 se—

367 2579 565 2638 cundi.
592 2582 844 2654 Scripsit
870 2575 1152 2653 Praecepta
1178 2585 1252 2638 ad
1281 2583 1633 2653 Eumolpum,
1658 2584 1869 2651 ﬁlium,
1896 2600 2019 2637 ver-

368 2669 771 2742 sibuS‘qu-ater
800 2673 965 2726 mille
1027 2679 1085 2727 et
1139 2673 1258 2727 alia
1315 2673 1596 2744 plurima.
1632 2674 2023 2744 Antiphemus

368 2758 528 2814 filius
583 2759 700 2813 fuit
754 2761 1066 2831 Euphemi,
1131 2777 1317 2832 nepos
1371 2761 1681 2832 Ecphanti,
1727 2778 2024 2833 pronepos

362 2848 699 2921 Cercyonis,
735 2865 912 2919 quem
946 2849 1266 2905 debellavit
1294 2851 1575 2906 Theseus.

431 2958 703 3024 Musaaus,
735 2957 1068 3026 Thebanus,
1120 2958 1428 3029 Thamyrm
1473 2958 1557 3024 F.,
1593 2958 2025 3014 Phil-ammonis

359 3061 566 3116 nepos,
601 3051 777 3116 poeta
801 3044 1046 3116 lyricus,
1079 3047 1180 3117 qui
1239 3046 1426 3102 multo
1455 3054 1592 3102 ante
1617 3047 1844 3102 bellum
1875 3050 2022 3103 Tro-

352 3132 566 3203 janum
597 3133 757 3188 vixit.
796 3133 1042 3204 Scripsit
1073 3151 1275 3189 versus
1306 3134 1523 3206 lyricos
1555 3140 1614 3190 et
1643 3137 1892 3191 cantica.

434 3223 706 3313 Musaaus,
731 3222 1040 3313 Ephesius,
1064 3229 1238 3313 poeta
1261 3224 1462 3295 epicus
1486 3227 1592 3277 τῶν
1619 3222 1700 3284 εἰς
1726 3223 1854 3285 τοὺς
1888 3229 1991 3297 Περ
2008 3257 2024 3265 -
2055 3247 2098 3313 C

361 3308 647 3384 γαμηνλοὺς
697 3307 787 3363 καὶ
837 3309 997 3371 αὐτὸς
1046 3309 1305 3380 κύκλους,
1337 3329 1493 3368 unus
1541 3330 1610 3368 ex
1642 3330 1891 3370 numero
1923 3331 2020 3370 eo-

364 3405 520 3468 rum,
555 3401 653 3472 qui
705 3401 766 3454 in
816 3403 1078 3457 Museum
1132 3399 1565 3475 Pergamenum
1607 3403 1803 3459 allecti
1837 3410 2024 3460 erant.

368 3491 616 3561 Scripsit
644 3493 913 3547 Permittis
939 3492 1112 3547 libros
1161 3495 1210 3546 X
1250 3492 1512 3564 itemque
1547 3494 1610 3548 in
1644 3496 1940 3549 Eumenem
1970 3499 2031 3549 et

371 3580 640 3634 Attalum.
676 3582 737 3634 V.
775 3581 1006 3636 Kusteri
1040 3587 1162 3636 not.
1195 3583 1248 3648 4,
1283 3587 1424 3637 tom.
1455 3582 1524 3650 li,
1553 3599 1688 3655 pag.
1723 3585 1846 3638 378.

445 3671 715 3736 Musaeus,
741 3669 1136 3741 philosophus
1151 3671 1315 3742 apud
1341 3673 1570 3726 Graecos
1593 3674 1727 3743 (88).
1746 3672 1944 3745 Lysias
1967 3673 2028 3727 in

369 3759 878 3814 Oratione‘Contra
902 3759 1199 3814 Mixidemi
1222 3761 1687 3826 accusationem,
1712 3762 1954 3816 simodo
1980 3762 2030 3817 is

373 3863 547 3902 verus
570 3849 703 3918 ejus
721 3853 928 3904 auc-tor
947 3848 1024 3902 sit
1049 3865 1062 3902 :
1086 3850 1352 3904 «Pueros
1374 3849 1486 3920 ipsi
1510 3849 1868 3920 pedisequos
1885 3849 2034 3905 duos

365 3958 395 3985 «
431 3951 583 4002 esse,
611 3951 870 4005 quorum
931 3937 1185 3992 alterum
1240 3944 1409 3992 vocat
1441 3940 1740 4006 Musaeum,
1773 3938 2028 3994 alterum

367 4046 395 4073 α
433 4023 774 4078 Hesiodum.
810 4023 874 4078 Id
903 4031 1102 4080 autem
1124 4043 1291 4080 reum
1317 4025 1513 4082 studio
1546 4026 1757 4082 fecisse
1789 4033 1970 4098 patet.
1999 4052 2026 4077 κ

368 4116 650 4169 Musaeum
681 4131 815 4170 vero
848 4115 949 4170 alii
981 4117 1267 4171 Thracem
1307 4134 1436 4172 esse
1470 4117 1768 4186 dixerunt,
1804 4118 1906 4172 alii
1938 4118 2031 4173 in-

366 4203 642 4276 digenam
674 4209 733 4259 et
761 4204 1039 4260 Eleusine
1073 4205 1415 4261 oriundum.

436 4311 759 4382 Musonius,
791 4312 1093 4384 Capitonis
1144 4314 1230 4379 F.,
1263 4314 1622 4385 Tyrrhenus,
1657 4331 1727 4370 ex
1764 4315 2028 4371 Bulsinio

364 4400 618 4465 civitate,
648 4401 995 4457 dialecticus
1021 4407 1078 4456 et
1103 4401 1503 4473 philosophus
1531 4403 1780 4472 Stoicus,
1813 4405 1915 4476 qui
1947 4405 2028 4458 vi-

363 4490 450 4544 xit
481 4490 589 4546 sub
609 4491 1170 4562 Nerone,A‘pollonii
1193 4492 1432 4562 Tyanei,
1457 4497 1515 4548 et
1534 4493 1863 4549 multorum
1883 4495 2029 4550 alio-

364 4580 953 4681 rum'disci‘pulusmd
977 4597 1155 4681 quem
1178 4587 1237 4680 et
1260 4582 1526 4654 epistolae
1546 4583 1824 4639 feruntur
1842 4585 2020 4656 Apol-
2049 4616 2103 4681 ,Β

365 4669 534 4734 lonii,
558 4674 617 4723 et
637 4669 800 4724 illius
823 4671 894 4724 ad
924 4670 1330 4741 Apollonium.
1361 4673 1463 4727 Hic
1485 4673 1558 4728 ob
1598 4674 2023 4729 confidentiam

366 4763 426 4813 et
452 4758 736 4829 arguendi
777 4759 1039 4814 studium
1084 4766 1143 4814 et
1188 4750 1574 4817 immodicam
1620 4763 1960 4828 libertatem
1992 4780 2026 4818 a

366 4847 596 4902 Nerone
636 4847 980 4902 interfectus
1012 4853 1119 4903 est.
1167 4835 1467 4905 [Feruntur
1498 4852 1626 4922 ejus
1659 4852 1944 4908 Orationes
1975 4860 2025 4908 et

365 4937 630 5006 Epistolas
681 4936 924 4990 diversae
973 4925 1421 5009 phiIOSOphicm.
1465 4941 1546 4995 De
1596 4941 1705 4996 hoc
1758 4943 2024 4997 Musonio

368 5024 1008 5096 (Julianus)Parabates
1027 5025 1087 5079 in
1110 5027 1371 5097 Epistola
1388 5028 1472 5082 sic
1491 5029 1730 5084 scribit:
1757 5054 1783 5080 «
1810 5034 2025 5086 Contu-

367 5140 392 5168 (ι
422 5116 1043 5186 meliam,quaprzeses
1058 5117 1294 5170 Graeciaa
1313 5133 1422 5172 nos
1441 5119 1830 5186 alfecit,tanta
1842 5123 2025 5177 animi

368 5229 394 5258 «
419 5206 774 5263 celsitudine
799 5205 1079 5275 tulisti,ut
1099 5205 1251 5259 nihil
1273 5206 1486 5261 horum
1508 5207 1570 5262 in
1593 5215 1649 5264 te
1673 5209 1892 5266 factum
1916 5229 2028 5285 pu—

439 5414 548 5484 (88)
577 5414 743 5471 Idem
775 5430 909 5469 cum
943 5414 1133 5486 primo
1167 5415 1404 5485 Musaeo,
1438 5416 1595 5486 apud
1627 5417 1865 5472 Suidam
1899 5435 2021 5475 me-

367 5493 911 5634 ngrllusterﬁn
969 5562 1092 5634 not.
1145 5559 1199 5634 li,
1253 5562 1396 5612 tom.
1447 5559 1518 5634 II_,
1567 5577 1698 5634 pag.
1733 5563 1858 5634 590)
1890 5579 2025 5634 cum

368 5630 622 5754 geurs’io
655 5630 718 5685 in
751 5627 1029 5686 Biblioth.
1062 5629 1244 5686 attica
1292 5627 1587 5688 (uniondat~
1612 5627 2024 5696 Τῖτανότέαιδες.

420 5717 545 5756 ΑΜ..

2201 1959 2370 2030 My‘ia,
2405 1959 2751 2032 Pythagorae
2784 1961 2979 2033 magni
3001 1965 3068 2016 ‘et
3095 1960 3348 2015 Theanis
3379 1960 3525 2026 filia,
3566 1959 3784 2014 Samia.

2201 2051 2380 2122 Myro,
2419 2051 2715 2124 Bysantia,
2751 2052 3001 2124 poetria,
3035 2069 3166 2124 quas
3197 2068 3401 2107 versus
3431 2052 3703 2107 heroicos
3731 2057 3792 2104 et

2130 2141 2422 2213 elegiacos
2449 2146 2514 2194 'et
2554 2141 2799 2196 melicos
2849 2141 3104 2212 scripsit,
3140 2142 3374 2196 Homeri
3403 2141 3607 2212 tragici
3639 2141 3790 2207 filia,

2129 2247 2280 2286 uxor
2311 2230 2725 2297 Andromachi,
2760 2236 3151 2303 cognomento
3184 2230 3492 2302 philologi.

2203 2321 2382 2391 Myro,
2411 2319 2663 2382 Rhodia.
2687 2320 3316 2392 philosopha.Scripsit
3345 2321 3538 2377 Chrias
3558 2317 3790 2390 regina-

2130 2426 2254 2464 rum
2283 2417 2333 2463 et
2370 2410 2610 2476 fabulas.

2203 2498 2491 2569 Myrtilus,
2537 2497 2940 2567 Atheniensis,
2993 2501 3275 2567 comicus,
3328 2500 3486 2556 ﬁlius
3537 2500 3789 2571 Lysidis,

2131 2587 2315 2643 frater
2345 2587 2555 2642 cornici
2606 2589 2931 2660 Hermippi.
2965 2589 3106 2660 Ejus
3129 2589 3441 2646 dramata:
3487 2593 3792 2643 Τιτανοπᾶ-

2131 2697 2214 2736 νες
2245 2677 2379 2748 (89),
2413 2676 2672 2749 Ἔρωτες,

2205 2766 2385 2825 Μῦθος
2420 2771 2478 2820 et
2507 2765 2655 2827 αἶνος
2685 2766 2991 2836 diil'erunt,
3009 2768 3169 2838 quod
3191 2768 3340 2829 αἶνος
3365 2785 3487 2824 non
3517 2785 3624 2841 pro
3645 2785 3794 2841 pue-

2132 2856 2236 2925 ris,
2270 2855 2374 2910 sed
2399 2856 2540 2910 viris
2570 2856 2759 2911 factus
2786 2857 2882 2926 sit,
2906 2874 3016 2912 nec
3037 2863 3268 2913 tantum
3295 2859 3561 2914 animum
3593 2859 3792 2913 oblec-

2133 2950 2236 3013 tet,
2271 2945 2374 3000 sed
2407 2952 2465 3000 et
2493 2945 2965 3002 admonitionem
2995 2948 3318 3004 contineat.
3359 2936 3599 3004 Occulte
3631 2949 3794 3003 enim

2136 3039 2194 3089 et
2222 3052 2327 3105 per
2356 3035 2634 3107 ambages
2689 3035 2899 3090 suadet
2946 3053 3014 3091 ac
3058 3036 3249 3105 docet,
3296 3036 3455 3108 quod
3506 3037 3795 3092 Hesiodus

2130 3124 2344 3179 fecisse
2365 3123 2615 3179 videtur.

2208 3213 2522 3284 Myscelus,
2551 3219 2792 3285 accepto
2839 3215 3103 3282 oraculo,
3134 3215 3536 3272 valetudinem
3575 3215 3795 3271 bonam

2138 3304 2478 3373 anteposuit
2532 3303 2791 3371 divitiis;
2854 3305 2961 3359 has
3021 3303 3240 3376 delegit
3294 3297 3574 3360 Archias:
3636 3306 3796 3360 unde

2135 3393 2491 3448 Crotoniatas
2519 3399 2662 3448 Sunt
2690 3393 2916 3449 robusti
2942 3411 2955 3462 ;
2983 3395 3334 3467 Syracusani
3361 3401 3562 3450 autem
3584 3396 3795 3450 divites

2137 3488 2472 3537 eVaserunt.

2209 3571 2510 3642 Mysorum
2544 3572 2828 3644 praedatio
2862 3573 3081 3645 (Μυσῶν
3131 3571 3270 3644 λεία)
3309 3566 3685 3645 proverbium
3720 3572 3790 3628 de

2136 3662 2210 3718 iis
2241 3679 2496 3733 quorum
2523 3680 2645 3731 res,
2675 3670 2743 3718 ut
2770 3663 3073 3735 Mysorum
3097 3679 3131 3719 a
3150 3664 3360 3719 vicinis
3388 3664 3794 3736 prmdonibus,

2136 3752 2396 3823 Telopho
2455 3769 2589 3825 rege
2643 3768 2891 3825 peregre
2951 3753 3235 3825 profecto,
3293 3753 3593 3808 hostiliter
3632 3754 3794 3808 diri-

2135 3842 2403 3913 piuntur.

2209 3931 2438 4002 Myxus,
2471 3925 2642 3986 Βαϐαὶ
2674 3929 2872 4000 Μῦξσς.
2908 3933 3138 3988 Dictum
3170 3933 3282 3987 hoc
3313 3933 3374 3987 in
3398 3933 3799 4004 jactabundos

2139 4025 2197 4074 et
2225 4021 2536 4092 gloriosos.
2589 4021 2798 4092 Myxus
2856 4023 3016 4077 enim
3073 4022 3188 4077 fuit
3242 4023 3519 4078 sacerdos
3571 4023 3798 4092 Dianae,

2137 4109 2316 4164 homo
2344 4111 2572 4166 facetus
2602 4116 2661 4166 et
2683 4110 3106 4182 jactabundus.

2950 4215 2993 4273 N

2209 4306 2522 4362 Nann'acus
2584 4308 2717 4379 (90).
2780 4307 2880 4362 Vir
2923 4308 3154 4378 priscus
3203 4312 3342 4363 ante
3375 4307 3795 4363 De‘ucalionem

2136 4410 2358 4469 regem,
2392 4396 2491 4467 qui
2525 4395 2790 4451 futurum
2819 4395 3105 4451 diluvium
3139 4396 3483 4467 praesciens,
3517 4396 3795 4452 omnibus

2138 4486 2199 4540 in
2233 4486 2522 4557 templum
2556 4486 2946 4559 congregatis,
2972 4501 3106 4540 cum
3133 4485 3412 4557 lacrymis
3437 4487 3620 4540 Deum
3656 4503 3794 4557 sup-

2138 4575 2374 4646 pliciter
2402 4577 2607 4633 oravit.
2632 4577 2702 4630 Et
2723 4575 3127 4646 proverbium,
3150 4592 3184 4630 a
3205 4576 3491 4644 Nannaco,
3517 4574 3587 4630 de
3620 4575 3798 4630 rebus

2137 4666 2459 4721 admodum
2493 4667 2759 4722 vetustis.

2211 4752 2476 4822 Ναυάτος,
2508 4753 2787 4809 Ecclesiaa
2815 4753 3129 4825 presbyter
3167 4751 3448 4810 Romanas
3477 4771 3490 4821 ;
3524 4771 3580 4809 v.
3618 4755 3798 4810 Nova-

2138 4851 2222 4899 tus
2304 4847 2496 4915 Atque
2566 4840 2897 4896 Ναυατιανοὶ
2958 4843 3224 4917 «ipso-irati
3277 4849 3419 4898 sunt
3472 4845 3792 4911 'Novatiani,

2137 4934 2405 5002 haeretici,
2439 4934 2558 4989 sive
2583 4934 2682 5004 qui
2706 4934 2906 4988 Novati
2939 4933 3298 4988 sententiam
3327 4939 3683 5004 sequuntur.

2208 5024 2534 5092 Naucratis,
2568 5023 2709 5078 urbs
2758 5024 2984 5095 Egypti
3017 5040 3051 5078 a
3081 5023 3324 5078 Milesiis
3363 5024 3625 5092 condita,
3659 5040 3794 5079 cum

2136 5115 2318 5170 maris
2348 5113 2666 5184 imperium
2689 5113 3048 5169 obtinerent.
3075 5113 3261 5186 Hujus
3283 5113 3425 5168 civis
3451 5112 3565 5168 fuit
3587 5112 3794 5168 doctus

2135 5203 2239 5258 ille
2271 5205 2610 5259 Athenaeus.

2207 5414 2320 5487 (90)
2345 5413 2588 5468 Videtur
2615 5427 2835 5487 nomen
2869 5411 3166 5487 ex_Noa_chi
3185 5410 3426 5487 nomine
3448 5417 3794 5487 corruptum

2134 5481 2312 5541 licet'
2357 5487 2648 5539 Nannacus
2723 5483 2822 5537 hic
2905 5481 3224 5554 (Stephano
3293 5485 3420 5554 Byz.
3485 5481 3791 5552 Ἀννὰκος),

2134 5502 2276 5541 licet.
2357 5502 2648 5539 ivannacus
2725 5502 2822 5537 mc
2905 5502 3224 5554 (atepnano
3293 5502 3332 5537 υ
3377 5502 3420 5537 z.
3507 5502 3791 5552 Αννακος),

2134 5559 2419 5628 Phrygum
2448 5573 2548 5610 rem
2579 5554 2796 5628 dicitur
2824 5553 3018 5609 Suidaa
3049 5555 3111 5610 in
3157 5553 3227 5608 τὰ
3265 5502 3371 5608 (mg
3402 5555 3702 5624 Ναννάκου,
3737 5560 3795 5609 et

2130 5646 2240 5684 rex
2257 5625 2333 5684 tiu
2360 5627 2426 5681 τὰ
2447 5625 2754 5682 Ναννάιου.
