4110 6444
335 416 493 479 1303

1635 413 1877 478 INDEX
1925 406 2434 473 SCRIPTORUM

3599 420 3624 478 ι
3640 415 3760 479 304

336 550 566 620 diesque
595 548 754 605 haud
787 550 1152 622 spernendas
1185 552 1491 606 scriberet.
1527 553 1738 606 Postea
1759 551 1832 605 ad
1854 550 1990 605 rhe-
2020 539 2076 606 Α
2107 559 2277 614 agere
2296 544 2671 614 credebatur,
2694 563 2728 601 a
2786 564 2902 619 quo
2935 547 3312 620 proverbium
3363 548 3506 624 Ἐγὼ
3538 549 3759 618 ποιήσω

330 641 587 694 toricam
615 657 681 694 ac
714 641 1004 696 musicam
1038 647 1095 696 et
1145 642 1597 697 mathematicas
1642 640 1990 711 disciplinas

335 734 511 798 atque
559 729 895 784 universam
953 731 1333 802 disciplinam
1367 731 1631 785 animum
1681 729 1989 800 applicuit.

333 818 714 874 Aristotelem
748 820 808 874 in
841 821 1290 892 primisimitari
1323 821 1683 886 studebat,et
1703 819 1990 889 multipli-

339 923 467 962 cem
500 909 630 978 ejus
658 909 764 962 viri
797 910 1129 965 doctrinam
1164 928 1541 982 summopere
1564 909 1989 966 admirabatur.

337 997 564 1064 Aiebat,
599 998 732 1053 ideo
773 999 974 1070 plures
1019 1017 1220 1056 musas
1267 1017 1301 1056 a
1357 1001 1654 1057 veteribus
1703 999 1992 1072 “theologis

335 1086 706 1142 introductas
735 1105 885 1156 esse,
921 1090 1078 1160 quod
1109 1090 1172 1144 in
1199 1091 1532 1163 disciplinis
1573 1091 1720 1145 mira
1742 1089 1993 1144 varietas

336 1182 394 1231 et
425 1177 500 1232 ad
530 1195 738 1234 omnes
769 1197 912 1234 usus
943 1185 1080 1251 apta
1109 1181 1417 1236 diversitas
1438 1181 1788 1252 reperiatur.
1815 1181 1991 1250 Inge-

334 1283 453 1321 nuo
487 1268 715 1322 homini
748 1269 1108 1339 imperitiam
1132 1271 1348 1324 artium
1369 1270 1994 1338 humaniorum,atque

333 1356 723 1412 illiberalium
747 1358 1018 1428 peritiam
1044 1359 1214 1429 juxta
1229 1367 1458 1430 turpem
1493 1357 1997 1428 esse.Disciplina-

335 1462 470 1500 rum
500 1446 709 1502 orbem
732 1447 992 1502 similem
1015 1464 1143 1502 esse
1166 1448 1797 1520 peregrinationi,alibi
1816 1463 1992 1518 pran-

341 1535 520 1589 dendi
544 1552 722 1590 causa
752 1535 1333 1604 divertendum,alibi
1353 1535 1994 1608 pernoctaudum,alibi

338 1624 786 1678 consistendum
819 1642 926 1696 per
964 1626 1166 1696 plures
1197 1626 1344 1692 dies,
1381 1627 1501 1681 alia
1531 1627 1722 1681 obiter
1752 1642 1992 1696 percur—

337 1713 792 1780 renda,tandem
826 1715 1244 1771 revertendum
1268 1716 1340 1771 ad
1359 1723 1626 1787 penates,
1661 1717 1773 1770 hoc
1804 1722 1894 1769 est
1923 1713 1995 1769 ad

338 1802 803 1873 philosophiam,
839 1810 1119 1874 tanquam
1151 1806 1223 1860 ad
1271 1807 1521 1876 patriam
1576 1806 1850 1875 laresque
1901 1821 1994 1857 re-

343 1891 669 1960 deundum,
701 1893 902 1963 ibique
933 1894 1388 1950 considendum.

420 1981 1052 2053 Nicolaus,discipulus
1081 1985 1397 2052 Plutarchi,
1422 1985 1774 2056 cognomine
1798 1986 2005 2039 Nesto-

341 2071 436 2140 rii,
474 2072 714 2143 scripsit
765 2074 1264 2142 Progymnasmata
1296 2081 1355 2129 et
1403 2076 1834 2130 Declamationes
1881 2075 1989 2128 rhe-

347 2163 548 2216 toricas
579 2167 638 2216 et
659 2162 778 2216 alia
809 2163 1101 2233 quaedam.
1128 2164 1356 2219 Floruit
1386 2164 1492 2218 sub
1519 2166 1710 2219 Leone
1750 2163 2004 2230 seniore,

351 2249 500 2320 Imp.
536 2267 724 2321 usque
747 2252 820 2306 ad
851 2254 1150 2307 Zenonem
1170 2259 1228 2307 et
1248 2253 1648 2308 Anastasium.

415 2339 712 2408 Nicolaus,
738 2357 768 2395 e
793 2341 969 2411 Myris
1003 2342 1402 2411 Lyciaa,frater
1431 2341 1793 2396 Dioscoridis
1809 2357 2006 2412 gram-

345 2427 570 2493 matici,
627 2433 684 2481 et
740 2429 1058 2499 Hipparchi
1118 2436 1176 2484 et
1219 2431 1428 2501 Hypati
1487 2431 1741 2502 patricii.
1796 2428 2007 2484 Docuit

345 2516 539 2582 CPoli,
573 2517 801 2587 fuitque
834 2518 1163 2588 discipulus
1192 2520 1488 2575 Lacharis.
1550 2519 1796 2590 Scripsit
1825 2520 2008 2572 Artem

346 2605 682 2660 rhetoricam
713 2612 772 2660 et
808 2608 1259 2662 Declamationes.

424 2696 816 2750 Nicomachus
875 2713 944 2750 ex
1004 2697 1360 2752 Alexandria
1424 2698 1687 2761 Troadis,
1730 2697 2005 2768 tragicus,

350 2784 592 2854 scripsit
622 2786 934 2857 tragmdias
958 2788 1083 2840 XXI
1104 2804 1174 2842 ex
1197 2787 1414 2856 quibus
1438 2793 1607 2842 sunt:
1627 2783 2006 2856 Ἀλέξανδρος,

349 2872 644 2946 Ἐριφύπη,
680 2873 988 2944 Γηρυόνης,
1023 2872 1327 2943 Ἀλετίδης,
1369 2874 1662 2944 Εἷλήθυια,
1695 2872 2005 2928 Νεαπτὸλεο

351 2981 475 3033 μος,
508 2962 708 3031 Μυσοὶ,
741 2960 1029 3032 Οἰδίπους,
1063 2965 1257 3039 Περσὶς
1286 2964 1320 3033 ἢ
1358 2963 1658 3034 Πολυξένη,
1717 2962 2002 3039 Τριλογία,

349 3047 834 3122 Μετεκϐαίνουσαι,
867 3049 1186 3128 Τυνδάρεως
1217 3052 1252 3122 ἥ
1288 3052 1622 3126 Ἀλκμαίων.
1651 3058 1903 3127 Τεῦκρος.

424 3144 841 3209 Nicomachus,
869 3145 1271 3210 Atheniensis,
1307 3146 1582 3216 tragicus,
1639 3145 1737 3214 qui
1794 3151 2010 3214 printer

353 3232 618 3288 omnium
655 3233 1000 3303 opinionem
1033 3233 1374 3304 Euripidem
1430 3239 1488 3288 et
1516 3233 1817 3306 Theognin
1849 3233 2004 3288 vicit.

357 3323 438 3376 Ex
469 3323 598 3392 ejus
628 3323 945 3394 Tragmdiis
978 3329 1068 3377 est
1096 3323 1354 3394 mdipus.

427 3412 1157 3484 Nicomachus,Stagyrita,
1183 3413 1769 3484 Phi1050phus,filius
1783 3413 1977 3469 Aristo
1992 3441 2018 3454 -

358 3501 490 3557 telis
514 3502 1280 3573 philosophi,Theophrasti
1329 3503 1659 3574 discipulus
1690 3509 1766 3572 et,
1800 3508 1865 3556 ut
1886 3502 2020 3573 qui-

358 3591 495 3646 dam
554 3591 818 3657 tradunt,
880 3592 1162 3646 amasius.
1225 3591 1472 3663 Scripsit
1494 3592 1818 3646 Etihcorum
1850 3593 2018 3646 libros

365 3683 455 3749 VI,
483 3681 742 3752 itemque
775 3686 852 3736 De
883 3682 1119 3750 Physica
1149 3683 1362 3736 acroasi
1376 3684 1558 3750 putris
1587 3683 1693 3735 sui.

433 3769 847 3838 Nicomachus,
875 3769 1229 3838 medicus,et
1258 3769 1384 3840 ipse
1415 3769 1724 3840 Stagyrita,
1760 3769 2021 3823 Machao-

363 3857 457 3910 nis
489 3859 574 3924 F.,
607 3857 1184 3927 Aﬂsculapiinepos,a
1202 3873 1317 3926 quo
1348 3873 1536 3928 genus
1563 3857 1729 3910 duxit
1749 3858 2017 3912 Nicoma-

364 3946 531 4011 chus,
565 3952 733 4016 pater
757 3946 1092 4000 Aristotelis
1123 3945 1552 4016 philosophi,et
1580 3946 1706 4016 ipse
1730 3945 2014 4000 medicus.

361 4034 609 4105 Scripsit
633 4036 935 4106 Ἰατρικῶν,
968 4035 1087 4089 sive
1117 4035 1190 4088 De
1246 4051 1303 4088 re
1350 4034 1582 4103 medica,
1611 4034 1780 4089 libros
1835 4035 1928 4104 VI,
1964 4039 2024 4089 et

364 4127 641 4192 Φυσικῶν,
676 4127 747 4179 De
781 4126 942 4179 rebus
970 4124 1348 4190 naturalibus,
1383 4141 1592 4180 unum.

429 4215 757 4286 Nicophon,
799 4215 1084 4269 Theronis
1134 4217 1217 4282 F.,
1269 4214 1671 4281 Atheniensis,
1728 4214 2017 4279 comicus,

360 4305 607 4375 aqualis
639 4304 1054 4376 Aristophanis
1107 4303 1340 4359 comici.
1377 4305 1458 4358 Ex
1491 4303 1618 4375 ejus
1651 4303 2019 4358 dramatibus

359 4399 500 4449 sunt
559 4395 644 4457 Ἐς
700 4389 832 4464 ᾅδου
886 4391 1073 4462 ἀνιὼν,
1127 4389 1452 4470 ’Λφροδίτης
1510 4391 1680 4465 γοναὶ,
1730 4387 2018 4463 Πανδώρα,

357 4483 805 4558 Χειρογάστορες,
841 4489 1113 4558 Σειρῆνες.

431 4575 815 4637 Nicostratus,
849 4573 1106 4639 Macedo,
1140 4578 1357 4629 orator.
1418 4574 1522 4628 Hic
1580 4572 1803 4628 relatus
1833 4578 1925 4628 est
1954 4573 2015 4627 in

361 4679 679 4718 numerum
702 4661 907 4717 decem
939 4663 1202 4729 illorum,
1237 4663 1338 4733 qui
1371 4662 1697 4717 secundum
1731 4679 1765 4717 a
1811 4661 2019 4732 primis
2047 4655 2097 4723 D

359 4753 556 4807 locum
570 4759 773 4808 tenere
788 4751 1493 4824 judicabantur,aaqualis
1515 4752 1792 4808 Aristidis
1814 4757 1872 4818 et
1889 4754 2019 4808 Dio-

358 4844 452 4898 nis
510 4842 914 4915 Chrysostomi
966 4859 977 4909 ;
1032 4842 1175 4896 vixit
1258 4843 1367 4897 sub
1445 4845 1516 4898 M.
1567 4830 1823 4898 Atonino
1873 4843 2017 4914 imp.

362 4935 610 5005 Scripsit
662 4934 1068 5002 Decamythiam
1095 4949 1116 4996 ;
1164 4935 1433 5003 Imagines
1477 4951 1498 4998 ;
1554 4932 2017 5004 Polymythiam;

369 5023 780 5093 Thalatturgos,
842 5027 898 5075 et
944 5021 1063 5075 alia
1117 5020 1395 5092 plurima.
1453 5024 1601 5077 Item
1643 5025 1904 5077 Encomia
1962 5024 2022 5078 in

360 5116 609 5169 Marcum
640 5111 1054 5183 (Antoninum)
1084 5117 1135 5164 et
1163 5111 1322 5167 alios.

436 5201 1114 5267 Nicostratus,comicus,
1149 5201 1319 5272 cujus
1353 5201 1625 5256 dramata
1655 5201 1810 5270 apud
1841 5202 2023 5256 Athe-

365 5307 558 5345 naeum
634 5286 907 5362 Πάνδαρος
964 5289 1059 5359 (al.
1122 5286 1457 5360 Πάνδροσος)
1509 5291 1627 5343 sive
1691 5286 2021 5359 Ἀντυλλος,

363 5380 702 5451 (Philetaero
735 5397 768 5435 a
799 5380 1154 5450 quibusdam
1203 5379 1522 5448 tribuitur),
1557 5385 1615 5432 et
1661 5378 2022 5452 Ὶεροφάντης,

371 5467 564 5537 Κλίνη,
591 5463 787 5542 ’¹Αϐρα.
832 5465 1105 5537 Ἡσίοδος,
1140 5462 1427 5528 Διάϐολος.
1489 5467 1817 5540 Ἀντερῶσα.
1869 5465 2024 5521 Ἐκᾶσ

368 5579 460 5628 τη,
492 5561 788 5634 Μάγειρος,
821 5560 993 5628 Ὧτις,
1035 5558 1305 5627 Πλοῦτος,
1368 5556 1565 5630 Σύρος,
1620 5555 2027 5631 Ἀπελαυνόμε-

371 5669 482 5714 νος,
513 5645 1028 5723 ψευδοπιγματιας,
1061 5647 1342 5715 τοκιστής.

439 5739 826 5809 Nicostratus,
849 5739 1079 5806 histrio,
1112 5737 1395 5798 comicus.
1428 5737 1532 5810 qui
1562 5737 2030 5810 optimefabulas

2101 632 2274 686 πάντα
2305 633 2442 688 κατὰ
2467 636 2859 711 Νικόστρατον.

2174 721 2446 792 Νομάδες.
2483 726 2680 794 Sacas,
2715 727 3097 799 Aristophani
3131 729 3216 798 (in
3266 728 3504 799 Avibus)
3534 745 3760 784 memo-

2102 817 2286 879 ratus,
2322 821 2449 870 erat
2476 822 2653 886 poeta
2686 818 2961 889 tragicus,
2998 819 3084 874 sic
3135 819 3350 885 dictus,
3375 819 3535 889 quod
3592 835 3761 890 pere-

2102 901 2306 972 grinus
2337 909 2512 958 esset.

2176 1008 2553 1085 Νομογράφοι,
2605 1014 2932 1081 Decemviri,
2986 1015 3087 1085 qui
3146 1032 3304 1070 anno
3341 1013 3514 1071 Urbis
3568 1018 3769 1070 Roma:

2103 1096 2276 1163 CCCI,
2310 1097 2468 1170 leges
2501 1101 2820 1172 pOpulares
2853 1107 2912 1158 et
2941 1105 3172 1159 Graacas
3203 1105 3265 1159 in
3307 1105 3509 1159 decem
3536 1104 3771 1159 tabulas

2101 1185 2456 1255 retulerunt,
2491 1195 2598 1243 etc.

2178 1293 2505 1363 Νομοθὲται,
2553 1299 2978 1366 Legumlatores.
3013 1299 3181 1354 Tales
3235 1299 3401 1355 fuere
3459 1299 3602 1355 olim
3635 1300 3772 1371 qui-

2106 1381 2237 1436 dem
2275 1385 2484 1454 Moses,
2536 1392 2740 1456 postea
2796 1389 3084 1444 Christus.
3151 1389 3314 1460 Apud
3373 1389 3771 1444 Athenienses

2105 1473 2333 1542 primus
2366 1475 2669 1547 legislator
2697 1477 2808 1532 fuit
2834 1484 3192 1550 Draco;post
3217 1479 3376 1534 hunc
3409 1479 3615 1548 Solon;
3638 1486 3775 1550 post

2108 1577 2242 1615 eum
2266 1563 2497 1634 Thales,
2532 1571 2590 1619 et
2619 1573 2753 1637 post
2779 1568 2938 1622 hunc
2968 1568 3296 1641 Aischylus.

2184 1647 2368 1721 Νόμοι
2408 1651 2786 1726 κιθαρῳδικοί.
2839 1657 3073 1727 Apollo,
3133 1663 3199 1712 ut
3253 1658 3440 1724 aiunt,
3503 1656 3780 1712 adhibita

2109 1738 2256 1810 lyra,
2294 1739 2453 1812 leges
2481 1743 2824 1798 hominibus
2859 1744 3042 1814 dedit,
3077 1745 3405 1800 secundum
3437 1762 3585 1816 quas
3614 1746 3776 1800 vivo-

2108 1835 2262 1897 rent,
2291 1832 2568 1904 mitigans
2596 1834 2775 1888 simul
2806 1835 3316 1898 cantu,feritatem
3337 1835 3482 1907 ipsis
3506 1835 3771 1899 insitam,

2033 1910 2082 1976 Β
2115 1925 2170 1974 et
2197 1937 2582 1976 numerorum
2632 1923 2996 1978 musicorum
3046 1925 3332 1980 suavitate
3363 1925 3652 1988 efﬁciens,
3712 1931 3779 1979 ut

2115 2016 2411 2082 praecepta
2444 2011 2678 2067 facilius
2704 2012 3109 2083 admitterent,
3137 2014 3296 2069 unde
3329 2015 3467 2084 leges
3517 2013 3772 2068 cithara»

2117 2099 2252 2154 dicaz
2280 2099 2450 2154 dicte
2483 2102 2798 2157 suntHinc
2829 2119 2984 2169 vero,
3017 2108 3083 2157 ut
3115 2108 3172 2158 et
3205 2102 3776 2166 Aristotelividetur,

2117 2189 2343 2243 moduli
2379 2190 2944 2257 musici,secundum
2979 2210 3128 2263 quos
3157 2192 3776 2264 canimus,magniﬁco

2118 2278 2360 2332 nomine
2393 2276 2553 2350 νόμοι
2587 2280 2869 2352 appellati
2900 2281 3156 2335 fuerunt.

2191 2369 2412 2423 Nomus
2443 2374 2500 2422 et
2527 2371 2858 2436 Januarius,
2894 2372 3105 2426 virtute
3139 2372 3277 2427 licet
3305 2372 3621 2443 pollentes,
3656 2371 3785 2441 pri-

2118 2462 2310 2510 vatam
2335 2463 2393 2511 et
2423 2459 2674 2514 otiosam
2733 2460 2910 2515 vitam
2961 2461 3219 2532 amplexi
3275 2463 3433 2524 sunt,
3494 2477 3524 2515 e
3567 2459 3785 2531 quibus

2120 2547 2339 2600 Nomus
2363 2549 2730 2619 ingeniosior
2758 2550 2871 2603 fuit
2902 2556 2959 2605 et
2989 2550 3276 2605 doctrinae
3308 2551 3625 2613 amantior,
3663 2555 3784 2603 tam

2119 2635 2568 2707 philosophicas,
2595 2655 2772 2709 quam
2811 2640 2941 2710 ejus
2992 2656 3109 2710 qua
3151 2646 3565 2712 praeparantur
3585 2639 3786 2693 adole-

2119 2731 2371 2782 scentes.
2406 2728 2476 2781 Et
2505 2727 2660 2782 inter
2691 2745 2897 2782 omnes
2932 2735 3056 2784 erat
3106 2729 3524 2803 κριτιιώτατος,
3559 2730 3660 2800 qui
3687 2729 3775 2799 ju-

2117 2813 2314 2869 dicare
2348 2817 2569 2887 optime
2597 2818 3273 2888 potuitvirtutesetvitia
3297 2825 3421 2873 tum
3439 2823 3782 2890 poematum

2118 2909 2242 2957 tum
2266 2903 2518 2959 aliorum
2543 2906 2919 2977 scriptorum.
2937 2909 3024 2976 Et,
3050 2912 3116 2961 ut
3148 2907 3394 2962 omnino
3427 2907 3644 2973 dicam,
3678 2922 3778 2959 ne-

2119 3009 2233 3062 que
2269 2993 2670 3061 Severianum,
2730 3013 2924 3066 neque
2973 2996 3260 3068 Agapium
3329 2996 3778 3068 philosophum,

2117 3082 2732 3154 crediderimjudicio
2791 3085 3076 3140 doctrinm
3138 3086 3496 3156 eloquentim
3550 3091 3781 3140 tantum

2118 3171 2394 3227 valuisse.
2427 3173 2746 3228 Januarius
2777 3190 2911 3228 vero
2944 3174 3030 3228 rei
3088 3173 3361 3246 gerendas
3421 3174 3668 3245 peritior
3727 3179 3785 3228 et

2041 3279 2088 3350 α
2125 3260 2474 3350 prudentior
2506 3261 2567 3316 in
2597 3262 2871 3318 civilibus
2900 3263 3081 3318 fratre
3114 3281 3220 3318 suo
3250 3265 3466 3350 Nomo,‘
3491 3269 3602 3318 etc.

2198 3349 2408 3420 Νόμος.
2442 3351 2574 3405 Tria
2605 3352 2936 3424 signiﬁcat:
2972 3353 3067 3407 lex
3097 3353 3255 3407 enim
3302 3370 3422 3407 una
3451 3348 3583 3426 δίχα
3610 3373 3786 3426 γραμ-

2130 3439 2314 3509 μάτων
2349 3439 2573 3511 absque
2605 3440 2954 3512 litteris.per
2983 3443 3347 3497 creationem
3381 3442 3572 3497 indita
3589 3443 3787 3496 homi-

2128 3530 2336 3598 nibus;
2373 3531 2561 3587 altera
2617 3529 2668 3584 ἐν
2723 3532 3028 3604 γράμματι,
3057 3533 3152 3587 lex
3182 3533 3402 3605 scripta
3432 3550 3539 3604 per
3565 3535 3786 3601 Mosen,

2127 3618 2370 3673 illOrum
2393 3636 2592 3689 causa,
2628 3621 2729 3690 qui
2790 3622 3020 3692 priores
3068 3621 3466 3687 violaverant;
3500 3622 3673 3676 tertia
3701 3616 3791 3673 διὰ

2123 3712 2222 3774 τῆς
2240 3705 2706 3780 χάριτος.εγδιίεθ
2737 3716 2795 3764 et
2817 3710 3204 3780 spiritus.Lex
3231 3710 3788 3778 autem;secunduin

2127 3797 2497 3867 Apostolum,
2532 3804 2788 3869 quatuor
2815 3799 3131 3871 signiﬁcat,
3162 3805 3276 3854 etc.

2195 3885 2423 3954 ’Ἃξονας
2443 3887 2603 3960 leges
2626 3887 2861 3943 Solonis
2875 3887 3274 3943 Athenienses
3290 3889 3790 3960 vocarunt.Supra

2129 3971 2376 4044 Κύρῦεις.

2199 4086 2464 4154 Nonnus,
2485 4085 2858 4156 Panapolita,
2895 4101 2963 4140 ex
2991 4088 3257 4160 Egypto,
3290 4087 3376 4140 vir
3405 4086 3789 4143 doctissimus

2129 4174 2230 4244 qui
2264 4173 2538 4246 Theologi
2560 4174 2801 4246 virginis
2820 4175 3231 4246 paraphrasim
3255 4175 3521 4231 versibus
3534 4177 3794 4231 heroicis

2128 4263 2387 4334 scripsit.
2426 4264 2750 4330 Ausonius,
2785 4264 3072 4335 sophista,
3107 4265 3400 4335 Epistolas
3432 4271 3490 4320 et
3518 4266 3636 4322 alia
3667 4283 3798 4320 exa-

2126 4353 2272 4407 ravit
2300 4353 2375 4407 ad
2406 4354 2701 4408 Nonnum.
2737 4353 2929 4424 Supra
2974 4354 3035 4408 in
3069 4351 3362 4414 Αὐσόνιος.

2197 4443 2448 4496 Novatus
2489 4440 2782 4511 (Ναύατος)
2841 4441 3119 4498 Ecclesiae
3173 4445 3444 4498 Romanae
3501 4444 3698 4515 presb.
3760 4462 3796 4500 a

2125 4533 2418 4600 Cornelio,
2453 4533 2755 4604 episcopo,
2780 4532 3097 4588 dissidium
3127 4532 3291 4602 fecit,
3323 4539 3459 4603 etc.,
3492 4551 3560 4589 ex
3584 4535 3792 4590 Socra-

2127 4623 2203 4678 tis
2231 4625 2317 4692 IV,
2345 4626 2434 4678 28.

2203 4733 2530 4788 Novatiani.
2565 4734 2786 4787 Horum
2819 4732 3135 4804 episcopus
3181 4731 3296 4788 fuit
3323 4733 3642 4801 Sisinnius,
3677 4738 3790 4788 etc.

2130 4840 2200 4878 ex
2222 4823 2523 4878 Sozomeni
2548 4824 2689 4878 VIII.
2725 4824 2774 4877 1.

2202 4932 2391 4985 Numa
2423 4929 2712 5001 (Νουμᾶς),
2746 4933 3148 4986 Romanorum
3184 4931 3506 5004 legislator.
3569 4934 3796 5003 Νουμᾶς

2131 5017 2464 5090 Πομπίλιος.
2493 5020 2600 5074 Hic
2623 5037 2812 5091 remp.
2846 5019 3076 5092 legibus
3105 5027 3165 5075 et
3194 5022 3485 5077 institutis
3505 5021 3795 5077 fundavit:

2131 5126 2477 5180 annumque
2536 5110 2764 5181 primus
2797 5110 3026 5164 invenit
3056 5115 3116 5165 et
3147 5110 3291 5166 solis
3320 5111 3658 5166 circuitum.
3694 5112 3799 5181 qui

2131 5207 2307 5256 antea
2329 5216 2510 5271 vagus
2535 5205 2663 5254 erat
2693 5205 2751 5254 et
2797 5201 3084 5266 incertus,
3117 5200 3178 5254 in
3211 5201 3310 5254 XII
3333 5217 3570 5256 menses
3594 5200 3803 5270 distri-

2133 5290 2280 5346 buit.
2320 5289 2566 5360 Templa
2584 5290 2764 5344 etiam
2798 5295 2855 5344 et
2881 5288 3048 5343 lucos
3079 5289 3802 5360 instituit,pontiﬁcesque

2135 5385 2194 5434 et
2214 5379 2490 5434 ﬂamines
2511 5378 2919 5433 sacerdotibus
2936 5379 3223 5448 praefecit,
3249 5385 3307 5433 et
3346 5379 3532 5434 Salios
3562 5396 3668 5450 per
3700 5396 3808 5433 ur-

2136 5471 2270 5525 bem
2301 5471 2518 5524 saltare
2547 5469 2749 5540 jussit.
2787 5468 2872 5523 Ad
2908 5469 3033 5523 haec
3088 5469 3243 5541 ignis
3293 5475 3351 5525 et
3396 5486 3564 5541 aquae
3596 5487 3805 5524 curam

2135 5560 2465 5634 virginibus
2490 5558 2827 5614 Vestalibus
2915 5559 3235 5627 commisit,
3268 5576 3522 5630 quarum
3572 5577 3811 5616 summa

2137 5657 2266 5705 erat
2287 5649 2544 5722 dignitas
2578 5647 2906 5715 etillibata,
2940 5648 3138 5718 quoad
3160 5649 3442 5718 viverent,
3473 5649 3802 5722 virginitas.

2137 5739 2304 5806 Quod
2335 5739 2384 5795 si
2407 5756 2542 5798 cum
2565 5739 2686 5794 viro
2725 5754 2850 5793 rem
2882 5736 3086 5808 aliqua
3120 5737 3450 5810 habuisset,
3482 5739 3608 5795 viva
3637 5739 3805 5796 defo-
