  <div class='ocr_page' id='page_1' title='image "/cluster/home/n/w/nwhite01/storage/ocr_20150623/117/coo.31924054870211/664.png"; bbox 0 0 4110 6466; ppageno 0'>
   <div class='ocr_carea' id='block_1_1' title="bbox 390 449 545 510">
    <p class='ocr_par' dir='ltr' id='par_1_1' title="bbox 390 449 545 510">
     <span class='ocr_line' id='line_1_1' title="bbox 390 449 545 510; baseline 0.006 -1"><span class='ocrx_word' id='word_1_1' title='bbox 390 449 545 510; x_wconf 76' lang='grc'>1305</span> 
     </span>
    </p>
   </div>
   <div class='ocr_carea' id='block_1_2' title="bbox 1697 454 2482 524">
    <p class='ocr_par' dir='ltr' id='par_1_2' title="bbox 1697 454 2482 524">
     <span class='ocr_line' id='line_1_2' title="bbox 1697 454 2482 524; baseline 0.008 -10"><span class='ocrx_word' id='word_1_2' title='bbox 1697 454 1797 514; x_wconf 85' lang='lat' dir='ltr'>DE</span> <span class='ocrx_word' id='word_1_3' title='bbox 1838 455 2127 524; x_wconf 85' lang='lat' dir='ltr'>QUIBUS</span> <span class='ocrx_word' id='word_1_4' title='bbox 2171 456 2482 522; x_wconf 88' lang='lat' dir='ltr'>SUIDAS.</span> 
     </span>
    </p>
   </div>
   <div class='ocr_carea' id='block_1_3' title="bbox 3661 463 3813 523">
    <p class='ocr_par' dir='ltr' id='par_1_3' title="bbox 3661 463 3813 523">
     <span class='ocr_line' id='line_1_3' title="bbox 3661 463 3813 523; baseline 0.013 -3"><span class='ocrx_word' id='word_1_5' title='bbox 3661 463 3813 523; x_wconf 86' lang='lat' dir='ltr'>I306</span> 
     </span>
    </p>
   </div>
   <div class='ocr_carea' id='block_1_4' title="bbox 399 577 3816 664">
    <p class='ocr_par' dir='ltr' id='par_1_4' title="bbox 399 577 3816 664">
     <span class='ocr_line' id='line_1_4' title="bbox 399 577 3816 664; baseline 0.005 -32"><span class='ocrx_word' id='word_1_6' title='bbox 399 577 693 647; x_wconf 89' lang='lat' dir='ltr'>diebatur,</span> <span class='ocrx_word' id='word_1_7' title='bbox 736 579 872 635; x_wconf 91' lang='lat' dir='ltr'>ideo</span> <span class='ocrx_word' id='word_1_8' title='bbox 928 597 1039 637; x_wconf 91' lang='lat' dir='ltr'>nec</span> <span class='ocrx_word' id='word_1_9' title='bbox 1091 587 1415 656; x_wconf 89' lang='lat' dir='ltr'>unguento,</span> <span class='ocrx_word' id='word_1_10' title='bbox 1456 601 1568 641; x_wconf 89' lang='lat' dir='ltr'>nec</span> <span class='ocrx_word' id='word_1_11' title='bbox 1610 585 1879 655; x_wconf 89' lang='lat' dir='ltr'>ﬁoribus,</span> <span class='ocrx_word' id='word_1_12' title='bbox 1935 603 2046 643; x_wconf 90' lang='lat' dir='ltr'>nec</span> <span class='ocrx_word' id='word_1_13' title='bbox 2079 590 2132 656; x_wconf 76' lang='grc' dir='ltr'>Α</span> <span class='ocrx_word' id='word_1_14' title='bbox 2158 591 2358 646; x_wconf 90' lang='lat' dir='ltr'>minus</span> <span class='ocrx_word' id='word_1_15' title='bbox 2391 593 2722 664; x_wconf 82' lang='lat' dir='ltr'>perspicax.</span> <span class='ocrx_word' id='word_1_16' title='bbox 2756 597 2832 648; x_wconf 77' lang='lat' dir='ltr'>At</span> <span class='ocrx_word' id='word_1_17' title='bbox 2856 592 3210 648; x_wconf 79' lang='lat' dir='ltr'>Plutarchus</span> <span class='ocrx_word' id='word_1_18' title='bbox 3240 592 3493 660; x_wconf 80' lang='lat' dir='ltr'>censuit,</span> <span class='ocrx_word' id='word_1_19' title='bbox 3545 591 3816 662; x_wconf 89' lang='lat' dir='ltr'>philoso-</span> 
     </span>
    </p>
   </div>
   <div class='ocr_carea' id='block_1_5' title="bbox 398 669 1367 738">
    <p class='ocr_par' dir='ltr' id='par_1_5' title="bbox 398 669 1367 738">
     <span class='ocr_line' id='line_1_5' title="bbox 398 669 1367 738; baseline 0.008 -17"><span class='ocrx_word' id='word_1_20' title='bbox 398 674 580 731; x_wconf 84' lang='lat' dir='ltr'>veste,</span> <span class='ocrx_word' id='word_1_21' title='bbox 615 669 728 723; x_wconf 87' lang='lat' dir='ltr'>nisi</span> <span class='ocrx_word' id='word_1_22' title='bbox 758 669 876 738; x_wconf 88' lang='lat' dir='ltr'>alb,</span> <span class='ocrx_word' id='word_1_23' title='bbox 908 671 992 724; x_wconf 85' lang='lat' dir='ltr'>uti</span> <span class='ocrx_word' id='word_1_24' title='bbox 1026 672 1146 726; x_wconf 90' lang='lat' dir='ltr'>illis</span> <span class='ocrx_word' id='word_1_25' title='bbox 1176 673 1367 729; x_wconf 79' lang='lat' dir='ltr'>licuit.</span> 
     </span>
    </p>
   </div>
   <div class='ocr_carea' id='block_1_6' title="bbox 465 759 2048 838">
    <p class='ocr_par' dir='ltr' id='par_1_6' title="bbox 465 759 2048 838">
     <span class='ocr_line' id='line_1_6' title="bbox 465 759 2048 838; baseline 0.006 -26"><span class='ocrx_word' id='word_1_26' title='bbox 465 759 815 826; x_wconf 86' lang='lat' dir='ltr'>Numenius,</span> <span class='ocrx_word' id='word_1_27' title='bbox 844 763 1256 832; x_wconf 86' lang='lat' dir='ltr'>Apameensis,</span> <span class='ocrx_word' id='word_1_28' title='bbox 1279 765 1478 836; x_wconf 90' lang='lat' dir='ltr'>Syrns,</span> <span class='ocrx_word' id='word_1_29' title='bbox 1512 765 1902 838; x_wconf 87' lang='lat' dir='ltr'>philosophus</span> <span class='ocrx_word' id='word_1_30' title='bbox 1933 769 2048 838; x_wconf 87' lang='lat' dir='ltr'>Py-</span> 
     </span>
    </p>
   </div>
   <div class='ocr_carea' id='block_1_7' title="bbox 401 848 2051 926">
    <p class='ocr_par' dir='ltr' id='par_1_7' title="bbox 401 848 2051 926">
     <span class='ocr_line' id='line_1_7' title="bbox 401 848 2051 926; baseline 0.006 -25"><span class='ocrx_word' id='word_1_31' title='bbox 401 848 740 920; x_wconf 88' lang='lat' dir='ltr'>thagoreus,</span> <span class='ocrx_word' id='word_1_32' title='bbox 776 850 876 920; x_wconf 89' lang='lat' dir='ltr'>qui</span> <span class='ocrx_word' id='word_1_33' title='bbox 909 851 1216 908; x_wconf 87' lang='lat' dir='ltr'>Platonem</span> <span class='ocrx_word' id='word_1_34' title='bbox 1263 855 1548 920; x_wconf 77' lang='lat' dir='ltr'>coarguit,</span> <span class='ocrx_word' id='word_1_35' title='bbox 1599 856 1758 926; x_wconf 92' lang='lat' dir='ltr'>quod</span> <span class='ocrx_word' id='word_1_36' title='bbox 1808 863 2051 912; x_wconf 89' lang='lat' dir='ltr'>senten-</span> 
     </span>
    </p>
   </div>
   <div class='ocr_carea' id='block_1_8' title="bbox 397 937 2048 1002">
    <p class='ocr_par' dir='ltr' id='par_1_8' title="bbox 397 937 2048 1002">
     <span class='ocr_line' id='line_1_8' title="bbox 397 937 2048 1002; baseline 0.007 -12"><span class='ocrx_word' id='word_1_37' title='bbox 397 937 537 992; x_wconf 91' lang='lat' dir='ltr'>tiam</span> <span class='ocrx_word' id='word_1_38' title='bbox 571 954 740 992; x_wconf 90' lang='lat' dir='ltr'>suam</span> <span class='ocrx_word' id='word_1_39' title='bbox 773 938 845 994; x_wconf 90' lang='lat' dir='ltr'>de</span> <span class='ocrx_word' id='word_1_40' title='bbox 877 941 995 996; x_wconf 91' lang='lat' dir='ltr'>Deo</span> <span class='ocrx_word' id='word_1_41' title='bbox 1029 947 1088 996; x_wconf 90' lang='lat' dir='ltr'>et</span> <span class='ocrx_word' id='word_1_42' title='bbox 1115 944 1417 999; x_wconf 83' lang='lat' dir='ltr'>creatione</span> <span class='ocrx_word' id='word_1_43' title='bbox 1450 945 1658 1000; x_wconf 91' lang='lat' dir='ltr'>mundi</span> <span class='ocrx_word' id='word_1_44' title='bbox 1691 962 1762 1001; x_wconf 90' lang='lat' dir='ltr'>ex</span> <span class='ocrx_word' id='word_1_45' title='bbox 1779 947 2048 1002; x_wconf 88' lang='lat' dir='ltr'>Mosaicis</span> 
     </span>
    </p>
   </div>
   <div class='ocr_carea' id='block_1_9' title="bbox 399 1026 2047 1110">
    <p class='ocr_par' dir='ltr' id='par_1_9' title="bbox 399 1026 2047 1110">
     <span class='ocr_line' id='line_1_9' title="bbox 399 1026 2047 1110; baseline 0.005 -31"><span class='ocrx_word' id='word_1_46' title='bbox 399 1026 636 1097; x_wconf 87' lang='lat' dir='ltr'>scriptis</span> <span class='ocrx_word' id='word_1_47' title='bbox 678 1029 1004 1086; x_wconf 81' lang='lat' dir='ltr'>suﬂ&#39;uratus</span> <span class='ocrx_word' id='word_1_48' title='bbox 1062 1038 1238 1088; x_wconf 82' lang='lat' dir='ltr'>esset.</span> <span class='ocrx_word' id='word_1_49' title='bbox 1299 1033 1446 1088; x_wconf 86' lang='lat' dir='ltr'>Hinc</span> <span class='ocrx_word' id='word_1_50' title='bbox 1503 1035 1621 1089; x_wconf 87' lang='lat' dir='ltr'>ait;</span> <span class='ocrx_word' id='word_1_51' title='bbox 1676 1034 1744 1090; x_wconf 86' lang='grc' dir='ltr'>Τί</span> <span class='ocrx_word' id='word_1_52' title='bbox 1787 1033 1888 1110; x_wconf 84' lang='grc' dir='ltr'>γάρ</span> <span class='ocrx_word' id='word_1_53' title='bbox 1935 1032 2047 1088; x_wconf 85' lang='grc' dir='ltr'><strong>ἐστι</strong></span> 
     </span>
    </p>
   </div>
   <div class='ocr_carea' id='block_1_10' title="bbox 398 1111 2049 1193">
    <p class='ocr_par' dir='ltr' id='par_1_10' title="bbox 398 1111 2049 1193">
     <span class='ocr_line' id='line_1_10' title="bbox 398 1111 2049 1193; baseline 0.008 -26"><span class='ocrx_word' id='word_1_54' title='bbox 398 1111 653 1184; x_wconf 61' lang='grc' dir='ltr'>Πλάτων,</span> <span class='ocrx_word' id='word_1_55' title='bbox 685 1113 721 1184; x_wconf 75' lang='grc' dir='ltr'>ἥ</span> <span class='ocrx_word' id='word_1_56' title='bbox 756 1122 994 1187; x_wconf 80' lang='grc' dir='ltr'>Μωτσῆς</span> <span class='ocrx_word' id='word_1_57' title='bbox 1026 1120 1381 1191; x_wconf 82' lang='grc' dir='ltr'>Ἀττικίζων;</span> <span class='ocrx_word' id='word_1_58' title='bbox 1417 1125 1562 1189; x_wconf 81' lang='lat' dir='ltr'>Quid</span> <span class='ocrx_word' id='word_1_59' title='bbox 1588 1130 1668 1180; x_wconf 90' lang='lat' dir='ltr'>est</span> <span class='ocrx_word' id='word_1_60' title='bbox 1713 1127 1894 1193; x_wconf 84' lang='lat' dir='ltr'>Plato,</span> <span class='ocrx_word' id='word_1_61' title='bbox 1939 1129 2049 1183; x_wconf 83' lang='lat' dir='ltr'>nisi</span> 
     </span>
    </p>
   </div>
   <div class='ocr_carea' id='block_1_11' title="bbox 393 1207 956 1264">
    <p class='ocr_par' dir='ltr' id='par_1_11' title="bbox 393 1207 956 1264">
     <span class='ocr_line' id='line_1_11' title="bbox 393 1207 956 1264; baseline 0.007 -4"><span class='ocrx_word' id='word_1_62' title='bbox 393 1207 562 1260; x_wconf 85' lang='lat' dir='ltr'>Moses</span> <span class='ocrx_word' id='word_1_63' title='bbox 590 1208 901 1263; x_wconf 81' lang='lat' dir='ltr'>atticissans</span> <span class='ocrx_word' id='word_1_64' title='bbox 929 1209 956 1264; x_wconf 76' lang='lat'>‘2</span> 
     </span>
    </p>
   </div>
   <div class='ocr_carea' id='block_1_12' title="bbox 466 1297 2046 1376">
    <p class='ocr_par' dir='ltr' id='par_1_12' title="bbox 466 1297 2046 1376">
     <span class='ocr_line' id='line_1_12' title="bbox 466 1297 2046 1376; baseline 0.006 -27"><span class='ocrx_word' id='word_1_65' title='bbox 466 1297 813 1362; x_wconf 87' lang='lat' dir='ltr'>Numenius,</span> <span class='ocrx_word' id='word_1_66' title='bbox 846 1299 1068 1368; x_wconf 89' lang='lat' dir='ltr'>rhetor,</span> <span class='ocrx_word' id='word_1_67' title='bbox 1093 1302 1332 1373; x_wconf 82' lang='lat' dir='ltr'>scripsit</span> <span class='ocrx_word' id='word_1_68' title='bbox 1354 1325 1381 1353; x_wconf 92' lang='grc'>‹‹</span> <span class='ocrx_word' id='word_1_69' title='bbox 1410 1304 1490 1358; x_wconf 92' lang='lat' dir='ltr'>De</span> <span class='ocrx_word' id='word_1_70' title='bbox 1514 1303 1718 1376; x_wconf 89' lang='lat' dir='ltr'>ﬁguris</span> <span class='ocrx_word' id='word_1_71' title='bbox 1744 1303 2046 1371; x_wconf 86' lang='lat' dir='ltr'>dictionis,</span> 
     </span>
    </p>
   </div>
   <div class='ocr_carea' id='block_1_13' title="bbox 391 1387 2043 1462">
    <p class='ocr_par' dir='ltr' id='par_1_13' title="bbox 391 1387 2043 1462">
     <span class='ocr_line' id='line_1_13' title="bbox 391 1387 2043 1462; baseline 0.006 -22"><span class='ocrx_word' id='word_1_72' title='bbox 391 1407 419 1434; x_wconf 77' lang='grc' dir='ltr'>α</span> <span class='ocrx_word' id='word_1_73' title='bbox 451 1387 816 1458; x_wconf 79' lang='lat' dir='ltr'>Argumenta</span> <span class='ocrx_word' id='word_1_74' title='bbox 844 1390 904 1444; x_wconf 92' lang='lat' dir='ltr'>in</span> <span class='ocrx_word' id='word_1_75' title='bbox 936 1391 1420 1462; x_wconf 86' lang='lat' dir='ltr'>Demosthenem,</span> <span class='ocrx_word' id='word_1_76' title='bbox 1453 1393 1764 1450; x_wconf 89' lang='lat' dir='ltr'>Chriarum</span> <span class='ocrx_word' id='word_1_77' title='bbox 1821 1395 2043 1450; x_wconf 89' lang='lat' dir='ltr'>Collec-</span> 
     </span>
    </p>
   </div>
   <div class='ocr_carea' id='block_1_14' title="bbox 389 1475 2048 1557">
    <p class='ocr_par' dir='ltr' id='par_1_14' title="bbox 389 1475 2048 1557">
     <span class='ocr_line' id='line_1_14' title="bbox 389 1475 2048 1557; baseline 0.005 -27"><span class='ocrx_word' id='word_1_78' title='bbox 389 1495 416 1523; x_wconf 85' lang='grc'>‹‹</span> <span class='ocrx_word' id='word_1_79' title='bbox 440 1475 684 1545; x_wconf 88' lang='lat' dir='ltr'>tionem,</span> <span class='ocrx_word' id='word_1_80' title='bbox 710 1479 1188 1537; x_wconf 88' lang='lat' dir='ltr'>Consolationem</span> <span class='ocrx_word' id='word_1_81' title='bbox 1210 1483 1283 1538; x_wconf 92' lang='lat' dir='ltr'>ad</span> <span class='ocrx_word' id='word_1_82' title='bbox 1317 1483 1678 1540; x_wconf 83' lang='lat' dir='ltr'>Hadrianum</span> <span class='ocrx_word' id='word_1_83' title='bbox 1698 1486 1844 1556; x_wconf 89' lang='lat' dir='ltr'>imp.</span> <span class='ocrx_word' id='word_1_84' title='bbox 1869 1501 2048 1557; x_wconf 90' lang='lat' dir='ltr'>super</span> 
     </span>
    </p>
   </div>
   <div class='ocr_carea' id='block_1_15' title="bbox 393 1569 1008 1627">
    <p class='ocr_par' dir='ltr' id='par_1_15' title="bbox 393 1569 1008 1627">
     <span class='ocr_line' id='line_1_15' title="bbox 393 1569 1008 1627; baseline 0.015 -9"><span class='ocrx_word' id='word_1_85' title='bbox 393 1588 413 1612; x_wconf 85' lang='lat'><strong>-</strong></span> <span class='ocrx_word' id='word_1_86' title='bbox 457 1573 648 1622; x_wconf 88' lang='lat' dir='ltr'>morte</span> <span class='ocrx_word' id='word_1_87' title='bbox 677 1569 922 1625; x_wconf 87' lang='lat' dir='ltr'>Antinoi</span> <span class='ocrx_word' id='word_1_88' title='bbox 957 1591 1008 1627; x_wconf 70' lang='grc' dir='ltr'>ν.</span> 
     </span>
    </p>
   </div>
   <div class='ocr_carea' id='block_1_16' title="bbox 461 1656 2041 1734">
    <p class='ocr_par' dir='ltr' id='par_1_16' title="bbox 461 1656 2041 1734">
     <span class='ocr_line' id='line_1_16' title="bbox 461 1656 2041 1734; baseline 0.009 -25"><span class='ocrx_word' id='word_1_89' title='bbox 461 1656 770 1727; x_wconf 86' lang='lat' dir='ltr'>Nymphis,</span> <span class='ocrx_word' id='word_1_90' title='bbox 802 1660 1128 1732; x_wconf 70' lang='lat' dir='ltr'>Xenagoraa</span> <span class='ocrx_word' id='word_1_91' title='bbox 1162 1665 1245 1732; x_wconf 88' lang='lat' dir='ltr'>F.,</span> <span class='ocrx_word' id='word_1_92' title='bbox 1292 1665 1691 1732; x_wconf 84' lang='lat' dir='ltr'>Heracleotes,</span> <span class='ocrx_word' id='word_1_93' title='bbox 1739 1669 2041 1734; x_wconf 87' lang='lat' dir='ltr'>Ponticus,</span> 
     </span>
    </p>
   </div>
   <div class='ocr_carea' id='block_1_17' title="bbox 390 1743 2044 1828">
    <p class='ocr_par' dir='ltr' id='par_1_17' title="bbox 390 1743 2044 1828">
     <span class='ocr_line' id='line_1_17' title="bbox 390 1743 2044 1828; baseline 0.009 -30"><span class='ocrx_word' id='word_1_94' title='bbox 390 1743 731 1802; x_wconf 89' lang='lat' dir='ltr'>historicus.</span> <span class='ocrx_word' id='word_1_95' title='bbox 757 1749 1006 1821; x_wconf 88' lang='lat' dir='ltr'>Scripsit</span> <span class='ocrx_word' id='word_1_96' title='bbox 1025 1751 1098 1806; x_wconf 91' lang='lat' dir='ltr'>de</span> <span class='ocrx_word' id='word_1_97' title='bbox 1115 1753 1452 1810; x_wconf 85' lang='lat' dir='ltr'>Alexandro</span> <span class='ocrx_word' id='word_1_98' title='bbox 1477 1755 1724 1828; x_wconf 88' lang='lat' dir='ltr'>ejusque</span> <span class='ocrx_word' id='word_1_99' title='bbox 1740 1774 2044 1813; x_wconf 89' lang='lat' dir='ltr'>successo-</span> 
     </span>
    </p>
   </div>
   <div class='ocr_carea' id='block_1_18' title="bbox 386 1833 2042 1917">
    <p class='ocr_par' dir='ltr' id='par_1_18' title="bbox 386 1833 2042 1917">
     <span class='ocr_line' id='line_1_18' title="bbox 386 1833 2042 1917; baseline 0.009 -30"><span class='ocrx_word' id='word_1_100' title='bbox 386 1833 552 1889; x_wconf 89' lang='lat' dir='ltr'>ribus</span> <span class='ocrx_word' id='word_1_101' title='bbox 586 1842 644 1890; x_wconf 91' lang='lat' dir='ltr'>et</span> <span class='ocrx_word' id='word_1_102' title='bbox 676 1837 966 1910; x_wconf 88' lang='lat' dir='ltr'>epigonis,</span> <span class='ocrx_word' id='word_1_103' title='bbox 997 1841 1118 1896; x_wconf 87' lang='lat' dir='ltr'>sive</span> <span class='ocrx_word' id='word_1_104' title='bbox 1149 1859 1560 1900; x_wconf 88' lang='lat' dir='ltr'>successorum</span> <span class='ocrx_word' id='word_1_105' title='bbox 1587 1847 2042 1917; x_wconf 88' lang='lat' dir='ltr'>posterislibros</span> 
     </span>
    </p>
   </div>
   <div class='ocr_carea' id='block_1_19' title="bbox 383 1921 2122 2025">
    <p class='ocr_par' dir='ltr' id='par_1_19' title="bbox 383 1921 2122 2025">
     <span class='ocr_line' id='line_1_19' title="bbox 383 1921 2122 2025; baseline 0.009 -48"><span class='ocrx_word' id='word_1_106' title='bbox 383 1921 575 1980; x_wconf 85' lang='lat' dir='ltr'><strong>XXIV.</strong></span> <span class='ocrx_word' id='word_1_107' title='bbox 603 1927 683 1981; x_wconf 92' lang='lat' dir='ltr'>De</span> <span class='ocrx_word' id='word_1_108' title='bbox 716 1928 999 1985; x_wconf 88' lang='lat' dir='ltr'>Heraclea</span> <span class='ocrx_word' id='word_1_109' title='bbox 1027 1930 1214 1988; x_wconf 90' lang='lat' dir='ltr'>libros</span> <span class='ocrx_word' id='word_1_110' title='bbox 1244 1935 1396 1990; x_wconf 81' lang='lat' dir='ltr'>XIII.</span> <span class='ocrx_word' id='word_1_111' title='bbox 1429 1935 1702 1991; x_wconf 88' lang='lat' dir='ltr'>Continet</span> <span class='ocrx_word' id='word_1_112' title='bbox 1726 1943 1925 1992; x_wconf 91' lang='lat' dir='ltr'>autem</span> <span class='ocrx_word' id='word_1_113' title='bbox 1947 1954 2042 1991; x_wconf 91' lang='lat' dir='ltr'>res</span> <span class='ocrx_word' id='word_1_114' title='bbox 2075 1959 2122 2025; x_wconf 78' lang='grc' dir='ltr'><strong>Β</strong></span> 
     </span>
    </p>
   </div>
   <div class='ocr_carea' id='block_1_20' title="bbox 382 2019 2046 2096">
    <p class='ocr_par' dir='ltr' id='par_1_20' title="bbox 382 2019 2046 2096">
     <span class='ocr_line' id='line_1_20' title="bbox 382 2019 2046 2096; baseline 0.008 -29"><span class='ocrx_word' id='word_1_115' title='bbox 382 2020 579 2085; x_wconf 84' lang='lat' dir='ltr'>gestas</span> <span class='ocrx_word' id='word_1_116' title='bbox 597 2022 732 2087; x_wconf 90' lang='lat' dir='ltr'>post</span> <span class='ocrx_word' id='word_1_117' title='bbox 755 2019 1060 2090; x_wconf 88' lang='lat' dir='ltr'>epigonos,</span> <span class='ocrx_word' id='word_1_118' title='bbox 1090 2039 1278 2092; x_wconf 91' lang='lat' dir='ltr'>usque</span> <span class='ocrx_word' id='word_1_119' title='bbox 1291 2023 1365 2078; x_wconf 89' lang='lat' dir='ltr'>ad</span> <span class='ocrx_word' id='word_1_120' title='bbox 1388 2030 1778 2096; x_wconf 81' lang='lat' dir='ltr'>tyrannorum</span> <span class='ocrx_word' id='word_1_121' title='bbox 1793 2027 2046 2082; x_wconf 88' lang='lat' dir='ltr'>eversio-</span> 
     </span>
    </p>
   </div>
   <div class='ocr_carea' id='block_1_21' title="bbox 383 2109 2042 2178">
    <p class='ocr_par' dir='ltr' id='par_1_21' title="bbox 383 2109 2042 2178">
     <span class='ocr_line' id='line_1_21' title="bbox 383 2109 2042 2178; baseline 0.009 -21"><span class='ocrx_word' id='word_1_122' title='bbox 383 2119 525 2159; x_wconf 89' lang='lat' dir='ltr'>nem</span> <span class='ocrx_word' id='word_1_123' title='bbox 558 2111 616 2160; x_wconf 90' lang='lat' dir='ltr'>et</span> <span class='ocrx_word' id='word_1_124' title='bbox 643 2121 834 2178; x_wconf 88' lang='lat' dir='ltr'>usque</span> <span class='ocrx_word' id='word_1_125' title='bbox 865 2109 942 2164; x_wconf 90' lang='lat' dir='ltr'>ad</span> <span class='ocrx_word' id='word_1_126' title='bbox 972 2111 1215 2166; x_wconf 90' lang='lat' dir='ltr'>tertium</span> <span class='ocrx_word' id='word_1_127' title='bbox 1249 2113 1658 2170; x_wconf 74' lang='lat' dir='ltr'>Ptolemaaum.</span> <span class='ocrx_word' id='word_1_128' title='bbox 1692 2116 1856 2171; x_wconf 91' lang='lat' dir='ltr'>Conf.</span> <span class='ocrx_word' id='word_1_129' title='bbox 1893 2118 2042 2172; x_wconf 89' lang='lat' dir='ltr'>Kus-</span> 
     </span>
    </p>
   </div>
   <div class='ocr_carea' id='block_1_22' title="bbox 385 2193 1348 2271">
    <p class='ocr_par' dir='ltr' id='par_1_22' title="bbox 385 2193 1348 2271">
     <span class='ocr_line' id='line_1_22' title="bbox 385 2193 1348 2271; baseline 0.012 -25"><span class='ocrx_word' id='word_1_130' title='bbox 385 2193 496 2247; x_wconf 88' lang='lat' dir='ltr'>teri</span> <span class='ocrx_word' id='word_1_131' title='bbox 532 2201 655 2250; x_wconf 93' lang='lat' dir='ltr'>not.</span> <span class='ocrx_word' id='word_1_132' title='bbox 689 2197 744 2266; x_wconf 93' lang='lat'>8,</span> <span class='ocrx_word' id='word_1_133' title='bbox 779 2202 917 2252; x_wconf 90' lang='lat' dir='ltr'>tom.</span> <span class='ocrx_word' id='word_1_134' title='bbox 952 2199 1023 2262; x_wconf 90' lang='lat' dir='ltr'>II,</span> <span class='ocrx_word' id='word_1_135' title='bbox 1059 2217 1190 2271; x_wconf 71' lang='lat' dir='ltr'>pag.</span> <span class='ocrx_word' id='word_1_136' title='bbox 1219 2203 1348 2258; x_wconf 86' lang='lat'>639.</span> 
     </span>
    </p>
   </div>
   <div class='ocr_carea' id='block_1_23' title="bbox 457 2283 2046 2364">
    <p class='ocr_par' dir='ltr' id='par_1_23' title="bbox 457 2283 2046 2364">
     <span class='ocr_line' id='line_1_23' title="bbox 457 2283 2046 2364; baseline 0.009 -26"><span class='ocrx_word' id='word_1_137' title='bbox 457 2285 566 2338; x_wconf 78' lang='grc' dir='ltr'>Νῦν</span> <span class='ocrx_word' id='word_1_138' title='bbox 601 2283 909 2355; x_wconf 79' lang='grc' dir='ltr'>εὐπλόηκα,</span> <span class='ocrx_word' id='word_1_139' title='bbox 944 2285 1034 2342; x_wconf 80' lang='grc' dir='ltr'>ὅτε</span> <span class='ocrx_word' id='word_1_140' title='bbox 1081 2309 1436 2364; x_wconf 83' lang='grc' dir='ltr'>νεναυτγηκα,</span> <span class='ocrx_word' id='word_1_141' title='bbox 1482 2311 1626 2350; x_wconf 87' lang='lat' dir='ltr'>nunc</span> <span class='ocrx_word' id='word_1_142' title='bbox 1669 2297 1906 2351; x_wconf 86' lang='lat' dir='ltr'>secunda</span> <span class='ocrx_word' id='word_1_143' title='bbox 1949 2313 2046 2350; x_wconf 88' lang='lat' dir='ltr'>na-</span> 
     </span>
    </p>
   </div>
   <div class='ocr_carea' id='block_1_24' title="bbox 382 2373 2044 2454">
    <p class='ocr_par' dir='ltr' id='par_1_24' title="bbox 382 2373 2044 2454">
     <span class='ocr_line' id='line_1_24' title="bbox 382 2373 2044 2454; baseline 0.009 -28"><span class='ocrx_word' id='word_1_144' title='bbox 382 2373 664 2441; x_wconf 79' lang='lat' dir='ltr'>vigatione</span> <span class='ocrx_word' id='word_1_145' title='bbox 715 2391 842 2432; x_wconf 86' lang='lat' dir='ltr'>usus</span> <span class='ocrx_word' id='word_1_146' title='bbox 894 2393 1034 2446; x_wconf 89' lang='lat' dir='ltr'>sum,</span> <span class='ocrx_word' id='word_1_147' title='bbox 1091 2397 1214 2435; x_wconf 90' lang='lat' dir='ltr'>cum</span> <span class='ocrx_word' id='word_1_148' title='bbox 1265 2385 1628 2453; x_wconf 79' lang='lat' dir='ltr'>naufragium</span> <span class='ocrx_word' id='word_1_149' title='bbox 1678 2385 1810 2454; x_wconf 78' lang='lat' dir='ltr'>feci.</span> <span class='ocrx_word' id='word_1_150' title='bbox 1868 2387 2044 2454; x_wconf 85' lang='lat' dir='ltr'>Zeno,</span> 
     </span>
    </p>
   </div>
   <div class='ocr_carea' id='block_1_25' title="bbox 385 2461 2044 2548">
    <p class='ocr_par' dir='ltr' id='par_1_25' title="bbox 385 2461 2044 2548">
     <span class='ocr_line' id='line_1_25' title="bbox 385 2461 2044 2548; baseline 0.009 -33"><span class='ocrx_word' id='word_1_151' title='bbox 385 2461 658 2532; x_wconf 89' lang='lat' dir='ltr'>Cittieus,</span> <span class='ocrx_word' id='word_1_152' title='bbox 691 2465 851 2521; x_wconf 90' lang='lat' dir='ltr'>dicto</span> <span class='ocrx_word' id='word_1_153' title='bbox 884 2468 996 2523; x_wconf 89' lang='lat' dir='ltr'>hoc</span> <span class='ocrx_word' id='word_1_154' title='bbox 1027 2486 1172 2525; x_wconf 90' lang='lat' dir='ltr'>usus</span> <span class='ocrx_word' id='word_1_155' title='bbox 1194 2477 1303 2536; x_wconf 88' lang='lat' dir='ltr'>est,</span> <span class='ocrx_word' id='word_1_156' title='bbox 1328 2479 1644 2544; x_wconf 85' lang='lat' dir='ltr'>postquam</span> <span class='ocrx_word' id='word_1_157' title='bbox 1668 2477 2044 2548; x_wconf 79' lang='lat' dir='ltr'>naufragium</span> 
     </span>
    </p>
   </div>
   <div class='ocr_carea' id='block_1_26' title="bbox 383 2552 2048 2636">
    <p class='ocr_par' dir='ltr' id='par_1_26' title="bbox 383 2552 2048 2636">
     <span class='ocr_line' id='line_1_26' title="bbox 383 2552 2048 2636; baseline 0.008 -29"><span class='ocrx_word' id='word_1_158' title='bbox 383 2552 643 2623; x_wconf 84' lang='lat' dir='ltr'>fecisset,</span> <span class='ocrx_word' id='word_1_159' title='bbox 668 2560 754 2611; x_wconf 91' lang='lat' dir='ltr'>et:</span> <span class='ocrx_word' id='word_1_160' title='bbox 773 2559 916 2612; x_wconf 85' lang='lat' dir='ltr'>Bene</span> <span class='ocrx_word' id='word_1_161' title='bbox 935 2562 1075 2627; x_wconf 77' lang='lat' dir='ltr'>facit</span> <span class='ocrx_word' id='word_1_162' title='bbox 1092 2563 1346 2629; x_wconf 85' lang='lat' dir='ltr'>fortuna,</span> <span class='ocrx_word' id='word_1_163' title='bbox 1377 2564 1527 2632; x_wconf 88' lang='lat' dir='ltr'>quod</span> <span class='ocrx_word' id='word_1_164' title='bbox 1554 2580 1666 2618; x_wconf 87' lang='lat' dir='ltr'>non</span> <span class='ocrx_word' id='word_1_165' title='bbox 1695 2567 1770 2620; x_wconf 88' lang='lat' dir='ltr'>ad</span> <span class='ocrx_word' id='word_1_166' title='bbox 1795 2566 2048 2636; x_wconf 86' lang='lat' dir='ltr'>philoso-</span> 
     </span>
    </p>
   </div>
   <div class='ocr_carea' id='block_1_27' title="bbox 381 2642 2046 2726">
    <p class='ocr_par' dir='ltr' id='par_1_27' title="bbox 381 2642 2046 2726">
     <span class='ocr_line' id='line_1_27' title="bbox 381 2642 2046 2726; baseline 0.008 -30"><span class='ocrx_word' id='word_1_167' title='bbox 381 2642 579 2712; x_wconf 81' lang='lat' dir='ltr'>phiam</span> <span class='ocrx_word' id='word_1_168' title='bbox 599 2646 911 2715; x_wconf 79' lang='lat' dir='ltr'>compellat.</span> <span class='ocrx_word' id='word_1_169' title='bbox 939 2651 1144 2720; x_wconf 84' lang='lat' dir='ltr'>Itaque</span> <span class='ocrx_word' id='word_1_170' title='bbox 1171 2651 1396 2706; x_wconf 86' lang='lat' dir='ltr'>relictis</span> <span class='ocrx_word' id='word_1_171' title='bbox 1413 2653 1712 2723; x_wconf 89' lang='lat' dir='ltr'>prioribus</span> <span class='ocrx_word' id='word_1_172' title='bbox 1729 2660 2046 2726; x_wconf 63' lang='lat' dir='ltr'>praecepto-</span> 
     </span>
    </p>
   </div>
   <div class='ocr_carea' id='block_1_28' title="bbox 388 2731 2044 2814">
    <p class='ocr_par' dir='ltr' id='par_1_28' title="bbox 388 2731 2044 2814">
     <span class='ocr_line' id='line_1_28' title="bbox 388 2731 2044 2814; baseline 0.007 -29"><span class='ocrx_word' id='word_1_173' title='bbox 388 2731 576 2794; x_wconf 88' lang='lat' dir='ltr'>ribus,</span> <span class='ocrx_word' id='word_1_174' title='bbox 620 2735 868 2790; x_wconf 88' lang='lat' dir='ltr'>Cratetis</span> <span class='ocrx_word' id='word_1_175' title='bbox 899 2736 1089 2792; x_wconf 87' lang='lat' dir='ltr'>factus</span> <span class='ocrx_word' id='word_1_176' title='bbox 1120 2747 1210 2794; x_wconf 87' lang='lat' dir='ltr'>est</span> <span class='ocrx_word' id='word_1_177' title='bbox 1257 2740 1608 2812; x_wconf 90' lang='lat' dir='ltr'>discipulus,</span> <span class='ocrx_word' id='word_1_178' title='bbox 1657 2742 2044 2814; x_wconf 90' lang='lat' dir='ltr'>animumque</span> 
     </span>
    </p>
   </div>
   <div class='ocr_carea' id='block_1_29' title="bbox 392 2821 1221 2899">
    <p class='ocr_par' dir='ltr' id='par_1_29' title="bbox 392 2821 1221 2899">
     <span class='ocr_line' id='line_1_29' title="bbox 392 2821 1221 2899; baseline 0.008 -24"><span class='ocrx_word' id='word_1_179' title='bbox 392 2821 468 2876; x_wconf 89' lang='lat' dir='ltr'>ad</span> <span class='ocrx_word' id='word_1_180' title='bbox 499 2822 938 2895; x_wconf 87' lang='lat' dir='ltr'>philosophiam</span> <span class='ocrx_word' id='word_1_181' title='bbox 971 2827 1221 2899; x_wconf 87' lang='lat' dir='ltr'>appulit.</span> 
     </span>
    </p>
   </div>
   <div class='ocr_carea' id='block_1_30' title="bbox 461 2913 2042 2991">
    <p class='ocr_par' dir='ltr' id='par_1_30' title="bbox 461 2913 2042 2991">
     <span class='ocr_line' id='line_1_30' title="bbox 461 2913 2042 2991; baseline 0.006 -25"><span class='ocrx_word' id='word_1_182' title='bbox 461 2913 637 2983; x_wconf 86' lang='lat' dir='ltr'>Nysia</span> <span class='ocrx_word' id='word_1_183' title='bbox 668 2913 906 2970; x_wconf 87' lang='lat' dir='ltr'>saltatio</span> <span class='ocrx_word' id='word_1_184' title='bbox 939 2922 1030 2971; x_wconf 87' lang='lat' dir='ltr'>est</span> <span class='ocrx_word' id='word_1_185' title='bbox 1058 2917 1267 2973; x_wconf 88' lang='lat' dir='ltr'>eadem</span> <span class='ocrx_word' id='word_1_186' title='bbox 1290 2935 1359 2974; x_wconf 92' lang='lat' dir='ltr'>ac</span> <span class='ocrx_word' id='word_1_187' title='bbox 1386 2919 1796 2991; x_wconf 88' lang='lat' dir='ltr'>Berecynthia,</span> <span class='ocrx_word' id='word_1_188' title='bbox 1815 2921 2042 2976; x_wconf 90' lang='lat' dir='ltr'>Baccho</span> 
     </span>
    </p>
   </div>
   <div class='ocr_carea' id='block_1_31' title="bbox 389 3003 2045 3081">
    <p class='ocr_par' dir='ltr' id='par_1_31' title="bbox 389 3003 2045 3081">
     <span class='ocr_line' id='line_1_31' title="bbox 389 3003 2045 3081; baseline 0.007 -26"><span class='ocrx_word' id='word_1_189' title='bbox 389 3017 577 3056; x_wconf 87' lang='lat' dir='ltr'>sacra.</span> <span class='ocrx_word' id='word_1_190' title='bbox 613 3003 1020 3076; x_wconf 83' lang='lat' dir='ltr'>Berecynthus</span> <span class='ocrx_word' id='word_1_191' title='bbox 1053 3007 1212 3062; x_wconf 90' lang='lat' dir='ltr'>enim</span> <span class='ocrx_word' id='word_1_192' title='bbox 1245 3008 1304 3062; x_wconf 91' lang='lat' dir='ltr'>in</span> <span class='ocrx_word' id='word_1_193' title='bbox 1335 3009 1514 3081; x_wconf 89' lang='lat' dir='ltr'>Nysia</span> <span class='ocrx_word' id='word_1_194' title='bbox 1544 3011 1656 3064; x_wconf 88' lang='lat' dir='ltr'>sita</span> <span class='ocrx_word' id='word_1_195' title='bbox 1683 3015 1790 3066; x_wconf 86' lang='lat' dir='ltr'>est.</span> <span class='ocrx_word' id='word_1_196' title='bbox 1814 3012 1901 3066; x_wconf 88' lang='lat' dir='ltr'>Ita</span> <span class='ocrx_word' id='word_1_197' title='bbox 1927 3011 2045 3066; x_wconf 90' lang='lat' dir='ltr'>alia</span> 
     </span>
    </p>
   </div>
   <div class='ocr_carea' id='block_1_32' title="bbox 387 3088 2047 3164">
    <p class='ocr_par' dir='ltr' id='par_1_32' title="bbox 387 3088 2047 3164">
     <span class='ocr_line' id='line_1_32' title="bbox 387 3088 2047 3164; baseline 0.007 -21"><span class='ocrx_word' id='word_1_198' title='bbox 387 3088 608 3144; x_wconf 87' lang='lat' dir='ltr'>dicitur</span> <span class='ocrx_word' id='word_1_199' title='bbox 653 3092 902 3160; x_wconf 90' lang='lat' dir='ltr'>Cretica,</span> <span class='ocrx_word' id='word_1_200' title='bbox 951 3095 1071 3149; x_wconf 86' lang='lat' dir='ltr'>sive</span> <span class='ocrx_word' id='word_1_201' title='bbox 1121 3097 1404 3164; x_wconf 88' lang='lat' dir='ltr'>Gnossia;</span> <span class='ocrx_word' id='word_1_202' title='bbox 1453 3113 1594 3153; x_wconf 89' lang='lat' dir='ltr'>nam</span> <span class='ocrx_word' id='word_1_203' title='bbox 1643 3099 1906 3154; x_wconf 89' lang='lat' dir='ltr'>Gnossus</span> <span class='ocrx_word' id='word_1_204' title='bbox 1956 3104 2047 3154; x_wconf 89' lang='lat' dir='ltr'>est</span> 
     </span>
    </p>
   </div>
   <div class='ocr_carea' id='block_1_33' title="bbox 386 3179 911 3254">
    <p class='ocr_par' dir='ltr' id='par_1_33' title="bbox 386 3179 911 3254">
     <span class='ocr_line' id='line_1_33' title="bbox 386 3179 911 3254; baseline 0.01 -21"><span class='ocrx_word' id='word_1_205' title='bbox 386 3179 529 3235; x_wconf 88' lang='lat' dir='ltr'>urbs</span> <span class='ocrx_word' id='word_1_206' title='bbox 560 3180 767 3254; x_wconf 74' lang='lat' dir='ltr'>Cretas,</span> <span class='ocrx_word' id='word_1_207' title='bbox 799 3189 911 3239; x_wconf 91' lang='lat' dir='ltr'>etc.</span> 
     </span>
    </p>
   </div>
   <div class='ocr_carea' id='block_1_34' title="bbox 1194 3277 1238 3333">
    <p class='ocr_par' dir='ltr' id='par_1_34' title="bbox 1194 3277 1238 3333">
     <span class='ocr_line' id='line_1_34' title="bbox 1194 3277 1238 3333; baseline 0 0"><span class='ocrx_word' id='word_1_208' title='bbox 1194 3277 1238 3333; x_wconf 93' lang='grc' dir='ltr'>Ο</span> 
     </span>
    </p>
   </div>
   <div class='ocr_carea' id='block_1_35' title="bbox 453 3353 2038 3443">
    <p class='ocr_par' dir='ltr' id='par_1_35' title="bbox 453 3353 2038 3443">
     <span class='ocr_line' id='line_1_35' title="bbox 453 3353 2038 3443; baseline 0.01 -32"><span class='ocrx_word' id='word_1_209' title='bbox 453 3353 780 3432; x_wconf 78' lang='grc' dir='ltr'>Ὠϐἑλισται,</span> <span class='ocrx_word' id='word_1_210' title='bbox 812 3364 962 3419; x_wconf 85' lang='lat' dir='ltr'>obelo</span> <span class='ocrx_word' id='word_1_211' title='bbox 1000 3372 1254 3422; x_wconf 84' lang='lat' dir='ltr'>notatum</span> <span class='ocrx_word' id='word_1_212' title='bbox 1302 3376 1402 3437; x_wconf 80' lang='lat' dir='ltr'>est,</span> <span class='ocrx_word' id='word_1_213' title='bbox 1461 3370 1522 3425; x_wconf 92' lang='lat' dir='ltr'>id</span> <span class='ocrx_word' id='word_1_214' title='bbox 1580 3375 1690 3436; x_wconf 90' lang='lat' dir='ltr'>est,</span> <span class='ocrx_word' id='word_1_215' title='bbox 1748 3371 2038 3443; x_wconf 90' lang='lat' dir='ltr'>rejectum</span> 
     </span>
    </p>
   </div>
   <div class='ocr_carea' id='block_1_36' title="bbox 380 3449 2039 3530">
    <p class='ocr_par' dir='ltr' id='par_1_36' title="bbox 380 3449 2039 3530">
     <span class='ocr_line' id='line_1_36' title="bbox 380 3449 2039 3530; baseline 0.008 -28"><span class='ocrx_word' id='word_1_216' title='bbox 380 3453 491 3515; x_wconf 89' lang='lat' dir='ltr'>est,</span> <span class='ocrx_word' id='word_1_217' title='bbox 515 3449 864 3507; x_wconf 90' lang='lat' dir='ltr'>damnatum</span> <span class='ocrx_word' id='word_1_218' title='bbox 888 3459 996 3510; x_wconf 90' lang='lat' dir='ltr'>est.</span> <span class='ocrx_word' id='word_1_219' title='bbox 1022 3455 1241 3511; x_wconf 90' lang='lat' dir='ltr'>Obelus</span> <span class='ocrx_word' id='word_1_220' title='bbox 1263 3458 1447 3526; x_wconf 90' lang='lat' dir='ltr'>enim,</span> <span class='ocrx_word' id='word_1_221' title='bbox 1472 3459 1592 3515; x_wconf 85' lang='lat' dir='ltr'>sive</span> <span class='ocrx_word' id='word_1_222' title='bbox 1610 3477 1772 3530; x_wconf 91' lang='lat' dir='ltr'>veru,</span> <span class='ocrx_word' id='word_1_223' title='bbox 1789 3461 1850 3516; x_wconf 90' lang='lat' dir='ltr'>in</span> <span class='ocrx_word' id='word_1_224' title='bbox 1871 3461 2039 3516; x_wconf 89' lang='lat' dir='ltr'>libris</span> 
     </span>
    </p>
   </div>
   <div class='ocr_carea' id='block_1_37' title="bbox 380 3536 1130 3610">
    <p class='ocr_par' dir='ltr' id='par_1_37' title="bbox 380 3536 1130 3610">
     <span class='ocr_line' id='line_1_37' title="bbox 380 3536 1130 3610; baseline 0.007 -21"><span class='ocrx_word' id='word_1_225' title='bbox 380 3542 469 3590; x_wconf 89' lang='lat' dir='ltr'>est</span> <span class='ocrx_word' id='word_1_226' title='bbox 499 3536 733 3608; x_wconf 89' lang='lat' dir='ltr'>signum</span> <span class='ocrx_word' id='word_1_227' title='bbox 764 3541 1130 3610; x_wconf 87' lang='lat' dir='ltr'>rejectionis.</span> 
     </span>
    </p>
   </div>
   <div class='ocr_carea' id='block_1_38' title="bbox 450 3622 2037 3702">
    <p class='ocr_par' dir='ltr' id='par_1_38' title="bbox 450 3622 2037 3702">
     <span class='ocr_line' id='line_1_38' title="bbox 450 3622 2037 3702; baseline 0.009 -26"><span class='ocrx_word' id='word_1_228' title='bbox 450 3622 512 3677; x_wconf 90' lang='grc' dir='ltr'>Ὁ</span> <span class='ocrx_word' id='word_1_229' title='bbox 542 3623 781 3689; x_wconf 79' lang='grc' dir='ltr'>κάτωθεν</span> <span class='ocrx_word' id='word_1_230' title='bbox 810 3627 1002 3700; x_wconf 74' lang='grc' dir='ltr'>νόμος,</span> <span class='ocrx_word' id='word_1_231' title='bbox 1038 3631 1152 3685; x_wconf 87' lang='lat' dir='ltr'>Lex</span> <span class='ocrx_word' id='word_1_232' title='bbox 1181 3631 1446 3688; x_wconf 90' lang='lat' dir='ltr'>inferior.</span> <span class='ocrx_word' id='word_1_233' title='bbox 1499 3635 1946 3702; x_wconf 90' lang='lat' dir='ltr'>Demosthenes,</span> <span class='ocrx_word' id='word_1_234' title='bbox 1977 3637 2037 3691; x_wconf 88' lang='lat' dir='ltr'>in</span> 
     </span>
    </p>
   </div>
   <div class='ocr_carea' id='block_1_39' title="bbox 381 3713 2036 3781">
    <p class='ocr_par' dir='ltr' id='par_1_39' title="bbox 381 3713 2036 3781">
     <span class='ocr_line' id='line_1_39' title="bbox 381 3713 2036 3781; baseline 0.009 -14"><span class='ocrx_word' id='word_1_235' title='bbox 381 3713 659 3770; x_wconf 86' lang='lat' dir='ltr'>Oratione</span> <span class='ocrx_word' id='word_1_236' title='bbox 691 3723 901 3773; x_wconf 90' lang='lat' dir='ltr'>contra</span> <span class='ocrx_word' id='word_1_237' title='bbox 929 3719 1343 3776; x_wconf 82' lang='lat' dir='ltr'>Aristocratem</span> <span class='ocrx_word' id='word_1_238' title='bbox 1373 3724 1463 3777; x_wconf 89' lang='lat' dir='ltr'>vel</span> <span class='ocrx_word' id='word_1_239' title='bbox 1494 3725 1774 3780; x_wconf 76' lang='lat' dir='ltr'>Heliasam</span> <span class='ocrx_word' id='word_1_240' title='bbox 1815 3726 1899 3781; x_wconf 89' lang='lat' dir='ltr'>sic</span> <span class='ocrx_word' id='word_1_241' title='bbox 1930 3743 2036 3781; x_wconf 93' lang='lat' dir='ltr'>vo-</span> 
     </span>
    </p>
   </div>
   <div class='ocr_carea' id='block_1_40' title="bbox 382 3806 2034 3888">
    <p class='ocr_par' dir='ltr' id='par_1_40' title="bbox 382 3806 2034 3888">
     <span class='ocr_line' id='line_1_40' title="bbox 382 3806 2034 3888; baseline 0.01 -31"><span class='ocrx_word' id='word_1_242' title='bbox 382 3809 498 3871; x_wconf 90' lang='lat' dir='ltr'>cat,</span> <span class='ocrx_word' id='word_1_243' title='bbox 533 3806 692 3875; x_wconf 93' lang='lat' dir='ltr'>quod</span> <span class='ocrx_word' id='word_1_244' title='bbox 719 3806 1172 3865; x_wconf 89' lang='lat' dir='ltr'>dicasteriorum</span> <span class='ocrx_word' id='word_1_245' title='bbox 1207 3813 1496 3885; x_wconf 86' lang='lat' dir='ltr'>(Athenis)</span> <span class='ocrx_word' id='word_1_246' title='bbox 1540 3816 1658 3870; x_wconf 91' lang='lat' dir='ltr'>alia</span> <span class='ocrx_word' id='word_1_247' title='bbox 1705 3818 2034 3888; x_wconf 86' lang='lat' dir='ltr'>superiora,</span> 
     </span>
    </p>
   </div>
   <div class='ocr_carea' id='block_1_41' title="bbox 379 3892 2038 3969">
    <p class='ocr_par' dir='ltr' id='par_1_41' title="bbox 379 3892 2038 3969">
     <span class='ocr_line' id='line_1_41' title="bbox 379 3892 2038 3969; baseline 0.008 -23"><span class='ocrx_word' id='word_1_248' title='bbox 379 3892 498 3948; x_wconf 89' lang='lat' dir='ltr'>alia</span> <span class='ocrx_word' id='word_1_249' title='bbox 525 3894 812 3951; x_wconf 89' lang='lat' dir='ltr'>inferiora</span> <span class='ocrx_word' id='word_1_250' title='bbox 843 3898 1345 3969; x_wconf 89' lang='lat' dir='ltr'>nominarentur;</span> <span class='ocrx_word' id='word_1_251' title='bbox 1378 3904 1470 3958; x_wconf 86' lang='lat' dir='ltr'>vel</span> <span class='ocrx_word' id='word_1_252' title='bbox 1501 3903 1576 3958; x_wconf 94' lang='lat' dir='ltr'>ob</span> <span class='ocrx_word' id='word_1_253' title='bbox 1608 3906 1859 3962; x_wconf 90' lang='lat' dir='ltr'>formam</span> <span class='ocrx_word' id='word_1_254' title='bbox 1893 3907 2038 3962; x_wconf 89' lang='lat' dir='ltr'>scri-</span> 
     </span>
    </p>
   </div>
   <div class='ocr_carea' id='block_1_42' title="bbox 382 3987 2038 4060">
    <p class='ocr_par' dir='ltr' id='par_1_42' title="bbox 382 3987 2038 4060">
     <span class='ocr_line' id='line_1_42' title="bbox 382 3987 2038 4060; baseline 0.009 -25"><span class='ocrx_word' id='word_1_255' title='bbox 382 3987 592 4052; x_wconf 68' lang='lat' dir='ltr'>pturae,</span> <span class='ocrx_word' id='word_1_256' title='bbox 628 4001 746 4055; x_wconf 89' lang='lat' dir='ltr'>qua</span> <span class='ocrx_word' id='word_1_257' title='bbox 774 3987 1010 4042; x_wconf 82' lang='lat' dir='ltr'>Axones</span> <span class='ocrx_word' id='word_1_258' title='bbox 1044 3989 1246 4060; x_wconf 86' lang='lat' dir='ltr'>scripti</span> <span class='ocrx_word' id='word_1_259' title='bbox 1279 3997 1490 4060; x_wconf 88' lang='lat' dir='ltr'>erant;</span> <span class='ocrx_word' id='word_1_260' title='bbox 1541 4011 1612 4050; x_wconf 92' lang='lat' dir='ltr'>ea</span> <span class='ocrx_word' id='word_1_261' title='bbox 1661 4001 1860 4051; x_wconf 89' lang='lat' dir='ltr'>autem</span> <span class='ocrx_word' id='word_1_262' title='bbox 1901 3995 2038 4050; x_wconf 89' lang='lat' dir='ltr'>talis</span> 
     </span>
    </p>
   </div>
   <div class='ocr_carea' id='block_1_43' title="bbox 385 4075 2038 4154">
    <p class='ocr_par' dir='ltr' id='par_1_43' title="bbox 385 4075 2038 4154">
     <span class='ocr_line' id='line_1_43' title="bbox 385 4075 2038 4154; baseline 0.01 -32"><span class='ocrx_word' id='word_1_263' title='bbox 385 4075 530 4136; x_wconf 88' lang='lat' dir='ltr'>erat,</span> <span class='ocrx_word' id='word_1_264' title='bbox 562 4075 629 4125; x_wconf 93' lang='lat' dir='ltr'>ut</span> <span class='ocrx_word' id='word_1_265' title='bbox 659 4087 831 4127; x_wconf 89' lang='lat' dir='ltr'>versu</span> <span class='ocrx_word' id='word_1_266' title='bbox 865 4075 1057 4144; x_wconf 91' lang='lat' dir='ltr'>primo</span> <span class='ocrx_word' id='word_1_267' title='bbox 1087 4091 1123 4131; x_wconf 92' lang='lat' dir='ltr'>a</span> <span class='ocrx_word' id='word_1_268' title='bbox 1151 4075 1359 4133; x_wconf 87' lang='lat' dir='ltr'>dextra</span> <span class='ocrx_word' id='word_1_269' title='bbox 1387 4079 1461 4134; x_wconf 90' lang='lat' dir='ltr'>ad</span> <span class='ocrx_word' id='word_1_270' title='bbox 1495 4081 1797 4138; x_wconf 88' lang='lat' dir='ltr'>sinistram</span> <span class='ocrx_word' id='word_1_271' title='bbox 1829 4099 2038 4154; x_wconf 91' lang='lat' dir='ltr'>proce-</span> 
     </span>
    </p>
   </div>
   <div class='ocr_carea' id='block_1_44' title="bbox 384 4156 2038 4228">
    <p class='ocr_par' dir='ltr' id='par_1_44' title="bbox 384 4156 2038 4228">
     <span class='ocr_line' id='line_1_44' title="bbox 384 4156 2038 4228; baseline 0.01 -18"><span class='ocrx_word' id='word_1_272' title='bbox 384 4156 582 4226; x_wconf 90' lang='lat' dir='ltr'>dente,</span> <span class='ocrx_word' id='word_1_273' title='bbox 612 4175 816 4215; x_wconf 88' lang='lat' dir='ltr'>versus</span> <span class='ocrx_word' id='word_1_274' title='bbox 848 4163 1144 4218; x_wconf 89' lang='lat' dir='ltr'>secundus</span> <span class='ocrx_word' id='word_1_275' title='bbox 1175 4181 1210 4219; x_wconf 91' lang='lat' dir='ltr'>a</span> <span class='ocrx_word' id='word_1_276' title='bbox 1242 4167 1484 4223; x_wconf 88' lang='lat' dir='ltr'>sinistra</span> <span class='ocrx_word' id='word_1_277' title='bbox 1505 4169 1576 4224; x_wconf 93' lang='lat' dir='ltr'>ad</span> <span class='ocrx_word' id='word_1_278' title='bbox 1603 4171 1870 4226; x_wconf 84' lang='lat' dir='ltr'>dextram</span> <span class='ocrx_word' id='word_1_279' title='bbox 1893 4173 2038 4228; x_wconf 91' lang='lat' dir='ltr'>scri-</span> 
     </span>
    </p>
   </div>
   <div class='ocr_carea' id='block_1_45' title="bbox 384 4247 2038 4333">
    <p class='ocr_par' dir='ltr' id='par_1_45' title="bbox 384 4247 2038 4333">
     <span class='ocr_line' id='line_1_45' title="bbox 384 4247 2038 4333; baseline 0.01 -33"><span class='ocrx_word' id='word_1_280' title='bbox 384 4251 520 4333; x_wconf 85' lang='lat' dir='ltr'>ptus</span> <span class='ocrx_word' id='word_1_281' title='bbox 551 4254 710 4303; x_wconf 92' lang='lat' dir='ltr'>esset</span> <span class='ocrx_word' id='word_1_282' title='bbox 759 4247 1171 4326; x_wconf 82' lang='grc' dir='ltr'>βουστροφηδὸν</span> <span class='ocrx_word' id='word_1_283' title='bbox 1232 4255 1534 4312; x_wconf 88' lang='lat' dir='ltr'>sulcorum</span> <span class='ocrx_word' id='word_1_284' title='bbox 1583 4277 1786 4328; x_wconf 89' lang='lat' dir='ltr'>more;</span> <span class='ocrx_word' id='word_1_285' title='bbox 1837 4261 2038 4333; x_wconf 88' lang='lat' dir='ltr'>itaque</span> 
     </span>
    </p>
   </div>
   <div class='ocr_carea' id='block_1_46' title="bbox 381 4329 2040 4414">
    <p class='ocr_par' dir='ltr' id='par_1_46' title="bbox 381 4329 2040 4414">
     <span class='ocr_line' id='line_1_46' title="bbox 381 4329 2040 4414; baseline 0.011 -29"><span class='ocrx_word' id='word_1_286' title='bbox 381 4329 571 4404; x_wconf 91' lang='lat' dir='ltr'>legem</span> <span class='ocrx_word' id='word_1_287' title='bbox 592 4349 744 4402; x_wconf 90' lang='lat' dir='ltr'>eam,</span> <span class='ocrx_word' id='word_1_288' title='bbox 771 4352 902 4405; x_wconf 69' lang='lat' dir='ltr'>quas</span> <span class='ocrx_word' id='word_1_289' title='bbox 924 4352 958 4391; x_wconf 91' lang='lat' dir='ltr'>a</span> <span class='ocrx_word' id='word_1_290' title='bbox 979 4337 1220 4394; x_wconf 86' lang='lat' dir='ltr'>sinistra</span> <span class='ocrx_word' id='word_1_291' title='bbox 1247 4342 1476 4414; x_wconf 90' lang='lat' dir='ltr'>incipit,</span> <span class='ocrx_word' id='word_1_292' title='bbox 1499 4344 1841 4403; x_wconf 87' lang='lat' dir='ltr'>inferiorem</span> <span class='ocrx_word' id='word_1_293' title='bbox 1873 4329 2040 4404; x_wconf 74' lang='lat' dir='ltr'>vocat</span> 
     </span>
    </p>
   </div>
   <div class='ocr_carea' id='block_1_47' title="bbox 383 4420 2036 4506">
    <p class='ocr_par' dir='ltr' id='par_1_47' title="bbox 383 4420 2036 4506">
     <span class='ocr_line' id='line_1_47' title="bbox 383 4420 2036 4506; baseline 0.012 -33"><span class='ocrx_word' id='word_1_294' title='bbox 383 4420 833 4480; x_wconf 84' lang='lat' dir='ltr'>Demosthenes.</span> <span class='ocrx_word' id='word_1_295' title='bbox 865 4428 1100 4481; x_wconf 88' lang='lat' dir='ltr'>Axones</span> <span class='ocrx_word' id='word_1_296' title='bbox 1119 4428 1278 4483; x_wconf 90' lang='lat' dir='ltr'>enim</span> <span class='ocrx_word' id='word_1_297' title='bbox 1301 4435 1360 4484; x_wconf 90' lang='lat' dir='ltr'>et</span> <span class='ocrx_word' id='word_1_298' title='bbox 1378 4431 1597 4501; x_wconf 86' lang='lat' dir='ltr'>Cyrbes</span> <span class='ocrx_word' id='word_1_299' title='bbox 1620 4451 1710 4503; x_wconf 90' lang='lat' dir='ltr'>eo,</span> <span class='ocrx_word' id='word_1_300' title='bbox 1739 4453 1854 4506; x_wconf 91' lang='lat' dir='ltr'>quo</span> <span class='ocrx_word' id='word_1_301' title='bbox 1886 4438 2036 4492; x_wconf 87' lang='lat' dir='ltr'>dixi-</span> 
     </span>
    </p>
   </div>
   <div class='ocr_carea' id='block_1_48' title="bbox 389 4511 2037 4596">
    <p class='ocr_par' dir='ltr' id='par_1_48' title="bbox 389 4511 2037 4596">
     <span class='ocr_line' id='line_1_48' title="bbox 389 4511 2037 4596; baseline 0.013 -34"><span class='ocrx_word' id='word_1_302' title='bbox 389 4525 540 4573; x_wconf 90' lang='lat' dir='ltr'>mus,</span> <span class='ocrx_word' id='word_1_303' title='bbox 575 4511 750 4566; x_wconf 88' lang='lat' dir='ltr'>modo</span> <span class='ocrx_word' id='word_1_304' title='bbox 783 4514 1034 4585; x_wconf 87' lang='lat' dir='ltr'>scriptos</span> <span class='ocrx_word' id='word_1_305' title='bbox 1056 4532 1207 4584; x_wconf 91' lang='lat' dir='ltr'>esse,</span> <span class='ocrx_word' id='word_1_306' title='bbox 1232 4519 1571 4590; x_wconf 89' lang='lat' dir='ltr'>Euphorion</span> <span class='ocrx_word' id='word_1_307' title='bbox 1593 4523 1654 4578; x_wconf 93' lang='lat' dir='ltr'>in</span> <span class='ocrx_word' id='word_1_308' title='bbox 1679 4525 2037 4596; x_wconf 84' lang='lat' dir='ltr'>Apollodoro</span> 
     </span>
    </p>
   </div>
   <div class='ocr_carea' id='block_1_49' title="bbox 387 4595 2036 4682">
    <p class='ocr_par' dir='ltr' id='par_1_49' title="bbox 387 4595 2036 4682">
     <span class='ocr_line' id='line_1_49' title="bbox 387 4595 2036 4682; baseline 0.013 -32"><span class='ocrx_word' id='word_1_309' title='bbox 387 4595 606 4652; x_wconf 90' lang='lat' dir='ltr'>docuit.</span> <span class='ocrx_word' id='word_1_310' title='bbox 642 4599 744 4655; x_wconf 91' lang='lat' dir='ltr'>Vel</span> <span class='ocrx_word' id='word_1_311' title='bbox 761 4603 902 4670; x_wconf 87' lang='lat' dir='ltr'>quia</span> <span class='ocrx_word' id='word_1_312' title='bbox 923 4602 1224 4673; x_wconf 90' lang='lat' dir='ltr'>Ephialtes</span> <span class='ocrx_word' id='word_1_313' title='bbox 1243 4610 1478 4663; x_wconf 84' lang='lat' dir='ltr'>Axones</span> <span class='ocrx_word' id='word_1_314' title='bbox 1505 4595 1794 4682; x_wconf 82' lang='lat' dir='ltr'>etCyrbes</span> <span class='ocrx_word' id='word_1_315' title='bbox 1815 4631 1885 4669; x_wconf 87' lang='lat' dir='ltr'>ex</span> <span class='ocrx_word' id='word_1_316' title='bbox 1907 4615 2036 4670; x_wconf 93' lang='lat' dir='ltr'>loco</span> 
     </span>
    </p>
   </div>
   <div class='ocr_carea' id='block_1_50' title="bbox 2157 679 3810 753">
    <p class='ocr_par' dir='ltr' id='par_1_50' title="bbox 2157 679 3810 753">
     <span class='ocr_line' id='line_1_50' title="bbox 2157 679 3810 753; baseline 0.002 -21"><span class='ocrx_word' id='word_1_317' title='bbox 2157 679 2344 750; x_wconf 91' lang='lat' dir='ltr'>phum</span> <span class='ocrx_word' id='word_1_318' title='bbox 2378 697 2498 736; x_wconf 90' lang='lat' dir='ltr'>non</span> <span class='ocrx_word' id='word_1_319' title='bbox 2529 682 2600 736; x_wconf 89' lang='lat' dir='ltr'>de</span> <span class='ocrx_word' id='word_1_320' title='bbox 2642 681 3008 753; x_wconf 88' lang='lat' dir='ltr'>quibuslibet</span> <span class='ocrx_word' id='word_1_321' title='bbox 3062 680 3240 736; x_wconf 89' lang='lat' dir='ltr'>rebus</span> <span class='ocrx_word' id='word_1_322' title='bbox 3295 681 3810 752; x_wconf 83' lang='lat' dir='ltr'>interrogandum,</span> 
     </span>
    </p>
   </div>
   <div class='ocr_carea' id='block_1_51' title="bbox 2158 769 3814 842">
    <p class='ocr_par' dir='ltr' id='par_1_51' title="bbox 2158 769 3814 842">
     <span class='ocr_line' id='line_1_51' title="bbox 2158 769 3814 842; baseline 0.002 -22"><span class='ocrx_word' id='word_1_323' title='bbox 2158 783 2269 824; x_wconf 81' lang='lat' dir='ltr'>nec</span> <span class='ocrx_word' id='word_1_324' title='bbox 2299 785 2435 824; x_wconf 90' lang='lat' dir='ltr'>eum</span> <span class='ocrx_word' id='word_1_325' title='bbox 2469 772 2540 825; x_wconf 93' lang='lat' dir='ltr'>de</span> <span class='ocrx_word' id='word_1_326' title='bbox 2571 773 2774 842; x_wconf 88' lang='lat' dir='ltr'>quavis</span> <span class='ocrx_word' id='word_1_327' title='bbox 2805 788 2867 826; x_wconf 91' lang='lat' dir='ltr'>re</span> <span class='ocrx_word' id='word_1_328' title='bbox 2901 789 2969 826; x_wconf 90' lang='lat' dir='ltr'>ex</span> <span class='ocrx_word' id='word_1_329' title='bbox 2996 775 3264 842; x_wconf 89' lang='lat' dir='ltr'>tempore</span> <span class='ocrx_word' id='word_1_330' title='bbox 3312 769 3676 840; x_wconf 91' lang='lat' dir='ltr'>respondere</span> <span class='ocrx_word' id='word_1_331' title='bbox 3708 770 3814 824; x_wconf 91' lang='lat' dir='ltr'>de-</span> 
     </span>
    </p>
   </div>
   <div class='ocr_carea' id='block_1_52' title="bbox 2157 858 3812 932">
    <p class='ocr_par' dir='ltr' id='par_1_52' title="bbox 2157 858 3812 932">
     <span class='ocr_line' id='line_1_52' title="bbox 2157 858 3812 932; baseline 0.001 -20"><span class='ocrx_word' id='word_1_332' title='bbox 2157 858 2317 916; x_wconf 90' lang='lat' dir='ltr'>bere.</span> <span class='ocrx_word' id='word_1_333' title='bbox 2351 862 2416 915; x_wconf 91' lang='lat' dir='ltr'>ln</span> <span class='ocrx_word' id='word_1_334' title='bbox 2450 862 2657 932; x_wconf 86' lang='lat' dir='ltr'>primis</span> <span class='ocrx_word' id='word_1_335' title='bbox 2688 862 2932 917; x_wconf 88' lang='lat' dir='ltr'>difﬁcile</span> <span class='ocrx_word' id='word_1_336' title='bbox 2963 867 3023 915; x_wconf 91' lang='lat' dir='ltr'>et</span> <span class='ocrx_word' id='word_1_337' title='bbox 3046 867 3278 916; x_wconf 88' lang='lat' dir='ltr'>tantum</span> <span class='ocrx_word' id='word_1_338' title='bbox 3302 876 3421 914; x_wconf 92' lang='lat' dir='ltr'>non</span> <span class='ocrx_word' id='word_1_339' title='bbox 3443 860 3812 930; x_wconf 88' lang='lat' dir='ltr'>impossibile</span> 
     </span>
    </p>
   </div>
   <div class='ocr_carea' id='block_1_53' title="bbox 2159 949 3814 1024">
    <p class='ocr_par' dir='ltr' id='par_1_53' title="bbox 2159 949 3814 1024">
     <span class='ocr_line' id='line_1_53' title="bbox 2159 949 3814 1024; baseline -0.001 -20"><span class='ocrx_word' id='word_1_340' title='bbox 2159 965 2310 1018; x_wconf 88' lang='lat' dir='ltr'>esse,</span> <span class='ocrx_word' id='word_1_341' title='bbox 2343 958 2409 1006; x_wconf 90' lang='lat' dir='ltr'>ut</span> <span class='ocrx_word' id='word_1_342' title='bbox 2435 953 2708 1008; x_wconf 88' lang='lat' dir='ltr'>homines</span> <span class='ocrx_word' id='word_1_343' title='bbox 2741 951 3053 1024; x_wconf 84' lang='lat' dir='ltr'>(explorati</span> <span class='ocrx_word' id='word_1_344' title='bbox 3085 956 3142 1006; x_wconf 92' lang='lat' dir='ltr'>et</span> <span class='ocrx_word' id='word_1_345' title='bbox 3172 951 3338 1021; x_wconf 87' lang='lat' dir='ltr'>certi)</span> <span class='ocrx_word' id='word_1_346' title='bbox 3360 949 3588 1020; x_wconf 90' lang='lat' dir='ltr'>aliquid</span> <span class='ocrx_word' id='word_1_347' title='bbox 3610 949 3814 1004; x_wconf 90' lang='lat' dir='ltr'>dicant</span> 
     </span>
    </p>
   </div>
   <div class='ocr_carea' id='block_1_54' title="bbox 2159 1040 2761 1098">
    <p class='ocr_par' dir='ltr' id='par_1_54' title="bbox 2159 1040 2761 1098">
     <span class='ocr_line' id='line_1_54' title="bbox 2159 1040 2761 1098; baseline 0.003 -5"><span class='ocrx_word' id='word_1_348' title='bbox 2159 1040 2490 1096; x_wconf 87' lang='lat' dir='ltr'>sentiantve</span> <span class='ocrx_word' id='word_1_349' title='bbox 2522 1042 2594 1098; x_wconf 91' lang='lat' dir='ltr'>de</span> <span class='ocrx_word' id='word_1_350' title='bbox 2625 1042 2761 1096; x_wconf 89' lang='lat' dir='ltr'>diis.</span> 
     </span>
    </p>
   </div>
   <div class='ocr_carea' id='block_1_55' title="bbox 2229 1129 3810 1201">
    <p class='ocr_par' dir='ltr' id='par_1_55' title="bbox 2229 1129 3810 1201">
     <span class='ocr_line' id='line_1_55' title="bbox 2229 1129 3810 1201; baseline -0.001 -16"><span class='ocrx_word' id='word_1_351' title='bbox 2229 1131 2583 1200; x_wconf 77' lang='lat' dir='ltr'>(Enomaus,</span> <span class='ocrx_word' id='word_1_352' title='bbox 2653 1132 3029 1198; x_wconf 88' lang='lat' dir='ltr'>Gadarensis,</span> <span class='ocrx_word' id='word_1_353' title='bbox 3084 1130 3477 1201; x_wconf 88' lang='lat' dir='ltr'>philosophus</span> <span class='ocrx_word' id='word_1_354' title='bbox 3544 1129 3810 1201; x_wconf 82' lang='lat' dir='ltr'>cynicus,</span> 
     </span>
    </p>
   </div>
   <div class='ocr_carea' id='block_1_56' title="bbox 2157 1218 3816 1293">
    <p class='ocr_par' dir='ltr' id='par_1_56' title="bbox 2157 1218 3816 1293">
     <span class='ocr_line' id='line_1_56' title="bbox 2157 1218 3816 1293; baseline -0.001 -20"><span class='ocrx_word' id='word_1_355' title='bbox 2157 1235 2277 1274; x_wconf 91' lang='lat' dir='ltr'>non</span> <span class='ocrx_word' id='word_1_356' title='bbox 2308 1221 2496 1276; x_wconf 89' lang='lat' dir='ltr'>multo</span> <span class='ocrx_word' id='word_1_357' title='bbox 2526 1222 2830 1293; x_wconf 90' lang='lat' dir='ltr'>antiquior</span> <span class='ocrx_word' id='word_1_358' title='bbox 2876 1221 3226 1292; x_wconf 86' lang='lat' dir='ltr'>Porphyrio.</span> <span class='ocrx_word' id='word_1_359' title='bbox 3275 1218 3521 1289; x_wconf 89' lang='lat' dir='ltr'>Scripsit</span> <span class='ocrx_word' id='word_1_360' title='bbox 3569 1220 3642 1273; x_wconf 89' lang='lat' dir='ltr'>De</span> <span class='ocrx_word' id='word_1_361' title='bbox 3671 1225 3816 1273; x_wconf 82' lang='lat' dir='ltr'>secta</span> 
     </span>
    </p>
   </div>
   <div class='ocr_carea' id='block_1_57' title="bbox 2155 1307 3813 1380">
    <p class='ocr_par' dir='ltr' id='par_1_57' title="bbox 2155 1307 3813 1380">
     <span class='ocr_line' id='line_1_57' title="bbox 2155 1307 3813 1380; baseline -0.001 -17"><span class='ocrx_word' id='word_1_362' title='bbox 2155 1313 2384 1378; x_wconf 82' lang='lat' dir='ltr'>cynica;</span> <span class='ocrx_word' id='word_1_363' title='bbox 2418 1307 2705 1363; x_wconf 81' lang='grc' dir='ltr'>Πολιτείαν</span> <span class='ocrx_word' id='word_1_364' title='bbox 2736 1311 2856 1366; x_wconf 89' lang='lat' dir='ltr'>sive</span> <span class='ocrx_word' id='word_1_365' title='bbox 2889 1313 2964 1365; x_wconf 83' lang='lat' dir='ltr'>De</span> <span class='ocrx_word' id='word_1_366' title='bbox 2990 1326 3136 1380; x_wconf 62' lang='grc' dir='ltr'>φεμ,</span> <span class='ocrx_word' id='word_1_367' title='bbox 3167 1310 3244 1363; x_wconf 89' lang='lat' dir='ltr'>De</span> <span class='ocrx_word' id='word_1_368' title='bbox 3275 1309 3549 1362; x_wconf 81' lang='lat' dir='ltr'>homerica</span> <span class='ocrx_word' id='word_1_369' title='bbox 3564 1307 3813 1377; x_wconf 84' lang='lat' dir='ltr'>philoso-</span> 
     </span>
    </p>
   </div>
   <div class='ocr_carea' id='block_1_58' title="bbox 2149 1396 3644 1470">
    <p class='ocr_par' dir='ltr' id='par_1_58' title="bbox 2149 1396 3644 1470">
     <span class='ocr_line' id='line_1_58' title="bbox 2149 1396 3644 1470; baseline -0.002 -17"><span class='ocrx_word' id='word_1_370' title='bbox 2149 1400 2287 1470; x_wconf 83' lang='lat' dir='ltr'>phia</span> <span class='ocrx_word' id='word_1_371' title='bbox 2305 1418 2328 1464; x_wconf 88' lang='lat'><strong><em>;</em></strong></span> <span class='ocrx_word' id='word_1_372' title='bbox 2359 1401 2432 1455; x_wconf 90' lang='lat' dir='ltr'>De</span> <span class='ocrx_word' id='word_1_373' title='bbox 2460 1401 2698 1466; x_wconf 84' lang='lat' dir='ltr'>Cratete,</span> <span class='ocrx_word' id='word_1_374' title='bbox 2737 1401 2973 1470; x_wconf 78' lang='lat' dir='ltr'>Diogene</span> <span class='ocrx_word' id='word_1_375' title='bbox 3002 1405 3060 1454; x_wconf 92' lang='lat' dir='ltr'>et</span> <span class='ocrx_word' id='word_1_376' title='bbox 3087 1398 3318 1453; x_wconf 81' lang='lat' dir='ltr'>caeteris</span> <span class='ocrx_word' id='word_1_377' title='bbox 3346 1396 3644 1468; x_wconf 85' lang='lat' dir='ltr'>(Cynicis).</span> 
     </span>
    </p>
   </div>
   <div class='ocr_carea' id='block_1_59' title="bbox 2223 1485 3814 1560">
    <p class='ocr_par' dir='ltr' id='par_1_59' title="bbox 2223 1485 3814 1560">
     <span class='ocr_line' id='line_1_59' title="bbox 2223 1485 3814 1560; baseline -0.003 -16"><span class='ocrx_word' id='word_1_378' title='bbox 2223 1489 2628 1558; x_wconf 76' lang='grc' dir='ltr'>Ὀιωνιστικήν.</span> <span class='ocrx_word' id='word_1_379' title='bbox 2688 1493 2891 1545; x_wconf 82' lang='lat' dir='ltr'>Artem</span> <span class='ocrx_word' id='word_1_380' title='bbox 2922 1487 3250 1560; x_wconf 70' lang='lat' dir='ltr'>augurandi</span> <span class='ocrx_word' id='word_1_381' title='bbox 3308 1485 3485 1557; x_wconf 90' lang='lat' dir='ltr'>primi</span> <span class='ocrx_word' id='word_1_382' title='bbox 3538 1485 3814 1540; x_wconf 84' lang='lat' dir='ltr'>invenere</span> 
     </span>
    </p>
   </div>
   <div class='ocr_carea' id='block_1_60' title="bbox 2153 1573 3815 1651">
    <p class='ocr_par' dir='ltr' id='par_1_60' title="bbox 2153 1573 3815 1651">
     <span class='ocr_line' id='line_1_60' title="bbox 2153 1573 3815 1651; baseline -0.003 -18"><span class='ocrx_word' id='word_1_383' title='bbox 2153 1579 2434 1650; x_wconf 76' lang='lat' dir='ltr'>Phryges,</span> <span class='ocrx_word' id='word_1_384' title='bbox 2460 1581 2708 1651; x_wconf 81' lang='lat' dir='ltr'>ejusque</span> <span class='ocrx_word' id='word_1_385' title='bbox 2731 1579 2990 1651; x_wconf 90' lang='lat' dir='ltr'>species:</span> <span class='ocrx_word' id='word_1_386' title='bbox 3016 1579 3091 1648; x_wconf 74' lang='lat'>1.)</span> <span class='ocrx_word' id='word_1_387' title='bbox 3114 1573 3586 1644; x_wconf 75' lang='grc' dir='ltr'>Ὀρνεοσκοπικὸν,</span> <span class='ocrx_word' id='word_1_388' title='bbox 3610 1576 3815 1644; x_wconf 84' lang='lat' dir='ltr'>Auspi-</span> 
     </span>
    </p>
   </div>
   <div class='ocr_carea' id='block_1_61' title="bbox 2152 1662 3813 1736">
    <p class='ocr_par' dir='ltr' id='par_1_61' title="bbox 2152 1662 3813 1736">
     <span class='ocr_line' id='line_1_61' title="bbox 2152 1662 3813 1736; baseline -0.003 -15"><span class='ocrx_word' id='word_1_389' title='bbox 2152 1669 2318 1730; x_wconf 86' lang='lat' dir='ltr'>cium,</span> <span class='ocrx_word' id='word_1_390' title='bbox 2352 1674 2418 1723; x_wconf 93' lang='lat' dir='ltr'>ut</span> <span class='ocrx_word' id='word_1_391' title='bbox 2447 1685 2580 1723; x_wconf 90' lang='lat' dir='ltr'>cum</span> <span class='ocrx_word' id='word_1_392' title='bbox 2623 1685 2725 1724; x_wconf 88' lang='lat' dir='ltr'>ave</span> <span class='ocrx_word' id='word_1_393' title='bbox 2757 1669 2950 1723; x_wconf 90' lang='lat' dir='ltr'>fronte</span> <span class='ocrx_word' id='word_1_394' title='bbox 2998 1667 3087 1720; x_wconf 85' lang='lat' dir='ltr'>vel</span> <span class='ocrx_word' id='word_1_395' title='bbox 3131 1672 3293 1736; x_wconf 89' lang='lat' dir='ltr'>tergo</span> <span class='ocrx_word' id='word_1_396' title='bbox 3347 1663 3584 1718; x_wconf 90' lang='lat' dir='ltr'>volante</span> <span class='ocrx_word' id='word_1_397' title='bbox 3636 1669 3694 1716; x_wconf 89' lang='lat' dir='ltr'>et</span> <span class='ocrx_word' id='word_1_398' title='bbox 3739 1662 3813 1717; x_wconf 91' lang='lat' dir='ltr'>ad</span> 
     </span>
    </p>
   </div>
   <div class='ocr_carea' id='block_1_62' title="bbox 2153 1750 3812 1824">
    <p class='ocr_par' dir='ltr' id='par_1_62' title="bbox 2153 1750 3812 1824">
     <span class='ocr_line' id='line_1_62' title="bbox 2153 1750 3812 1824; baseline -0.004 -14"><span class='ocrx_word' id='word_1_399' title='bbox 2153 1756 2422 1812; x_wconf 84' lang='lat' dir='ltr'>dextram</span> <span class='ocrx_word' id='word_1_400' title='bbox 2453 1758 2543 1813; x_wconf 92' lang='lat' dir='ltr'>vel</span> <span class='ocrx_word' id='word_1_401' title='bbox 2585 1759 2890 1812; x_wconf 79' lang='lat' dir='ltr'>sinistram</span> <span class='ocrx_word' id='word_1_402' title='bbox 2937 1756 3300 1824; x_wconf 88' lang='lat' dir='ltr'>declinante,</span> <span class='ocrx_word' id='word_1_403' title='bbox 3351 1752 3484 1823; x_wconf 89' lang='lat' dir='ltr'>quis</span> <span class='ocrx_word' id='word_1_404' title='bbox 3533 1752 3699 1816; x_wconf 85' lang='lat' dir='ltr'>dicit,</span> <span class='ocrx_word' id='word_1_405' title='bbox 3750 1750 3812 1803; x_wconf 91' lang='lat' dir='ltr'>id</span> 
     </span>
    </p>
   </div>
   <div class='ocr_carea' id='block_1_63' title="bbox 2152 1841 3810 1918">
    <p class='ocr_par' dir='ltr' id='par_1_63' title="bbox 2152 1841 3810 1918">
     <span class='ocr_line' id='line_1_63' title="bbox 2152 1841 3810 1918; baseline -0.004 -18"><span class='ocrx_word' id='word_1_406' title='bbox 2152 1847 2307 1902; x_wconf 91' lang='lat' dir='ltr'>hanc</span> <span class='ocrx_word' id='word_1_407' title='bbox 2339 1848 2429 1902; x_wconf 91' lang='lat' dir='ltr'>vel</span> <span class='ocrx_word' id='word_1_408' title='bbox 2450 1847 2614 1902; x_wconf 88' lang='lat' dir='ltr'>illam</span> <span class='ocrx_word' id='word_1_409' title='bbox 2641 1865 2764 1902; x_wconf 89' lang='lat' dir='ltr'>rem</span> <span class='ocrx_word' id='word_1_410' title='bbox 2789 1847 3144 1918; x_wconf 86' lang='lat' dir='ltr'>signiﬁcare.</span> <span class='ocrx_word' id='word_1_411' title='bbox 3168 1843 3433 1898; x_wconf 91' lang='lat' dir='ltr'>Primum</span> <span class='ocrx_word' id='word_1_412' title='bbox 3457 1841 3529 1895; x_wconf 91' lang='lat' dir='ltr'>de</span> <span class='ocrx_word' id='word_1_413' title='bbox 3554 1841 3663 1894; x_wconf 91' lang='lat' dir='ltr'>hac</span> <span class='ocrx_word' id='word_1_414' title='bbox 3684 1846 3810 1895; x_wconf 90' lang='lat' dir='ltr'>arte</span> 
     </span>
    </p>
   </div>
   <div class='ocr_carea' id='block_1_64' title="bbox 2153 1929 3810 2008">
    <p class='ocr_par' dir='ltr' id='par_1_64' title="bbox 2153 1929 3810 2008">
     <span class='ocr_line' id='line_1_64' title="bbox 2153 1929 3810 2008; baseline -0.005 -16"><span class='ocrx_word' id='word_1_415' title='bbox 2153 1938 2390 2008; x_wconf 84' lang='lat' dir='ltr'>scripsit</span> <span class='ocrx_word' id='word_1_416' title='bbox 2415 1939 2737 2007; x_wconf 85' lang='lat' dir='ltr'>Telegonus.</span> <span class='ocrx_word' id='word_1_417' title='bbox 2769 1940 2842 2002; x_wconf 86' lang='lat'>2.)</span> <span class='ocrx_word' id='word_1_418' title='bbox 2865 1930 3296 1999; x_wconf 79' lang='grc' dir='ltr'>Οἰκοσκοπικὸν,</span> <span class='ocrx_word' id='word_1_419' title='bbox 3326 1947 3460 1985; x_wconf 89' lang='lat' dir='ltr'>cum</span> <span class='ocrx_word' id='word_1_420' title='bbox 3487 1929 3810 1984; x_wconf 73' lang='lat' dir='ltr'>observan-</span> 
     </span>
    </p>
   </div>
   <div class='ocr_carea' id='block_1_65' title="bbox 2154 2019 3808 2097">
    <p class='ocr_par' dir='ltr' id='par_1_65' title="bbox 2154 2019 3808 2097">
     <span class='ocr_line' id='line_1_65' title="bbox 2154 2019 3808 2097; baseline -0.005 -19"><span class='ocrx_word' id='word_1_421' title='bbox 2154 2029 2250 2078; x_wconf 89' lang='lat' dir='ltr'>tur</span> <span class='ocrx_word' id='word_1_422' title='bbox 2281 2042 2349 2080; x_wconf 87' lang='lat' dir='ltr'>ea</span> <span class='ocrx_word' id='word_1_423' title='bbox 2380 2043 2510 2097; x_wconf 66' lang='lat' dir='ltr'>qua:</span> <span class='ocrx_word' id='word_1_424' title='bbox 2538 2026 2698 2080; x_wconf 90' lang='lat' dir='ltr'>domi</span> <span class='ocrx_word' id='word_1_425' title='bbox 2730 2025 3027 2091; x_wconf 90' lang='lat' dir='ltr'>accidunt,</span> <span class='ocrx_word' id='word_1_426' title='bbox 3059 2021 3238 2076; x_wconf 89' lang='lat' dir='ltr'>veluti</span> <span class='ocrx_word' id='word_1_427' title='bbox 3273 2020 3321 2075; x_wconf 90' lang='lat' dir='ltr'>si</span> <span class='ocrx_word' id='word_1_428' title='bbox 3356 2019 3417 2073; x_wconf 90' lang='lat' dir='ltr'>in</span> <span class='ocrx_word' id='word_1_429' title='bbox 3444 2023 3594 2072; x_wconf 88' lang='lat' dir='ltr'>tecto</span> <span class='ocrx_word' id='word_1_430' title='bbox 3627 2032 3808 2088; x_wconf 88' lang='lat' dir='ltr'>appa-</span> 
     </span>
    </p>
   </div>
   <div class='ocr_carea' id='block_1_66' title="bbox 2154 2105 3812 2184">
    <p class='ocr_par' dir='ltr' id='par_1_66' title="bbox 2154 2105 3812 2184">
     <span class='ocr_line' id='line_1_66' title="bbox 2154 2105 3812 2184; baseline -0.004 -18"><span class='ocrx_word' id='word_1_431' title='bbox 2154 2115 2342 2168; x_wconf 88' lang='lat' dir='ltr'>ruerit</span> <span class='ocrx_word' id='word_1_432' title='bbox 2363 2115 2617 2169; x_wconf 91' lang='lat' dir='ltr'>mustela</span> <span class='ocrx_word' id='word_1_433' title='bbox 2638 2114 2728 2168; x_wconf 91' lang='lat' dir='ltr'>vel</span> <span class='ocrx_word' id='word_1_434' title='bbox 2751 2129 3027 2184; x_wconf 89' lang='lat' dir='ltr'>serpens;</span> <span class='ocrx_word' id='word_1_435' title='bbox 3052 2115 3154 2166; x_wconf 90' lang='lat' dir='ltr'>aut</span> <span class='ocrx_word' id='word_1_436' title='bbox 3173 2109 3373 2164; x_wconf 91' lang='lat' dir='ltr'>oleum</span> <span class='ocrx_word' id='word_1_437' title='bbox 3397 2108 3650 2162; x_wconf 70' lang='lat' dir='ltr'>effusum</span> <span class='ocrx_word' id='word_1_438' title='bbox 3682 2105 3812 2160; x_wconf 83' lang='lat' dir='ltr'>fue-</span> 
     </span>
    </p>
   </div>
   <div class='ocr_carea' id='block_1_67' title="bbox 2154 2196 3814 2272">
    <p class='ocr_par' dir='ltr' id='par_1_67' title="bbox 2154 2196 3814 2272">
     <span class='ocr_line' id='line_1_67' title="bbox 2154 2196 3814 2272; baseline -0.004 -17"><span class='ocrx_word' id='word_1_439' title='bbox 2154 2203 2248 2271; x_wconf 89' lang='lat' dir='ltr'>rit,</span> <span class='ocrx_word' id='word_1_440' title='bbox 2286 2210 2388 2259; x_wconf 92' lang='lat' dir='ltr'>aut</span> <span class='ocrx_word' id='word_1_441' title='bbox 2417 2205 2557 2272; x_wconf 90' lang='lat' dir='ltr'>mel,</span> <span class='ocrx_word' id='word_1_442' title='bbox 2590 2209 2693 2259; x_wconf 90' lang='lat' dir='ltr'>aut</span> <span class='ocrx_word' id='word_1_443' title='bbox 2720 2205 2944 2269; x_wconf 86' lang='lat' dir='ltr'>vinum,</span> <span class='ocrx_word' id='word_1_444' title='bbox 2977 2207 3082 2257; x_wconf 87' lang='lat' dir='ltr'>aut</span> <span class='ocrx_word' id='word_1_445' title='bbox 3109 2215 3287 2271; x_wconf 88' lang='lat' dir='ltr'>aqua,</span> <span class='ocrx_word' id='word_1_446' title='bbox 3321 2201 3426 2252; x_wconf 91' lang='lat' dir='ltr'>aut</span> <span class='ocrx_word' id='word_1_447' title='bbox 3469 2196 3659 2252; x_wconf 91' lang='lat' dir='ltr'>cinis:</span> <span class='ocrx_word' id='word_1_448' title='bbox 3708 2200 3814 2249; x_wconf 90' lang='lat' dir='ltr'>aut</span> 
     </span>
    </p>
   </div>
   <div class='ocr_carea' id='block_1_68' title="bbox 2152 2285 3811 2365">
    <p class='ocr_par' dir='ltr' id='par_1_68' title="bbox 2152 2285 3811 2365">
     <span class='ocr_line' id='line_1_68' title="bbox 2152 2285 3811 2365; baseline -0.005 -20"><span class='ocrx_word' id='word_1_449' title='bbox 2152 2291 2379 2364; x_wconf 82' lang='lat' dir='ltr'>lignum</span> <span class='ocrx_word' id='word_1_450' title='bbox 2411 2293 2728 2365; x_wconf 90' lang='lat' dir='ltr'>crepuerit,</span> <span class='ocrx_word' id='word_1_451' title='bbox 2771 2298 2874 2348; x_wconf 91' lang='lat' dir='ltr'>aut</span> <span class='ocrx_word' id='word_1_452' title='bbox 2911 2289 3137 2361; x_wconf 88' lang='lat' dir='ltr'>aliquid</span> <span class='ocrx_word' id='word_1_453' title='bbox 3173 2287 3337 2344; x_wconf 88' lang='lat' dir='ltr'>aliud</span> <span class='ocrx_word' id='word_1_454' title='bbox 3372 2285 3674 2351; x_wconf 89' lang='lat' dir='ltr'>acciderit,</span> <span class='ocrx_word' id='word_1_455' title='bbox 3700 2285 3811 2338; x_wconf 92' lang='lat' dir='ltr'>hoc</span> 
     </span>
    </p>
   </div>
   <div class='ocr_carea' id='block_1_69' title="bbox 2154 2373 3814 2470">
    <p class='ocr_par' dir='ltr' id='par_1_69' title="bbox 2154 2373 3814 2470">
     <span class='ocr_line' id='line_1_69' title="bbox 2154 2373 3814 2470; baseline -0.005 -36"><span class='ocrx_word' id='word_1_456' title='bbox 2154 2382 2242 2436; x_wconf 90' lang='lat' dir='ltr'>vel</span> <span class='ocrx_word' id='word_1_457' title='bbox 2276 2382 2423 2437; x_wconf 90' lang='lat' dir='ltr'>illud</span> <span class='ocrx_word' id='word_1_458' title='bbox 2464 2383 2782 2456; x_wconf 89' lang='lat' dir='ltr'>signiﬁcat.</span> <span class='ocrx_word' id='word_1_459' title='bbox 2845 2383 2925 2436; x_wconf 92' lang='lat' dir='ltr'>De</span> <span class='ocrx_word' id='word_1_460' title='bbox 2985 2381 3094 2436; x_wconf 89' lang='lat' dir='ltr'>hac</span> <span class='ocrx_word' id='word_1_461' title='bbox 3153 2377 3518 2470; x_wconf 87' lang='lat' dir='ltr'>divinatione</span> <span class='ocrx_word' id='word_1_462' title='bbox 3574 2373 3814 2470; x_wconf 77' lang='lat' dir='ltr'>scripsit</span> 
     </span>
    </p>
   </div>
   <div class='ocr_carea' id='block_1_70' title="bbox 2152 2466 3811 2536">
    <p class='ocr_par' dir='ltr' id='par_1_70' title="bbox 2152 2466 3811 2536">
     <span class='ocr_line' id='line_1_70' title="bbox 2152 2466 3811 2536; baseline -0.005 -12"><span class='ocrx_word' id='word_1_463' title='bbox 2152 2472 2498 2525; x_wconf 79' lang='lat' dir='ltr'>Xenocrates.</span> <span class='ocrx_word' id='word_1_464' title='bbox 2534 2473 2607 2536; x_wconf 86' lang='lat'>3.)</span> <span class='ocrx_word' id='word_1_465' title='bbox 2641 2466 2905 2535; x_wconf 83' lang='grc' dir='ltr'>Ἐνόδιον,</span> <span class='ocrx_word' id='word_1_466' title='bbox 2941 2485 3072 2524; x_wconf 89' lang='lat' dir='ltr'>cum</span> <span class='ocrx_word' id='word_1_467' title='bbox 3100 2468 3526 2536; x_wconf 88' lang='lat' dir='ltr'>interpretatur</span> <span class='ocrx_word' id='word_1_468' title='bbox 3556 2466 3688 2532; x_wconf 86' lang='lat' dir='ltr'>quis</span> <span class='ocrx_word' id='word_1_469' title='bbox 3719 2479 3811 2531; x_wconf 87' lang='lat' dir='ltr'>ea,</span> 
     </span>
    </p>
   </div>
   <div class='ocr_carea' id='block_1_71' title="bbox 2154 2552 3811 2632">
    <p class='ocr_par' dir='ltr' id='par_1_71' title="bbox 2154 2552 3811 2632">
     <span class='ocr_line' id='line_1_71' title="bbox 2154 2552 3811 2632; baseline -0.006 -16"><span class='ocrx_word' id='word_1_470' title='bbox 2154 2578 2287 2632; x_wconf 76' lang='lat' dir='ltr'>quae</span> <span class='ocrx_word' id='word_1_471' title='bbox 2310 2561 2371 2616; x_wconf 91' lang='lat' dir='ltr'>in</span> <span class='ocrx_word' id='word_1_472' title='bbox 2393 2562 2485 2616; x_wconf 91' lang='lat' dir='ltr'>via</span> <span class='ocrx_word' id='word_1_473' title='bbox 2501 2561 2672 2616; x_wconf 91' lang='lat' dir='ltr'>nobis</span> <span class='ocrx_word' id='word_1_474' title='bbox 2702 2564 3044 2621; x_wconf 88' lang='lat' dir='ltr'>occurrunt,</span> <span class='ocrx_word' id='word_1_475' title='bbox 3063 2564 3128 2612; x_wconf 89' lang='lat' dir='ltr'>ut</span> <span class='ocrx_word' id='word_1_476' title='bbox 3148 2573 3283 2612; x_wconf 91' lang='lat' dir='ltr'>cum</span> <span class='ocrx_word' id='word_1_477' title='bbox 3307 2555 3441 2625; x_wconf 90' lang='lat' dir='ltr'>quis</span> <span class='ocrx_word' id='word_1_478' title='bbox 3475 2553 3578 2606; x_wconf 91' lang='lat' dir='ltr'>tibi</span> <span class='ocrx_word' id='word_1_479' title='bbox 3607 2552 3811 2606; x_wconf 90' lang='lat' dir='ltr'>obvius</span> 
     </span>
    </p>
   </div>
   <div class='ocr_carea' id='block_1_72' title="bbox 2151 2639 3815 2720">
    <p class='ocr_par' dir='ltr' id='par_1_72' title="bbox 2151 2639 3815 2720">
     <span class='ocr_line' id='line_1_72' title="bbox 2151 2639 3815 2720; baseline -0.005 -17"><span class='ocrx_word' id='word_1_480' title='bbox 2151 2649 2344 2705; x_wconf 87' lang='lat' dir='ltr'>factus</span> <span class='ocrx_word' id='word_1_481' title='bbox 2370 2650 2568 2719; x_wconf 83' lang='lat' dir='ltr'>fuerit,</span> <span class='ocrx_word' id='word_1_482' title='bbox 2602 2651 2716 2704; x_wconf 91' lang='lat' dir='ltr'>hoc</span> <span class='ocrx_word' id='word_1_483' title='bbox 2744 2650 2833 2704; x_wconf 89' lang='lat' dir='ltr'>vel</span> <span class='ocrx_word' id='word_1_484' title='bbox 2867 2648 3014 2702; x_wconf 91' lang='lat' dir='ltr'>illud</span> <span class='ocrx_word' id='word_1_485' title='bbox 3047 2651 3309 2720; x_wconf 82' lang='lat' dir='ltr'>gestans,</span> <span class='ocrx_word' id='word_1_486' title='bbox 3344 2644 3455 2698; x_wconf 91' lang='lat' dir='ltr'>hoc</span> <span class='ocrx_word' id='word_1_487' title='bbox 3511 2641 3602 2696; x_wconf 92' lang='lat' dir='ltr'>vel</span> <span class='ocrx_word' id='word_1_488' title='bbox 3651 2639 3815 2696; x_wconf 89' lang='lat' dir='ltr'>aliud</span> 
     </span>
    </p>
   </div>
   <div class='ocr_carea' id='block_1_73' title="bbox 2155 2731 3806 2808">
    <p class='ocr_par' dir='ltr' id='par_1_73' title="bbox 2155 2731 3806 2808">
     <span class='ocr_line' id='line_1_73' title="bbox 2155 2731 3806 2808; baseline -0.007 -16"><span class='ocrx_word' id='word_1_489' title='bbox 2155 2739 2260 2792; x_wconf 90' lang='lat' dir='ltr'>tibi</span> <span class='ocrx_word' id='word_1_490' title='bbox 2293 2741 2542 2794; x_wconf 90' lang='lat' dir='ltr'>eveniet.</span> <span class='ocrx_word' id='word_1_491' title='bbox 2573 2741 2654 2794; x_wconf 92' lang='lat' dir='ltr'>De</span> <span class='ocrx_word' id='word_1_492' title='bbox 2687 2739 2800 2793; x_wconf 89' lang='lat' dir='ltr'>hoc</span> <span class='ocrx_word' id='word_1_493' title='bbox 2832 2737 3072 2808; x_wconf 88' lang='lat' dir='ltr'>scripsit</span> <span class='ocrx_word' id='word_1_494' title='bbox 3101 2735 3296 2790; x_wconf 80' lang='lat' dir='ltr'>Palles.</span> <span class='ocrx_word' id='word_1_495' title='bbox 3332 2734 3409 2802; x_wconf 75' lang='grc'>4.)</span> <span class='ocrx_word' id='word_1_496' title='bbox 3442 2731 3806 2804; x_wconf 84' lang='grc' dir='ltr'>Χειροσκοπι-</span> 
     </span>
    </p>
   </div>
   <div class='ocr_carea' id='block_1_74' title="bbox 2150 2819 3808 2898">
    <p class='ocr_par' dir='ltr' id='par_1_74' title="bbox 2150 2819 3808 2898">
     <span class='ocr_line' id='line_1_74' title="bbox 2150 2819 3808 2898; baseline -0.005 -18"><span class='ocrx_word' id='word_1_497' title='bbox 2150 2826 2268 2894; x_wconf 85' lang='grc' dir='ltr'>κὸν,</span> <span class='ocrx_word' id='word_1_498' title='bbox 2303 2845 2437 2884; x_wconf 91' lang='lat' dir='ltr'>cum</span> <span class='ocrx_word' id='word_1_499' title='bbox 2468 2846 2652 2884; x_wconf 89' lang='lat' dir='ltr'>manu</span> <span class='ocrx_word' id='word_1_500' title='bbox 2682 2842 2975 2898; x_wconf 89' lang='lat' dir='ltr'>exspansa</span> <span class='ocrx_word' id='word_1_501' title='bbox 3005 2827 3255 2896; x_wconf 84' lang='lat' dir='ltr'>ejusque</span> <span class='ocrx_word' id='word_1_502' title='bbox 3309 2821 3469 2892; x_wconf 81' lang='lat' dir='ltr'>rugis</span> <span class='ocrx_word' id='word_1_503' title='bbox 3520 2819 3808 2890; x_wconf 89' lang='lat' dir='ltr'>inspectis</span> 
     </span>
    </p>
   </div>
   <div class='ocr_carea' id='block_1_75' title="bbox 2153 2909 3808 2989">
    <p class='ocr_par' dir='ltr' id='par_1_75' title="bbox 2153 2909 3808 2989">
     <span class='ocr_line' id='line_1_75' title="bbox 2153 2909 3808 2989; baseline -0.005 -18"><span class='ocrx_word' id='word_1_504' title='bbox 2153 2916 2428 2986; x_wconf 88' lang='lat' dir='ltr'>dicimus,</span> <span class='ocrx_word' id='word_1_505' title='bbox 2465 2919 2707 2974; x_wconf 88' lang='lat' dir='ltr'>Liberos</span> <span class='ocrx_word' id='word_1_506' title='bbox 2735 2915 3090 2989; x_wconf 91' lang='lat' dir='ltr'>procreabit,</span> <span class='ocrx_word' id='word_1_507' title='bbox 3123 2913 3214 2967; x_wconf 91' lang='lat' dir='ltr'>vel</span> <span class='ocrx_word' id='word_1_508' title='bbox 3244 2911 3362 2966; x_wconf 88' lang='lat' dir='ltr'>tale</span> <span class='ocrx_word' id='word_1_509' title='bbox 3394 2909 3558 2980; x_wconf 88' lang='lat' dir='ltr'>quid.</span> <span class='ocrx_word' id='word_1_510' title='bbox 3593 2911 3672 2964; x_wconf 91' lang='lat' dir='ltr'>De</span> <span class='ocrx_word' id='word_1_511' title='bbox 3697 2909 3808 2963; x_wconf 90' lang='lat' dir='ltr'>hoc</span> 
     </span>
    </p>
   </div>
   <div class='ocr_carea' id='block_1_76' title="bbox 2153 2998 3811 3081">
    <p class='ocr_par' dir='ltr' id='par_1_76' title="bbox 2153 2998 3811 3081">
     <span class='ocr_line' id='line_1_76' title="bbox 2153 2998 3811 3081; baseline -0.006 -19"><span class='ocrx_word' id='word_1_512' title='bbox 2153 3009 2393 3081; x_wconf 91' lang='lat' dir='ltr'>scripsit</span> <span class='ocrx_word' id='word_1_513' title='bbox 2419 3009 2676 3064; x_wconf 83' lang='lat' dir='ltr'>Helenus.</span> <span class='ocrx_word' id='word_1_514' title='bbox 2708 3009 2786 3076; x_wconf 82' lang='lat'>5.)</span> <span class='ocrx_word' id='word_1_515' title='bbox 2819 3004 3129 3078; x_wconf 82' lang='grc' dir='ltr'>Παλμικὸν,</span> <span class='ocrx_word' id='word_1_516' title='bbox 3159 3003 3254 3058; x_wconf 92' lang='lat' dir='ltr'>cui</span> <span class='ocrx_word' id='word_1_517' title='bbox 3287 3001 3388 3072; x_wconf 89' lang='lat' dir='ltr'>qui</span> <span class='ocrx_word' id='word_1_518' title='bbox 3443 2998 3703 3064; x_wconf 88' lang='lat' dir='ltr'>student,</span> <span class='ocrx_word' id='word_1_519' title='bbox 3739 3015 3811 3053; x_wconf 88' lang='lat' dir='ltr'>ex</span> 
     </span>
    </p>
   </div>
   <div class='ocr_carea' id='block_1_77' title="bbox 2151 3086 3807 3171">
    <p class='ocr_par' dir='ltr' id='par_1_77' title="bbox 2151 3086 3807 3171">
     <span class='ocr_line' id='line_1_77' title="bbox 2151 3086 3807 3171; baseline -0.008 -18"><span class='ocrx_word' id='word_1_520' title='bbox 2151 3104 2409 3154; x_wconf 86' lang='lat' dir='ltr'>tremore</span> <span class='ocrx_word' id='word_1_521' title='bbox 2429 3104 2489 3154; x_wconf 91' lang='lat' dir='ltr'>et</span> <span class='ocrx_word' id='word_1_522' title='bbox 2506 3097 2900 3171; x_wconf 89' lang='lat' dir='ltr'>palpitatione</span> <span class='ocrx_word' id='word_1_523' title='bbox 2923 3093 3329 3150; x_wconf 89' lang='lat' dir='ltr'>membrorum</span> <span class='ocrx_word' id='word_1_524' title='bbox 3355 3089 3556 3145; x_wconf 86' lang='lat' dir='ltr'>futura</span> <span class='ocrx_word' id='word_1_525' title='bbox 3586 3086 3807 3159; x_wconf 70' lang='lat' dir='ltr'>prmdi-</span> 
     </span>
    </p>
   </div>
   <div class='ocr_carea' id='block_1_78' title="bbox 2152 3179 3808 3259">
    <p class='ocr_par' dir='ltr' id='par_1_78' title="bbox 2152 3179 3808 3259">
     <span class='ocr_line' id='line_1_78' title="bbox 2152 3179 3808 3259; baseline -0.009 -13"><span class='ocrx_word' id='word_1_526' title='bbox 2152 3195 2314 3259; x_wconf 92' lang='lat' dir='ltr'>cunt,</span> <span class='ocrx_word' id='word_1_527' title='bbox 2347 3190 2527 3245; x_wconf 91' lang='lat' dir='ltr'>veluti</span> <span class='ocrx_word' id='word_1_528' title='bbox 2557 3205 2696 3244; x_wconf 90' lang='lat' dir='ltr'>cum</span> <span class='ocrx_word' id='word_1_529' title='bbox 2729 3187 2888 3243; x_wconf 88' lang='lat' dir='ltr'>saliit</span> <span class='ocrx_word' id='word_1_530' title='bbox 2917 3185 3125 3241; x_wconf 92' lang='lat' dir='ltr'>oculus</span> <span class='ocrx_word' id='word_1_531' title='bbox 3156 3183 3362 3239; x_wconf 82' lang='lat' dir='ltr'>dexter</span> <span class='ocrx_word' id='word_1_532' title='bbox 3411 3180 3502 3234; x_wconf 92' lang='lat' dir='ltr'>vel</span> <span class='ocrx_word' id='word_1_533' title='bbox 3546 3179 3808 3246; x_wconf 91' lang='lat' dir='ltr'>sinister,</span> 
     </span>
    </p>
   </div>
   <div class='ocr_carea' id='block_1_79' title="bbox 2152 3265 3812 3342">
    <p class='ocr_par' dir='ltr' id='par_1_79' title="bbox 2152 3265 3812 3342">
     <span class='ocr_line' id='line_1_79' title="bbox 2152 3265 3812 3342; baseline -0.008 -10"><span class='ocrx_word' id='word_1_534' title='bbox 2152 3279 2245 3333; x_wconf 89' lang='lat' dir='ltr'>vel</span> <span class='ocrx_word' id='word_1_535' title='bbox 2274 3280 2560 3335; x_wconf 88' lang='lat' dir='ltr'>humerus</span> <span class='ocrx_word' id='word_1_536' title='bbox 2589 3277 2679 3332; x_wconf 89' lang='lat' dir='ltr'>vel</span> <span class='ocrx_word' id='word_1_537' title='bbox 2709 3276 2924 3340; x_wconf 87' lang='lat' dir='ltr'>femur,</span> <span class='ocrx_word' id='word_1_538' title='bbox 2955 3273 3048 3329; x_wconf 90' lang='lat' dir='ltr'>vel</span> <span class='ocrx_word' id='word_1_539' title='bbox 3077 3289 3214 3328; x_wconf 89' lang='lat' dir='ltr'>cum</span> <span class='ocrx_word' id='word_1_540' title='bbox 3271 3287 3377 3342; x_wconf 91' lang='lat' dir='ltr'>pes</span> <span class='ocrx_word' id='word_1_541' title='bbox 3425 3269 3676 3341; x_wconf 90' lang='lat' dir='ltr'>prurivit</span> <span class='ocrx_word' id='word_1_542' title='bbox 3717 3265 3812 3320; x_wconf 91' lang='lat' dir='ltr'>vel</span> 
     </span>
    </p>
   </div>
   <div class='ocr_carea' id='block_1_80' title="bbox 2153 3359 3813 3437">
    <p class='ocr_par' dir='ltr' id='par_1_80' title="bbox 2153 3359 3813 3437">
     <span class='ocr_line' id='line_1_80' title="bbox 2153 3359 3813 3437; baseline -0.008 -13"><span class='ocrx_word' id='word_1_543' title='bbox 2153 3369 2314 3425; x_wconf 88' lang='lat' dir='ltr'>auris</span> <span class='ocrx_word' id='word_1_544' title='bbox 2346 3370 2569 3437; x_wconf 88' lang='lat' dir='ltr'>tinniit,</span> <span class='ocrx_word' id='word_1_545' title='bbox 2597 3369 2706 3422; x_wconf 91' lang='lat' dir='ltr'>hoc</span> <span class='ocrx_word' id='word_1_546' title='bbox 2736 3367 2828 3422; x_wconf 92' lang='lat' dir='ltr'>vel</span> <span class='ocrx_word' id='word_1_547' title='bbox 2857 3364 3010 3420; x_wconf 92' lang='lat' dir='ltr'>illud</span> <span class='ocrx_word' id='word_1_548' title='bbox 3040 3363 3288 3419; x_wconf 88' lang='lat' dir='ltr'>eveniet.</span> <span class='ocrx_word' id='word_1_549' title='bbox 3322 3361 3404 3415; x_wconf 91' lang='lat' dir='ltr'>De</span> <span class='ocrx_word' id='word_1_550' title='bbox 3432 3360 3545 3414; x_wconf 90' lang='lat' dir='ltr'>hoc</span> <span class='ocrx_word' id='word_1_551' title='bbox 3583 3359 3813 3413; x_wconf 91' lang='lat' dir='ltr'>divina-</span> 
     </span>
    </p>
   </div>
   <div class='ocr_carea' id='block_1_81' title="bbox 2151 3451 3254 3532">
    <p class='ocr_par' dir='ltr' id='par_1_81' title="bbox 2151 3451 3254 3532">
     <span class='ocr_line' id='line_1_81' title="bbox 2151 3451 3254 3532; baseline -0.008 -18"><span class='ocrx_word' id='word_1_552' title='bbox 2151 3459 2334 3514; x_wconf 88' lang='lat' dir='ltr'>tionis</span> <span class='ocrx_word' id='word_1_553' title='bbox 2367 3475 2582 3532; x_wconf 77' lang='lat' dir='ltr'>genere</span> <span class='ocrx_word' id='word_1_554' title='bbox 2615 3456 2854 3528; x_wconf 89' lang='lat' dir='ltr'>scripsit</span> <span class='ocrx_word' id='word_1_555' title='bbox 2883 3451 3254 3509; x_wconf 90' lang='lat' dir='ltr'>Posidonius.</span> 
     </span>
    </p>
   </div>
   <div class='ocr_carea' id='block_1_82' title="bbox 2225 3538 3812 3619">
    <p class='ocr_par' dir='ltr' id='par_1_82' title="bbox 2225 3538 3812 3619">
     <span class='ocr_line' id='line_1_82' title="bbox 2225 3538 3812 3619; baseline -0.01 -14"><span class='ocrx_word' id='word_1_556' title='bbox 2225 3549 2393 3616; x_wconf 92' lang='lat' dir='ltr'>Olen,</span> <span class='ocrx_word' id='word_1_557' title='bbox 2420 3545 2807 3619; x_wconf 77' lang='lat' dir='ltr'>Dymaeus,vel</span> <span class='ocrx_word' id='word_1_558' title='bbox 2829 3547 3264 3615; x_wconf 86' lang='lat' dir='ltr'>Hyperporeus,</span> <span class='ocrx_word' id='word_1_559' title='bbox 3285 3539 3377 3593; x_wconf 91' lang='lat' dir='ltr'>vel</span> <span class='ocrx_word' id='word_1_560' title='bbox 3399 3538 3812 3608; x_wconf 84' lang='lat' dir='ltr'>Lycius,poeta</span> 
     </span>
    </p>
   </div>
   <div class='ocr_carea' id='block_1_83' title="bbox 2154 3625 3816 3710">
    <p class='ocr_par' dir='ltr' id='par_1_83' title="bbox 2154 3625 3816 3710">
     <span class='ocr_line' id='line_1_83' title="bbox 2154 3625 3816 3710; baseline -0.008 -16"><span class='ocrx_word' id='word_1_561' title='bbox 2154 3638 2376 3710; x_wconf 90' lang='lat' dir='ltr'>epicus.</span> <span class='ocrx_word' id='word_1_562' title='bbox 2413 3638 2523 3692; x_wconf 91' lang='lat' dir='ltr'>Sed</span> <span class='ocrx_word' id='word_1_563' title='bbox 2545 3637 2743 3708; x_wconf 88' lang='lat' dir='ltr'>potius</span> <span class='ocrx_word' id='word_1_564' title='bbox 2780 3640 2870 3689; x_wconf 84' lang='lat' dir='ltr'>est</span> <span class='ocrx_word' id='word_1_565' title='bbox 2890 3632 3097 3704; x_wconf 85' lang='lat' dir='ltr'>Lycius</span> <span class='ocrx_word' id='word_1_566' title='bbox 3127 3647 3158 3684; x_wconf 94' lang='lat' dir='ltr'>e</span> <span class='ocrx_word' id='word_1_567' title='bbox 3181 3629 3436 3694; x_wconf 83' lang='lat' dir='ltr'>Xantho,</span> <span class='ocrx_word' id='word_1_568' title='bbox 3458 3633 3525 3680; x_wconf 93' lang='lat' dir='ltr'>ut</span> <span class='ocrx_word' id='word_1_569' title='bbox 3547 3625 3816 3680; x_wconf 76' lang='lat' dir='ltr'>(.allima-</span> 
     </span>
    </p>
   </div>
   <div class='ocr_carea' id='block_1_84' title="bbox 2155 3715 3814 3795">
    <p class='ocr_par' dir='ltr' id='par_1_84' title="bbox 2155 3715 3814 3795">
     <span class='ocr_line' id='line_1_84' title="bbox 2155 3715 3814 3795; baseline -0.01 -11"><span class='ocrx_word' id='word_1_570' title='bbox 2155 3729 2304 3783; x_wconf 89' lang='lat' dir='ltr'>chus</span> <span class='ocrx_word' id='word_1_571' title='bbox 2332 3727 2615 3793; x_wconf 89' lang='lat' dir='ltr'>declarat,</span> <span class='ocrx_word' id='word_1_572' title='bbox 2650 3731 2709 3780; x_wconf 88' lang='lat' dir='ltr'>et</span> <span class='ocrx_word' id='word_1_573' title='bbox 2738 3721 3116 3795; x_wconf 82' lang='lat' dir='ltr'>(Alexander)</span> <span class='ocrx_word' id='word_1_574' title='bbox 3149 3718 3489 3790; x_wconf 87' lang='lat' dir='ltr'>Polyhistor</span> <span class='ocrx_word' id='word_1_575' title='bbox 3521 3715 3582 3770; x_wconf 91' lang='lat' dir='ltr'>in</span> <span class='ocrx_word' id='word_1_576' title='bbox 3617 3715 3814 3769; x_wconf 83' lang='lat' dir='ltr'>Histo-</span> 
     </span>
    </p>
   </div>
   <div class='ocr_carea' id='block_1_85' title="bbox 2154 3817 2482 3889">
    <p class='ocr_par' dir='ltr' id='par_1_85' title="bbox 2154 3817 2482 3889">
     <span class='ocr_line' id='line_1_85' title="bbox 2154 3817 2482 3889; baseline -0.006 -17"><span class='ocrx_word' id='word_1_577' title='bbox 2154 3819 2244 3873; x_wconf 91' lang='lat' dir='ltr'>ria</span> <span class='ocrx_word' id='word_1_578' title='bbox 2275 3817 2482 3889; x_wconf 62' lang='lat' dir='ltr'>Lyciae.</span> 
     </span>
    </p>
   </div>
   <div class='ocr_carea' id='block_1_86' title="bbox 2225 3893 3808 3978">
    <p class='ocr_par' dir='ltr' id='par_1_86' title="bbox 2225 3893 3808 3978">
     <span class='ocr_line' id='line_1_86' title="bbox 2225 3893 3808 3978; baseline -0.009 -17"><span class='ocrx_word' id='word_1_579' title='bbox 2225 3906 2568 3978; x_wconf 89' lang='lat' dir='ltr'>Olophyxis,</span> <span class='ocrx_word' id='word_1_580' title='bbox 2600 3905 2806 3960; x_wconf 90' lang='lat' dir='ltr'>civitas</span> <span class='ocrx_word' id='word_1_581' title='bbox 2835 3901 3096 3958; x_wconf 75' lang='lat' dir='ltr'>Thracim</span> <span class='ocrx_word' id='word_1_582' title='bbox 3119 3899 3293 3970; x_wconf 87' lang='lat' dir='ltr'>juxta</span> <span class='ocrx_word' id='word_1_583' title='bbox 3320 3901 3586 3952; x_wconf 89' lang='lat' dir='ltr'>montem</span> <span class='ocrx_word' id='word_1_584' title='bbox 3609 3893 3808 3948; x_wconf 79' lang='lat' dir='ltr'>Athon</span> 
     </span>
    </p>
   </div>
   <div class='ocr_carea' id='block_1_87' title="bbox 2153 3986 3805 4066">
    <p class='ocr_par' dir='ltr' id='par_1_87' title="bbox 2153 3986 3805 4066">
     <span class='ocr_line' id='line_1_87' title="bbox 2153 3986 3805 4066; baseline -0.008 -16"><span class='ocrx_word' id='word_1_585' title='bbox 2153 3995 2324 4066; x_wconf 89' lang='lat' dir='ltr'>cujus</span> <span class='ocrx_word' id='word_1_586' title='bbox 2355 3995 2496 4050; x_wconf 88' lang='lat' dir='ltr'>civis</span> <span class='ocrx_word' id='word_1_587' title='bbox 2526 3994 2636 4049; x_wconf 90' lang='lat' dir='ltr'>fuit</span> <span class='ocrx_word' id='word_1_588' title='bbox 2666 3993 2997 4049; x_wconf 85' lang='lat' dir='ltr'>Herodotus</span> <span class='ocrx_word' id='word_1_589' title='bbox 3022 3989 3310 4060; x_wconf 84' lang='lat' dir='ltr'>Olophyx,</span> <span class='ocrx_word' id='word_1_590' title='bbox 3354 3986 3455 4057; x_wconf 89' lang='lat' dir='ltr'>qui</span> <span class='ocrx_word' id='word_1_591' title='bbox 3504 3986 3578 4040; x_wconf 89' lang='lat' dir='ltr'>De</span> <span class='ocrx_word' id='word_1_592' title='bbox 3629 3987 3805 4051; x_wconf 82' lang='lat' dir='ltr'>Nym-</span> 
     </span>
    </p>
   </div>
   <div class='ocr_carea' id='block_1_88' title="bbox 2144 4078 3302 4154">
    <p class='ocr_par' dir='ltr' id='par_1_88' title="bbox 2144 4078 3302 4154">
     <span class='ocr_line' id='line_1_88' title="bbox 2144 4078 3302 4154; baseline -0.003 -17"><span class='ocrx_word' id='word_1_593' title='bbox 2144 4085 2278 4154; x_wconf 85' lang='lat' dir='ltr'>phis</span> <span class='ocrx_word' id='word_1_594' title='bbox 2306 4092 2358 4140; x_wconf 81' lang='lat' dir='ltr'>et</span> <span class='ocrx_word' id='word_1_595' title='bbox 2387 4086 2692 4154; x_wconf 74' lang='lat' dir='ltr'>sacriﬁciis,</span> <span class='ocrx_word' id='word_1_596' title='bbox 2726 4088 2791 4138; x_wconf 89' lang='lat' dir='ltr'>ut</span> <span class='ocrx_word' id='word_1_597' title='bbox 2821 4083 3009 4146; x_wconf 89' lang='lat' dir='ltr'>aiunt,</span> <span class='ocrx_word' id='word_1_598' title='bbox 3043 4078 3302 4149; x_wconf 90' lang='lat' dir='ltr'>scripsit.</span> 
     </span>
    </p>
   </div>
   <div class='ocr_carea' id='block_1_89' title="bbox 2226 4161 3809 4246">
    <p class='ocr_par' dir='ltr' id='par_1_89' title="bbox 2226 4161 3809 4246">
     <span class='ocr_line' id='line_1_89' title="bbox 2226 4161 3809 4246; baseline -0.009 -17"><span class='ocrx_word' id='word_1_599' title='bbox 2226 4175 2550 4246; x_wconf 87' lang='lat' dir='ltr'>Olympias,</span> <span class='ocrx_word' id='word_1_600' title='bbox 2582 4179 2906 4237; x_wconf 88' lang='lat' dir='ltr'>certamen,</span> <span class='ocrx_word' id='word_1_601' title='bbox 2939 4174 3150 4240; x_wconf 89' lang='lat' dir='ltr'>quarto</span> <span class='ocrx_word' id='word_1_602' title='bbox 3173 4182 3409 4237; x_wconf 90' lang='lat' dir='ltr'>quoque</span> <span class='ocrx_word' id='word_1_603' title='bbox 3426 4180 3584 4219; x_wconf 92' lang='lat' dir='ltr'>anno</span> <span class='ocrx_word' id='word_1_604' title='bbox 3607 4161 3809 4233; x_wconf 88' lang='lat' dir='ltr'>peragi</span> 
     </span>
    </p>
   </div>
   <div class='ocr_carea' id='block_1_90' title="bbox 2153 4262 3810 4332">
    <p class='ocr_par' dir='ltr' id='par_1_90' title="bbox 2153 4262 3810 4332">
     <span class='ocr_line' id='line_1_90' title="bbox 2153 4262 3810 4332; baseline -0.008 -14"><span class='ocrx_word' id='word_1_605' title='bbox 2153 4263 2416 4331; x_wconf 86' lang='lat' dir='ltr'>solitum,</span> <span class='ocrx_word' id='word_1_606' title='bbox 2450 4263 2524 4318; x_wconf 95' lang='lat' dir='ltr'>ob</span> <span class='ocrx_word' id='word_1_607' title='bbox 2557 4263 2736 4330; x_wconf 87' lang='lat' dir='ltr'>diem,</span> <span class='ocrx_word' id='word_1_608' title='bbox 2781 4262 2882 4332; x_wconf 92' lang='lat' dir='ltr'>qui</span> <span class='ocrx_word' id='word_1_609' title='bbox 2913 4265 3124 4331; x_wconf 89' lang='lat' dir='ltr'>quarto</span> <span class='ocrx_word' id='word_1_610' title='bbox 3157 4271 3395 4328; x_wconf 89' lang='lat' dir='ltr'>quoque</span> <span class='ocrx_word' id='word_1_611' title='bbox 3427 4270 3585 4308; x_wconf 88' lang='lat' dir='ltr'>anno</span> <span class='ocrx_word' id='word_1_612' title='bbox 3610 4270 3680 4307; x_wconf 90' lang='lat' dir='ltr'>ex</span> <span class='ocrx_word' id='word_1_613' title='bbox 3706 4268 3810 4306; x_wconf 91' lang='lat' dir='ltr'>sex</span> 
     </span>
    </p>
   </div>
   <div class='ocr_carea' id='block_1_91' title="bbox 2153 4341 3810 4425">
    <p class='ocr_par' dir='ltr' id='par_1_91' title="bbox 2153 4341 3810 4425">
     <span class='ocr_line' id='line_1_91' title="bbox 2153 4341 3810 4425; baseline -0.007 -19"><span class='ocrx_word' id='word_1_614' title='bbox 2153 4353 2315 4408; x_wconf 89' lang='lat' dir='ltr'>horis</span> <span class='ocrx_word' id='word_1_615' title='bbox 2348 4353 2666 4425; x_wconf 88' lang='lat' dir='ltr'>colligitur.</span> <span class='ocrx_word' id='word_1_616' title='bbox 2701 4351 2900 4406; x_wconf 89' lang='lat' dir='ltr'>Prima</span> <span class='ocrx_word' id='word_1_617' title='bbox 2927 4354 3126 4404; x_wconf 89' lang='lat' dir='ltr'>autem</span> <span class='ocrx_word' id='word_1_618' title='bbox 3157 4344 3460 4417; x_wconf 84' lang='lat' dir='ltr'>Olympias</span> <span class='ocrx_word' id='word_1_619' title='bbox 3502 4342 3719 4396; x_wconf 89' lang='lat' dir='ltr'>incidit</span> <span class='ocrx_word' id='word_1_620' title='bbox 3746 4341 3810 4395; x_wconf 90' lang='lat' dir='ltr'>in</span> 
     </span>
    </p>
   </div>
   <div class='ocr_carea' id='block_1_92' title="bbox 2152 4433 3805 4511">
    <p class='ocr_par' dir='ltr' id='par_1_92' title="bbox 2152 4433 3805 4511">
     <span class='ocr_line' id='line_1_92' title="bbox 2152 4433 3805 4511; baseline -0.009 -13"><span class='ocrx_word' id='word_1_621' title='bbox 2152 4448 2387 4498; x_wconf 76' lang='lat' dir='ltr'>aetatem</span> <span class='ocrx_word' id='word_1_622' title='bbox 2419 4442 2772 4505; x_wconf 89' lang='lat' dir='ltr'>Salomonis,</span> <span class='ocrx_word' id='word_1_623' title='bbox 2807 4456 2924 4511; x_wconf 93' lang='lat' dir='ltr'>quo</span> <span class='ocrx_word' id='word_1_624' title='bbox 2957 4444 3222 4507; x_wconf 89' lang='lat' dir='ltr'>tempore</span> <span class='ocrx_word' id='word_1_625' title='bbox 3251 4433 3405 4489; x_wconf 86' lang='lat' dir='ltr'>Jovis</span> <span class='ocrx_word' id='word_1_626' title='bbox 3435 4433 3655 4486; x_wconf 90' lang='lat' dir='ltr'>festum</span> <span class='ocrx_word' id='word_1_627' title='bbox 3685 4446 3805 4501; x_wconf 90' lang='lat' dir='ltr'>pu—</span> 
     </span>
    </p>
   </div>
   <div class='ocr_carea' id='block_1_93' title="bbox 2148 4529 3248 4586">
    <p class='ocr_par' dir='ltr' id='par_1_93' title="bbox 2148 4529 3248 4586">
     <span class='ocr_line' id='line_1_93' title="bbox 2148 4529 3248 4586; baseline -0.006 -1"><span class='ocrx_word' id='word_1_628' title='bbox 2148 4531 2308 4586; x_wconf 90' lang='lat' dir='ltr'>blica</span> <span class='ocrx_word' id='word_1_629' title='bbox 2338 4531 2715 4586; x_wconf 88' lang='lat' dir='ltr'>solcmnitate</span> <span class='ocrx_word' id='word_1_630' title='bbox 2745 4529 3110 4584; x_wconf 89' lang='lat' dir='ltr'>celebratum</span> <span class='ocrx_word' id='word_1_631' title='bbox 3137 4530 3248 4580; x_wconf 89' lang='lat' dir='ltr'>est.</span> 
     </span>
    </p>
   </div>
   <div class='ocr_carea' id='block_1_94' title="bbox 2221 4607 3808 4692">
    <p class='ocr_par' dir='ltr' id='par_1_94' title="bbox 2221 4607 3808 4692">
     <span class='ocr_line' id='line_1_94' title="bbox 2221 4607 3808 4692; baseline -0.01 -16"><span class='ocrx_word' id='word_1_632' title='bbox 2221 4611 3536 4692; x_wconf 86' lang='lat' dir='ltr'>Olympiodorus,philosophusAlexandrinus</span> <span class='ocrx_word' id='word_1_633' title='bbox 3548 4607 3808 4664; x_wconf 87' lang='lat' dir='ltr'>celeber-</span> 
     </span>
    </p>
   </div>
   <div class='ocr_carea' id='block_1_95' title="bbox 389 4689 3802 4776">
    <p class='ocr_par' dir='ltr' id='par_1_95' title="bbox 389 4689 3802 4776">
     <span class='ocr_line' id='line_1_95' title="bbox 389 4689 3802 4776; baseline 0.004 -34"><span class='ocrx_word' id='word_1_634' title='bbox 389 4689 718 4758; x_wconf 88' lang='lat' dir='ltr'>superiore,</span> <span class='ocrx_word' id='word_1_635' title='bbox 749 4690 809 4745; x_wconf 93' lang='lat' dir='ltr'>id</span> <span class='ocrx_word' id='word_1_636' title='bbox 841 4698 932 4746; x_wconf 92' lang='lat' dir='ltr'>est</span> <span class='ocrx_word' id='word_1_637' title='bbox 959 4709 1114 4764; x_wconf 89' lang='lat' dir='ltr'>arce,</span> <span class='ocrx_word' id='word_1_638' title='bbox 1148 4696 1209 4750; x_wconf 91' lang='lat' dir='ltr'>in</span> <span class='ocrx_word' id='word_1_639' title='bbox 1241 4698 1468 4754; x_wconf 89' lang='lat' dir='ltr'>curiam</span> <span class='ocrx_word' id='word_1_640' title='bbox 1509 4706 1569 4756; x_wconf 92' lang='lat' dir='ltr'>et</span> <span class='ocrx_word' id='word_1_641' title='bbox 1603 4702 1798 4760; x_wconf 90' lang='lat' dir='ltr'>forum</span> <span class='ocrx_word' id='word_1_642' title='bbox 1845 4711 2040 4762; x_wconf 81' lang='lat' dir='ltr'>trans-</span> <span class='ocrx_word' id='word_1_643' title='bbox 2071 4690 2119 4755; x_wconf 81' lang='grc' dir='ltr'>Ι)</span> <span class='ocrx_word' id='word_1_644' title='bbox 2149 4689 2338 4768; x_wconf 66' lang='lat' dir='ltr'>rimus</span> <span class='ocrx_word' id='word_1_645' title='bbox 2363 4689 2452 4768; x_wconf 64' lang='lat' dir='ltr'>Ad</span> <span class='ocrx_word' id='word_1_646' title='bbox 2479 4713 2638 4766; x_wconf 89' lang='lat' dir='ltr'>hunc</span> <span class='ocrx_word' id='word_1_647' title='bbox 2666 4710 3031 4766; x_wconf 79' lang='lat' dir='ltr'>audiendum</span> <span class='ocrx_word' id='word_1_648' title='bbox 3072 4707 3336 4773; x_wconf 85' lang='lat' dir='ltr'>Proclus,</span> <span class='ocrx_word' id='word_1_649' title='bbox 3392 4704 3622 4776; x_wconf 84' lang='lat' dir='ltr'>Lycius,</span> <span class='ocrx_word' id='word_1_650' title='bbox 3672 4701 3802 4756; x_wconf 55' lang='lat' dir='ltr'>Ari.</span> 
     </span>
    </p>
   </div>
   <div class='ocr_carea' id='block_1_96' title="bbox 387 4777 538 4832">
    <p class='ocr_par' dir='ltr' id='par_1_96' title="bbox 387 4777 538 4832">
     <span class='ocr_line' id='line_1_96' title="bbox 387 4777 538 4832; baseline 0.02 -3"><span class='ocrx_word' id='word_1_651' title='bbox 387 4777 538 4832; x_wconf 89' lang='lat' dir='ltr'>tulit.</span> 
     </span>
    </p>
   </div>
   <div class='ocr_carea' id='block_1_97' title="bbox 451 4867 2042 4957">
    <p class='ocr_par' dir='ltr' id='par_1_97' title="bbox 451 4867 2042 4957">
     <span class='ocr_line' id='line_1_97' title="bbox 451 4867 2042 4957; baseline 0.014 -37"><span class='ocrx_word' id='word_1_652' title='bbox 451 4867 668 4934; x_wconf 88' lang='lat' dir='ltr'>Ochus,</span> <span class='ocrx_word' id='word_1_653' title='bbox 697 4870 872 4942; x_wconf 79' lang='grc' dir='ltr'>Ὦχος</span> <span class='ocrx_word' id='word_1_654' title='bbox 916 4871 1072 4940; x_wconf 87' lang='lat' dir='ltr'>(aliis</span> <span class='ocrx_word' id='word_1_655' title='bbox 1131 4874 1383 4948; x_wconf 81' lang='grc' dir='ltr'>Μῶχος),</span> <span class='ocrx_word' id='word_1_656' title='bbox 1443 4879 1834 4953; x_wconf 89' lang='lat' dir='ltr'>philosophus</span> <span class='ocrx_word' id='word_1_657' title='bbox 1884 4885 2042 4957; x_wconf 93' lang='lat' dir='ltr'>apud</span> 
     </span>
    </p>
   </div>
   <div class='ocr_carea' id='block_1_98' title="bbox 381 4955 2042 5047">
    <p class='ocr_par' dir='ltr' id='par_1_98' title="bbox 381 4955 2042 5047">
     <span class='ocr_line' id='line_1_98' title="bbox 381 4955 2042 5047; baseline 0.014 -39"><span class='ocrx_word' id='word_1_658' title='bbox 381 4955 714 5047; x_wconf 72' lang='lat' dir='ltr'>Phoenices,</span> <span class='ocrx_word' id='word_1_659' title='bbox 746 4965 811 5013; x_wconf 89' lang='lat' dir='ltr'>ut</span> <span class='ocrx_word' id='word_1_660' title='bbox 836 4961 1128 5018; x_wconf 87' lang='lat' dir='ltr'>Zamolxis</span> <span class='ocrx_word' id='word_1_661' title='bbox 1160 4965 1317 5035; x_wconf 89' lang='lat' dir='ltr'>apud</span> <span class='ocrx_word' id='word_1_662' title='bbox 1343 4967 1596 5024; x_wconf 88' lang='lat' dir='ltr'>Thraces</span> <span class='ocrx_word' id='word_1_663' title='bbox 1619 4977 1678 5026; x_wconf 89' lang='lat' dir='ltr'>et</span> <span class='ocrx_word' id='word_1_664' title='bbox 1697 4973 1863 5028; x_wconf 87' lang='lat' dir='ltr'>Atlas</span> <span class='ocrx_word' id='word_1_665' title='bbox 1883 4955 2042 5047; x_wconf 82' lang='lat' dir='ltr'>apud</span> 
     </span>
    </p>
   </div>
   <div class='ocr_carea' id='block_1_99' title="bbox 385 5045 579 5101">
    <p class='ocr_par' dir='ltr' id='par_1_99' title="bbox 385 5045 579 5101">
     <span class='ocr_line' id='line_1_99' title="bbox 385 5045 579 5101; baseline 0.01 -2"><span class='ocrx_word' id='word_1_666' title='bbox 385 5045 579 5101; x_wconf 85' lang='lat' dir='ltr'>Afros.</span> 
     </span>
    </p>
   </div>
   <div class='ocr_carea' id='block_1_100' title="bbox 459 5138 2038 5226">
    <p class='ocr_par' dir='ltr' id='par_1_100' title="bbox 459 5138 2038 5226">
     <span class='ocr_line' id='line_1_100' title="bbox 459 5138 2038 5226; baseline 0.012 -35"><span class='ocrx_word' id='word_1_667' title='bbox 459 5138 656 5192; x_wconf 86' lang='lat' dir='ltr'>Ochus</span> <span class='ocrx_word' id='word_1_668' title='bbox 687 5140 1027 5208; x_wconf 90' lang='lat' dir='ltr'>(Persarum</span> <span class='ocrx_word' id='word_1_669' title='bbox 1059 5144 1207 5215; x_wconf 88' lang='lat' dir='ltr'>rex),</span> <span class='ocrx_word' id='word_1_670' title='bbox 1236 5146 1335 5216; x_wconf 88' lang='lat' dir='ltr'>qui</span> <span class='ocrx_word' id='word_1_671' title='bbox 1371 5164 1506 5204; x_wconf 90' lang='lat' dir='ltr'>cum</span> <span class='ocrx_word' id='word_1_672' title='bbox 1538 5151 1692 5222; x_wconf 82' lang='lat' dir='ltr'>Apin</span> <span class='ocrx_word' id='word_1_673' title='bbox 1725 5155 2038 5226; x_wconf 77' lang='lat' dir='ltr'>(/Egyptio-</span> 
     </span>
    </p>
   </div>
   <div class='ocr_carea' id='block_1_101' title="bbox 386 5227 2044 5312">
    <p class='ocr_par' dir='ltr' id='par_1_101' title="bbox 386 5227 2044 5312">
     <span class='ocr_line' id='line_1_101' title="bbox 386 5227 2044 5312; baseline 0.013 -33"><span class='ocrx_word' id='word_1_674' title='bbox 386 5228 539 5297; x_wconf 88' lang='lat' dir='ltr'>rum)</span> <span class='ocrx_word' id='word_1_675' title='bbox 573 5227 986 5298; x_wconf 86' lang='lat' dir='ltr'>interfecisset,</span> <span class='ocrx_word' id='word_1_676' title='bbox 1022 5248 1158 5288; x_wconf 88' lang='lat' dir='ltr'>eum</span> <span class='ocrx_word' id='word_1_677' title='bbox 1190 5237 1396 5306; x_wconf 91' lang='lat' dir='ltr'>coquis</span> <span class='ocrx_word' id='word_1_678' title='bbox 1439 5241 1671 5297; x_wconf 86' lang='lat' dir='ltr'>tradere</span> <span class='ocrx_word' id='word_1_679' title='bbox 1725 5243 1928 5312; x_wconf 86' lang='lat' dir='ltr'>voluit,</span> <span class='ocrx_word' id='word_1_680' title='bbox 1978 5251 2044 5301; x_wconf 90' lang='lat' dir='ltr'>ut</span> 
     </span>
    </p>
   </div>
   <div class='ocr_carea' id='block_1_102' title="bbox 387 5318 2039 5405">
    <p class='ocr_par' dir='ltr' id='par_1_102' title="bbox 387 5318 2039 5405">
     <span class='ocr_line' id='line_1_102' title="bbox 387 5318 2039 5405; baseline 0.014 -36"><span class='ocrx_word' id='word_1_681' title='bbox 387 5331 519 5370; x_wconf 92' lang='lat' dir='ltr'>eum</span> <span class='ocrx_word' id='word_1_682' title='bbox 552 5318 616 5373; x_wconf 90' lang='lat' dir='ltr'>in</span> <span class='ocrx_word' id='word_1_683' title='bbox 645 5318 834 5376; x_wconf 85' lang='lat' dir='ltr'>frusta</span> <span class='ocrx_word' id='word_1_684' title='bbox 862 5321 1232 5380; x_wconf 88' lang='lat' dir='ltr'>dissecarent</span> <span class='ocrx_word' id='word_1_685' title='bbox 1259 5333 1319 5382; x_wconf 90' lang='lat' dir='ltr'>et</span> <span class='ocrx_word' id='word_1_686' title='bbox 1346 5329 1420 5384; x_wconf 94' lang='lat' dir='ltr'>ad</span> <span class='ocrx_word' id='word_1_687' title='bbox 1465 5348 1694 5389; x_wconf 69' lang='lat' dir='ltr'>coenam</span> <span class='ocrx_word' id='word_1_688' title='bbox 1743 5350 2039 5405; x_wconf 68' lang='lat' dir='ltr'>prmrara-</span> 
     </span>
    </p>
   </div>
   <div class='ocr_carea' id='block_1_103' title="bbox 382 5412 536 5460">
    <p class='ocr_par' dir='ltr' id='par_1_103' title="bbox 382 5412 536 5460">
     <span class='ocr_line' id='line_1_103' title="bbox 382 5412 536 5460; baseline 0 0"><span class='ocrx_word' id='word_1_689' title='bbox 382 5412 536 5460; x_wconf 90' lang='lat' dir='ltr'>rent.</span> 
     </span>
    </p>
   </div>
   <div class='ocr_carea' id='block_1_104' title="bbox 450 5497 2038 5587">
    <p class='ocr_par' dir='ltr' id='par_1_104' title="bbox 450 5497 2038 5587">
     <span class='ocr_line' id='line_1_104' title="bbox 450 5497 2038 5587; baseline 0.014 -36"><span class='ocrx_word' id='word_1_690' title='bbox 450 5497 832 5564; x_wconf 69' lang='lat' dir='ltr'>Odmnathus,</span> <span class='ocrx_word' id='word_1_691' title='bbox 867 5502 1067 5573; x_wconf 87' lang='lat' dir='ltr'>Syrus,</span> <span class='ocrx_word' id='word_1_692' title='bbox 1102 5506 1426 5579; x_wconf 86' lang='lat' dir='ltr'>Plutarchi,</span> <span class='ocrx_word' id='word_1_693' title='bbox 1459 5513 1798 5587; x_wconf 92' lang='lat' dir='ltr'>philosophi</span> <span class='ocrx_word' id='word_1_694' title='bbox 1840 5518 2038 5587; x_wconf 87' lang='lat' dir='ltr'>(Athe-</span> 
     </span>
    </p>
   </div>
   <div class='ocr_carea' id='block_1_105' title="bbox 384 5585 2038 5679">
    <p class='ocr_par' dir='ltr' id='par_1_105' title="bbox 384 5585 2038 5679">
     <span class='ocr_line' id='line_1_105' title="bbox 384 5585 2038 5679; baseline 0.016 -41"><span class='ocrx_word' id='word_1_695' title='bbox 384 5585 656 5679; x_wconf 80' lang='lat' dir='ltr'>niensis),</span> <span class='ocrx_word' id='word_1_696' title='bbox 689 5589 945 5679; x_wconf 78' lang='lat' dir='ltr'>auditor,</span> <span class='ocrx_word' id='word_1_697' title='bbox 1006 5597 1368 5664; x_wconf 70' lang='lat' dir='ltr'>quaestiones</span> <span class='ocrx_word' id='word_1_698' title='bbox 1425 5585 1713 5658; x_wconf 74' lang='lat' dir='ltr'>difﬁciles</span> <span class='ocrx_word' id='word_1_699' title='bbox 1760 5585 2038 5679; x_wconf 84' lang='lat' dir='ltr'>magistro</span> 
     </span>
    </p>
   </div>
   <div class='ocr_carea' id='block_1_106' title="bbox 381 5673 2038 5758">
    <p class='ocr_par' dir='ltr' id='par_1_106' title="bbox 381 5673 2038 5758">
     <span class='ocr_line' id='line_1_106' title="bbox 381 5673 2038 5758; baseline 0.016 -31"><span class='ocrx_word' id='word_1_700' title='bbox 381 5673 710 5746; x_wconf 86' lang='lat' dir='ltr'>disputanti</span> <span class='ocrx_word' id='word_1_701' title='bbox 731 5677 1062 5738; x_wconf 90' lang='lat' dir='ltr'>identidem</span> <span class='ocrx_word' id='word_1_702' title='bbox 1082 5688 1475 5758; x_wconf 90' lang='lat' dir='ltr'>proponebat,</span> <span class='ocrx_word' id='word_1_703' title='bbox 1492 5695 1551 5747; x_wconf 92' lang='lat' dir='ltr'>et</span> <span class='ocrx_word' id='word_1_704' title='bbox 1569 5673 2038 5753; x_wconf 43' lang='lat' dir='ltr'>dicentemvsem-</span> 
     </span>
    </p>
   </div>
   <div class='ocr_carea' id='block_1_107' title="bbox 380 5766 2039 5862">
    <p class='ocr_par' dir='ltr' id='par_1_107' title="bbox 380 5766 2039 5862">
     <span class='ocr_line' id='line_1_107' title="bbox 380 5766 2039 5862; baseline 0.018 -45"><span class='ocrx_word' id='word_1_705' title='bbox 380 5779 488 5834; x_wconf 89' lang='lat' dir='ltr'>per</span> <span class='ocrx_word' id='word_1_706' title='bbox 515 5766 955 5840; x_wconf 88' lang='lat' dir='ltr'>interpellabat,</span> <span class='ocrx_word' id='word_1_707' title='bbox 990 5772 1064 5828; x_wconf 88' lang='lat' dir='ltr'>ad</span> <span class='ocrx_word' id='word_1_708' title='bbox 1094 5777 1406 5836; x_wconf 87' lang='lat' dir='ltr'>veritatem</span> <span class='ocrx_word' id='word_1_709' title='bbox 1437 5785 1872 5855; x_wconf 86' lang='lat' dir='ltr'>assequendam</span> <span class='ocrx_word' id='word_1_710' title='bbox 1911 5788 2039 5862; x_wconf 91' lang='lat' dir='ltr'>ipse</span> 
     </span>
    </p>
   </div>
   <div class='ocr_carea' id='block_1_108' title="bbox 2152 4794 3806 4859">
    <p class='ocr_par' dir='ltr' id='par_1_108' title="bbox 2152 4794 3806 4859">
     <span class='ocr_line' id='line_1_108' title="bbox 2152 4794 3806 4859; baseline -0.008 -1"><span class='ocrx_word' id='word_1_711' title='bbox 2152 4803 2437 4859; x_wconf 74' lang='lat' dir='ltr'>stotelicaa</span> <span class='ocrx_word' id='word_1_712' title='bbox 2459 4802 2742 4858; x_wconf 64' lang='lat' dir='ltr'>doctrinas</span> <span class='ocrx_word' id='word_1_713' title='bbox 2764 4799 3064 4857; x_wconf 73' lang='lat' dir='ltr'>discendaa</span> <span class='ocrx_word' id='word_1_714' title='bbox 3081 4815 3261 4856; x_wconf 87' lang='lat' dir='ltr'>causa</span> <span class='ocrx_word' id='word_1_715' title='bbox 3280 4813 3342 4852; x_wconf 92' lang='lat' dir='ltr'>se</span> <span class='ocrx_word' id='word_1_716' title='bbox 3364 4794 3636 4852; x_wconf 88' lang='lat' dir='ltr'>contulit.</span> <span class='ocrx_word' id='word_1_717' title='bbox 3660 4794 3806 4847; x_wconf 84' lang='lat' dir='ltr'>Cum</span> 
     </span>
    </p>
   </div>
   <div class='ocr_carea' id='block_1_109' title="bbox 2151 4885 3804 4965">
    <p class='ocr_par' dir='ltr' id='par_1_109' title="bbox 2151 4885 3804 4965">
     <span class='ocr_line' id='line_1_109' title="bbox 2151 4885 3804 4965; baseline -0.009 -15"><span class='ocrx_word' id='word_1_718' title='bbox 2151 4899 2351 4950; x_wconf 88' lang='lat' dir='ltr'>autem</span> <span class='ocrx_word' id='word_1_719' title='bbox 2382 4892 2870 4965; x_wconf 87' lang='lat' dir='ltr'>Olympiodorum</span> <span class='ocrx_word' id='word_1_720' title='bbox 2901 4889 3156 4955; x_wconf 90' lang='lat' dir='ltr'>audiret,</span> <span class='ocrx_word' id='word_1_721' title='bbox 3178 4888 3368 4943; x_wconf 91' lang='lat' dir='ltr'>virum</span> <span class='ocrx_word' id='word_1_722' title='bbox 3399 4885 3804 4955; x_wconf 85' lang='lat' dir='ltr'>eloquentem,</span> 
     </span>
    </p>
   </div>
   <div class='ocr_carea' id='block_1_110' title="bbox 2153 4974 3798 5070">
    <p class='ocr_par' dir='ltr' id='par_1_110' title="bbox 2153 4974 3798 5070">
     <span class='ocr_line' id='line_1_110' title="bbox 2153 4974 3798 5070; baseline -0.01 -29"><span class='ocrx_word' id='word_1_723' title='bbox 2153 4991 2212 5042; x_wconf 90' lang='lat' dir='ltr'>et</span> <span class='ocrx_word' id='word_1_724' title='bbox 2239 4986 2340 5056; x_wconf 90' lang='lat' dir='ltr'>qui</span> <span class='ocrx_word' id='word_1_725' title='bbox 2371 4990 2614 5057; x_wconf 88' lang='lat' dir='ltr'>propter</span> <span class='ocrx_word' id='word_1_726' title='bbox 2650 4983 2868 5055; x_wconf 71' lang='lat' dir='ltr'>linguas</span> <span class='ocrx_word' id='word_1_727' title='bbox 2893 4980 3325 5036; x_wconf 87' lang='lat' dir='ltr'>volubilitatem</span> <span class='ocrx_word' id='word_1_728' title='bbox 3432 4974 3798 5070; x_wconf 79' lang='lat' dir='ltr'>celeritatem</span> 
     </span>
    </p>
   </div>
   <div class='ocr_carea' id='block_1_111' title="bbox 2151 5061 3798 5144">
    <p class='ocr_par' dir='ltr' id='par_1_111' title="bbox 2151 5061 3798 5144">
     <span class='ocr_line' id='line_1_111' title="bbox 2151 5061 3798 5144; baseline -0.009 -15"><span class='ocrx_word' id='word_1_729' title='bbox 2151 5077 2212 5129; x_wconf 94' lang='lat' dir='ltr'>in</span> <span class='ocrx_word' id='word_1_730' title='bbox 2244 5073 2494 5129; x_wconf 89' lang='lat' dir='ltr'>dicendo</span> <span class='ocrx_word' id='word_1_731' title='bbox 2525 5089 2559 5128; x_wconf 90' lang='lat' dir='ltr'>a</span> <span class='ocrx_word' id='word_1_732' title='bbox 2589 5072 2794 5144; x_wconf 88' lang='lat' dir='ltr'>paucis</span> <span class='ocrx_word' id='word_1_733' title='bbox 2823 5069 3196 5127; x_wconf 87' lang='lat' dir='ltr'>auditoribus</span> <span class='ocrx_word' id='word_1_734' title='bbox 3219 5061 3679 5135; x_wconf 82' lang='lat' dir='ltr'>intelligebatur,</span> <span class='ocrx_word' id='word_1_735' title='bbox 3714 5061 3798 5114; x_wconf 90' lang='lat' dir='ltr'>sic</span> 
     </span>
    </p>
   </div>
   <div class='ocr_carea' id='block_1_112' title="bbox 2152 5149 3804 5234">
    <p class='ocr_par' dir='ltr' id='par_1_112' title="bbox 2152 5149 3804 5234">
     <span class='ocr_line' id='line_1_112' title="bbox 2152 5149 3804 5234; baseline -0.012 -15"><span class='ocrx_word' id='word_1_736' title='bbox 2152 5164 2225 5219; x_wconf 90' lang='lat' dir='ltr'>ab</span> <span class='ocrx_word' id='word_1_737' title='bbox 2255 5181 2324 5219; x_wconf 90' lang='lat' dir='ltr'>eo</span> <span class='ocrx_word' id='word_1_738' title='bbox 2354 5163 2468 5218; x_wconf 89' lang='lat' dir='ltr'>fuit</span> <span class='ocrx_word' id='word_1_739' title='bbox 2496 5161 2878 5234; x_wconf 90' lang='lat' dir='ltr'>approbatus,</span> <span class='ocrx_word' id='word_1_740' title='bbox 2911 5166 2977 5216; x_wconf 92' lang='lat' dir='ltr'>ut</span> <span class='ocrx_word' id='word_1_741' title='bbox 3008 5159 3276 5221; x_wconf 88' lang='lat' dir='ltr'>ﬁliolam,</span> <span class='ocrx_word' id='word_1_742' title='bbox 3309 5160 3369 5209; x_wconf 92' lang='lat' dir='ltr'>et</span> <span class='ocrx_word' id='word_1_743' title='bbox 3398 5153 3589 5225; x_wconf 87' lang='lat' dir='ltr'>ipsam</span> <span class='ocrx_word' id='word_1_744' title='bbox 3611 5149 3804 5222; x_wconf 87' lang='lat' dir='ltr'>philo-</span> 
     </span>
    </p>
   </div>
   <div class='ocr_carea' id='block_1_113' title="bbox 2152 5245 3803 5325">
    <p class='ocr_par' dir='ltr' id='par_1_113' title="bbox 2152 5245 3803 5325">
     <span class='ocr_line' id='line_1_113' title="bbox 2152 5245 3803 5325; baseline -0.006 -15"><span class='ocrx_word' id='word_1_745' title='bbox 2152 5255 2395 5325; x_wconf 88' lang='lat' dir='ltr'>sophice</span> <span class='ocrx_word' id='word_1_746' title='bbox 2426 5254 2781 5321; x_wconf 90' lang='lat' dir='ltr'>institutam,</span> <span class='ocrx_word' id='word_1_747' title='bbox 2814 5253 2930 5323; x_wconf 90' lang='lat' dir='ltr'>ipsi</span> <span class='ocrx_word' id='word_1_748' title='bbox 2963 5250 3333 5322; x_wconf 90' lang='lat' dir='ltr'>despondere</span> <span class='ocrx_word' id='word_1_749' title='bbox 3352 5247 3623 5302; x_wconf 88' lang='lat' dir='ltr'>voluerit.</span> <span class='ocrx_word' id='word_1_750' title='bbox 3645 5245 3803 5302; x_wconf 84' lang='lat' dir='ltr'>conf.</span> 
     </span>
    </p>
   </div>
   <div class='ocr_carea' id='block_1_114' title="bbox 2151 5341 3230 5411">
    <p class='ocr_par' dir='ltr' id='par_1_114' title="bbox 2151 5341 3230 5411">
     <span class='ocr_line' id='line_1_114' title="bbox 2151 5341 3230 5411; baseline -0.007 -12"><span class='ocrx_word' id='word_1_751' title='bbox 2151 5344 2385 5399; x_wconf 88' lang='lat' dir='ltr'>Kusteri</span> <span class='ocrx_word' id='word_1_752' title='bbox 2417 5348 2539 5398; x_wconf 91' lang='lat' dir='ltr'>not.</span> <span class='ocrx_word' id='word_1_753' title='bbox 2576 5344 2629 5409; x_wconf 88' lang='lat'>3,</span> <span class='ocrx_word' id='word_1_754' title='bbox 2665 5348 2804 5396; x_wconf 90' lang='lat' dir='ltr'>tom.</span> <span class='ocrx_word' id='word_1_755' title='bbox 2838 5343 2910 5407; x_wconf 88' lang='lat' dir='ltr'>Il,</span> <span class='ocrx_word' id='word_1_756' title='bbox 2940 5356 3069 5411; x_wconf 88' lang='lat' dir='ltr'>pag.</span> <span class='ocrx_word' id='word_1_757' title='bbox 3107 5341 3230 5392; x_wconf 87' lang='lat'>683.</span> 
     </span>
    </p>
   </div>
   <div class='ocr_carea' id='block_1_115' title="bbox 2222 5423 3805 5504">
    <p class='ocr_par' dir='ltr' id='par_1_115' title="bbox 2222 5423 3805 5504">
     <span class='ocr_line' id='line_1_115' title="bbox 2222 5423 3805 5504; baseline -0.007 -17"><span class='ocrx_word' id='word_1_758' title='bbox 2222 5432 2529 5504; x_wconf 87' lang='lat' dir='ltr'>Olympus,</span> <span class='ocrx_word' id='word_1_759' title='bbox 2554 5433 2866 5487; x_wconf 59' lang='lat' dir='ltr'>Generosa</span> <span class='ocrx_word' id='word_1_760' title='bbox 2884 5427 3182 5500; x_wconf 85' lang='grc' dir='ltr'>(Γενερώση</span> <span class='ocrx_word' id='word_1_761' title='bbox 3193 5429 3235 5496; x_wconf 82' lang='grc' dir='ltr'>ς)</span> <span class='ocrx_word' id='word_1_762' title='bbox 3259 5425 3567 5496; x_wconf 85' lang='lat' dir='ltr'>frater,qui</span> <span class='ocrx_word' id='word_1_763' title='bbox 3584 5441 3654 5480; x_wconf 89' lang='lat' dir='ltr'>ex</span> <span class='ocrx_word' id='word_1_764' title='bbox 3665 5423 3805 5478; x_wconf 82' lang='lat' dir='ltr'>Cili-</span> 
     </span>
    </p>
   </div>
   <div class='ocr_carea' id='block_1_116' title="bbox 2150 5513 3801 5585">
    <p class='ocr_par' dir='ltr' id='par_1_116' title="bbox 2150 5513 3801 5585">
     <span class='ocr_line' id='line_1_116' title="bbox 2150 5513 3801 5585; baseline -0.007 -8"><span class='ocrx_word' id='word_1_765' title='bbox 2150 5522 2241 5577; x_wconf 91' lang='lat' dir='ltr'>cia</span> <span class='ocrx_word' id='word_1_766' title='bbox 2273 5521 2693 5577; x_wconf 83' lang='lat' dir='ltr'>Alexandriam</span> <span class='ocrx_word' id='word_1_767' title='bbox 2723 5518 2883 5573; x_wconf 89' lang='lat' dir='ltr'>venit</span> <span class='ocrx_word' id='word_1_768' title='bbox 2932 5516 3006 5572; x_wconf 91' lang='lat' dir='ltr'>ad</span> <span class='ocrx_word' id='word_1_769' title='bbox 3057 5514 3379 5571; x_wconf 90' lang='lat' dir='ltr'>colendum</span> <span class='ocrx_word' id='word_1_770' title='bbox 3435 5513 3801 5585; x_wconf 79' lang='lat' dir='ltr'>Serapidem°</span> 
     </span>
    </p>
   </div>
   <div class='ocr_carea' id='block_1_117' title="bbox 2148 5609 3801 5684">
    <p class='ocr_par' dir='ltr' id='par_1_117' title="bbox 2148 5609 3801 5684">
     <span class='ocr_line' id='line_1_117' title="bbox 2148 5609 3801 5684; baseline -0.006 -18"><span class='ocrx_word' id='word_1_771' title='bbox 2148 5612 2236 5666; x_wconf 92' lang='lat' dir='ltr'>vir</span> <span class='ocrx_word' id='word_1_772' title='bbox 2262 5612 2502 5684; x_wconf 88' lang='lat' dir='ltr'>ingenio</span> <span class='ocrx_word' id='word_1_773' title='bbox 2532 5609 2892 5678; x_wconf 89' lang='lat' dir='ltr'>admirabili,</span> <span class='ocrx_word' id='word_1_774' title='bbox 2925 5622 3170 5678; x_wconf 92' lang='lat' dir='ltr'>corpore</span> <span class='ocrx_word' id='word_1_775' title='bbox 3197 5621 3412 5678; x_wconf 87' lang='lat' dir='ltr'>magno</span> <span class='ocrx_word' id='word_1_776' title='bbox 3444 5610 3504 5660; x_wconf 89' lang='lat' dir='ltr'>et</span> <span class='ocrx_word' id='word_1_777' title='bbox 3530 5619 3801 5675; x_wconf 91' lang='lat' dir='ltr'>procero,</span> 
     </span>
    </p>
   </div>
   <div class='ocr_carea' id='block_1_118' title="bbox 2146 5694 3801 5767">
    <p class='ocr_par' dir='ltr' id='par_1_118' title="bbox 2146 5694 3801 5767">
     <span class='ocr_line' id='line_1_118' title="bbox 2146 5694 3801 5767; baseline -0.007 -9"><span class='ocrx_word' id='word_1_778' title='bbox 2146 5701 2297 5758; x_wconf 85' lang='lat' dir='ltr'>facie</span> <span class='ocrx_word' id='word_1_779' title='bbox 2329 5701 2581 5756; x_wconf 89' lang='lat' dir='ltr'>honesta</span> <span class='ocrx_word' id='word_1_780' title='bbox 2610 5706 2670 5757; x_wconf 92' lang='lat' dir='ltr'>et</span> <span class='ocrx_word' id='word_1_781' title='bbox 2697 5698 2952 5767; x_wconf 89' lang='lat' dir='ltr'>liberali,</span> <span class='ocrx_word' id='word_1_782' title='bbox 2989 5695 3173 5754; x_wconf 89' lang='lat' dir='ltr'>suada</span> <span class='ocrx_word' id='word_1_783' title='bbox 3199 5694 3558 5750; x_wconf 89' lang='lat' dir='ltr'>incredibili.</span> <span class='ocrx_word' id='word_1_784' title='bbox 3609 5694 3801 5759; x_wconf 88' lang='lat' dir='ltr'>Quare</span> 
     </span>
    </p>
   </div>
   <div class='ocr_carea' id='block_1_119' title="bbox 2150 5781 3802 5864">
    <p class='ocr_par' dir='ltr' id='par_1_119' title="bbox 2150 5781 3802 5864">
     <span class='ocr_line' id='line_1_119' title="bbox 2150 5781 3802 5864; baseline -0.007 -15"><span class='ocrx_word' id='word_1_785' title='bbox 2150 5793 2510 5849; x_wconf 82' lang='lat' dir='ltr'>constitutus</span> <span class='ocrx_word' id='word_1_786' title='bbox 2531 5785 3315 5864; x_wconf 60' lang='lat' dir='ltr'>ispoSchcxaloc,sacrorum</span> <span class='ocrx_word' id='word_1_787' title='bbox 3335 5781 3802 5857; x_wconf 85' lang='lat' dir='ltr'>magister,apud</span> 
     </span>
    </p>
   </div>
  </div>
