4126 6440
399 417 564 478 1307

1707 419 1956 480 INDEX
2000 418 2521 485 SCRIPTORUM

3677 427 3829 488 1308

403 548 869 614 Alexandrinos,
901 547 1004 618 qui
1035 551 1178 604 tunc
1208 553 1472 604 torrente
1503 551 1672 622 quasi
1705 552 1854 625 reip.
1879 552 1941 608 in
1970 551 2063 606 de.

2209 554 2432 625 icripsit
2459 552 2605 628 Ηρὸς
2655 553 2780 616 τοὺς
2829 554 3164 629 ἀποροῦντας
3230 558 3338 610 τῶν
3403 553 3630 628 ἰατρῶν,
3694 575 3715 606 c
3748 557 3830 613 Ad

412 640 600 694 terius
629 637 1032 707 rapiebantur.
1064 637 1194 707 Ille,
1234 655 1384 708 quos
1441 642 1652 711 potuit,
1701 657 2064 714 congregans

411 728 659 797 antiqua
687 727 962 781 instituta
995 743 1096 782 eos
1123 727 1428 794 edocebat,
1453 734 1510 783 et
1530 731 1915 786 comitantem
1934 731 2064 793 hos,

408 819 509 887 qui
545 833 615 872 ea
636 816 1040 880 observarent,
1065 816 1514 873 demonstrabat
1531 818 2066 876 felicitatem.Ami-

407 907 493 961 cis
523 922 658 961 vero
685 905 964 976 praedixit
997 906 1338 976 Serapidem
1370 907 1722 964 relicturum
1753 926 1882 964 esse
1916 915 2063 964 tem-

407 995 595 1067 plum,
634 995 795 1065 quod
826 1000 883 1049 et
911 995 1132 1049 factum
1167 1002 1275 1052 est.

483 1084 812 1156 Olympius,
842 1085 1081 1138 Maaonis
1117 1085 1201 1151 F.,
1234 1087 1448 1157 Mysus,
1480 1087 1721 1146 tibicen.
1749 1094 1924 1159 poeta
1944 1105 2072 1143 me-

412 1175 563 1229 licus
593 1179 655 1228 et
685 1173 1002 1246 e-legiacus,
1034 1181 1240 1229 auctor
1269 1176 1534 1240 musica,
1569 1194 1701 1246 quae
1734 1178 2070 1248 pulsatione

413 1264 737 1336 peragitur,
761 1262 1025 1333 itemque
1058 1264 1208 1334 ejus,
1243 1263 1374 1334 quas
1407 1272 1586 1320 cantu
1617 1266 1897 1322 tibiarum
1929 1284 2072 1322 cou-

414 1361 526 1411 stat
555 1374 566 1410 :
600 1353 929 1425 discipulus
951 1361 1010 1428 et
1033 1355 1289 1410 amatius
1315 1358 1579 1429 Marsyas,
1600 1358 1701 1428 qui
1724 1374 1940 1430 genere
1960 1358 2074 1414 fuit

419 1447 680 1516 Satyrus,
714 1443 951 1500 auditor
992 1460 1128 1500 vero
1189 1451 1248 1498 et
1302 1445 1461 1500 ﬁlius
1517 1447 1858 1519 Hyagnidis.
1924 1449 2078 1502 Vixit

416 1534 703 1604 Olympus
733 1537 869 1588 ante
899 1532 1125 1587 bellum
1157 1534 1496 1605 Trojanum,
1531 1552 1566 1590 a
1593 1553 1709 1606 quo
1743 1541 1801 1591 et
1819 1553 1991 1591 mons
2013 1537 2075 1591 in

428 1623 613 1695 Mysia
638 1639 859 1678 nomen
891 1623 1136 1694 accepit.

498 1711 834 1779 Onesimus,
869 1712 1114 1782 Cyprius
1143 1712 1232 1766 vel
1273 1713 1616 1783 Spartanus,
1668 1715 1987 1770 historicus
2017 1719 2077 1769 et

430 1801 698 1872 sophista
759 1802 1126 1871 temporibus
1180 1803 1554 1857 Constantini
1614 1804 1755 1874 imp.
1829 1804 2076 1874 Scripsit

425 1916 452 1943 (‹
488 1897 748 1946 statuum
780 1891 1149 1948 Divisiones:
1184 1897 1381 1946 Artem
1405 1893 1759 1964 judicialem
1800 1894 1873 1948 ad
1904 1893 2069 1965 Apsi-

427 1997 448 2024 ι
485 1995 620 2032 nem
648 1995 661 2044 ;
696 1979 774 2032 De
801 1983 926 2032 arte
984 1978 1468 2044 contradicendi;
1528 1981 2078 2052 Progymnasmata,

423 2090 451 2120 «
487 2068 981 2136 Declamationes,
1015 2069 1290 2123 encomia
1324 2091 1350 2116 »
1385 2073 1443 2123 et
1471 2069 1590 2124 alia
1618 2069 1896 2140 plurima.

494 2157 883 2221 Onesicritus,
918 2158 1310 2228 Xenophonte
1343 2163 1507 2213 tanto
1557 2159 1804 2214 inferior
1851 2158 2080 2215 haben—

427 2249 558 2316 dus,
593 2259 814 2319 quanto
847 2247 1184 2318 exemplum
1211 2248 1553 2320 archetypo.

499 2336 961 2401 Onetor,Contra
981 2337 1138 2392 hunc
1157 2337 1588 2393 Demosthenes
1605 2338 2080 2410 scripsitOratio-

428 2443 536 2481 nes
567 2427 639 2480 de
663 2425 912 2496 judicio,
938 2422 1190 2496 ἐξούλης,
1223 2427 1341 2481 sive
1363 2428 1430 2481 de
1449 2429 1523 2483 vi.
1548 2428 1680 2484 Fuit
1701 2433 1899 2484 autem
1926 2445 2084 2484 unur

429 2533 500 2571 ex
531 2516 823 2588 choragis,
857 2516 1030 2586 cujus
1061 2516 1240 2571 etiam
1271 2517 1562 2573 Isocrates
1593 2519 1654 2572 in
1704 2520 1978 2574 Oratione
2009 2517 2082 2572 de

425 2606 819 2661 retributione
850 2605 1215 2661 mentionem
1245 2606 1403 2662 facit.

495 2697 866 2767 Onosander,
900 2697 1290 2769 philosophus
1323 2698 1685 2768 Plotonicus,
1708 2699 1958 2771 scripsit
1979 2701 2085 2754 Ta-

429 2798 594 2863 ctica,
630 2795 751 2851 sive
785 2797 862 2850 De
896 2796 1022 2851 acie
1055 2796 1449 2863 instruenda;
1489 2819 1508 2844 ι
1547 2799 1627 2852 De
1651 2797 2085 2870 strategemati-

427 2910 454 2939 «
473 2887 615 2952 bus;
639 2887 1110 2942 Commentarios
1131 2888 1195 2941 in
1213 2887 1397 2943 libros
1409 2888 1672 2943 Platonis
1689 2906 1702 2956 ;
1719 2890 1798 2943 De
1814 2887 2084 2960 republ.»

503 2977 774 3049 Ophelio,
809 2977 1092 3047 comisus,
1146 2995 1214 3032 ex
1263 2979 1434 3050 cujus
1479 2979 1700 3034 fabulis
1749 2985 1888 3034 sunt
1938 2983 2088 3034 teste

430 3069 735 3134 Athenaeo,
771 3063 1104 3134 Δευκαλίων,
1141 3065 1551 3142 Καλλαίσχρος,
1603 3069 1926 3142 Κένταυρος,
1971 3069 2086 3122 -Σά-

427 3177 608 3230 τυροι,
647 3161 882 3223 Μοῦσαι,
946 3155 1325 3230 Μονότροποι.
1388 3159 1652 3214 Meminit
1714 3159 1878 3214 illius
1929 3158 2087 3214 libro

432 3249 696 3306 secundo
721 3248 1166 3319 Dipnosophist.

503 3343 567 3392 Ὦ
597 3336 697 3414 iovi,
710 3357 856 3411 μερε,
887 3355 918 3392 o
950 3338 1125 3394 brevis
1151 3341 1256 3395 a'vi
1285 3339 1464 3396 homo.
1516 3342 1602 3395 Ita
1633 3339 1900 3395 Socrates
1931 3321 2114 3411 apud!

439 3433 739 3504 Aristoph.
773 3432 835 3486 in
865 3432 1105 3486 Nubibus
1161 3431 1235 3485 ad
1281 3431 1703 3503 Strepsiadem.
1755 3431 1923 3496 Quod
1968 3433 2094 3502 ipse

439 3525 708 3578 animum
737 3523 812 3577 ad
842 3539 940 3577 res
969 3522 1199 3578 divinas
1231 3523 1528 3577 intentum
1550 3521 1815 3588 haberet,
1841 3523 1934 3576 vel
1955 3522 2099 3592 quia

439 3614 709 3668 Socrates
729 3612 928 3667 Sileno
956 3611 1170 3666 sirrilis
1195 3627 1324 3666 esse
1347 3610 1681 3678 dicebatur;
1715 3611 1904 3666 simus
1935 3611 2097 3666 enim

441 3707 498 3758 et
529 3702 728 3756 calvus
751 3705 878 3756 erat
903 3718 917 3766 ;
951 3700 1107 3772 apud
1139 3699 1462 3755 Pindarum
1489 3700 1708 3771 quippe
1759 3700 1994 3756 Silenus
2023 3699 2098 3755 ad

439 3791 789 3861 Olympum:
823 3793 886 3841 Ὠ
913 3787 1107 3855 τάλας,
1141 3787 1410 3864 ἐφήμερε,
1467 3789 1654 3856 νήπιε,
1719 3788 1904 3861 βάζεις
1952 3788 2098 3862 χρή-

443 3881 585 3951 ματα
620 3897 713 3948 μοι
739 3874 1165 3948 διακομπεῦωνε
1202 3900 1229 3928 ‹‹
1265 3879 1307 3933 O
1339 3877 1541 3942 miser,
1576 3878 1868 3944 mortalis,
1896 3878 2098 3945 stulte,

448 3991 472 4021 α
507 3968 700 4023 verbis
731 3968 1068 4041 magnificis
1101 3983 1244 4038 opes
1273 3972 1408 4022 tuas
1438 3967 1586 4021 mihi
1610 3969 1822 4037 jactas.

516 4059 839 4129 Oppianus,
875 4058 1024 4112 Cilix
1055 4073 1125 4112 ex
1155 4058 1376 4128 Coryco
1411 4056 2102 4129 civitate,grammaticus

446 4153 506 4204 et
536 4152 711 4218 poeta
742 4147 965 4218 epicus,
1001 4146 1102 4216 qui
1134 4145 1280 4200 vixit
1307 4145 1417 4200 sub
1450 4147 1521 4201 M.
1556 4146 1858 4201 Antonino
1907 4146 2104 4217 (Cara-

445 4237 619 4307 calla)
653 4236 794 4308 imp.
828 4235 1076 4306 Scripsit
1125 4235 1438 4289 Halieutica
1483 4235 1579 4306 (de
1629 4235 1983 4307 piscatione)
2032 4235 2104 4290 li-

445 4327 585 4380 bros
619 4327 660 4378 V
689 4343 701 4392 ;
739 4325 1063 4394 Gynegetica
1090 4323 1182 4387 (de
1213 4324 1548 4395 venatione)
1572 4323 1756 4379 libros
1774 4325 1875 4392 IV;
1898 4326 2106 4379 Ixeuti-

447 4432 511 4470 ca
543 4415 636 4480 (de
670 4414 944 4484 aucupio)
1006 4411 1192 4467 libros
1248 4414 1317 4468 II.
1366 4414 1518 4468 Cum
1569 4418 1767 4469 autem
1821 4415 2107 4469 Poemata

450 4505 580 4576 ejus
607 4504 766 4576 apud
799 4504 943 4573 imp.
980 4502 1132 4558 lecta
1160 4502 1435 4569 fuissent,
1469 4504 1518 4558 is
1548 4521 1655 4575 pro
1682 4505 1935 4577 singulis
1975 4521 2107 4560 ver-

448 4595 613 4650 sibus
645 4609 892 4648 aureum
925 4598 1203 4648 staterem
1241 4593 1361 4648 sive
1379 4595 1684 4650 nomisma
1707 4594 1819 4666 ipsi
1843 4595 2102 4654 donavit.

2175 666 2201 693 ‹‹
2237 643 2499 699 medicos
2516 645 2880 712 dubitantes,
2903 645 3088 701 libros
3113 647 3221 713 IX;
3246 645 3334 700 Ad
3354 645 3665 702 Julianum
3691 647 3805 718 Imp

2176 754 2205 783 «
2234 732 2418 787 libros
2449 734 2680 801 LXXII;
2715 735 3021 806 Epitomea
3053 752 3286 800 eorum,
3345 735 3539 790 libros
3586 737 3698 800 IX;
3751 736 3833 790 Ad

2180 841 2208 870 «
2232 823 2626 886 Eustathium,
2663 823 2876 885 ﬁlium.
2907 826 3043 879 Item
3073 825 3154 879 De
3180 840 3362 896 regno
3397 830 3452 879 et
3494 824 3569 880 de
3613 825 3835 880 affecti-

2177 932 2205 959 «
2239 909 2370 965 bus.
2405 932 2434 960 ιο

2252 1017 2553 1089 Origenes,
2588 1019 2690 1090 qui
2722 1024 2780 1074 et
2813 1019 3216 1088 Adamantius,
3249 1019 3337 1073 vir
3379 1018 3754 1075 clarissimus
3785 1025 3840 1075 et

2179 1107 2459 1164 subactus
2491 1110 2552 1164 in
2581 1110 2744 1164 omni
2771 1126 2987 1182 genere
3020 1109 3378 1182 disciplinas,
3412 1109 3656 1166 auditor
3705 1113 3840 1165 Am-

2178 1198 2365 1252 monii
2396 1203 2612 1266 Saccm,
2644 1199 3002 1270 philosophi,
3035 1199 3107 1254 de
3139 1201 3310 1271 cujus
3339 1200 3463 1254 vita
3494 1204 3555 1254 et
3607 1199 3835 1270 scriptis

2179 1288 2353 1359 plura
2382 1290 2556 1344 affert
2583 1289 2791 1344 Suidas
2820 1307 2890 1345 ex
2919 1289 3159 1346 Eusebii
3193 1290 3347 1344 libro
3381 1290 3474 1356 VI,
3508 1289 3833 1360 Sophronio

2182 1384 2241 1433 et
2268 1377 2534 1433 Cedreno
2560 1395 2573 1432 :
2601 1385 2922 1450 narretque
2953 1380 3112 1434 inter
3141 1379 3279 1447 alia,
3341 1377 3644 1434 Ambrosii
3677 1377 3831 1432 Alex.

2177 1467 2455 1538 precibus
2468 1468 2900 1539 Scripturaram
2915 1484 3143 1523 sacram
3158 1467 3489 1539 explicasse
3504 1467 3664 1522 intra
3674 1468 3836 1521 XVIII

2181 1573 2372 1612 annos
2399 1563 2458 1611 et
2487 1556 2776 1612 librorum
2809 1559 3116 1629 scripsisse
3149 1557 3222 1612 ad
3254 1575 3355 1612 sex
3397 1557 3616 1622 millia,
3667 1561 3835 1627 atque

2181 1645 2254 1700 ob
2287 1661 2492 1700 eorum
2525 1645 2996 1715 multitudinem,
3028 1647 3250 1702 dictum
3295 1644 3691 1711 Συντακτικὸν,
3733 1651 3836 1699 etc.

2253 1735 2453 1801 Orion,
2486 1734 2822 1802 Thebanus,
2854 1735 3180 1806 Egyptius,
3207 1734 3838 1806 scripsitCollectionem

2183 1823 2616 1889 Sententiarum,
2651 1840 2778 1891 seu,
2821 1819 3200 1897 Ἀνθολὸγιον,
3233 1823 3621 1893 Florilegium,
3645 1823 3718 1878 ad
3737 1824 3837 1877 Eu-

2105 1933 2154 1996 B
2185 1912 2439 1978 dociam,
2473 1912 2616 1984 imp.
2649 1913 2962 1968 Theodosii
2982 1913 3246 1968 Junioris
3271 1912 3716 1975 uxoremJibris
3742 1912 3828 1966 III.

2265 2004 2464 2070 Orion,
2495 2003 2954 2064 Alexandrinus.
2983 2004 3434 2077 grammaticus.
3457 2005 3698 2076 scripsit
3725 2008 3844 2056 Ἀν-

2193 2090 2468 2166 Θολόγιον.
2505 2115 2532 2142 ››
2563 2095 2891 2148 Atticorum
2923 2093 3343 2149 vocabulorum
3386 2094 3844 2157 Collectionem;

2196 2204 2222 2231 ‹‹
2259 2182 2339 2236 De
2369 2181 2738 2254 Etymologia
2766 2200 2778 2248 ;
2812 2183 3161 2238 Encomium
3192 2182 3468 2251 Adriani,
3501 2183 3771 2238 Caesaris.

2267 2271 2536 2341 Orpheus
2567 2287 2637 2326 ex
2667 2271 2972 2327 Lebethris
3001 2273 3262 2327 Thraciae
3311 2271 3612 2327 oriundus
3664 2270 3848 2336 (Lebe-

2197 2361 2332 2414 thra
2361 2361 2565 2415 civitas
2594 2361 2803 2416 Pierias
2834 2361 3068 2431 vicina),
3101 2361 3308 2433 (Eagri
3338 2367 3402 2416 et
3447 2361 3740 2432 Calliopes
3786 2360 3843 2414 F.

2197 2450 2420 2521 (Eager
2446 2466 2602 2515 vero,
2637 2450 2882 2520 quintus
2913 2450 2984 2505 ab
3017 2451 3274 2513 Atlante,
3317 2467 3390 2505 ex
3423 2451 3706 2522 Alcyone,
3737 2463 3848 2502 una

2197 2539 2456 2594 filiarum
2487 2539 2640 2610 ejus.
2677 2539 2830 2592 Vixit
2859 2539 3137 2594 undecim
3168 2538 3448 2594 natatibus
3477 2544 3615 2594 ante
3637 2536 3848 2592 bellum

2197 2629 2538 2698 Trojanum,
2572 2628 2888 2699 ipsumque
2912 2628 3038 2683 Lini
3061 2627 3428 2700 discipulum
3447 2628 3630 2683 fuisse
3658 2627 3851 2682 dicunt

2199 2721 2259 2770 et
2288 2733 2498 2772 novem
2551 2722 2754 2772 astates
2780 2718 3016 2772 vixisse.
3071 2717 3185 2771 Alii
3243 2717 3552 2772 undecim.
3614 2713 3849 2786 Scripsit

2198 2807 2533 2878 Τριαγμους,
2567 2807 2666 2876 qui
2695 2807 2767 2861 ab
2800 2807 2934 2861 aliis
2989 2807 3148 2862 Ionis
3198 2807 3410 2879 tragici
3474 2822 3606 2862 esse
3645 2804 3844 2859 dicun-

2200 2901 2314 2952 tur.
2330 2897 2396 2950 In
2422 2895 2514 2950 his
2535 2895 2713 2951 etiam
2740 2896 2983 2951 fuerunt
3000 2895 3104 2952 illa
3127 2912 3260 2966 qum
3288 2895 3578 2951 dicuntur
3598 2895 3849 2967 Ἰεροστο-

2199 2981 2346 3038 λικά.
2392 2981 2614 3044 Κλίσεις
2674 2986 2772 3054 (an
2825 2982 3103 3056 κλήσεις.)
3160 2985 3449 3055 κοσμικαί·
3511 2977 3845 3038 Νευτευτικά.

2201 3071 2402 3148 Ἰεροὺς
2436 3071 2656 3146 λόγους,
2705 3075 2912 3130 δαονοε
2968 3075 3254 3129 Sermones
3305 3073 3482 3130 libris
3540 3073 3730 3128 XXIV.
3780 3069 3842 3124 Hi

2199 3181 2334 3219 vero
2362 3164 2643 3218 dicuntur
2689 3181 2818 3219 esse
2880 3165 3194 3234 Theogneti,
3235 3165 3546 3231 Thessali;
3601 3163 3698 3218 alii
3754 3175 3846 3215 eos

2199 3254 2442 3322 Ccrcopi,
2476 3252 2865 3324 Pythagoreo,
2925 3253 3230 3307 tribuunt:
3289 3253 3553 3318 Oracula,
3615 3267 3740 3321 quas
3778 3246 3844 3302 ad

2199 3342 2612 3397 Onomacritum
2643 3341 3016 3407 referuntur;
3049 3337 3312 3404 Τελιτὰς,
3341 3343 3543 3404 Initia,
3575 3356 3704 3411 quae
3757 3336 3847 3390 iti-

2202 3430 2334 3486 dem
2355 3431 2716 3486 Onomacriti
2739 3447 2869 3486 esse
2891 3431 3186 3486 dicuntur.
3207 3433 3274 3486 In
3295 3431 3394 3486 his
3417 3431 3599 3486 etiam
3613 3426 3850 3484 estliber

2203 3523 2278 3576 De
2309 3520 2558 3590 lapidum
2586 3520 2871 3589 sculptura
2902 3521 3003 3591 qui
3054 3514 3596 3592 Ὀγδοηκοντάλιθος
3645 3513 3848 3571 inscri—

2200 3611 2382 3666 bitur.
2415 3611 2691 3683 Σωτήρια.
2724 3611 2855 3666 Haac
2885 3611 3184 3678 Timoclis,
3218 3611 3596 3683 Syracusani,
3631 3613 3685 3663 et
3717 3609 3846 3661 Per—

2203 3701 2348 3773 gini,
2377 3701 2608 3769 Milesii,
2641 3717 2770 3756 esse
2817 3701 3116 3756 dicuntur.
3167 3705 3479 3774 Κρατῆρας,
3537 3700 3598 3755 hi
3637 3699 3843 3769 Zopyro

2208 3791 2570 3846 tribuuntur.
2604 3788 2944 3863 Θρονισμοὺς
2997 3790 3312 3863 μητρῴους,
3365 3793 3693 3847 thronismos
3741 3799 3849 3838 ma-

2207 3897 2328 3950 gnae
2356 3882 2550 3935 matris
2579 3880 2804 3934 deorum
2836 3885 2895 3934 et
2920 3880 3211 3944 Bacchica,
3245 3897 3377 3951 quas
3411 3881 3590 3937 Nicia;
3643 3870 3844 3930 Eleatis

2208 3986 2339 4025 esse
2371 3969 2670 4024 dicuntur.
2705 3971 3028 4024 Descensum
3068 3960 3150 4024 ad
3205 3972 3437 4039 inferos,
3495 3967 3652 4040 quod
3705 3975 3843 4033 opus

2211 4058 2484 4114 Herodici
2515 4057 2804 4113 Perintbii
2826 4074 2956 4112 esse
2980 4057 3168 4112 fertur
3192 4075 3206 4123 ;
3234 4060 3466 4129 Peplum
3488 4064 3547 4114 et
3562 4059 3708 4111 ﬂete.
3733 4052 3854 4105 Haec

2212 4148 2389 4202 etiam
2422 4149 2645 4218 Zopyro
2678 4147 3042 4213 tribuuntur,
3075 4147 3148 4202 ab
3180 4146 3314 4202 aliis
3344 4147 3653 4203 Brontino.
3706 4141 3844 4195 Ὀνο-

2215 4235 2497 4308 μαστικὸν,
2557 4235 2827 4291 versibus
2880 4236 3136 4292 heroicis
3193 4237 3370 4304 MCC;
3430 4232 3852 4292 Astronomiam;

2212 4321 2572 4397 Ἀμοκοπίαν,
2605 4325 2958 4392 ΘυηποΛικὸν
3005 4327 3126 4381 sive
3174 4326 3401 4381 Librum
3451 4327 3518 4381 de
3564 4315 3850 4388 sacriﬁciis.

2213 4413 2499 4468 Ὠσθυτικὰ
2553 4413 2589 4483 ἢ
2646 4411 2983 4482 ὠοσκοπικὰ,
3059 4416 3130 4469 De
3212 4416 3554 4470 divinatione
3609 4427 3676 4466 ea:
3729 4405 3855 4460 ovis’

2212 4505 2480 4560 versibus
2510 4505 2800 4572 heroicis;
2862 4503 3299 4574 Καταζωστικόν,
3352 4508 3642 4576 Hymnos;
3693 4498 3848 4562 Cory-

2217 4597 2497 4650 banticum
2528 4601 2577 4650 et
2609 4595 2864 4664 Physica,
2897 4611 3028 4666 quas
3057 4596 3324 4650 Brontini
3356 4612 3488 4651 esse
3530 4593 3748 4648 dicunt.

447 4685 532 4740 isa
562 4689 628 4738 ut
657 4699 764 4756 pro
797 4681 1074 4737 omnibus
1112 4683 1379 4738 versibus
1434 4683 1636 4757 viginti
1683 4685 1875 4740 millia
1912 4685 2103 4741 nomi-
2141 4672 2184 4735 D
2287 4685 2577 4755 Orpheus,
2604 4685 2914 4753 Ciconeus,
2946 4685 3036 4740 vel
3061 4687 3239 4740 Arcas
3271 4701 3340 4740 ex
3399 4681 3640 4739 Bisaltia
3684 4675 3850 4731 Thra-

451 4781 709 4831 smatum
741 4774 1056 4845 acciperet.

519 4863 913 4939 Ὀψαρτυτικὴ,
946 4879 1043 4919 ars
1059 4864 1368 4920 culinaria.
1391 4864 1823 4931 Artemidorus,
1851 4864 2100 4936 pseudo-

452 4954 934 5025 Aristophanius,
964 4970 1139 5009 voces
1165 4955 1240 5010 ad
1263 4961 1461 5010 artem
1505 4954 1860 5011 cul-inariam
1919 4955 2105 5026 perti-

451 5049 669 5099 nentes
700 5041 960 5114 collegit.

521 5132 748 5206 Ὀργᾷν.
810 5130 1162 5198 Herodotus,
1235 5129 1619 5201 conspicatus
1702 5131 2107 5202 Thucydidem

455 5222 626 5293 quasi
686 5221 978 5276 instinctu
1035 5219 1295 5290 quodam
1351 5219 1622 5274 Numinis
1673 5219 2110 5291 Iacrymantem

454 5313 613 5383 (cum
648 5311 1008 5365 Herodotum
1039 5309 1324 5364 historias
1355 5325 1494 5364 suas
1545 5308 1859 5381 legentem,
1909 5310 2112 5366 audis-

454 5406 586 5468 set),
611 5401 697 5455 ad
749 5407 980 5471 patrem
1038 5398 1399 5470 Thucydidis
1449 5399 1640 5453 dixit:
1703 5422 1725 5447 ιι
1761 5400 2004 5454 Beatum
2053 5405 2110 5453 te

457 5491 629 5559 duco,
651 5491 851 5557 Olore,
885 5490 1125 5560 optimae
1159 5488 1343 5558 prolis
1365 5504 1560 5543 causa.
1589 5488 1778 5544 Filius
1799 5489 1959 5543 enim
1978 5495 2112 5545 tuus

448 5581 726 5636 animum
754 5580 954 5645 habet,
985 5577 1440 5649 disciplinarum
1463 5577 1770 5650 cupidum.
1797 5599 1826 5628 υ

523 5670 855 5738 Oribasius,
883 5667 1579 5735 Sardianus,-familiaris
1618 5669 1845 5724 amicus
1893 5668 2114 5726 Juliani

458 5761 852 5828 Parabaue,a
881 5775 996 5830 quo
1042 5759 1247 5814 GPolis
1279 5765 1542 5830 quaestor
1593 5765 1684 5816 est
1731 5761 2111 5817 constitutus.

2216 4775 2362 4840 cica,
2395 4778 2568 4844 poeta
2599 4774 2820 4846 epicus.
2845 4775 2977 4828 Fuit
2995 4779 3053 4829 et
3069 4773 3165 4829 hic
3185 4781 3324 4829 ante
3355 4776 3689 4828 Homerum,
3722 4763 3851 4817 dua-

2216 4863 2327 4918 bus
2359 4863 2637 4918 aatatibus
2665 4863 2918 4934 Trojano
2950 4862 3110 4917 bello
3141 4862 3464 4935 antiquior.
3501 4850 3854 4929 ScripsitFa-

2219 4951 2393 5019 bulas,
2424 4955 2867 5023 Epigrammata,
2895 4955 3155 5022 Hymnos.

2290 5044 2579 5115 Orpheus,
2613 5043 2919 5114 Odrysius,
2953 5051 3127 5115 poeta
3173 5045 3397 5115 epicus,
3449 5054 3625 5113 quem
3671 5039 3851 5087 tamen

2219 5133 2535 5205 Dionysius
2561 5150 2636 5188 ne
2669 5133 2964 5188 exstitisse
2996 5133 3241 5204 quidem
3271 5133 3433 5188 dicit.
3470 5121 3847 5187 Nihilominus

2219 5221 2802 5295 poemataquaadam
2834 5223 2886 5277 ei
2920 5222 3284 5277 tribuuntur.

2293 5312 3165 5383 Orpheus,Crotoniates,poeta
3177 5311 3403 5383 epicus,
3422 5323 3596 5381 quem
3611 5300 3855 5359 Pisistra-

2221 5406 2280 5456 to
2328 5406 2579 5471 tyranno
2637 5401 2993 5456 familiarem
3051 5401 3234 5456 fuisse
3295 5395 3671 5470 Asclepiades
3716 5385 3851 5471 libro

2223 5470 2756 5546 Grammaticorum
2789 5496 2953 5544 sexto
2987 5489 3185 5546 tradit.
3219 5490 3470 5562 Scripsit
3500 5470 3854 5548 Δεκαετηρίαν,

2222 5582 2592 5651 Argonautica
2623 5587 2680 5636 et
2709 5581 2830 5636 alia
2859 5580 3156 5652 quasdam.

2295 5672 2585 5742 Orpheus,
2619 5669 3042 5738 Camaﬁnaeus,
3074 5677 3249 5742 poeta
3279 5672 3500 5743 epicus.
3533 5662 3696 5734 cujus
3739 5660 3853 5706 esse

2224 5758 2432 5816 dicunt
2458 5764 2782 5818 Desccnsum
2811 5761 2884 5816 ad
2919 5763 3150 5830 Inferos.
