4126 6436
353 403 512 472 1909

1674 405 1775 472 DE
1820 405 2113 484 QUIBUS
2155 407 2470 476 SUIDAS.

3614 408 3772 472 1310

427 542 716 613 Orpheus,
749 549 850 596 rex
877 537 1194 608 Thracum,
1227 541 1401 614 cujus
1430 545 1700 614 tempore
1750 546 2005 597 Amazoo

2137 541 2258 597 red
2285 552 2487 598 dum
2519 540 2782 607 demisit,
2829 540 3156 610 subjungit:
3210 535 3419 600 Λότοδς
3462 534 3509 593 δ’
3567 537 3778 614 ἑλώρια

356 636 466 686 nes
494 625 757 704 Phrygas
783 628 897 686 sibi
933 631 1276 686 tributarios
1309 630 1519 686 Fecere.

431 719 718 791 Tempore
771 719 1043 775 Judicum
1097 720 1472 786 Iudaeorum,
1528 725 1668 792 post
1712 721 2014 776 sublatum

367 809 823 863 Atheniensium
858 825 1129 882 regnum,
1179 809 1448 880 Orpheus
1494 809 1690 864 clarus
1746 810 1880 873 fuit,
1928 811 2016 864 vir

363 897 843 968 sapientissimus
875 902 933 951 et
962 897 1286 952 multorum
1326 899 1743 969 mysteriorum
1773 899 2015 970 peritis-

360 987 568 1043 simus.
602 987 789 1059 Hujus
831 987 1008 1042 etiam
1038 986 1312 1041 feruntur
1343 985 1472 1058 Περὶ
1497 986 1825 1060 θεογνωσίας
1858 985 2017 1060 λόγοι

358 1077 668 1148 (Kusterus
700 1094 771 1132 ex
791 1077 876 1133 Jo.
909 1077 1122 1131 Matala
1152 1080 1211 1130 et
1235 1075 1500 1131 Cedreno
1523 1075 1653 1149 Περὶ
1684 1076 1807 1149 θεολ
1823 1074 2013 1145 ονίας),

359 1165 424 1220 in
454 1165 672 1236 quibus
703 1166 860 1220 inter
890 1165 1008 1221 alia
1037 1170 1096 1220 et
1116 1165 1242 1220 hinc
1268 1165 1411 1220 dicit
1437 1181 1450 1219 :
1484 1166 1766 1220 aetherem
1799 1166 2017 1236 princi-

363 1255 460 1327 pio
493 1271 526 1310 a
548 1255 665 1311 Deo
700 1255 1007 1310 conditum
1039 1254 1241 1324 fuisse,
1275 1253 1435 1310 etab
1486 1260 1738 1326 utraque
1776 1254 2014 1310 aatheris

361 1350 527 1417 parte
555 1344 736 1399 fuisse
759 1345 962 1413 chaos,
997 1350 1106 1400 etc.

435 1451 652 1523 Orphei
688 1450 834 1522 lyra.

429 1562 598 1628 Orus,
631 1561 1092 1629 Alexandrinus,
1117 1561 1565 1634 grammaticus,
1601 1560 1886 1632 quiCPoli
1919 1560 2019 1616 do-

362 1650 502 1707 cuit.
538 1651 785 1723 Scripsit
812 1671 834 1699 ‹
859 1657 940 1706 De
967 1650 1270 1706 vocalibus
1286 1650 1647 1722 ancipitibus
1672 1670 1685 1718 ;
1713 1650 2018 1716 Quomodo

361 1762 389 1791 α
421 1740 667 1813 gentilia
687 1740 807 1796 sint
826 1741 1161 1808 efferenda;
1186 1739 1522 1795 Solutiones
1543 1739 2018 1812 propositionum

367 1852 395 1880 «
423 1831 741 1886 lierodiani
763 1847 786 1894 ;
813 1828 1016 1883 Πίνακα
1047 1833 1157 1884 τῶν
1207 1828 1418 1898 ἑαυτοῦ,
1465 1829 1726 1885 Indicem
1761 1830 2017 1902 Operum

365 1936 688 1986 «suorum;
717 1921 797 1975 De
819 1920 1114 1976 encliticis
1135 1919 1444 1992 particulis
1468 1937 1481 1987 ;
1524 1918 2015 1992 Orthographiam
2049 1923 2094 1990 Β

361 2011 557 2065 ordine
577 2010 919 2081 alphabetico
944 2027 958 2077 ;
991 2015 1064 2064 De
1092 2009 1461 2082 diphthongo
1486 2027 1499 2076 ;
1523 2008 2016 2080 Orthographiam

359 2122 388 2150 ιι
416 2119 468 2152 αι
499 2099 852 2172 diphthongi
898 2104 1107 2154 contra
1136 2098 1562 2169 Phyrnichum,
1591 2099 1786 2154 ordino
1816 2097 2014 2168 alpha-

361 2210 390 2239 ‹‹
417 2190 628 2252 betico;
658 2189 1040 2261 Florilegium
1075 2188 1531 2244 sententiarum.

435 2297 689 2352 Ostanaa.
725 2296 818 2351 Sic
848 2296 991 2351 olim
1024 2295 1180 2367 apud
1212 2297 1423 2350 Persas
1455 2294 1610 2364 magi
1631 2293 2016 2359 vocabantur,

365 2385 468 2456 qui
492 2385 786 2440 Zoroastri
819 2391 1254 2441 successerunt.

435 2469 603 2528 Οὐδὲν
641 2470 876 2544 μᾶλλον.
914 2473 1164 2545 Sceptici
1197 2475 1317 2528 sive
1349 2473 1687 2545 Pyrrhonii,
1723 2477 2018 2528 sectarum

366 2562 634 2616 omnium
665 2562 905 2618 decreta
952 2568 1302 2632 evertentes,
1352 2562 1588 2618 nullum
1633 2562 1747 2634 ipsi
1808 2561 2020 2634 dogma

366 2657 618 2724 ponunt,
653 2658 764 2708 etc.

437 2756 600 2814 Οὐδὲν
633 2761 766 2834 πρὸς
786 2760 877 2814 τὸν
909 2758 1190 2816 Διόνυσον.
1215 2760 1358 2815 Cum
1389 2759 1678 2832 Epigenes
1708 2759 2018 2830 Sicyonius

366 2851 710 2923 tragoediam
742 2851 802 2906 in
836 2851 1129 2906 Bacchum
1157 2849 1414 2914 fecisset,
1435 2849 1544 2904 hoc
1575 2849 2014 2904 acclamarunt:

362 2940 520 2995 Nihil
549 2941 622 2995 ad
650 2941 942 2996 Bacchum.
981 2940 1081 2994 Vel
1111 2940 1344 3011 potius:
1378 2939 1520 2993 olim
1554 2937 1861 2992 certabant
1889 2953 2019 2992 car-

362 3029 649 3096 minibus,
687 3029 746 3084 in
793 3029 1092 3084 Bacchum
1153 3028 1410 3100 scriptis,
1462 3045 1593 3099 quas
1635 3045 1704 3082 ex
1754 3028 2018 3099 Satyrica

364 3117 734 3174 dicebantur.
761 3120 972 3174 Postea
987 3135 1122 3173 vero
1146 3117 1460 3189 tragaadias
1477 3117 1734 3172 scribere
1756 3116 2014 3189 aggressi

362 3207 651 3279 paulatim
665 3207 736 3262 ad
759 3206 990 3263 fabulas
1003 3207 1353 3262 ethistorias
1366 3203 1758 3271 deﬂexerunt,
1783 3203 2013 3260 nullam

2124 653 2154 680 ‹‹
2185 633 2400 704 τεῦχεν,
2433 631 2610 703 Ipsou
2637 646 2778 701 yero
2809 628 3070 700 prendens
3099 627 3239 683 fecit
3268 642 3505 683 canum.

2194 715 2421 776 Οότιδες
2454 721 2640 776 {hides
2682 726 2742 775 et
2787 721 3026 775 Soritae:
3081 718 3470 790 Paralogismi
3525 719 3771 790 quidam

2126 809 2209 864 ita
2238 810 2546 881 appellati.

2198 897 2274 956 Οὐ
2309 900 2442 973 χρή.
2473 900 2780 972 Eschylus
2827 899 2901 955 de
2951 899 3252 955 Alcibiade
3284 917 3296 954 :
3334 899 3426 965 Μὴ
3460 895 3772 976 ἀνατρέφειν

2126 988 2381 1064 φρόνημα
2397 985 2613 1064 ἔχοντα’
2634 1013 2662 1040 ‹‹
2689 991 2767 1045 Ne
2791 991 2980 1045 virum
2993 989 3274 1044 callidum
3289 989 3351 1044 in
3373 990 3606 1044 civitate
3627 989 3773 1057 alas,

2128 1101 2155 1129 α
2178 1079 2224 1134 si
2259 1095 2392 1134 vero
2415 1081 2657 1147 alueris,
2696 1096 2772 1134 ne
2793 1097 2929 1135 eum
2953 1080 3172 1142 irrites,
3209 1079 3312 1134 sed
3333 1079 3643 1134 blanditiis
3665 1078 3774 1134 de-

2127 1188 2156 1216 «
2181 1166 2465 1222 mulcens.
2492 1188 2520 1216 υ
2543 1165 2856 1237 Euripides
2886 1168 3093 1233 suasit,
3118 1183 3238 1220 non
3270 1165 3679 1238 recipiendum
3712 1165 3773 1220 in

2125 1255 2334 1310 urbem
2359 1255 2547 1310 leonis
2563 1256 2850 1311 catulum.
2877 1256 3138 1311 Bacchus
3164 1255 3237 1311 ad
3259 1256 3386 1310 haec
3415 1254 3594 1326 (apud
3615 1256 3775 1309 Aris-

2127 1345 2356 1416 toph.):
2416 1345 2745 1400 Difﬁculter
2799 1345 3158 1401 sententiam
3191 1345 3336 1408 fero,
3396 1350 3530 1398 uter
3560 1344 3774 1398 melius

2126 1434 2362 1489 dixerit.
2395 1436 2542 1490 Nam
2572 1437 2755 1511 σοφῶς
2783 1434 3114 1500 Eschxlus,
3151 1433 3463 1504 Euripides
3493 1435 3702 1505 σαφῶς.

2931 1526 2974 1578 Ρ

2200 1615 2470 1681 Pacatus,
2502 1615 2796 1670 Minucius
2817 1615 2977 1669 idem
2999 1613 3213 1679 dictus,
3239 1619 3297 1667 et
3319 1611 3778 1677 lrenzeus,Alex-

2128 1703 2437 1768 andrinus,
2464 1705 2906 1776 grammaticus,
2929 1704 3168 1775 scripsit
3193 1723 3223 1756 ιι
3246 1705 3324 1758 De
3347 1702 3780 1758 Alexandrino-

2129 1815 2157 1843 «
2180 1810 2313 1848 rum
2337 1793 2612 1863 dialecto,
2637 1795 2750 1850 sive
2772 1796 2852 1850 De
2878 1795 3193 1849 Grmcismo
3223 1794 3408 1848 libros
3433 1793 3543 1859 νη,
3567 1791 3778 1847 ordine

2129 1904 2157 1931 κ
2193 1882 2567 1953 alphabetico
2593 1900 2606 1948 ;
2632 1885 2710 1938 De
2742 1883 3206 1955 proprietatibus
3238 1883 3445 1937 Atticm
3477 1881 3778 1936 etDoricaa

2126 1993 2155 2020 ‹‹
2187 1971 2428 2027 dtalecti
2456 1989 2469 2040 ;
2501 1973 2581 2028 De
2611 1973 2908 2028 attioismo
2936 1993 2964 2022 »
2995 1978 3058 2027 et
3083 1972 3201 2027 alia
3227 1971 3432 2026 multa.
3458 1971 3691 2041 (Supra,
3716 1969 3778 2022 in

2121 2061 2434 2131 Irenaeus.)

2196 2151 2439 2205 Pieanes
2495 2150 2614 2205 duo
2645 2156 2836 2217 arant,
2893 2167 3050 2206 unus
3107 2147 3357 2210 ἐνυάλιος
3411 2149 3530 2204 sive
3587 2147 3778 2212 Marti,

2124 2238 2234 2293 sub
2267 2239 2504 2294 initium
2528 2240 2718 2311 praelii
2751 2241 2844 2296 vel
2866 2247 3002 2297 ante
3016 2257 3296 2312 pugnam,
3331 2239 3482 2294 alter
3498 2243 3634 2309 post
3659 2237 3779 2290 vic-

2122 2329 2336 2384 toriam
2373 2329 2643 2401 Apollini.
2679 2329 3024 2386 Paeanismus
3055 2345 3319 2395 carmen,
3353 2328 3513 2398 quod
3545 2327 3784 2382 canitur

2123 2416 2196 2471 ab
2229 2419 2300 2472 iis
2328 2419 2433 2488 qui
2459 2435 2498 2474 a
2528 2420 2702 2474 malis
2732 2420 3092 2490 quibusdam
3124 2418 3359 2474 liberati
3391 2422 3555 2472 sunt.

2195 2506 2594 2578 Pamph-atus,
2628 2508 3028 2572 Atheniensis,
3061 2513 3236 2579 poeta
3260 2507 3482 2578 epicus,
3508 2505 3686 2560 Actaei
3717 2508 3779 2558 et

2123 2595 2326 2650 Bionis
2352 2597 2436 2657 F..
2465 2597 2580 2663 vel,
2610 2602 2679 2652 ut
2705 2597 2831 2664 alii,
2854 2597 3040 2652 Joclis
3070 2603 3131 2652 et
3160 2597 3480 2662 Metanira),
3514 2595 3606 2650 vel
3628 2596 3778 2648 Mer-

2122 2686 2293 2740 curii.
2333 2686 2484 2741 Vixit
2503 2687 2831 2743 secundum
2853 2687 3146 2758 quosdam
3177 2692 3312 2758 post
3350 2687 3776 2751 Phemonoem,

2117 2773 2453 2829 secundum
2481 2774 2654 2840 alios,
2697 2781 2835 2830 ante
2890 2791 3040 2831 eam.
3095 2775 3344 2846 Scripsit
3369 2769 3778 2846 Κοσμοποιΐαν,

2119 2859 2324 2916 Poema
2351 2863 2418 2917 de
2447 2866 2664 2934 api/icio
2685 2866 2897 2932 mundi,
2931 2862 3200 2919 versibus
3223 2863 3550 2934 quinquies
3563 2861 3732 2916 mille
3760 2877 3775 2925 ;

2122 2969 2152 3000 «
2185 2951 2482 3022 Apollinis
2513 2958 2570 3008 et
2599 2955 2800 3009 Diana
2845 2955 3238 3017 Nativitatem,
3265 2954 3508 3008 versibus
3565 2953 3734 3007 ΜΜΜ
3760 2967 3780 3012 ;

2123 3061 2152 3089 ‹‹
2190 3042 2431 3096 Veneris
2462 3047 2521 3097 et
2547 3042 2860 3114 Cupidinis
2902 3059 3074 3099 voces
3104 3049 3163 3098 et
3191 3058 3500 3098 sermones
3533 3064 3562 3092 »
3593 3040 3778 3094 versi-

2123 3129 2233 3185 bus
2265 3131 2585 3202 quinquies
2643 3133 2849 3202 mille;
2896 3156 2924 3184 ‹‹
2957 3134 3228 3190 Minerva
3255 3139 3315 3188 et
3344 3131 3599 3203 Neptuni
3632 3146 3779 3186 con-

2124 3237 2153 3269 κ
2189 3222 2538 3289 tentionem,
2569 3224 2811 3279 versibus
2830 3225 2982 3279 mille
3011 3241 3033 3288 ;
3065 3225 3301 3279 Latonae
3335 3238 3587 3278 comam.

361 3297 570 3352 Bacchi
603 3297 968 3351 mentionem
991 3295 1248 3368 amplius
1286 3294 1720 3360 facientes.,Sic
1748 3295 2008 3384 Chamm-
2042 3292 2086 3359 C
2196 3310 2592 3384 palmphams,
2652 3313 2863 3369 Ρᾶτίαδ
2915 3314 3005 3369 τοι
3055 3313 3418 3379 prienensis,
3479 3311 3582 3382 qui
3637 3310 3781 3365 νίκη

362 3386 500 3441 leon
525 3387 585 3440 in
611 3384 762 3440 libro
787 3387 866 3441 De
888 3385 1198 3457 Thespide.
1221 3386 1556 3440 Themtetus
1581 3399 1735 3447 vero,
1773 3384 1836 3437 in
1866 3382 2018 3437 libro

367 3479 447 3533 De
478 3478 786 3550 proverbio
820 3478 1022 3546 refert,
1069 3476 1472 3544 Parrhasium,
1509 3480 1858 3539 certantem,
1901 3475 2018 3530 Co-

365 3567 553 3622 rinthi
586 3573 720 3622 cu‘m
743 3567 877 3622 aliis
910 3565 1256 3638 pictoribus,
1279 3565 1546 3637 pinxisse
1567 3563 1862 3619 Bacchum
1894 3560 2019 3633 pui-

368 3657 732 3712 cherrimum
770 3700 784 3723 ,
851 3662 911 3711 et
950 3655 1294 3712 Corinthios
1346 3654 1613 3709 videntes
1667 3653 2020 3708 aemulorum

367 3762 549 3818 opera
582 3745 947 3801 exclamasse
976 3761 989 3800 :
1022 3744 1167 3809 Quid
1196 3743 1268 3798 ad
1290 3743 1565 3798 Bacchum
1585 3744 1614 3796 ?

425 3819 598 3889 Οὐδὲν
615 3831 665 3886 ἐν
684 3831 940 3900 σελίνοις,
961 3834 1034 3888 Ne
1056 3835 1198 3886 inter
1213 3834 1344 3902 apia
1356 3831 1596 3902 quidem.
1613 3832 1798 3885 In'eos
1819 3829 1919 3900 qui
1943 3846 2016 3884 ne

354 3923 719 3996 principium
738 3924 978 3995 quidem
995 3923 1077 3976 rei
1093 3921 1346 3978 assecuti
1371 3927 1510 3977 sunt
1534 3939 1546 3988 ;
1568 3926 1804 3991 sumpta
1826 3925 2018 3974 trans-

362 4013 587 4071 latione
612 4014 683 4070 ab
717 4013 790 4069 iis
826 4014 926 4086 qui
960 4014 1022 4068 in
1041 4014 1244 4068 hortos
1267 4011 1704 4086 ingrediuntur,
1729 4009 1801 4066 ad
1834 4015 2019 4066 extre-

364 4123 495 4162 mas
515 4112 714 4161 autem
735 4106 1045 4160 hortorum
1069 4109 1266 4176 partes
1290 4103 1690 4177 (περικήπους),
1714 4119 1862 4173 quas
1883 4101 2015 4173 apio

368 4199 426 4249 et
454 4201 588 4250 ruta
617 4211 933 4250 conserere
957 4193 1232 4248 solebant
1251 4193 1456 4260 Graaci,
1489 4209 1610 4248 non
1643 4190 2014 4264 perveniunt.

433 4276 698 4340 Οὖδέποτ⁹
727 4279 833 4357 ἐγὼ
856 4286 1052 4336 τοῦτον
1079 4278 1434 4353 ὑποδέξομαι.
1466 4283 1534 4337 In
1564 4281 2018 4352 compotationi-

366 4374 544 4431 nibus
589 4375 983 4430 Athenienses
1015 4373 1158 4428 olim
1190 4382 1429 4428 carmen
1479 4372 1824 4439 cantabant,
1853 4371 2014 4442 quod

365 4463 1061 4520 vocaba'turﬂamodium
1084 4462 1147 4516 in
1171 4461 1556 4516 Harmodium
1578 4466 1639 4516 et
1666 4461 2013 4533 Aristogito-

360 4569 522 4623 nem,
556 4554 656 4626 qui
684 4552 1193 4608 Pisis‘tratidarum
1223 4551 1605 4623 tyrannidem
1657 4555 2011 4616 everterant,

2129 3403 2395 3472 tempore
2428 3404 2748 3458 Artaxeris.
2784 3405 3034 3476 Scripsit
3060 3403 3477 3459 Incredibilium
3508 3401 3675 3456 libros
3713 3402 3778 3456 V.

2127 3506 2276 3560 quos
2307 3493 2548 3562 quidam
2583 3493 2921 3565 Palmphato
2947 3491 3306 3550 Atheniensi
3338 3491 3626 3546 tribuunt.
3665 3489 3778 3544 Sed

2119 3583 2185 3633 et
2205 3579 2320 3634 iste
2352 3581 2425 3636 de
2445 3582 2654 3638 eodem
2687 3588 3034 3655 argumento
3065 3581 3323 3653 scripsit.

2197 3671 2590 3742 Palaephatus,
2626 3665 2965 3744 Abydenus,
2994 3671 3332 3728 historicus.
3350 3669 3640 3740 Scripsit«
3667 3669 3775 3738 Cy-

2125 3781 2152 3808 «
2185 3760 2406 3830 priaca,
2441 3762 2695 3827 Deliaca,
2741 3763 2932 3818 Att-ica
2964 3767 3022 3816 et
3073 3761 3342 3816 Arabica.
3374 3781 3407 3809 υ
3457 3758 3610 3812 Vixit
3665 3756 3774 3811 sub

2127 3849 2460 3905 Alexandro
2484 3851 2819 3920 Macedone,
2845 3857 2905 3906 et
2933 3851 3272 3906 aristote'lis
3301 3847 3638 3921 philosophi
3673 3846 3774 3900 de-

2123 3937 2278 3993 liciaa
2308 3938 2439 4004 fuit,
2473 3945 2540 3994 ut
2568 3947 2784 3996 auctor
2811 3946 2904 3996 est
2961 3941 3128 3996 Philo
3156 3941 3246 3992 Ἐν
3279 3942 3359 4009 τῷ
3389 3936 3652 4010 στοιχείῳ
3678 3937 3774 3988 τοῦ

2121 4026 2246 4096 περὶ
2275 4025 2583 4100 ῂαραδόξου
2612 4028 2856 4104 ἱστορίας
2919 4023 3144 4102 βιϐλίου
3166 4028 3218 4082 α’
3249 4047 3266 4096 ς
3323 4033 3382 4084 et
3408 4025 3774 4093 Theodorus,

2121 4117 2378 4183 Iliensis,
2405 4117 2560 4174 libro
2591 4135 2652 4175 ui
2681 4120 3045 4174 Troicorutn.

2194 4208 2591 4278 Palaaphatus,
2622 4210 2925 4283 Egyptius
2981 4213 3085 4264 aut
3140 4206 3542 4272 Atheniensis,
3575 4221 3768 4276 gram-

2121 4298 2395 4365 maticus,
2421 4299 2667 4370 scripsit
2689 4298 3067 4370 Theologiam
3089 4296 3508 4368 Egyptiacam,
3539 4293 3770 4348 fabulo-

2124 4403 2325 4442 sorum
2354 4387 2578 4443 librum
2610 4405 2667 4455 ις
2708 4388 2978 4444 fabulose
3035 4386 3329 4442 dictorum
3381 4383 3720 4438 Solutiones
3753 4398 3768 4449 ;

2125 4478 2490 4548 Argumenta
2519 4478 2578 4532 in
2621 4476 2998 4532 Simonidem
3033 4493 3048 4542 ;
3107 4477 3221 4530 Res
3277 4473 3583 4544 Trojanas,
3616 4469 3774 4541 quod

2121 4580 2271 4635 opus
2301 4564 2402 4620 alii
2461 4566 2633 4621 Pario
2691 4565 3032 4637 Palaephato
3077 4562 3380 4618 tribuunt.
3439 4559 3687 4630 Scripsit
3713 4562 3776 4612 et

363 4647 534 4718 cujus
566 4644 804 4700 initium
833 4659 847 4698 :
896 4641 1138 4696 φίλτατε
1169 4636 1457 4714 ’Ἀρμόδιῃ
1491 4637 1607 4694 οὔτι
1659 4660 1767 4695 που
1820 4641 2010 4710 τὲθνη-

2137 4653 2446 4709 Historiam
2478 4655 2802 4726 propriam,
2834 4636 3094 4724 ’ἱστορίαν
3129 4647 3290 4707 ἰδίαν.

356 4751 457 4793 κας
480 4736 610 4806 (94).
645 4734 828 4788 Erant
861 4737 920 4787 et
944 4731 1062 4786 alia
1118 4729 1486 4802 ejnscemodi
1544 4731 1829 4786 carmina.
1859 4746 2010 4802 quo-

361 4840 496 4879 rum
527 4839 714 4879 unum
745 4823 969 4876 Admeti
1016 4820 1355 4891 vocabatur,
1399 4819 1666 4876 alterum
1696 4821 2010 4890 Lamponis.

363 4907 543 4984 (Infra
569 4912 636 4967 in
660 4909 979 4984 Ηάροινος.)

427 5019 536 5074 Οὐκ
561 5018 1004 5092 ἐκομπολάκουν,
1027 5038 1051 5070 ι
1069 5031 1192 5074 non
1215 5017 1432 5074 utebar
1460 5017 1656 5073 verbis
1679 5017 1947 5087 tumidis,
1983 5039 2011 5069 »

357 5114 425 5164 ut
454 5109 783 5182 )Eschylus.

430 5217 546 5275 Οὐκ
593 5213 766 5274 ἔνδον.
829 5218 1003 5275 Ridet
1059 5217 1489 5290 AristOphanes
1547 5216 1910 5289 Euripidem,
1946 5222 2012 5272 ut

358 5305 792 5381 συλλογιστικὸν,
827 5315 963 5376 etc.,
993 5309 1223 5364 animas
1255 5309 1326 5364 ab
1359 5307 1708 5380 corporibus
1738 5307 2013 5364 distinxit

358 5413 525 5454 more
547 5398 879 5454 Homerico.
907 5398 1197 5453 Homerus
1215 5398 1377 5452 enim
1401 5415 1536 5453 cum
1563 5399 1840 5455 dixisset:
1863 5396 2008 5452 Πολ-

355 5483 454 5549 λὰς
473 5483 519 5540 δ’
535 5484 785 5563 ἰφθίμου,
799 5486 1002 5560 ψυχὰς,
1021 5509 1049 5537 ‹‹
1065 5488 1277 5543 Multas
1303 5489 1535 5544 animas
1556 5489 2008 5545 fortes-heroum

431 5686 833 5764 (94)“?(11116,
868 5694 1005 5757 etc.,
1030 5689 1128 5764 hic
1158 5693 1269 5764 est
1295 5691 1539 5764 quintus
1572 5693 1784 5764 versus
1813 5689 2003 5764 scolii,

354 5761 574 5820 Anthr)!
601 5763 862 5819 Gri-ccam
892 5761 1188 5834 poeticam
1218 5761 1504 5832 (Baruthi,
1553 5763 1712 5832 £792,
1738 5763 1817 5834 8),
1845 5762 2006 5835 quod

2195 4742 2563 4811 Palamedes,
2593 4743 2848 4813 Eleates,
2879 4740 3303 4816 grammaticus
3333 4781 3350 4807 ,
3406 4737 3650 4810 scripsit
3693 4736 3769 4791 de

2123 4835 2352 4891 comica
2399 4841 2460 4891 et
2498 4837 2729 4910 'tragica
2783 4835 3089 4892 dictione:
3151 4827 3611 4905 Ὀνοματολόγον,
3651 4829 3775 4884 sive

2121 4929 2678 4996 Nomenclatorem;
2737 4926 3247 4984 Commentariun
3269 4925 3340 4980 'in
3371 4927 3628 4995 poetam.
3662 4921 3771 4976 Pin

2123 5016 2358 5075 darum.

2193 5107 2802 5180 Palamedes,Nauplii
2824 5105 3289 5172 etClimenesF.,
3313 5101 3582 5173 Argivus,
3597 5104 3773 5168 poeta

2123 5200 2347 5272 epicus,
2389 5205 2448 5256 et
2477 5198 2870 5254 consobrinus
2927 5197 3081 5270 regis
3127 5189 3623 5267 Agamemnonis.
3650 5203 3770 5242 non

2119 5289 2323 5345 minus
2336 5294 2543 5345 acutus
2559 5288 2975 5360 phiioscphus,
2996 5297 3182 5357 quam
3205 5286 3380 5355 poeta
3399 5278 3768 5352 ingeniosus.

2119 5381 2282 5438 Idem
2316 5383 2588 5437 inventor
2624 5381 2956 5435 litterarum
2990 5382 3038 5446 ζ.
3070 5396 3130 5446 π,
3163 5396 3221 5451 φ,
3249 5392 3308 5448 χ,
3355 5374 3620 5443 itemque
3651 5369 3770 5424 cal-

2120 5473 2879 5542 culorum,e'ttess'eraru‘m,
2904 5474 2964 5525 et
2991 5467 3156 5535 alvus,
3175 5472 3235 5522 et
3247 5471 3670 5521 mensurarum
3701 5476 3769 5516 ac

2105 5671 2420 5731 ‘Cah’strat‘o
2455 5671 2646 5729 tribui
2695 5671 2874 5728 sdlet.
2937 5669 2999 5724 γ..
3038 5679 3176 5738 quo
3195 5662 3399 5720 notavi
3421 5659 3505 5716 and
3533 5673 3666 5732 pag.
3700 5661 3770 5714 90

2111 5767 2250 5833 ‘s'qq.
2281 5759 2458 5817 Ηλιιι.
