4126 6418
437 384 590 444 1311

1745 383 1987 444 INDEX
2027 382 2538 446 SCRIPTORUM

3687 385 3830 447 1312

435 519 787 590 ponderum.
821 519 1098 573 Poemata
1128 518 1258 588 ejus
1279 518 1742 590 Agamemnonis
1765 517 1985 589 posteri
2019 533 2089 572 ex
2115 520 2168 585 Λ
2202 517 2426 572 Deinde
2480 515 2688 583 invidi,
2747 513 3174 587 persuadentes
3218 512 3437 568 Zenoni
3494 528 3560 568 ac
3606 515 3822 572 Verinaa

433 606 657 662 invidia
689 607 1098 669 aboleverunt,
1139 607 1430 662 Existimo
1485 613 1544 662 et
1585 612 1820 678 poetam
1876 607 2084 661 Home-

435 711 589 757 rum,
623 693 781 764 quod
821 694 1029 749 eadem
1084 694 1308 750 invidia
1341 695 1657 754 laboraret.
1693 694 1925 749 nullam
1958 694 2090 765 ejus

435 783 801 837 mentionem
823 783 1057 838 fecisse.
1082 783 1356 838 Carmina
1386 783 1712 838 Palamedis
1736 788 1977 854 propter
1998 783 2092 836 in—

434 871 649 926 vidiam
683 869 755 926 ab
785 872 1037 925 Homero
1069 871 1290 926 abolita
1313 878 1471 937 sunt,
1505 878 1617 927 etc.

505 958 826 1022 Palladius,
844 959 1144 1013 Palamedi
1169 959 1653 1026 F.,Methonasus,
1677 959 1963 1030 sophista,
1989 957 2090 1028 qui

431 1051 575 1104 vixit
605 1049 712 1104 sub
747 1050 1134 1104 Constantino
1164 1051 1302 1120 imp.
1341 1050 1588 1120 Scripsit
1617 1073 1642 1099 ‹‹
1679 1051 1759 1104 De
1786 1052 2088 1105 Romano-

431 1161 460 1188 «
498 1155 629 1192 rum
659 1138 848 1202 festis,
885 1139 1362 1210 Disputationes;
1395 1139 1704 1193 Orationes
1737 1138 1998 1202 diversas,
2031 1143 2093 1190 ut

433 1249 460 1277 ‹‹
495 1227 922 1298 Olympiacam,
957 1228 1400 1299 Panegyricam,
1433 1227 1772 1282 Judiciales.

509 1317 834 1387 Pamphile,
882 1316 1222 1387 Epidauria,
1276 1317 1535 1387 sapiens,
1592 1317 1715 1370 filia
1772 1314 2077 1379 Soteridis,

436 1406 608 1475 cujus
640 1421 770 1460 esse
819 1405 1100 1460 dicuntur
1156 1406 1590 1472 commentarii,
1623 1405 1726 1476 qui
1765 1403 2089 1474 Pamphilae

437 1495 682 1550 nomine
715 1495 988 1549 feruntur
1011 1501 1096 1556 (ut
1111 1501 1315 1549 auctor
1341 1501 1428 1550 est
1451 1494 1769 1565 Dionysius
1796 1494 1947 1548 libro
1980 1510 2090 1546 xxx

438 1585 712 1638 Historiae
735 1585 1020 1653 musicae),
1044 1585 1132 1638 vel
1159 1584 1496 1650 Socratidis,
1527 1584 1723 1639 mariti
1747 1583 1896 1654 ejus.
1935 1583 2087 1636 Scri-

436 1673 556 1743 psit
606 1694 633 1721 «
694 1674 1165 1727 Commentarios
1221 1673 1536 1728 historicos
1593 1672 1762 1726 libris
1813 1671 2088 1735 XXXIII;

431 1784 458 1808 ‹‹
494 1761 802 1830 Epitomen
834 1762 1038 1816 Clesiaa
1064 1762 1232 1816 libris
1267 1763 1340 1816 lll
1369 1780 1383 1827 ;
1446 1761 1747 1832 Epitomas
1804 1761 2085 1814 historia-

2199 606 2360 677 quod
2392 623 2527 661 cum
2561 605 2714 660 Hillo
2746 605 3170 659 vaticinaretur
3201 601 3479 657 adversus
3530 603 3832 673 imperato-

2199 712 2346 762 rem,
2379 696 2707 750 etl‘ecerunt
2737 700 2803 748 ut
2849 693 3233 764 relegaretur.
3292 692 3437 745 Hinc
3492 693 3825 763 Pergamum

2199 787 2396 858 Mysim
2429 787 2606 852 venit,
2641 801 2776 840 mox
2805 785 2876 839 ad
2907 784 3128 838 Hillum
3181 781 3241 836 in
3292 781 3577 836 Isauriam
3606 799 3832 837 revoca-

2199 883 2314 945 tur,
2357 884 2468 933 etc.
2505 877 2695 932 Hillus
2749 877 2860 930 iste
2891 891 3026 930 cum
3057 879 3216 929 esset
3254 872 3584 927 litterarum
3615 889 3830 941 amans,

2197 967 2699 1022 volebatvirorum
2712 963 3078 1020 eruditorum
3094 962 3166 1018 de
3181 963 3369 1017 anima
3391 960 3837 1032 disceptationes

2199 1056 2406 1112 audire
2437 1074 2449 1111 :
2483 1071 2739 1126 cumque
2772 1071 2841 1108 ex
2881 1053 3208 1108 multorum
3240 1051 3340 1122 qui
3374 1049 3638 1118 aderant,
3669 1049 3835 1104 variis

2200 1145 2708 1217 disputationibus
2727 1149 2786 1198 et
2805 1142 3083 1198 dissensu
3096 1141 3428 1196 orationem
3444 1139 3556 1194 sibi
3578 1155 3693 1193 non
3715 1155 3838 1192 con-

2199 1239 2358 1288 stare
2391 1237 2724 1304 appareret,
2753 1233 2998 1300 Marsus,
3031 1228 3443 1303 grammatista
3474 1226 3591 1282 sive
3622 1226 3834 1280 littera-

2199 1329 2313 1388 tor,
2338 1339 2407 1377 ex
2429 1324 2589 1376 Pane
2612 1321 2840 1393 Egypti
2873 1319 3184 1386 oriundus,
3209 1318 3541 1373 orationem
3565 1315 3633 1370 de
3657 1315 3837 1370 anima

2198 1411 2299 1466 diu
2360 1411 2709 1466 meditatam
2769 1410 3072 1482 eleganter
3119 1407 3428 1471 recitavit,
3463 1410 3522 1460 et
3567 1403 3830 1475 quoniam

2202 1502 2447 1574 ignarus
2480 1500 2637 1554 inter
2669 1501 2927 1572 ignaros,
2962 1504 3027 1552 ut
3056 1498 3222 1553 Plato
3257 1497 3424 1562 dixit,
3458 1493 3689 1549 facilius
3711 1509 3831 1562 per-

2200 1591 2448 1646 suadere
2478 1596 2672 1662 potest
2710 1606 2884 1660 quam
2921 1588 3149 1652 doctus,
3184 1587 3357 1642 Marsi
3406 1584 3721 1640 artificiosa
3751 1581 3822 1633 lo-

2199 1681 2496 1751 quacitate
2511 1680 2794 1750 deceptus
2810 1677 3000 1732 Hillus
3024 1693 3157 1731 eum
3173 1675 3559 1731 eruditiorem
3573 1669 3829 1726 omnibus

2198 1769 2450 1825 CPoleos
2490 1769 2833 1824 doctoribus
2864 1784 2992 1822 esse
3025 1765 3402 1831 existimavit,
3436 1769 3494 1818 et
3539 1760 3717 1815 multa
3747 1773 3833 1828 pe-

435 1869 463 1898 “
500 1866 652 1913 Γυων
685 1849 1060 1919 aliorumque
1093 1850 1382 1904 librorum
1414 1850 1928 1921 quamplurimas;
1963 1851 2088 1919 Περὶ
2123 1879 2168 1944 Β
2199 1859 2374 1914 cunia
2402 1876 2471 1914 ex
2516 1858 2753 1930 publico
2815 1857 2926 1928 ipsi
2988 1857 3230 1925 tributa,
3278 1852 3405 1914 τοὺς
3467 1851 3758 1906 φοιτῶντας
3787 1843 3834 1904 ἐς

436 1931 922 2012 ἀμφισϐητήσεων,
965 1941 1040 1993 De
1077 1942 1467 2007 controversis;
1501 1942 1575 1994 De
1602 1956 1661 1994 re
1721 1940 1961 1993 Venerea
1993 1942 2095 1997 :et

435 2026 573 2080 aliis
605 2026 830 2083 multis.

509 2117 872 2189 Pamphilus,
895 2119 1320 2190 Amphipolita,
1345 2118 1436 2174 vel
1458 2119 1789 2190 Sicyonius,
1814 2118 1904 2174 vel
1925 2118 2091 2172 Nico-

435 2207 639 2277 polita.
700 2207 1091 2278 philosophus
1145 2214 1539 2281 cognomento
1600 2205 2090 2280 Φιλοπράγματος.

432 2295 683 2366 Scripsit
706 2298 982 2365 Imagines
1011 2296 1356 2367 [herbarum
1389 2296 1532 2367 (h5)]
1565 2296 1775 2352 ordine
1806 2294 2092 2365 alphabe-

432 2385 548 2438 tico
577 2410 590 2448 ς
632 2387 862 2439 «Artem
909 2385 1390 2455 grammaticam;
1435 2387 1515 2440 De
1547 2386 1780 2456 pictura
1810 2389 1869 2438 et
1898 2384 2088 2454 picto-

432 2494 462 2522 ‹‹
497 2473 664 2528 ribus
694 2473 1071 2540 illustribus;
1109 2473 1188 2528 De
1221 2491 1282 2528 re
1314 2475 1537 2528 rustica
1566 2473 1751 2528 libros
1781 2473 1876 2528 lIl.

509 2561 878 2632 Pamphilus,
909 2562 1354 2634 grammaticus,
1388 2563 1820 2628 Aristarcheus,
1855 2560 2094 2631 scripsit

433 2652 663 2704 Pratum
689 2651 808 2704 sive
839 2652 1133 2706 variarum
1167 2669 1364 2706 rerum
1396 2652 1806 2718 Collectanea;
1845 2653 1918 2704 De
1945 2651 2088 2718 glos-

431 2742 506 2793 sis
525 2741 638 2794 sive
665 2741 945 2795 vocabulis
970 2741 1135 2795 libros
1164 2742 1330 2808 XCV,
1363 2758 1397 2796 a
1418 2741 1617 2796 littera
1643 2743 1901 2812 Ejusque
1928 2739 2002 2794 ad
2023 2744 2085 2792 Ω.

431 2831 574 2882 Nam
606 2828 678 2882 ab
713 2831 757 2882 Α
789 2845 977 2899 usque
1021 2829 1096 2884 ad
1128 2836 1163 2881 Δ
1193 2831 1486 2901 Zopyrion
1539 2835 1992 2902 composuerat;
2024 2829 2088 2882 In

431 2919 699 2973 Nicandri
721 2919 841 2973 loca
864 2921 933 2973 ab
963 2920 1090 2974 aliis
1129 2921 1428 2990 explicata,
1490 2925 1548 2975 et
1607 2937 1738 2990 quas
1799 2924 2088 2974 vocantur

432 3005 663 3081 Ὀφιάκά
693 3009 799 3076 (96)
834 3008 954 3062 sive
984 3009 1062 3062 De
1089 3009 1429 3079 serpentibus
1447 3027 1469 3073 ;
1513 3011 1703 3064 Artem
1752 3011 2003 3064 criticam
2031 3013 2090 3062 et

433 3095 552 3150 alia
582 3095 754 3166 plura
783 3095 1190 3168 grammatica.

507 3185 887 3256 Pamphylus,
917 3186 1020 3256 qui
1050 3187 1113 3241 in
1169 3188 1451 3242 conviviis
1490 3204 1693 3243 versus
1724 3203 1960 3258 semper
1990 3185 2082 3241 lo-

430 3272 744 3343 quebatur,
768 3279 834 3328 ut
861 3274 1041 3330 refert
1070 3276 1388 3333 Athedaaus
1412 3277 1474 3332 in
1506 3278 1872 3348 Dipnosoph.
1905 3275 2008 3331 lib.
2043 3293 2080 3346 ι,

551 3363 648 3416 ,4.

551 3403 563 3416 .
593 3378 648 3416 4.

432 3378 871 3524 p8'gamphilus,
903 3454 1262 3528 demagogus
1292 3455 1562 3524 Athenis,
1598 3461 1708 3512 etc.

2208 1951 2454 2019 μουσεῖα,
2487 1948 2602 2000 κατ’
2654 1945 2891 2020 ἐκλογήν
2952 1942 3200 2004 ἒκὲλευςε
3256 1939 3550 2005 παιδεῦειν,
3583 1955 3700 2002 eos,
3749 1934 3838 2006 qui

2204 2040 2439 2096 scholas
2461 2039 2931 2110 frequentarent,
2965 2052 3102 2090 cum
3135 2033 3370 2089 delectu
3403 2031 3615 2086 docere
3650 2024 3835 2098 jussit.

2277 2129 2407 2184 Πάν.
2432 2131 2512 2182 Ex
2543 2127 2762 2199 Esopi,
2797 2129 3161 2198 anagnostaa,
3194 2123 3346 2178 libro
3379 2123 3452 2178 de
3487 2117 3719 2182 llelena,
3748 2128 3838 2166 su-

2204 2235 2312 2291 pra
2341 2219 2402 2273 in
2436 2217 2640 2290 Ἰχθῦς.

2274 2325 2590 2390 Panaetius,
2615 2323 2901 2388 Rhodius,
2928 2322 3157 2388 Senior,
3178 2318 3572 2392 philosophus
3604 2309 3844 2368 celeber-

2202 2417 2412 2482 rimus,
2444 2415 2613 2486 cujus
2644 2413 2887 2485 plurimi
2921 2411 3057 2466 libri
3090 2407 3490 2482 phi1050phici
3543 2395 3840 2459 circumfe-

2202 2511 2436 2560 runtur.

2274 2614 2592 2676 Panmtius,
2646 2612 2873 2676 Iunior,
2909 2611 3192 2681 Nicagora
3224 2609 3310 2673 F.,
3346 2603 3631 2666 Rhodius,
3663 2593 3837 2668 philo-

2201 2706 2424 2777 sophus
2463 2705 2714 2767 Stoicus,
2751 2700 3028 2773 Diogenis
3075 2697 3408 2769 discipulus
3441 2701 3500 2750 et
3528 2689 3839 2777 praeceptor

2199 2775 2494 2866 Scipionis
2530 2791 2810 2857 Africani,
2865 2794 3000 2861 post
3049 2787 3387 2858 Polybium,
3422 2775 3831 2854 Megapolitam.

2197 2885 2355 2941 Obiit
2392 2884 2662 2940 Athenis.

2269 2991 2638 3058 Pancratius,
2673 2989 2960 3060 s0phista,
2993 2987 3232 3059 scripsit
3261 2975 3752 3042 commentarium
3781 2968 3836 3021 in

2197 3081 2516 3138 Minuciani
2547 3085 2736 3136 artem
2763 3079 3144 3134 rhetoricam.

2268 3171 2636 3226 Pancratius.
2667 3169 2853 3240 Hujus
2870 3169 3144 3224 feruntur
3163 3165 3538 3239 Opsartytica
3555 3161 3614 3214 in
3636 3149 3834 3226 quibus

2113 3243 2157 3310 (ἶ
2195 3261 2388 3316 varios
2419 3259 2564 3315 artis
2595 3259 2900 3314 culinaria:
2951 3257 3158 3313 modos
3189 3256 3390 3311 tradit.
3443 3247 3666 3309 Floruit
3696 3247 3837 3296 tem-

2187 3365 2330 3421 pore
2363 3348 2572 3404 Leonis
2603 3347 2892 3412 Senioris,
2924 3363 3115 3418 usque
3143 3345 3218 3400 ad
3249 3347 3571 3400 Zenonem.

2262 3433 2680 3496 Πανδελετείους
2738 3416 3414 3508 γνώμαςδΡᾶΠάθιθῐιιε
3484 3416 3832 3508 εγοορὶιθξιίὲ

502 3503 1777 3616 sissis;’qii‘;;.”.;.i"i.;;;;;(3;...)
1828 3544 2082 3599 multum
2184 3527 2318 3592 fuit.
2351 3527 2547 3581 litium
2579 3503 2809 3616 amans
2844 3503 3122 3616 idemque
3155 3523 3528 3616 sophismata
3559 3503 3834 3616 {essent

426 3632 643 3702 potuit,
685 3639 860 3688 natus
915 3634 1152 3698 Thebis,
1213 3634 1358 3690 urbe
1413 3637 1662 3708 :Egypti,
1713 3636 1951 3707 ingenio
2009 3633 2084 3688 ad

429 3721 634 3776 omnia
661 3727 798 3792 apto
858 3723 1163 3793 praeditus,
1206 3730 1380 3794 poeta
1410 3730 1468 3778 et
1496 3724 1570 3779 ad
1602 3725 1830 3795 poesim
1888 3730 2084 3795 aptus,

431 3826 571 3864 cum
605 3811 859 3866 Athenas
877 3812 1156 3879 venisset,
1179 3829 1212 3868 a
1242 3814 1475 3868 civitate
1492 3813 1758 3868 delectus
1786 3829 2086 3885 gramma-

431 3899 604 3965 ticus,
650 3899 872 3954 multos
902 3901 983 3954 ibi
1016 3901 1216 3956 docuit
1243 3919 1454 3960 annos.
1488 3903 1792 3972 Simulque
1819 3901 1926 3956 sub
1959 3917 2086 3956 ma-

435 4003 550 4056 gno
583 3987 787 4042 Proclo
821 3989 1088 4044 eruditus
1118 3997 1208 4045 est
1235 3991 1295 4046 in
1329 3991 1607 4046 omnibus
1637 3990 1959 4046 reconditas
1994 4007 2087 4045 sa-

435 4076 678 4146 pientiaa
695 4077 981 4147 partibus.
1004 4079 1151 4134 Hinc
1181 4081 1331 4134 nulli
1355 4079 1652 4136 secundus
1673 4079 1855 4133 videri
1880 4079 2086 4134 volens

436 4181 573 4219 cum
597 4165 874 4221 omnibus
897 4167 1290 4239 philosophis,
1311 4175 1554 4240 excepto
1575 4168 1798 4234 Proclo,
1834 4175 2086 4223 conten-

436 4254 631 4321 debat,
668 4255 1047 4312 Plutarchum
1080 4259 1278 4323 etiam,
1315 4260 1496 4314 Hierii
1519 4261 1602 4326 F.,
1637 4260 2085 4326 Atheniensem,

436 4348 494 4398 et
531 4345 850 4416 Hermiam,
901 4347 1393 4414 Alexandrinum,
1426 4349 1746 4417 rhetorem,
1801 4348 2087 4403 doctrina;

433 4433 623 4504 gloria
653 4451 933 4506 superare
965 4436 1259 4494 studebat.
1293 4438 1437 4491 Cum
1467 4445 1667 4493 autem
1693 4455 1728 4493 a
1756 4439 2089 4492 calumnia-

437 4523 665 4578 toribus
687 4525 845 4595 apud
860 4526 1432 4598 Theagenem,illius
1452 4527 1566 4582 loci
1598 4529 1806 4597 civem,
1832 4526 2086 4595 delatus,

2188 3623 2246 3672 et
2275 3632 2432 3670 unus
2464 3621 2591 3670 erat
2620 3632 2690 3670 ex
2723 3614 2865 3679 illis,
2900 3614 3000 3685 qui
3034 3614 3192 3668 circa
3215 3611 3449 3683 judicia
3479 3603 3680 3663 crebro
3709 3606 3828 3645 ver-

2190 3705 2492 3761 sabantur.
2526 3704 2796 3759 Meminit
2818 3703 2947 3773 ejus
2985 3703 3260 3757 Cratinus
3301 3701 3364 3755 in
3399 3687 3768 3756 Chironibus.

2258 3793 2600 3860 Panolbius,
2626 3798 2818 3865 poeta.
2845 3791 3091 3862 Scripsit
3120 3789 3388 3846 diversa:
3415 3786 3576 3842 velut
3602 3780 3828 3834 carmen

2189 3884 2270 3939 Ad
2297 3885 2620 3950 Etherium,
2655 3881 2862 3937 morbo
2913 3880 3259 3935 defunctum
3289 3897 3303 3945 ;
3339 3879 3432 3935 Ad
3472 3866 3820 3950 Erythrium;

2187 3974 2278 4027 Ad
2306 3946 2661 4038 Dorotheum,
2719 3969 3036 4042 praesidem
3083 3973 3142 4023 et
3169 3967 3472 4031 comitem,
3506 3964 3564 4016 ἰη
3599 3946 3832 4042 Αρὴξὴίῗῗ

2187 4065 2366 4126 nium,
2425 4037 2741 4126 comitem;
2800 4059 3160 4128 Epitaphium
3219 4058 3524 4127 Hypatiz,
3582 4037 3827 4111 Erythri!

2191 4150 2352 4206 ﬁliaa.

2190 4261 2370 4311 Πάντα
2401 4255 2565 4311 ὀκτώ.
2612 4256 2812 4311 Aiunt.
2847 4254 3209 4310 Stesicorum
3239 4254 3480 4308 Catanaa
3545 4223 3835 4313 splendide

2193 4348 2492 4420 sepultum
2522 4347 2705 4402 fuisse
2738 4346 2810 4402 ad
2843 4351 3064 4416 portas,
3100 4361 3231 4415 quae
3257 4343 3330 4398 ab
3364 4360 3433 4398 eo
3467 4327 3834 4420 Stesichorff"

2190 4444 2493 4507 vocantur,
2517 4439 2643 4509 ipso
2663 4441 3053 4491 monumento
3073 4439 3203 4488 octo
3235 4432 3548 4488 columnas
3571 4411 3831 4509 habente.

2193 4537 2324 4586 octo
2358 4497 2501 4585 item
2540 4497 2776 4601 gradus
2807 4532 2866 4581 et
2915 4525 3165 4598 angulos
3197 4529 3351 4579 octo.
3414 4517 3529 4577 Alii
3585 4497 3831 4565 tradunt,

435 4617 496 4666 et
523 4613 754 4681 gravius
811 4631 990 4685 quam
1050 4615 1396 4688 magistrum
1448 4617 1705 4687 deceret,
1760 4617 2088 4690 exagitatus
2118 4602 2165 4666 Ι)
2198 4621 2448 4689 Aletem,
2481 4635 2616 4675 cum
2647 4619 2982 4674 Corinthios
3032 4619 3093 4672 in
3143 4633 3327 4673 unam
3369 4613 3670 4672 civitatem
3704 4602 3833 4690 fora-

432 4701 662 4766 fuisset,
699 4703 1036 4774 Byzantium
1056 4705 1216 4760 venit
1240 4722 1253 4760 :
1274 4704 1373 4760 ubi
1401 4705 1462 4761 in
1481 4707 1624 4761 urbe
1649 4707 1709 4770 in
1725 4723 1842 4778 qua
1872 4723 2082 4760 omnes

429 4789 746 4846 Christiani
775 4799 993 4858 essent,
1027 4795 1227 4849 Graeca
1263 4811 1370 4850 sua
1415 4797 1724 4868 religione,
1754 4812 1932 4866 quam
1963 4812 2084 4850 non

431 4879 789 4949 dissimulat,
821 4882 1164 4953 opinionem
1222 4884 1422 4939 attulit
1476 4883 1841 4954 nominibus,
1876 4901 1938 4939 se
1969 4883 2086 4938 alia

433 4987 670 5041 quoque
702 4987 921 5027 arcana
953 4972 1223 5044 (magica)
1272 4974 1545 5028 doctrina
1575 4989 1703 5028 esse
1744 4973 2079 5045 praeditum.

433 5061 638 5128 Itaque
669 5059 836 5113 Illius
876 5076 1011 5114 eum
1080 5077 1291 5132 poema
1349 5060 1647 5130 quoddam
1706 5063 2082 5131 recitantem,

435 5165 569 5202 cum
599 5150 881 5214 audisset,
906 5151 1393 5205 commendatum
1416 5150 1527 5204 sibi
1555 5149 1762 5206 habuit
1784 5157 1841 5205 et
1867 5153 2086 5224 stipen-

433 5237 598 5293 dium
630 5239 742 5310 ipsi
775 5239 940 5295 dedit
968 5241 1185 5311 partim
1213 5241 1284 5294 de
1316 5255 1444 5308 suo,
1475 5240 1693 5311 partim
1727 5240 1795 5296 de
1823 5242 2082 5312 publico.

503 5418 613 5485 (95)
641 5418 775 5472 Voc.
795 5417 1090 5472 herbarum
1115 5415 1382 5471 additum
1409 5419 1494 5469 est
1525 5414 1595 5470 de
1627 5415 1921 5471 Lambecii
1946 5433 2084 5471 con-

426 5486 682 5558 jectura,
717 5494 777 5543 at
806 5487 1271 5559 fallaci,utijam
1305 5503 1486 5559 supra
1501 5489 1788 5542 adnotare
1814 5488 2082 5542 memini.

436 5561 625 5630 Atque
658 5561 943 5615 Kusterus
975 5560 1036 5614 in
1067 5565 1193 5615 not.
1227 5563 1257 5612 7
1289 5564 1347 5612 et
1375 5560 1426 5624 8,
1459 5563 1580 5612 tom
1626 5560 1722 5626 Ill,
1754 5577 1809 5630 p.
1848 5561 1930 5626 14,
1951 5577 2082 5630 pro-

433 5628 734 5703 babilibus
749 5631 1068 5694 existimat,
1084 5646 1232 5702 opus
1253 5630 1544 5703 Pamphili
1564 5631 1637 5684 De
1661 5628 1907 5686 icohibus
1924 5628 1974 5703 ej
1985 5647 2086 5703 us-

432 5698 568 5754 dem
619 5702 803 5758 fuisse
861 5698 1214 5774 argumenti,
1273 5701 1343 5757 de
1371 5698 1487 5772 quo
1519 5703 1722 5774 scripti
1781 5708 1922 5759 sunt
1953 5698 2083 5757 'duo

2193 4711 2326 4766 culo
2351 4711 2555 4782 jussus
2605 4709 2914 4781 coegisset,
2949 4709 3105 4763 cives
3136 4708 3198 4762 in
3230 4712 3362 4762 octo
3417 4700 3628 4760 tribus,
3661 4689 3717 4741 et
3742 4691 3831 4734 ω’·

2192 4800 2328 4856 bem
2359 4800 2420 4854 in
2450 4806 2582 4854 octo
2615 4804 2812 4869 partes
2843 4797 3238 4852 distribuisse.
3685 4861 3720 4871 η
3766 4856 3774 4865 ,

2267 4890 2570 4961 Panyasis,
2592 4863 2901 4960 Polyarchi
2921 4888 3008 4953 F.,
3029 4887 3539 4945 Halicarnasseus,
3559 4863 3836 4961 prodigii)-

2194 4996 2326 5034 rum
2356 4979 2649 5050 interpres
2676 4983 2735 5032 et
2780 4982 2954 5048 poeta
2980 4977 3209 5046 epicus,
3248 4976 3348 5046 qui
3382 4968 3592 5047 poesill
3627 4955 3834 5050 915?"?

2195 5073 2349 5123 ctam
2373 5068 2432 5121 in
2467 5042 2638 5122 usum
2669 5066 2982 5121 revocavit-
3019 5065 3191 5119 Duris
3225 5065 3488 5120 Samium
3516 5051 3696 5110 fuisse
3724 5042 3834 5129 ῐΐῇ·

2195 5156 2323 5224 dit,
2385 5155 2601 5210 Dioclis
2658 5155 2888 5220 filium;
2947 5153 3276 5208 Herodotus
3336 5159 3566 5224 patrem
3625 5125 3832 5189 habuitc

2193 5246 2310 5303 Alii
2335 5262 2452 5300 non
2485 5245 2725 5315 Lyxum,
2755 5243 3072 5299 Aerododti
3098 5249 3368 5314 patrum;
3393 5238 3497 5297 sed
3528 5224 3832 5297 Dryonem'

2195 5413 2536 5468 Philostrati
2573 5409 2700 5485 Περὶ
2729 5409 2955 5465 εἰκόνων
2993 5410 3153 5479 libri,
3189 5411 3365 5466 hodie
3395 5407 3587 5466 adhuc
3620 5388 3836 5447 exstaﬂ‘

2195 5491 2304 5541 tes.
2340 5487 2512 5540 HARL.

2270 5517 2601 5627 ἷὸῶλὲἱέθχ
2631 5555 3048 5611 emendatione
3080 5555 3336 5621 Kusteri,
3372 5559 3513 5609 tom.
3540 5541 3632 5605 ΙΙΙ,
3665 5549 3720 5605 Ρ·
3756 5517 3834 5582 ¹5’

2195 5635 2321 5683 not.
2352 5633 2402 5698 l,
2434 5645 2542 5699 pro
2571 5628 2806 5700 vulgata
2837 5628 2972 5682 lect.
3008 5630 3233 5684 "0mm.
3277 5628 3451 5682 Hum.
