4126 6490
436 480 594 545 1313

1772 481 1876 542 DE
1918 479 2206 554 QUIBUS
2248 481 2556 544 SUIDAS.

3705 488 3864 549 1314

439 617 720 674 Herodoti
751 617 1381 691 matrem,Panyasidis
1402 616 1570 673 aiunt
1601 633 1864 673 sororem
1892 615 2096 672 fuisse.
2130 618 2182 684 Α
2215 619 2429 687 Elegias
2471 619 2530 672 in
2585 620 2843 674 Venerem
2865 635 2884 673 :
2945 620 3154 686 Aretes,
3229 622 3442 685 uxoris,
3501 623 3808 692 epicedium
3836 641 3858 688 ;

437 707 725 780 Panyasis
754 712 930 762 natus
962 713 1052 762 est
1077 707 1424 779 Olympiade
1445 707 1734 762 LXXVIII.
1760 705 2098 761 Secundum

432 797 586 852 alios
617 798 920 868 antiquior
965 796 1075 852 fuit
1117 803 1174 852 et
1205 803 1473 868 tempore
1506 795 1650 851 belli
1680 795 1902 851 Persici
1934 795 2096 863 vixit,

437 886 674 942 occisus
704 903 738 942 a
769 886 1145 959 Lygdamide,
1180 888 1352 942 tertio
1394 885 1794 942 Halicarnassi
1820 889 2093 957 tyranno.

430 977 594 1032 Inter
625 982 828 1047 poetas
852 977 1002 1032 alter
1015 978 1067 1031 ei
1087 982 1221 1048 post
1245 978 1564 1031 Homerum
1596 976 1764 1030 locus
1794 975 2094 1029 tribuitur:

435 1066 766 1122 secundum
795 1067 945 1122 alios
975 1083 1114 1122 vero
1145 1073 1280 1138 post
1309 1066 1630 1122 Hesiodum
1648 1065 1828 1120 etiam
1861 1063 2093 1119 etAnti-

428 1157 730 1211 machum.
792 1157 1044 1228 Scripsit
1091 1151 1480 1229 Ἡρακλειάδα.
1542 1157 1619 1209 De
1692 1155 1852 1208 rebus
1929 1156 2095 1222 gestis

433 1244 684 1301 Herculis
707 1247 874 1302 libros
903 1248 1054 1315 XIV,
1083 1245 1351 1301 versibus
1398 1244 1636 1300 circiter
1663 1245 1824 1298 9000.
1857 1241 2089 1312 Ἰωνικὰ,

428 1338 507 1390 De
539 1336 714 1391 Codro
739 1342 790 1391 et
819 1337 1002 1402 Nelea,
1027 1338 1376 1405 coloniisque
1405 1336 1628 1400 Ionieis,
1651 1333 1914 1390 carmine
1944 1348 2090 1405 pen-

428 1429 701 1492 tametro,
730 1426 1001 1481 versibus
1019 1425 1256 1481 circiter
1285 1427 1445 1480 7000.

499 1515 890 1586 Paphnutius,
925 1516 1092 1571 urbis
1136 1515 1445 1587 cujusdam
1500 1514 1561 1568 in
1619 1513 1910 1585 superiori
1941 1513 2090 1568 The-

425 1604 603 1660 baide
635 1607 1063 1678 episcopus,vir
1093 1609 1210 1663 Deo
1243 1607 1543 1672 charus,et
1560 1605 1866 1661 miraculis
1895 1605 2085 1676 incly-

428 1699 544 1750 tus.
567 1695 710 1750 Huic
725 1697 1159 1766 persecutionis
1182 1701 1447 1767 tempore
1459 1695 1666 1750 oculus
1689 1693 2083 1761 eﬁossusfuit,

429 1799 607 1853 quem
631 1784 1435 1856 imperatorwonstantinus)
1467 1784 1810 1856 frequenter
1823 1799 2087 1838 arcesse-

422 1872 544 1942 bat,
580 1874 942 1947 oculumque
1002 1876 1131 1948 ejus
1179 1875 1654 1931 deosculabatur.
1698 1875 1843 1930 Cum
1883 1879 2082 1929 autem

2211 711 2404 764 Aretes
2434 710 2740 763 encomium
2772 710 2947 764 tribus
2977 710 3150 776 libris,
3185 715 3245 765 et
3298 711 3418 766 alia
3480 713 3688 768 multa.
3721 714 3858 769 Vide

2209 799 2442 852 Kusteri
2471 803 2675 853 notam
2709 801 2764 864 3,
2792 805 2936 855 tom.
2997 801 3094 867 III,
3147 817 3278 872 pag.
3341 803 3431 864 52,
3488 801 3591 858 ubi
3637 803 3707 857 de
3739 804 3856 859 alio

2207 886 2464 958 quodam
2490 888 2812 955 Parthenio,
2839 888 3206 952 Phocmensi,
3242 890 3514 960 quadam
3565 892 3782 948 attulit.

2277 975 2652 1043 Parthenius,
2681 977 2880 1044 Chius,
2906 983 3082 1048 poeta
3103 978 3327 1049 epicus,
3355 979 3512 1034 filius
3531 981 3854 1051 Thestoris,

2205 1063 2306 1133 qui
2339 1065 2793 1136 cognominatus
2822 1065 2934 1121 fuit
2991 1067 3206 1134 Chaos.,
3241 1067 3328 1122 Ab
3383 1069 3634 1125 Homero
3666 1088 3852 1144 genus

2205 1151 2389 1208 duxit.
2432 1154 2682 1226 Scripsit
2727 1157 2804 1210 De
2835 1156 3108 1226 Thestore,
3139 1163 3304 1228 patre
3337 1174 3463 1226 suo,
3509 1159 3651 1215 item
3683 1164 3854 1216 Meta-

2200 1243 2529 1312 morphoses.

2272 1333 2472 1395 Pases.
2503 1333 2739 1406 ingenio
2768 1334 2937 1389 molli
2964 1340 3023 1390 et
3061 1335 3424 1404 effeminato,
3457 1337 3560 1392 sed
3592 1338 3690 1409 qui
3723 1345 3848 1395 arte

2200 1422 2429 1493 magica
2459 1439 2669 1479 omnes
2696 1425 3011 1496 superavit,
3055 1423 3206 1479 adeo
3234 1430 3301 1479 ut
3340 1425 3848 1484 incantationibus

2200 1511 2320 1566 suis
2345 1511 2628 1581 efﬁceret,
2662 1518 2728 1566 ut
2757 1529 2937 1568 camus
2960 1518 3324 1584 sumptuosas
3357 1516 3846 1585 conspicerentur

2197 1602 2258 1652 et
2287 1600 2989 1671 prastereanonnulli,qui
3023 1600 3096 1654 ad
3125 1617 3392 1655 mensam
3410 1602 3844 1673 ministrarent,

2197 1685 2525 1757 eademque
2557 1687 2760 1742 omnia
2799 1705 3006 1742 rursus
3065 1696 3506 1746 evanescerent.
3540 1691 3758 1747 Habuit
3785 1701 3845 1749 et

2196 1775 2611 1843 semiobolum,
2643 1793 2713 1832 ex
2743 1777 2906 1832 mina
2937 1774 2997 1829 ἐκ
3042 1781 3177 1848 μνᾶς
3211 1779 3442 1847 (Portus
3473 1775 3534 1832 ἐκ
3593 1780 3840 1853 μαγεία.)

2194 1862 2266 1917 ab
2297 1863 2426 1935 ipso
2458 1864 2809 1936 factum,qui
2842 1882 2976 1920 cum
3005 1865 3077 1920 ab
3135 1866 3264 1938 ipso
3296 1866 3468 1922 datus
3517 1874 3676 1924 esset
3699 1887 3838 1925 ven-

425 1962 719 2035 episcOpis
751 1964 812 2019 in
843 1965 1067 2036 synodo
1102 1966 1384 2036 (Nicaeua)
1412 1964 1602 2020 visum
1635 1968 1810 2030 esset,
1844 1967 1928 2031 ut,
1949 1964 2082 2034 qui-
2109 1983 2158 2050 Β
2192 1951 2490 2053 flentibus:
2517 1971 2551 2010 ἃ
2583 1954 2800 2053 quibus
2838 1954 3080 2053 filiqmd
3137 1970 3358 2053 εἶωθξθ.
3381 1956 3634 2026 νοῙθδθιῖν
3683 1958 3841 2029 θριλά

413 2068 650 2124 cunque
679 2054 742 2109 in
774 2071 1009 2110 sacrum
1041 2055 1316 2110 ordinem
1340 2054 1540 2110 allecti
1563 2053 2077 2125 essent,episcopi,

415 2141 1016 2214 presbyteri,diaconi
1047 2144 1465 2200 etsubdiaconi
1499 2143 1919 2199 abstinerenta
1935 2161 2077 2199 con-

415 2229 622 2285 cubitu
654 2249 926 2300 uxorum,
957 2251 1103 2306 quas
1135 2250 1270 2289 cum
1314 2233 1451 2289 laici
1483 2237 1685 2288 essent
1711 2233 2076 2287 matrimonii

408 2317 550 2389 jure
577 2320 964 2389 sociaverant,
1000 2339 1247 2395 surgens
1269 2321 1624 2377 vociferatus
1657 2326 1763 2390 est,
1796 2337 1917 2375 non
1949 2337 2078 2376 esse

412 2406 852 2478 imponendum
883 2427 1058 2483 grave
1089 2412 1200 2467 hoc
1214 2412 1423 2484 jugum
1454 2411 1686 2466 clericis
1717 2414 1776 2464 et
1803 2409 2078 2464 sacerdo-

403 2494 601 2564 tibus,
632 2497 1015 2555 honorabiles
1047 2517 1177 2555 esse
1208 2500 1471 2570 nuptias,
1521 2507 1631 2554 etc.
1665 2500 1765 2568 (Ex
1797 2498 2072 2566 Socratis,

417 2583 522 2638 lib.
548 2602 586 2654 1,
621 2605 747 2660 cap.
791 2589 872 2652 l1.
905 2589 1051 2644 Hist.
1088 2589 1324 2660 eccles.)

477 2686 734 2754 Pappus,
763 2679 1222 2745 Alexandrinus,
1254 2677 1772 2750 pliilOSOphus,qui
1795 2676 1903 2731 sub
1926 2676 2069 2748 imp.

415 2768 741 2825 Theodosio
773 2768 1009 2823 seniore
1041 2768 1198 2835 vixit,
1228 2784 1343 2838 quo
1377 2772 1641 2838 tempore
1673 2767 1850 2820 etiam
1869 2765 2075 2821 ﬂoruit

413 2859 634 2925 Theon,
667 2856 1079 2928 philosophus,
1113 2855 1214 2926 qui
1247 2853 1550 2909 Ptolemaei
1595 2854 1895 2908 Canonem
1926 2854 2068 2908 scri-

408 2944 709 3018 psit.Libri
741 2944 869 3016 ejus
901 2949 1040 2998 sunt
1059 2940 1422 3019 Χωρογραφία
1453 2940 1836 3012 οἶκουμενική,
1870 2963 1898 2990 ‹‹
1923 2942 2068 2996 Cho-

405 3057 434 3084 «
467 3033 784 3106 rographia
815 3033 993 3088 totius
1025 3032 1182 3088 orbis
1207 3031 1715 3099 ;Commentarius
1737 3031 1796 3085 in
1815 3036 2071 3101 quatuor

416 3143 438 3172 ι
463 3125 648 3178 libros
679 3139 908 3196 magnae
933 3122 1204 3194 Syntaxis
1235 3121 1568 3188 Ptolemaei;
1601 3120 1928 3190 Descriptio
1947 3119 2068 3174 flu-

412 3235 439 3264 a
482 3214 732 3278 viorum,
790 3212 890 3283 qui
951 3216 1090 3266 sunt
1145 3211 1208 3266 in
1260 3210 1484 3283 Libya;
1541 3209 2069 3282 Interpretationes

412 3325 440 3352 «
477 3303 865 3358 somniorum.
902 3322 930 3350 »

2189 2044 2387 2113 ipsum
2417 2060 2626 2098 rursus
2653 2044 3085 2113 inveniebatur,
3126 2044 3174 2098 si
3204 2045 3508 2100 voluisset.
3569 2048 3840 2102 Meminit

2187 2131 2315 2202 ejus
2339 2138 2399 2187 et
2427 2134 2636 2204 Apion,
2669 2134 3115 2206 grammaticus,
3149 2130 3200 2186 ἐν
3231 2136 3311 2204 τῷ
3345 2133 3475 2207 Περὶ
3537 2134 3726 2208 Μάγου
3769 2137 3832 2192 in

2185 2217 2337 2273 libro
2370 2221 2449 2276 De
2481 2223 2664 2294 Mago.

2253 2310 2545 2366 Patricius
2567 2311 2770 2367 ﬂoruit
2799 2311 2906 2366 sub
2935 2311 3595 2384 Jovianoimp.,fuitque
3618 2314 3831 2387 Lydus,

2183 2398 2283 2468 qui
2314 2401 2846 2470 phaanomenorum
2879 2401 3206 2456 cmlestium
3224 2407 3283 2456 et
3311 2403 3616 2472 signorum
3630 2420 3830 2460 occur-

2181 2489 2440 2542 rentium
2474 2491 2778 2562 conjector
2809 2495 2936 2545 erat
2963 2491 3370 2547 acutissimus.

2253 2579 2596 2648 Pattaecion,
2629 2581 2717 2634 vir
2745 2581 2845 2650 qui
2877 2586 3124 2651 questus
3156 2587 3283 2636 erat
3331 2581 3648 2638 calumniis
3677 2583 3828 2639 alios

2179 2683 2408 2737 vexare,
2443 2676 2502 2724 et
2521 2670 2934 2725 adolescentes
2965 2669 3208 2742 integra;
3238 2670 3410 2726 fama;
3443 2677 3502 2726 et
3529 2673 3830 2729 existima-

2181 2758 2360 2814 tionis
2391 2759 2703 2815 lacessere.
2727 2761 2891 2815 Idem
2923 2777 2958 2815 a
2987 2760 3230 2816 comicis
3293 2762 3731 2834 perstringitur,
3766 2769 3832 2819 ut

2175 2845 2275 2901 fur
2304 2852 2360 2902 et
2391 2849 2687 2919 parietum
2720 2848 3042 2920 perfossor,
3076 2853 3190 2904 etc.

2248 2937 2487 3005 Paulus,
2523 2939 2806 3011 Egineta,
2839 2939 3128 3005 medicus,
3148 2939 3250 3010 qui
3280 2940 3358 2994 De
3385 2956 3446 2994 re
3474 2941 3825 3011 medicaplu-

2176 3043 2261 3082 res
2292 3027 2457 3083 libros
2482 3028 2739 3099 scripsit.

2248 3116 2487 3181 Paulus,
2515 3116 2744 3188 Tyrius,
2765 3116 2993 3183 rhetor,
3024 3115 3272 3186 aequalis
3300 3117 3587 3186 Philonis,
3611 3119 3822 3190 Byblii,

2176 3205 2250 3260 ad
2281 3205 2644 3261 Hadrianum
2677 3206 2894 3260 missus
2927 3206 3174 3279 legatus,
3199 3208 3416 3277 Tyrum
3465 3209 3825 3280 metropolin

2177 3295 2649 3368 eﬁecitScripsit
2675 3297 2866 3351 Artem
2894 3295 3229 3351 rhetoricam
3249 3304 3740 3368 progymnasmata
3771 3304 3833 3353 et

485 3391 847 3466 Παραστιχὶς,
882 3392 1068 3448 series
1090 3408 1390 3459 versuum,
1435 3406 1690 3462 quorum
1722 3390 1929 3462 primae
1970 3389 2068 3445 lit-

2199 3344 2619 3368 ,-_--_-.--__r-_

2199 3385 2626 3440 )eclamationes.

407 3486 548 3536 teraa
579 3497 800 3536 nomen
832 3479 922 3535 vel
967 3479 1325 3535 sententiam
1358 3477 1621 3548 aliquam
1681 3482 2048 3548 componunt

407 3567 1088 3637 Heraclides,Ponticus,
1124 3571 1262 3634 etc.,
1296 3582 1325 3619 e
1354 3565 1566 3620 Laertii
1603 3566 1664 3617 V.
1699 3567 1767 3619 92
1798 3580 1923 3635 seq.

473 3655 672 3728 Πάριον
706 3655 778 3710 ab
811 3654 1166 3715 Alexandro.
1203 3653 1436 3720 Paride,
1496 3651 1689 3707 dictus
1729 3651 1916 3717 locus,
1965 3651 2064 3722 qui

401 3749 578 3799 antea
605 3742 926 3798 Amander.
952 3742 1098 3797 Illuc
1119 3758 1154 3797 a
1178 3747 1344 3812 patre
1357 3741 1616 3807 Priamo,
1639 3739 1855 3793 missus
1879 3739 2064 3810 Paris,

403 3833 644 3905 ingenio
675 3831 833 3887 felici
864 3831 1151 3904 przeditus
1174 3835 1232 3886 et
1260 3847 1366 3902 per
1396 3830 1637 3902 triginta
1667 3833 2067 3883 commoratus

399 3940 591 3979 annos
624 3924 706 3978 ibi
730 3925 791 3978 in
810 3924 973 3979 omni
990 3925 1324 3978 Graecorum
1344 3921 1637 3993 sapientia
1653 3919 1920 3976 eruditus
1933 3920 2062 3973 fuit.

405 4012 605 4067 Edidit
634 4014 953 4068 Orationem
987 4013 1043 4067 in
1093 4013 1319 4067 Veneris
1351 4011 1586 4078 laudem,
1622 4027 1739 4080 qua
1795 4011 2064 4065 Minervas

400 4117 530 4156 eam
564 4107 622 4156 et
649 4103 868 4157 Iunoni
899 4101 1180 4172 praetulit.
1202 4103 1481 4171 Hymnum
1512 4100 1691 4154 etiam
1722 4099 1784 4153 in
1813 4117 1942 4155 eam
1969 4117 2065 4155 ce-

399 4192 551 4247 cinit
573 4193 677 4264 qui
709 4200 881 4248 cestus
911 4193 1327 4247 dicitur.Hanc
1355 4190 1498 4246 belli
1527 4191 2063 4262 (Trojani)causam

394 4280 580 4336 fuisse
607 4281 879 4337 scribunt
910 4281 983 4337 ob
1032 4286 1264 4353 raptam
1321 4278 1478 4350 apud
1525 4279 1842 4350 Spartanos
1891 4280 2064 4336 Hele-

393 4387 554 4438 nam,
588 4377 700 4426 etc.

465 4459 872 4526 Parmenides,
899 4459 1130 4531 Pyretis
1162 4459 1245 4525 F,,
1278 4455 2056 4527 Eleates,philosophus,di—

392 4548 658 4620 scipulus
687 4544 1482 4619 Xenophanis,Colophouii,
1504 4544 1689 4609 vel,ut
1715 4544 2052 4616 Theophra-

391 4641 518 4691 stus
550 4641 820 4701 testatur,
853 4634 1305 4701 Anaximandri,
1335 4631 1564 4687 Milesii.
1598 4633 1791 4703 Ipsius
1822 4649 2054 4689 succes-

2244 3473 2483 3540 Paulus,
2545 3473 2970 3545 philosophus,
3033 3475 3271 3546 scripsit
3354 3474 3822 3546 introductionem

2171 3535 2488 3632 astrologus
2517 3535 2636 3617 sive
2667 3535 3138 3633 apotelesm'atica.
3153 3535 3170 3546 ⁵
3391 3535 3406 3594 δ

2243 3652 2462 3706 Paulus
2484 3652 2820 3718 Germinus,
2850 3652 3135 3724 sophista,
3169 3652 3271 3724 qui
3304 3653 3562 3725 scripsit,
3594 3655 3818 3724 «Lysias

2175 3763 2197 3792 ι
2233 3757 2361 3797 esse
2390 3741 2539 3796 duos
2566 3741 2702 3796 illos
2733 3741 2938 3809 libros,
2963 3742 3065 3813 qui
3096 3742 3168 3798 de
3190 3741 3346 3797 dono
3368 3743 3681 3814 Iphicratis
3703 3744 3820 3798 cir-

2170 3852 2199 3881 «
2233 3831 2665 3887 cumferuntur.
2698 3851 2724 3883 ι
2777 3834 2925 3887 Item
2983 3834 3402 3887 commentarios
3460 3834 3519 3886 in
3559 3832 3820 3903 reliquas

2167 3924 2350 3992 Lysia?
2372 3925 2666 3978 orationes.

2241 4011 2482 4078 Paulus,
2530 4011 2854 4084 Egyptius,
2915 4010 3277 4082 Lycopolita,
3329 4009 3617 4082 sophista,
3661 4010 3823 4065 ﬁlius

2169 4099 2526 4167 Besarionis,
2561 4101 2662 4171 qui
2694 4107 2753 4155 et
2809 4100 3093 4171 Didymus
3152 4099 3394 4166 dicitur,
3455 4105 3630 4155 natus
3689 4100 3818 4156 sub.

2165 4190 2553 4244 Constantino
2595 4191 2765 4262 imp.,
2799 4191 3039 4261 scripsit
3063 4189 3386 4261 ὑπόμνημα.

2237 4279 2477 4344 Paulus,
2513 4279 2801 4334 Manentis
2833 4280 3101 4349 aqualis,
3135 4279 3590 4342 Samosatensis,
3610 4280 3814 4334 Antio-

2165 4367 2312 4422 chire
2339 4384 2568 4440 magnas
2601 4368 2936 4438 episcopus,
2954 4367 3055 4438 qui
3087 4367 3406 4420 Dominum
3430 4367 3659 4422 nudum
3684 4384 3813 4424 esse

2163 4457 2847 4530 hominem,blaspheme
2867 4459 3101 4526 dixit,et
3127 4463 3192 4511 ut
3215 4458 3278 4511 in
3298 4473 3663 4528 unoquoque
3681 4477 3814 4530 pro-

2161 4547 2497 4618 phetarum,
2531 4548 2616 4602 sic
2647 4548 2824 4603 etiam
2851 4547 2913 4602 in
2945 4548 3074 4619 ipso
3105 4546 3370 4601 divinum
3396 4547 3639 4602 verbum
3653 4547 3816 4603 habi-

2160 4641 2336 4703 tasse,
2362 4642 2474 4692 etc.

389 4742 551 4781 sores
581 4725 747 4781 fuere
778 4724 1166 4797 Empedocles
1197 4721 1588 4794 philosophus
1623 4727 1681 4776 et
1702 4721 2056 4789 medicus,et
2087 4715 2132 4776 D
2236 4726 2466 4781 Paulus.
2497 4727 2600 4781 Hic
2631 4743 2766 4782 cum
2780 4725 3150 4798 Chrysantho
3181 4727 3516 4782 Novatianee
3533 4727 3810 4783 Ecclesia:

385 4814 818 4879 Zeno,Eleates.
847 4813 1097 4884 Scripsit
1128 4810 1563 4883 Physiologiam
1595 4810 2054 4866 versibushexa-

391 4904 621 4971 metris,
655 4909 712 4958 et
742 4905 860 4959 alia
891 4903 1164 4976 quaedam
1215 4901 1485 4956 oratione
1545 4901 1758 4971 soluta,
1792 4918 2048 4972 quorum

387 4991 555 5047 Plato
587 4993 882 5048 meminit.

460 5081 752 5156 Πὸίροινος.
789 5081 932 5137 Vide
964 5096 1164 5153 supra,
1199 5073 1449 5132 οὐδέποτ’
1489 5074 1615 5152 ἐγώ.

454 5169 828 5240 Parrhasius,
879 5169 1161 5226 Evenoris
1189 5170 1250 5224 F.
1313 5171 1372 5222 et
1426 5166 1775 5240 discipulus,
1829 5185 2046 5241 genere

380 5259 691 5330 Ephesius,
726 5259 934 5331 pictor.

450 5348 829 5417 Parthenius,
863 5345 1192 5404 Heraclidis
1214 5349 1273 5400 et
1302 5344 1576 5413 Eudoraa,
1608 5345 1719 5413 vel,
1779 5352 1846 5402 ut
1898 5350 2042 5404 Her-

377 5436 617 5508 mippus
649 5437 753 5503 ait,
779 5438 974 5493 Thetaa
1028 5437 1113 5504 F.,
1173 5435 1493 5490 Nicaeensis
1522 5440 1626 5490 aut
1680 5437 2037 5508 Myrleanus,

381 5523 777 5597 elegiacorum
809 5531 867 5580 et
897 5525 1192 5581 variorum
1231 5522 1564 5578 carminum
1621 5528 1814 5594 poeta.
1848 5527 1948 5581 Hic
2004 5544 2039 5582 a

375 5611 564 5677 Cinna
590 5620 797 5686 captus
830 5619 938 5684 est,
971 5612 1253 5670 Romanis
1283 5628 1418 5667 cum
1446 5611 1780 5668 Mithridate
1809 5614 2034 5672 bellum

367 5703 733 5774 gerentibus.
763 5707 975 5760 Postea
1005 5703 1288 5759 dimissus
1307 5705 1397 5758 est
1417 5705 1658 5772 propter
1673 5700 2029 5775 doctrinam,

364 5795 424 5846 et
457 5791 601 5847 vixit
655 5809 848 5865 usque
905 5793 978 5849 ad
1033 5784 1334 5848 Tiberium
1409 5791 1721 5847 Casuram.
1787 5795 2034 5868 Scripsit

2161 4815 2417 4886 praefuit,
2454 4816 2552 4886 qui
2582 4817 2746 4887 prius
2791 4816 3032 4887 quidem
3061 4816 3270 4871 doctor
3298 4816 3632 4872 litterarum
3656 4817 3810 4872 Lati-

2160 4921 2372 4960 narum
2402 4905 2614 4971 fuerat,
2659 4905 2874 4960 deinde
2895 4905 3104 4961 relicto
3126 4906 3398 4961 instituto
3421 4908 3808 4979 grammatico

2157 4995 2231 5050 ad
2261 4997 2438 5050 vitam
2472 4997 2860 5052 monasticam
2891 4997 3130 5051 transiit
3177 5004 3236 5051 et
3274 4996 3410 5052 talis
3435 4997 3564 5064 fuit,
3599 4998 3809 5068 quales

2154 5084 2484 5139 monachos
2513 5084 2575 5138 in
2623 5085 2946 5140 solitudine
3005 5084 3288 5158 degentes
3339 5102 3469 5140 esse
3528 5093 3804 5157 oportere

2154 5173 2433 5246 Evagrius
2464 5173 2688 5235 scribit.
2720 5179 2833 5229 etc.
2867 5175 2972 5245 (Ex
2993 5174 3251 5230 Socratis
3285 5174 3426 5229 hist.
3461 5173 3673 5229 eccles.
3707 5191 3804 5242 νυ,

2154 5264 2267 5333 I7.)

2223 5353 2526 5418 Paurolas,
2561 5351 2895 5408 Phalaridis
2923 5353 3162 5425 tyranni
3202 5357 3262 5408 et
3308 5351 3563 5408 Eritheaa
3592 5354 3798 5410 uxoris

2149 5442 2279 5513 ejus
2309 5443 2368 5496 F.

2216 5532 2541 5587 Pausanias
2560 5531 2773 5597 Lacon,
2807 5531 3146 5586 historicus.
3172 5531 3417 5603 Scripsit
3448 5553 3476 5582 «
3499 5532 3579 5586 De
3602 5531 3795 5587 Helle-

2150 5638 2173 5666 ε
2207 5626 2443 5693 sponto,
2477 5622 2783 5689 Laconica,
2807 5621 3116 5692 Chronica,
3135 5623 3214 5677 De
3237 5622 3794 5694 Amphictyonibus,

2140 5732 2170 5761 ‹‹
2205 5711 2285 5766 De
2304 5711 2473 5767 festis
2506 5713 2829 5768 Laconicis.

2209 5801 2535 5858 Pausanias
2557 5801 2958 5869 Cmsariensis,
2995 5803 3281 5874 sophista,
3313 5802 3562 5874 aequalis
3579 5801 3792 5858 Aristi-
