4126 6420
377 396 532 457 1315

1658 391 1910 468 ΙΝΒΕὶΧ
1951 391 2460 470 SGMP'I‘ORUU

3639 410 3802 476 1316

377 529 491 596 dis,
523 528 694 599 cujus
741 526 1134 616 Philostratus
1166 524 1433 616 in_Vitis
1460 525 1906 616 sophistarum,
1959 528 2022 580 ut
2052 527 2106 593 Α
2207 531 2437 600 Perses,
2469 533 2764 603 Ascrmus,
2797 539 2974 608 poeta
3032 536 3265 608 opicus,
3324 539 3566 602 Hesiodi
3608 548 3802 616 poeta

375 618 626 673 oratoris
641 617 776 687 inep
786 614 1522 686 ti,meminit.Scripsit«De
1536 614 1768 686 syntaxi
1782 613 2022 681 librum;

380 732 408 757 ‹‹
431 707 875 762 Problematum
904 706 1126 764 librum
1151 722 1361 774 unum,
1394 727 1422 755 »
1460 710 1518 760 et
1545 705 1684 760 alia.
1736 704 1934 775 (Plura
1964 705 2027 761 in

379 797 612 851 Kusteri
636 802 776 850 nota
806 799 859 862 5,
893 795 966 851 ad
998 796 1056 850 h.
1081 795 1122 850 1.
1146 811 1225 860 ιιι,
1253 811 1384 866 pag.
1413 796 1527 864 62.)

445 889 702 949 Pauson,
735 887 945 957 pictor.
968 886 1338 956 zEsculapius
1395 887 1729 941 Pausonem
1774 888 1834 939 et
1862 885 2024 939 Irum

372 981 428 1031 et
448 977 714 1046 quemvis
729 975 916 1031 alium
933 992 1255 1047 pauperem
1279 974 1982 1032 sanaverit.Proverbium
2003 991 2017 1030 :

369 1066 617 1120 Pausone
631 1067 957 1135 pauperior.

435 1156 748 1221 Paxamus,
784 1154 874 1208 vir
904 1153 1135 1218 doctus,
1169 1153 1409 1223 scripsit
1438 1153 1512 1207 De
1568 1159 1688 1207 arte
1715 1153 2013 1219 culinaria,

359 1243 572 1298 ordine
603 1243 978 1314 alphabetico
1000 1260 1015 1308 ;
1035 1266 1062 1292 μ
1090 1243 1310 1298 Βωοιίει
1342 1242 1510 1297 libris
1529 1241 1759 1297 duobus
1785 1259 1799 1307 ;
1821 1241 2013 1298 Dode—

355 1355 383 1382 «
428 1333 785 1388 catechnum
815 1333 936 1387 sive
967 1331 1040 1388 de
1073 1332 1392 1387 schematis
1419 1331 1696 1390 Venereis
1726 1349 1738 1395 ;
1766 1332 1844 1386 De
1887 1336 2014 1386 arte

349 1443 376 1471 (ι
402 1422 878 1477 tinctorialibros
899 1421 1046 1476 duos
1072 1437 1087 1486 ;
1111 1422 1190 1475 De
1226 1437 1288 1474 re
1319 1421 1544 1475 rustica
1574 1420 1757 1475 libros
1787 1419 1958 1475 duos.
1978 1441 2007 1470 ››

417 1507 746 1571 Πένταθλος.
796 1511 1160 1579 Quinquertio
1218 1508 1412 1564 dictus
1471 1514 1562 1564 est
1608 1509 2004 1578 Democritus,

2136 618 2340 676 frater.

2205 737 2504 805 Petosiris,
2535 740 3553 816 Egyptius,philosophus,scripsit,
3588 769 3617 797 ‹‹
3653 749 3785 814 Qua

2133 846 2161 873 ‹‹
2177 826 2406 881 ratione
2421 828 2605 883 Graeci
2623 834 2683 885 et
2696 830 2946 901 [Βαγριῆ
2966 830 3215 888 deorum
3229 832 3456 899 cultum
3471 835 3790 900 instituen-

2133 935 2160 962 «
2180 913 2321 968 dum
2345 932 2475 971 esse
2498 919 2893 990 praeceperint
2916 920 3482 994 ;Astrologumenan
3509 942 3580 981 ex
3594 927 3781 990 sacris

2127 1001 2297 1058 libris
2324 1012 2633 1077 excerpta;
2661 1030 2685 1058 α
2707 1008 2786 1063 De
2821 1009 3122 1079 mysteriis
3151 1013 3574 1084 Egyptiarum.
3609 1037 3639 1065 υ

2199 1095 2425 1162 Petrus,
2446 1097 2748 1168 magister,
2781 1098 2987 1152 rhetor
3017 1105 3075 1154 et
3107 1099 3446 1158 historicus.
3481 1104 3587 1171 Hic
3617 1105 3788 1178 lega-

2124 1186 2218 1236 tus
2248 1182 2323 1237 ad
2347 1183 2649 1241 Chosroen
2675 1186 2897 1242 missus
2928 1187 3215 1260 singulari
3243 1191 3532 1262 gravitate
3567 1200 3626 1254 et
3654 1197 3784 1253 elo-

2123 1272 2368 1342 quentia
2398 1273 2624 1330 feroces
2678 1281 2737 1329 et
2785 1276 3076 1348 superbos
3110 1279 3503 1350 Barbarorum
3548 1285 3786 1343 animos

2122 1361 2428 1432 mitigavit.
2461 1362 2707 1434 Scripsit
2764 1364 3053 1430 Historias,
3115 1365 3259 1421 item
3315 1366 3443 1438 Περὶ
3487 1368 3787 1440 πολιτικῆς

2118 1449 2518 1520 καταστάσεως,
2550 1454 2627 1507 De
2647 1459 2796 1510 statu
2825 1456 2969 1525 reip.
3003 1454 3190 1524 (ldem
3237 1462 3346 1522 est,
3407 1475 3588 1529 quem
3643 1478 3783 1516 mox

2119 1539 2228 1593 sub
2259 1540 2596 1597 Iustiniano
2630 1543 2844 1598 vixisse
2867 1549 2926 1598 et
2955 1545 3232 1600 aararium
3255 1547 3612 1618 compilasse
3645 1549 3779 1606 Sui-

348 1599 663 1704 Abderites
686 1615 700 1652 :
725 1598 990 1704 ‘calleblat
1020 1598 1178 1653 enim
1205 1597 1468 1697 physica,
1499 1599 1922 1704 mathematica
1946 1604 2007 1656 et
2116 1627 2222 1683 das
2255 1646 2325 1684 ex
2356 1632 2644 1704 procopio
2663 1632 2916 1700 scribit.)

348 1688 700 1759 disciplinas
725 1688 1026 1754 liberales,
1070 1687 1461 1757 omniumque
1504 1687 1723 1742 artium
1775 1687 2004 1758 peritus

349 1783 493 1832 erat.
532 1778 718 1848 Hujus
771 1783 864 1832 est
919 1777 1183 1832 dictum:
1217 1773 1392 1851 Λόγος
1422 1771 1584 1852 ἔργου
1626 1775 1774 1844 σκιὰ,
1806 1778 2002 1832 Oratio

348 1868 544 1921 umbra
575 1869 875 1921 actionum.

418 1957 605 2027 Pepli,
641 1956 741 2026 qui
769 1956 1185 2012 Panathenaeis
1242 1954 1594 2027 majoribus,
1626 1955 1900 2020 Minerva
1933 1955 1996 2012 in

341 2061 559 2116 pompa
587 2045 908 2111 ferebatur,
925 2045 1080 2117 apud
1113 2049 1381 2104 oratores
1401 2043 1735 2104 etcomicos
1748 2045 1994 2110 mentio.

338 2136 402 2188 In
435 2150 504 2188 eo
536 2133 810 2204 depictus
837 2139 965 2189 erat
995 2133 1350 2198 Enceladus,
1383 2150 1540 2188 unus
1567 2150 1597 2187 e
1627 2133 1993 2205 gigantibus,

335 2238 511 2292 quem
542 2222 800 2277 Minerva
824 2222 1060 2277 occidit.
1077 2223 1495 2287 Athenienses,
1527 2238 1664 2276 cum
1685 2222 1991 2278 victoriam

333 2316 762 2382 reportassent,
797 2312 1039 2383 peplum
1086 2313 1356 2367 Minerva;
1405 2311 1694 2378 fecerunt,
1751 2318 1809 2366 et
1837 2312 1898 2365 in
1921 2328 1989 2367 eo

338 2400 741 2471 depinxerunt
765 2401 942 2469 viros,
976 2401 1078 2471 qui
1138 2417 1201 2456 se
1257 2405 1499 2455 strenue
1557 2401 1618 2456 in
1667 2400 1824 2456 bello
1858 2416 1988 2473 ges-

338 2488 578 2541 sissent.

2184 1747 2394 1802 Petrus
2435 1750 3084 1822 Mongus,Alexandrite
3110 1753 3775 1825 episcopus,hmreticus

2109 1833 2373 1892 fervidus
2405 1832 2764 1909 ((διάπυρος.)
2796 1840 3163 1910 Euphemius
3207 1858 3365 1911 vero,
3399 1845 3765 1914 patriarcha,

2031 1904 2078 1972 Β
2105 1904 2493 1981 orthodoxam
2526 1904 2700 1982 fidem
2733 1904 2948 2002 magno
2985 1930 3182 1986 studio
3222 1904 3511 1988 defendit.

2179 2019 2384 2076 Φακᾶς.
2422 2016 2632 2087 Supra,
2667 2017 3066 2074 Dioscorides.

2175 2128 2456 2198 Phaedon,
2503 2130 2679 2185 Eleus
2719 2131 3132 2204 philosophus,
3179 2135 3435 2191 Socratis
3494 2137 3762 2208 auditor,

2101 2225 2308 2274 auctor
2336 2225 2511 2273 sectas
2555 2219 2786 2288 Eliacae,
2851 2238 2983 2292 quae
3043 2229 3251 2294 postea
3333 2241 3367 2280 a
3408 2227 3761 2283 Menedemo

2101 2308 2443 2373 Eretriensi,
2475 2309 2634 2364 dicta
2659 2316 2750 2364 est
2775 2311 3095 2367 Eretriaca.
3130 2313 3214 2368 Ab
3241 2313 3403 2370 Indis
3427 2321 3664 2388 captum
3697 2323 3761 2372 et

2098 2397 2348 2452 Athenis
2404 2398 2710 2453 venditum
2751 2400 2978 2459 lenoni.
3038 2401 3399 2471 Alcibiades,
3463 2407 3756 2462 suadente

2098 2487 2357 2554 Socrate,
2403 2486 2677 2557 redemit,
2729 2506 2800 2544 ex
2857 2507 2974 2561 quo
3031 2496 3296 2565 tempore
3345 2494 3759 2568 philosophari

409 2576 748 2646 Periander,
782 2577 1016 2649 Cypseli
1049 2578 1136 2641 F.,
1195 2578 1557 2646 Corinthius,
1592 2594 1746 2634 unus
1781 2594 1850 2633 ex
1887 2579 1985 2636 VII

2110 2577 2291 2648 :(Bpit.
2327 2576 2551 2646 Dialogi
2575 2578 2706 2648 ejus
2737 2585 2910 2635 sunt:
2936 2579 3222 2650 Ζώπυρος,
3259 2579 3499 2653 Μήδιος,
3533 2583 3755 2656 Σίμων,

335 2667 706 2738 sapientibus
729 2669 860 2737 (97),
882 2669 983 2739 qui
1015 2668 1518 2740 vixitOlympiade
1549 2670 1800 2724 XXXIII.
1835 2668 1982 2724 Scri-

331 2756 452 2826 psit
478 2758 759 2827 Praecepta
789 2757 855 2811 de
875 2760 992 2812 vita
1022 2759 1284 2822 humana,
1317 2759 1557 2814 versibus
1587 2760 1746 2813 2000.
1797 2759 1982 2814 Acce-

329 2851 498 2916 ptum
518 2861 553 2901 a
582 2851 751 2916 patre
779 2863 1028 2920 regnum
1061 2848 1123 2902 in
1156 2847 1533 2918 tyrannidem
1563 2847 1755 2914 vertit,
1780 2853 1889 2904 etc.
1912 2849 1980 2905 In

329 2935 460 3005 ejus
491 2940 745 2990 mortem
778 2935 1439 3008 epigramma(Laertii).

436 3069 668 3144 Μήπᾳτε
699 3067 919 3142 λυπήσῃ
951 3090 1007 3124 σι
1035 3070 1096 3124 τὸ
1132 3071 1207 3142 μή
1242 3091 1301 3124 σε
1327 3075 1517 3144 τρχεῖν
1556 3089 1727 3144 τινος,
1759 3068 1905 3125 ἀλλὰ

542 3140 747 3214 Τέρπερ
777 3140 936 3194 πᾶσίν
970 3140 1142 3214 ὁμῶς,
1177 3144 1283 3214 οῖσι
1323 3140 1511 3214 Sisines}
1536 3143 1684 3214 636:.

439 3207 677 3290 Kaljap
709 3207 1054 3290 ἀθυμήσριξὸ
1087 3207 1625 3290 σὸφὸς-Περίᾳνδρρςα
1664 3207 1900 3283 ἀπέσϐη,

544 3283 768 3340 Οὕνὲκεν
802 3283 902 3340 osa
927 3284 1115 3360 ἔτυχεν
1149 3283 1399 3360 τὶρήξιος,
1427 3289 1494 3355 ἧς
1522 3283 1722 3344 ἔθελεν.

437 3450 510 3503 Ne
540 3455 591 3502 te
621 3453 925 3522 contristet,
956 3452 1005 3505 si
1032 3466 1144 3506 non
1188 3456 1378 3521 optata
1407 3459 1725 3522 sequantur,

537 3521 646 3576 Sed
667 3523 948 3591 placeant.
1004 3523 1214 3576 dederit
1245 3538 1368 3594 qua
1420 3525 1522 3576 tibi
1552 3539 1783 3592 cumque
1811 3524 1972 3579 Deus.

428 3592 564 3646 Nam
595 3597 812 3664 sapiens
840 3609 1068 3649 mae-rore
1092 3592 1576 3664 perit‘Periander
1606 3595 1797 3648 acerbo

540 3668 877 3733 Exstinctus,
911 3666 1063 3736 quod
1091 3681 1224 3733 non,
1257 3681 1378 3735 qua:
1407 3666 1605 3733 voluit,
1633 3666 1830 3722 valuit.

397 3823 679 3891 Pericles,
721 3823 1044 3895 Xanthippi
1103 3823 1479 3895 imperatoris
1521 3824 1976 3881 Atheniensium

324 3919 381 3968 et
411 3913 709 3985 Agaristes
740 3914 825 3978 F.,
859 3919 917 3968 et
945 3913 1180 3968 auditor
1208 3915 1570 3986 Anaxagoras
1595 3914 1974 3980 Clazomenii,

322 4009 524 4057 orator
555 4007 613 4057 et
643 4003 1022 4075 demagogus,
1059 4003 1158 4073 qui
1182 4004 1414 4074 primus
1446 4003 1729 4074 scriptam
1753 4005 1976 4059 oratio-

319 4107 457 4146 nem
492 4091 701 4146 habuit
729 4097 791 4146 in
815 4092 1067 4164 judicio,
1096 4109 1230 4147 cum
1276 4092 1388 4159 illi,
1422 4093 1524 4163 qui
1581 4094 1777 4164 ipsum
1806 4099 1976 4148 ante-

319 4187 644 4247 cesserant,
688 4199 757 4238 ex
816 4188 1082 4254 tempore
1127 4181 1438 4238 dixissent.
1509 4183 1760 4238 Uxorem
1809 4182 1977 4238 duxit

317 4271 650 4342 Aspasiam,
683 4271 994 4339 Milesiam,
1021 4276 1080 4326 et
1109 4288 1178 4327 ex
1207 4287 1276 4326 ea
1307 4270 1463 4326 filios
1495 4272 1778 4343 suscepit,
1812 4274 1968 4327 Xan-

321 4360 592 4431 thippum
625 4366 685 4416 et
715 4360 1013 4426 Paralum,
1047 4376 1227 4430 quem
1257 4365 1465 4415 contra
1482 4359 1754 4416 instituta
1783 4361 1976 4432 patria

321 4452 405 4506 sic
437 4453 991 4520 nominavit,herois
1008 4451 1199 4506 indito
1222 4451 1654 4524 nomine,quod
1679 4453 1972 4527 (Athenis)

320 4557 442 4595 non
475 4542 709 4609 licebat,
745 4549 859 4597 etc.

390 4628 719 4703 Περίμανος.
757 4631 962 4702 Supra,
996 4631 1270 4702 Ma’mpoc.

381 4721 596 4776 Persae.
629 4721 814 4792 Magia
845 4725 904 4775 et
933 4720 1256 4792 astrologia
1283 4737 1319 4776 a
1366 4720 1671 4794 Magusaais
1703 4720 1965 4792 primum

313 4813 556 4867 inventa
583 4809 712 4865 fuit.
747 4811 940 4864 Persas
972 4809 1044 4864 ab
1070 4809 1367 4882 indigenis
1409 4817 1695 4866 vocantur
1742 4811 1962 4883 Magog.

316 4903 385 4955 Et
415 4899 686 4972 Magusaai
718 4898 899 4954 iidem
931 4903 1090 4954 sunt.

386 4991 675 5057 Persaaus,
703 4988 947 5056 Citieus,
980 4987 1372 5060 philosophus
1395 4987 1754 5058 Stoicus,qui
1787 4989 1966 5043 etiam

315 5079 646 5134 Dorotheus
677 5076 1131 5151 cognominatus
1187 5077 1315 5131 fuit.
1381 5076 1535 5130 Vixit
1594 5077 1965 5148 temporibus

314 5169 589 5241 Antigoni
623 5166 1114 5232 Gonathaa,ﬂlius
1163 5165 1468 5231 Demetrii,
1519 5164 1850 5236 discipulus
1909 5171 1968 5223 et

313 5261 595 5315 alumnus
624 5258 880 5315 Zenonis
911 5256 1278 5330 philosophi.
1307 5255 1557 5329 Scripsit
1583 5257 1912 5313 Historiam.

383 5449 496 5520 (97)
529 5447 739 5502 Suidas
770 5447 925 5520 hanc
976 5444 1354 5520 particulam_
1375 5443 1693 5520 descripsit
1723 5462 1794 5520 ex
1841 5447 1964 5520 Nic.

314 5516 705 5585 Damasceno,
739 5518 841 5588 qui
875 5523 1074 5572 tamen
1103 5516 1175 5571 de
1227 5516 1548 5572 Periandro
1579 5516 1705 5572 haec
1738 5517 1799 5572 in
1850 5518 1967 5574 line

317 5597 588 5646 notarat:
619 5614 645 5640 ‹‹
676 5591 844 5655 Sunt,
863 5589 965 5659 qui
998 5590 1157 5643 hunc
1188 5604 1374 5642 unum
1409 5605 1438 5642 e
1472 5594 1700 5661 septem
1734 5591 1967 5661 sapien-

322 5663 480 5717 tibus
506 5663 687 5717 fuisse
717 5661 979 5730 opinetur
1008 5661 1152 5729 falso
1175 5667 1374 5714 tamen.
1413 5681 1440 5708 »
1469 5660 1643 5715 HARL.

393 5735 504 5803 (98)
535 5737 610 5786 At
638 5747 760 5787 non
791 5732 865 5786 de
897 5732 1191 5803 Menippo,
1239 5732 1345 5787 sed
1403 5731 1476 5787 de
1533 5731 1878 5790 Menedemo
1936 5750 1972 5790 a

2091 2663 2432 2738 ’Δντίμαχος
2491 2663 2526 2732 ἢ
2581 2659 2912 2740 πρεσϐύτης,
2963 2667 3181 2739 Νικίας,
3244 2667 3514 2744 Σιμμίας,
3557 2669 3752 2727 ’Λλκι-

2093 2746 2311 2824 διάδης,
2337 2751 2666 2829 Κριτόλαος.

2163 2857 2452 2933 Φαιδριάς.
2485 2862 2692 2935 Supra,
2730 2863 2790 2920 in
2820 2866 3093 2937 Esopus.

2161 2979 2396 3043 Phaax,
2430 2978 2895 3046 orator,dicendi
2925 2981 3075 3037 adeo
3108 2983 3447 3053 peritus,ut,
3472 2985 3746 3056 quamvis

2090 3067 2302 3138 capitis
2331 3072 2644 3123 accusatus
2675 3074 2735 3124 et
2763 3070 2824 3124 in
2857 3071 2988 3142 ipso
3018 3069 3284 3126 facinore
3331 3072 3746 3145 deprehensus

2082 3155 2317 3220 fuisset,
2359 3156 2654 3228 judicium
2680 3162 2882 3214 tamen
2915 3159 3207 3216 eluderet.
3233 3163 3506 3218 Meminit
3524 3164 3751 3220 Aristo-

2005 3271 2050 3340 ρ
2091 3245 2342 3315 phanes.

2161 3359 2353 3422 Φαιός,
2404 3363 2713 3435 Menippus
2766 3366 2902 3435 (98),
2962 3366 3238 3438 Cynicus,
3298 3367 3506 3424 habitu
3575 3370 3751 3426 furia

2086 3450 2352 3519 indutus,
2415 3449 2689 3521 Ἐριννύος
2739 3447 3026 3507 ἀναλαὸὼν
3093 3461 3312 3529 σχῆμα,
3369 3458 3752 3529 circumibat,

2087 3539 2292 3596 dicens
2334 3558 2394 3597 se
2424 3541 2496 3596 ab
2530 3541 2740 3598 inferis
2770 3544 3003 3599 venisse
3035 3551 3102 3600 ut
3154 3547 3470 3603 hominum
3502 3555 3753 3620 peccata

2085 3629 2446 3696 observaret,
2477 3635 2536 3685 et
2564 3649 2699 3687 cum
2732 3648 2801 3688 eo
2835 3650 3041 3689 rursus
3070 3633 3500 3705 descendisset,
3518 3637 3746 3693 daemo-

2083 3721 2261 3776 nibus
2279 3721 2404 3777 illic
2420 3721 2772 3794 degentibus
2795 3741 2866 3779 ea
2894 3726 3461 3782 renuntiaret.Palla
3474 3728 3526 3783 ei
3543 3729 3746 3784 tunica

2087 3810 2310 3879 talaris,
2345 3828 2524 3882 quam
2565 3811 2801 3868 balteus
2861 3815 3151 3886 puniceus
3205 3816 3497 3889 cingebat.
3541 3818 3742 3874 Pileus

2087 3898 2394 3955 arcadicus
2428 3901 2606 3971 capiti
2637 3902 2977 3973 impositus,
3011 3905 3105 3960 cui
3141 3905 3368 3961 intexta
3398 3913 3568 3961 erant
3596 3907 3746 3962 duo-

2085 3989 2278 4045 decim
2313 3994 2560 4064 στοιχεῖα
2609 3993 2723 4061 (99)
2775 3993 2894 4049 sive
2944 3994 3114 4066 signa
3156 3995 3420 4062 zodiaci;
3462 3997 3741 4053 cothurni

2084 4085 2375 4150 praaterea
2400 4080 2627 4152 tragici,
2663 4081 2847 4136 barba
2867 4082 3077 4155 ingens
3110 4090 3167 4138 et
3197 4084 3447 4141 baculus
3471 4087 3530 4141 in
3557 4103 3742 4143 manu

2083 4166 2407 4223 fraxineus.

2154 4283 2424 4338 Phalaris
2457 4285 2902 4357 Agrigentinus,
2955 4287 3135 4344 totius
3177 4289 3392 4344 Sicilia;
3425 4296 3740 4362 tyrannus,

2084 4372 2432 4445 Olympiade
2465 4374 2577 4429 LlI.
2613 4375 2861 4447 Scripsit
2904 4377 3178 4447 Epistolas
3215 4396 3458 4451 prorsus
3486 4381 3744 4437 admira-

2082 4462 2252 4517 biles.
2297 4463 2563 4519 Elianus
2602 4465 2704 4534 ait,
2759 4466 3097 4538 Apollinem
3146 4473 3204 4523 et
3252 4471 3451 4525 Jovem
3509 4476 3741 4543 patrem

2083 4552 2381 4607 Phalaridi
2415 4553 2595 4609 vitam
2629 4571 2736 4626 per
2779 4554 3091 4612 biennium
3165 4575 3537 4632 prorogasse,
3579 4560 3742 4632 quod

1996 4637 2044 4702 D
2077 4641 2457 4696 Charitonem
2480 4647 2539 4697 et
2568 4643 2970 4714 Melanippum
3020 4645 3350 4702 clementer
3402 4653 3737 4704 tractasset.

2149 4729 2556 4801 Phallophori,
2580 4731 2926 4804 lthyphalli,
2959 4739 3017 4788 et
3046 4735 3457 4804 Autocabdali,
3518 4754 3740 4810 genera

2074 4820 2463 4875 musicorum.
2495 4822 2868 4877 Autocabdali
2890 4840 3174 4880 coronam
3225 4826 3615 4884 hederaceam
3633 4846 3731 4902 ge-

2077 4907 2686 4979 stabantzlthyphalli
2742 4910 2933 4966 larvas
2986 4911 3288 4970 ebriorum
3332 4921 3391 4971 et
3442 4919 3731 4987 manicas,

2075 4997 2252 5052 variis
2278 4998 2578 5053 coloribus
2621 4998 2956 5067 distinctas,
3000 5002 3386 5075 tunicamque
3433 5006 3730 5062 talarem:

2073 5087 2442 5158 Phallophori
2484 5088 2704 5144 cortice
2764 5089 2927 5161 bybli
2977 5091 3191 5147 faciem
3264 5095 3560 5163 velabant,
3624 5097 3730 5152 he-

2075 5176 2219 5232 dera
2273 5176 2566 5248 violisque
2623 5179 2916 5234 coronati.
2965 5181 3072 5251 (Ex
3124 5182 3433 5252 Athenaeo,
3485 5186 3630 5254 XIV,
3675 5188 3732 5256 4,

2075 5267 2392 5338 pag.622J

2078 5453 2339 5532 Diogene
2364 5453 2594 5508 Laertio
2627 5454 2720 5520 IV,
2756 5469 2816 5508 n.
2855 5453 3588 5532 l_0_2(undeASuidasihanc
3604 5479 3739 5532 par-

2077 5525 2321 5579 ticulam
2356 5532 2624 5580 mutuam
2657 5525 2956 5596 sumpsit),
2982 5542 3051 5580 ea
3088 5527 3322 5597 referri,
3355 5525 3740 5589 adnotat-Ku-

2079 5603 2204 5650 ster
2236 5603 2376 5670 tom.
2401 5598 2508 5670 ill,
2537 5612 2676 5670 pag.
2710 5599 2975 5670 589,.not
3027 5600 3077 5652 3.
3133 5599 3306 5655 HARL.

2153 5670 2265 5736 (99)
2316 5668 2456 5722 Vide
2515 5664 2588 5724 de
2625 5664 2976 5740 'qtotxelotc,
3009 5686 3142 5740 quae
3164 5673 3362 5729 notavi
3395 5674 3469 5730 ad
3515 5677 3568 5732 S.
3604 5677 3739 5733 Hie-

2079 5754 2422 5812 ronymum,
2456 5744 2538 5796 De
2567 5739 2932 5811 scriptoribus
2955 5739 3150 5800 octies.
3182 5760 3314 5820 cap.
3343 5747 3436 5820 45.
