4126 6430
295 407 450 470 131⁸7

1628 405 1731 469 DE
1776 401 2066 480 QUIBUS
2109 401 2418 470 SUIDAS.

3565 407 3722 468 I3l8

379 543 618 600 Phanes
650 543 714 600 in
745 544 1014 617 Orphicis
1045 543 1450 599 introducitur
1495 548 1556 598 et
1601 544 1959 616 Ericapaaus,
1991 548 2045 611 Α
2075 559 2241 598 novas
2272 542 2598 611 commdiaa,
2632 543 2733 613 qui
2777 542 2982 598 ﬂoruit
3032 546 3320 615 regnante
3366 541 3722 613 Alexandro,

303 638 418 690 etc.
451 635 688 689 Kusteri
719 639 842 689 not.
877 638 965 702 10,
999 639 1143 689 tom.
1173 635 1271 700 IlI,
1304 649 1434 706 pag.
1467 636 1590 690 577.

376 723 636 779 Phanias
695 725 815 778 sive
873 724 1168 792 Phaenias,
1238 722 1496 787 Eresius,
1566 720 1960 793 philosophus

308 813 764 884 Peripateticus,
799 813 1136 868 Aristotelis
1168 812 1516 884 discipulus.
1555 812 1708 866 Vixit
1762 810 1960 882 Olym-

304 901 481 974 piade
511 901 654 967 CXI,
691 908 751 957 et
781 907 986 973 postea
1016 901 1124 956 sub
1154 900 1490 956 Alexandro
1522 899 1859 956 Macedone.
1894 929 1961 939 —

302 992 436 1046 Fuit
467 997 527 1046 et
554 990 707 1046 alter
736 991 1003 1059 Phanias,
1037 991 1156 1046 dux
1189 990 1504 1046 exercitus.

378 1083 582 1135 Phaon
608 1080 920 1135 adamatus
949 1097 984 1136 a
1011 1081 1344 1151 Sapphone,
1388 1095 1511 1133 non
1557 1077 1662 1133 illa
1711 1075 1958 1149 poetria,

301 1169 408 1226 sed
440 1169 647 1224 Lesbia
697 1169 975 1240 quadam,
1035 1186 1166 1240 quas
1223 1169 1509 1223 frustrata
1568 1183 1672 1238 spe
1729 1181 1836 1221 sua
1891 1164 1963 1218 de

304 1258 572 1315 Leucade
604 1275 750 1330 rupe
782 1275 843 1314 se
874 1259 1284 1330 praecipitavit.

378 1347 686 1414 Pharisaei,
721 1348 1002 1419 separati,
1036 1347 1193 1418 quod
1226 1364 1288 1402 se
1321 1346 1393 1401 ab
1446 1345 1584 1401 aliis
1627 1345 1964 1416 distingue-

302 1444 440 1494 rent
459 1439 577 1493 vita
597 1455 747 1510 pura
768 1445 827 1492 et
846 1443 1122 1494 accurata
1142 1437 1289 1509 legis
1309 1433 1967 1492 observatione.Scribis

303 1527 512 1583 eadem
569 1528 866 1595 instituta,
921 1527 1312 1592 continentia,
1367 1527 1489 1580 vita
1553 1524 1815 1596 conjugii
1869 1540 1967 1578 ex-

306 1634 466 1689 pers,
497 1622 610 1672 etc.
643 1617 982 1672 Exactiores
1014 1616 1228 1684 etiam,
1260 1614 1595 1670 admirandi
1620 1613 1820 1669 Essasi.
1844 1614 1970 1668 Ca3-

309 1713 505 1762 terum
536 1706 756 1762 Paulus
805 1705 1206 1761 Pharisaicam
1265 1704 1494 1760 vivendi
1548 1704 1844 1758 rationem
1904 1708 1972 1758 ut

310 1797 600 1868 optimam
641 1800 933 1851 sectatum
981 1811 1044 1849 se
1099 1799 1371 1850 testatur.
1421 1792 1701 1864 (Philipp.
1754 1808 1842 1859 ιιι,
1890 1789 1969 1860 5.)

311 1885 700 1941 Dormiebant
720 1884 1004 1939 Pharisaai
1027 1884 1090 1939 in
1115 1883 1342 1955 exiguis
1361 1883 1579 1938 tabulis
1600 1881 1764 1936 velin
1778 1881 1970 1952 spinis

308 1975 404 2030 vel
433 1976 496 2030 in
527 1973 846 2045 scrupulis,
881 1990 956 2028 ne
1015 1990 1123 2045 per
1180 1972 1482 2028 somnium
1533 1971 1967 2043 polluerentur.

310 2063 486 2136 Apud
514 2063 756 2119 eosdem
786 2063 973 2118 fatum
1007 2067 1066 2117 et
1093 2063 1459 2117 astronomia
1489 2061 1690 2133 magni
1723 2059 1966 2114 fiebant.

379 2155 785 2220 Pherecrates,
815 2153 1194 2207 Atheniensis
1217 2151 1610 2221 comicus,qui
1633 2148 1970 2204 Alexandro

311 2245 378 2298 in
412 2241 890 2316 expeditionibus
922 2242 1156 2297 bellicis
1186 2257 1387 2296 comes
1416 2240 1548 2308 fuit,
1581 2239 1834 2296 Fabulas
1865 2238 1974 2293 do-

315 2333 443 2388 cuit
470 2333 645 2398 XVII,
679 2333 740 2386 in
772 2331 866 2386 his
900 2328 1166 2399 Πετάλην.

382 2420 777 2492 Pherecydes,
815 2420 988 2476 Babis
1017 2421 1103 2488 F.,
1129 2437 1200 2475 ex
1227 2420 1391 2491 Syro,
1414 2418 1749 2475 insularum
1771 2418 1974 2489 Cycla-

316 2512 459 2568 dum
492 2527 630 2576 una,
691 2527 872 2582 prope
921 2510 1153 2574 Delum,
1215 2509 1437 2581 Syrius.
1498 2508 1652 2564 Vixit
1709 2513 1976 2580 tempore

318 2601 629 2673 Halyattis,
653 2600 810 2671 regis
838 2597 1130 2671 Lydorum
1161 2604 1221 2652 et
1248 2616 1321 2653 vu
1353 2599 1690 2669 sapientum
1723 2598 1974 2668 aaqualis

326 2691 461 2754 fuit,
494 2694 669 2744 natus
697 2689 857 2744 circa
887 2689 1026 2742 XLV
1055 2687 1736 2760 Olympiadem.Ferunt,
1761 2686 1977 2756 Pytha-

321 2795 524 2852 goram
555 2778 628 2833 ab
662 2793 729 2833 eo
780 2777 1122 2832 institutum
1174 2775 1378 2842 fuisse,
1430 2777 1626 2847 ipsum
1673 2790 1811 2829 vero
1856 2791 1978 2829 non

317 2868 604 2924 habuisse
635 2871 1087 2939 praeceptorem,
1123 2865 1227 2920 sed
1257 2865 1498 2937 proprio
1539 2881 1601 2920 se
1643 2863 1982 2919 exercuisse

323 2958 544 3028 studio,
577 2955 936 3027 comparatis
969 2955 1080 3010 sibi
1113 2955 1347 3010 arcanis
1387 2954 1736 3009 Phcenicum
1787 2952 1978 3019 libris,

329 3046 676 3117 Κτησάμενον
709 3043 775 3098 τὰ
807 3041 1080 3098 Φοινίκων
1131 3041 1417 3119 ἂπόκρυφα
1474 3036 1685 3116 βιϐλία.
1731 3042 1982 3108 Quidam

327 3136 590 3203 tradunt,
623 3151 760 3190 eum
793 3135 1065 3190 oratione
1091 3148 1268 3204 prosa
1296 3133 1558 3203 primum
1599 3131 1860 3186 scribere
1891 3131 1980 3185 in-

323 3225 612 3292 stituisse,
645 3223 804 3295 quod
837 3223 940 3279 alii
970 3222 1046 3278 ad
1077 3222 1363 3278 Cadmum
1404 3221 1691 3277 referunt.
1743 3221 1979 3276 Primus

2069 635 2250 706 paulo
2284 639 2422 690 ante
2445 634 2854 689 Menandrum.
2880 634 3127 705 Scripsit
3147 632 3465 689 comcedias
3488 635 3726 691 circiter

2067 725 2183 784 XC.
2217 728 2276 777 et
2302 723 2446 777 vixit
2477 739 2668 778 annos
2724 724 2908 790 XCIV;
2935 723 3199 793 quidam
3249 739 3442 778 annos
3470 724 3574 779 CL.
3626 724 3725 778 tri-

2068 811 2281 868 buunt.
2316 812 2656 867 Exstinctus
2688 817 2778 866 est
2807 812 3199 867 immoderato
3241 812 3384 867 risu.
3436 813 3598 867 Bello
3646 813 3723 884 (l)

2071 903 2231 957 inter
2258 903 2656 957 Athenienses
2687 907 2744 957 et
2775 902 3134 974 Antigonum
3192 901 3502 974 ﬂagrante,
3535 903 3598 957 in
3629 903 3727 956 Pi-

2069 1008 2189 1046 raeo
2222 991 2442 1064 degens
2470 991 2780 1046 Philemon
2822 1008 2926 1062 per
2977 991 3276 1046 somnium
3324 992 3470 1045 vidit
3516 1008 3726 1047 novem

2072 1081 2327 1153 puellas.
2361 1081 2536 1135 domo
2570 1097 2676 1136 sua
2699 1086 3003 1136 exeuntes.
3037 1081 3254 1135 Somno
3300 1081 3530 1136 solutus
3583 1097 3726 1135 nar-

2071 1170 2225 1226 ravit
2255 1186 2439 1242 puero
2473 1171 2813 1225 somnium:
2849 1176 2907 1224 et
2935 1170 3167 1240 reliqua
3213 1170 3518 1236 dramatis,
3567 1172 3728 1241 quod

2075 1266 2352 1332 cmperat,
2397 1260 2668 1316 absolvit.
2730 1265 2939 1315 Postea
2990 1260 3296 1314 involvens
3349 1277 3412 1315 se
3467 1261 3728 1316 vestibus

2076 1351 2373 1423 stragulis,
2391 1350 2590 1421 quiete
2607 1350 2801 1421 jacuit
2814 1356 2872 1404 et
2897 1367 3032 1404 mox
3047 1356 3315 1406 mortuus
3337 1356 3728 1421 estrepertus,

2078 1463 2105 1491 «
2133 1441 2390 1496 Aderant
2409 1441 2606 1514 igitur,
2635 1440 2906 1511 Epicure,
2931 1440 3265 1494 Philemoni
3295 1457 3504 1495 novem
3530 1442 3728 1509 Musas,

2078 1553 2106 1581 «
2143 1535 2202 1585 et
2230 1547 2364 1586 cum
2395 1529 2572 1584 fatale
2606 1529 2757 1584 illud
2786 1535 2846 1584 et
2873 1529 3153 1584 ultimum
3194 1531 3310 1584 iter
3352 1530 3732 1602 ingressurus

2079 1643 2107 1672 ‹‹
2142 1625 2319 1689 esset,
2352 1619 2424 1674 ab
2457 1618 2560 1673 illo
2592 1619 2872 1690 digressas
2904 1624 3062 1672 sunt.
3098 1619 3218 1673 Diis
3250 1619 3411 1674 enim
3445 1618 3611 1672 nefas
3642 1619 3730 1672 vi-

2079 1733 2107 1761 ‹‹
2141 1709 2282 1764 dere
2311 1715 2600 1776 mortuos,
2635 1708 2902 1778 quamvis
2935 1707 3047 1762 sibi
3079 1708 3487 1776 charissimos,
3522 1724 3596 1763 ne
3633 1724 3734 1762 as-

2081 1824 2108 1853 ‹‹
2143 1807 2374 1874 pectunt
2402 1801 2695 1872 polluant,
2726 1799 3113 1854 morientium
3146 1797 3734 1853 exhalationibus.Tu

2081 1915 2109 1943 «
2142 1908 2300 1956 vero,
2335 1891 2536 1958 stulte,
2569 1889 2677 1955 ais,
2714 1905 2814 1944 eos
2845 1905 2920 1943 ne
2951 1903 3158 1942 curare
3193 1887 3434 1958 quidem
3469 1903 3563 1942 res
3596 1903 3736 1942 nos-

2082 2005 2111 2033 ‹‹
2145 1987 2285 2037 tras.
2320 2003 2349 2031 »
2381 1981 2646 2036 )Elianus
2677 1978 2829 2033 libro
2862 1979 2942 2033 De
2974 1977 3370 2032 Providentia.

2149 2071 2462 2126 Philemon
2486 2069 2716 2141 junior,
2751 2071 2810 2122 et
2833 2067 2960 2138 ipse
2991 2066 3276 2133 comicus,
3328 2064 3489 2120 ﬁlius
3535 2064 3736 2119 Phile-

2079 2159 2276 2214 monis
2297 2157 2532 2223 comici,
2563 2156 2664 2226 qui
2695 2154 2899 2209 docuit
2926 2152 3156 2208 fabulas
3185 2153 3318 2208 LIV.

2151 2247 2510 2319 Philepsius,
2539 2247 2710 2317 cujus
2729 2250 2796 2298 ut
2825 2243 3087 2298 hominis
3109 2241 3308 2296 callidi
3327 2242 3735 2296 meminerunt

2083 2337 2293 2394 comici
2326 2337 2587 2406 antiquae
2619 2333 2924 2397 comedim,
2969 2337 3029 2386 et
3073 2331 3231 2401 quod
3286 2331 3446 2384 inter
3495 2330 3738 2385 concio-

2081 2427 2348 2484 nandum
2397 2424 2617 2497 pepulo
2670 2421 2920 2476 fabellas
2978 2435 3222 2475 narrare
3277 2418 3527 2482 solebat,
3578 2417 3738 2472 idem

2076 2518 2352 2591 jocorum
2385 2529 2593 2570 amans
2619 2517 2678 2566 et
2704 2507 3120 2586 φιλοπαίγμων,
3152 2514 3220 2563 ut
3247 2508 3444 2565 innuit
3497 2508 3742 2562 Demos-

2085 2608 2295 2662 thenes
2326 2604 2607 2660 Oratione
2638 2605 2846 2656 contra
2876 2600 3290 2654 Timocratem.

2158 2695 2512 2750 Philetaerus
2546 2689 2949 2753 Atheniensis,
2982 2688 3269 2751 comicus,
3299 2686 3460 2741 titius
3515 2685 3744 2740 Aristo-

2087 2786 2323 2858 phanis,
2358 2782 2592 2839 comici.
2634 2780 2871 2836 Fabula;
2897 2779 3027 2850 ejus
3059 2779 3205 2841 XXI,
3239 2793 3308 2831 ex
3339 2775 3560 2846 quibus
3601 2780 3744 2830 sunt

2087 2869 2569 2946 ΙιωεἈχιλλεὺς,
2629 2869 3045 2939 Κορινθιαστης,
3107 2861 3416 2932 Φίλαυλος,
3475 2861 3742 2938 Κέφαλος,

2096 2960 2330 3036 Τηρεὺς,
2361 2957 2688 3026 Ἄντυλλος,
2721 2954 3000 3013 Οἰνοπίων
3031 2955 3383 3025 (Nicostrato
3415 2953 3641 3008 tributa
3670 2952 3744 3007 ab

2091 3053 2247 3118 aliis)
2275 3071 2290 3119 ;
2324 3056 2451 3105 tum
2484 3043 2789 3114 Ἀταλάντη
2824 3050 2884 3102 et
2911 3039 3370 3119 Λαμπαδοφόροι.

2167 3142 2452 3203 Philetas,
2480 3140 2658 3202 Cous,
2687 3136 2928 3207 Telephi
2989 3136 3076 3200 F.,
3127 3134 3323 3189 clarus
3379 3131 3638 3203 Philippi
3693 3134 3753 3185 et

2094 3235 2413 3291 Alexandri
2437 3227 3447 3303 tempore,grammaticus,criticus.
3481 3226 3585 3280 Hic
3615 3241 3752 3280 cum

333 3280 340 3281 γ
600 3280 612 3292 ι
663 3280 681 3295 .
2094 3280 2413 3291 .-.v-...-_--
2443 3280 3290 3303 -v...,---,o_

322 3315 502 3370 etiam
535 3314 872 3370 animarum
903 3329 972 3368 ex
991 3328 1237 3383 corpore
1255 3311 1318 3366 in
1345 3311 1509 3366 aliud
1529 3327 1746 3382 corpus
1769 3310 1978 3382 migra-
2011 3280 2054 3348 α
2091 3326 2155 3380 in
2184 3321 2543 3379 inveniendo
2576 3320 2964 3392 sophismate,
2995 3317 3156 3389 quod
3191 3317 3624 3387 pseudomenum
3651 3331 3754 3368 vo-

321 3404 547 3460 tionem
577 3403 854 3459 docuisse
882 3401 1090 3457 fertur.
1127 3401 1395 3456 Sectatus
1426 3404 1516 3455 est
1544 3398 1804 3454 Thaletis
1855 3399 1984 3470 opi-

320 3493 586 3549 nionem.
647 3491 805 3548 Obiit
861 3490 1067 3547 morbo
1127 3488 1476 3561 pediculari.
1561 3489 1791 3554 Omnia,
1854 3494 1986 3559 qua

324 3582 567 3654 scripsit
622 3582 750 3637 hanc
803 3585 981 3636 sunt:
1035 3579 1390 3651 Ἐπτάμυχυς
1439 3575 1564 3644 ἢτοι
1620 3574 1984 3650 Θεοκρασίαῆ

325 3668 614 3747 Θεολογία,
645 3667 725 3725 ἔτι
770 3667 828 3722 δὲ
885 3666 1186 3743 Θεογονία),
1246 3667 1417 3722 libris
1475 3667 1682 3722 decem
1738 3666 1988 3722 deorum

325 3760 776 3835 generationem
810 3764 870 3815 et
899 3759 1342 3814 successionem
1375 3756 1711 3813 continens.

403 3849 795 3920 Pherecydes,
829 3847 1054 3914 Lerius,
1090 3847 1430 3916 historicus,
1453 3850 1632 3900 natus
1653 3845 1830 3916 paulo
1851 3850 1989 3902 aute

327 3939 513 3995 LXXV
535 3937 966 4010 Olympiadem.
993 3936 1243 4008 Scripsit
1267 3935 1338 3990 de
1366 3936 1509 3990 Lero
1533 3952 1545 4001 ;
1568 3934 1639 3990 de
1663 3935 1990 4008 Iphigenia,

331 4029 406 4084 de
441 4029 654 4084 Bacchi
691 4027 865 4082 festis
895 4031 955 4082 et
984 4026 1122 4081 alia.

405 4118 670 4181 Phidias,
703 4116 1047 4183 statuarius,
1072 4113 1174 4185 qui
1207 4117 1463 4169 statuam
1515 4112 1839 4168 eburneam
1889 4114 1991 4168 Mi-

329 4223 526 4263 nervaa
557 4206 717 4262 fecit.
753 4204 1011 4261 Pericles
1045 4219 1202 4259 vero.
1237 4202 1575 4273 sumptibus
1605 4203 1668 4257 in
1701 4219 1834 4259 eam
1863 4219 1991 4258 rem

326 4296 622 4352 faciendis
646 4312 681 4351 a
709 4294 928 4367 pOpulo
955 4292 1289 4364 praefectus,
1314 4292 1752 4364 quinquaginta
1772 4293 1997 4348 talenta

330 4387 510 4442 vertit
539 4385 600 4441 in
623 4401 751 4440 rem
768 4400 960 4449 suam,
977 4387 1138 4447 et,ne
1161 4381 1426 4436 rationes
1447 4379 1746 4447 redderet,
1767 4381 1996 4437 bellum

336 4474 631 4541 excitavit,
665 4477 777 4528 etc.

409 4562 764 4635 Philagrius,
798 4561 1030 4632 Lycius,
1064 4557 1405 4622 Macrensis,
1439 4563 1506 4611 ut
1527 4557 1820 4628 repetitur
1839 4557 1997 4629 apud

2094 3421 2280 3479 catur,
2310 3412 2664 3475 elaboraret,
2720 3412 3034 3464 extenuato
3092 3421 3339 3476 corpore
3398 3405 3565 3460 obiit.
3623 3403 3756 3458 Fuit

2094 3509 2424 3579 praeceptor
2444 3500 2748 3558 Ptolemasi
2772 3498 3042 3566 secundi,
3073 3496 3430 3568 scripsitque
3455 3497 3753 3565 Epigram-

2094 3602 2268 3664 mata,
2299 3595 2498 3663 elegias
2528 3597 2588 3646 et
2615 3591 2752 3646 alia.

2168 3683 2536 3755 Philippicus
2559 3679 2879 3749 Bardones,
2901 3675 3234 3732 Iustiniano
3257 3675 3400 3746 imp.
3415 3673 3754 3744 interfecto,

2095 3775 2259 3829 visus
2292 3778 2384 3828 est
2408 3772 2724 3826 inhoneste
2775 3773 2834 3823 et
2891 3766 3152 3840 segniter
3205 3764 3526 3836 imperium
3573 3762 3760 3818 admi-

2104 3865 2382 3919 nistrare.
2415 3863 2487 3916 Et
2514 3863 2721 3916 Patres
2751 3857 3120 3914 meumenico
3161 3855 3415 3910 concilio
3478 3852 3667 3924 (CPol.
3701 3869 3756 3910 a.

2102 3955 2226 4016 680)
2255 3955 2665 4025 congregatos,
2707 3946 3072 4004 anathemati
3129 3945 3404 4017 subjecit,
3473 3942 3759 3998 divinitus

2100 4042 2173 4098 ab
2204 4042 2325 4097 illis
2356 4041 2626 4096 decretas
2669 4038 2818 4092 duas
2865 4037 2926 4090 in
2972 4036 3276 4091 Servatore
3327 4032 3663 4088 voluntates
3703 4034 3764 4084 et

2104 4135 2368 4190 actiones
2391 4148 2512 4187 non
2532 4129 2876 4195 admittens,
2899 4127 3202 4198 adjutores
3224 4124 3759 4187 nactusJoannem,

2110 4229 2250 4278 tunc
2281 4221 2445 4277 urbis
2475 4219 2771 4291 (CPoleos)
2805 4231 3106 4272 summum
3138 4213 3504 4285 pontiﬁcem,
3539 4218 3597 4266 et
3617 4213 3760 4266 Ger-

2103 4327 2372 4376 manum,
2404 4308 2591 4380 Cyzici
2624 4305 3172 4376 metropolitanum,
3204 4307 3263 4356 et
3287 4301 3437 4356 alios
3485 4299 3762 4355 sacerdo-

2111 4408 2198 4457 tes
2230 4405 2289 4456 et
2317 4402 2623 4454 senatores
2653 4396 2964 4467 plurimos.

2177 4487 2565 4559 Philippides,
2600 4483 3004 4548 Atheniensis,
3039 4481 3304 4536 comicus
3336 4496 3506 4534 nova;
3547 4495 3765 4534 coma;-

2105 4580 2239 4647 ἀίω,
2273 4578 2432 4634 ﬁlius
2469 4575 2772 4642 Philoclis,
2807 4574 2948 4629 vixit
2993 4570 3340 4644 Olympiade
3382 4569 3518 4640 CXI,
3563 4568 3767 4623 docuit

330 4655 785 4726 Eugenatorem.
821 4650 933 4706 Sed
963 4654 1030 4704 ut
1085 4650 1212 4720 ipse
1263 4647 1598 4719 Philagrius
1657 4646 1866 4702 scribit
1920 4647 1995 4703 ad
2028 4653 2074 4716 1)
2106 4646 2340 4726 fabulas
2370 4668 2554 4722 XLIV.

333 4743 748 4798 Philemonem
780 4742 840 4796 in
873 4738 1122 4811 epistola
1150 4737 1225 4793 de
1248 4738 1451 4809 jecore
1493 4736 1791 4803 indurato,
1822 4737 2004 4793 fuerit

333 4832 533 4903 potius
563 4830 832 4886 medicus
855 4830 1118 4900 Epirota,
1144 4825 1474 4897 discipulus
1488 4826 2005 4898 Naumachii,post

337 4920 545 4976 Caleni
578 4926 868 4992 tempora,
921 4918 1021 4990 qui
1073 4915 1512 4972 Thessalonica
1561 4920 1628 4970 ut
1674 4915 2002 4987 plurimum

338 5016 531 5067 artem
561 5011 858 5067 medicam
890 5007 1172 5064 exercuit.
1207 5005 1555 5076 Composuit
1591 5004 1778 5060 libros
1809 5006 2000 5062 medi-

337 5117 440 5157 cos
473 5101 642 5166 LXX,
677 5100 725 5156 si
757 5097 1024 5172 singulos
1056 5111 1358 5164 numeres,
1392 5094 1628 5166 aliaque
1671 5111 1852 5166 opera
1879 5112 2001 5152 non

335 5205 550 5262 pauca.
581 5191 728 5245 Item
757 5183 1267 5244 Commentarium
1302 5183 1364 5238 in
1395 5183 1832 5255 Hippocratem,

423 5279 682 5347 Phileas,
715 5278 818 5350 qui
843 5274 1214 5332 Andocidem
1249 5272 1544 5345 sacrilegii
1577 5274 1893 5330 accusavit.

424 5369 752 5436 Philemon,
795 5367 1226 5439 Syracusanus,
1277 5362 1561 5419 Damonis
1605 5364 1688 5429 F.,
1741 5364 2003 5420 comicus

417 5607 492 5673 (l)
526 5603 679 5666 Hac,
714 5615 845 5672 qua:
870 5597 1214 5673 _d_einceps_
1245 5595 1590 5673 ex__1Eliano
1644 5595 1852 5650 Suidas
1905 5595 1998 5673 af-

339 5666 486 5750 fert,
504 5673 574 5729 de
589 5666 789 5750 altero
823 5666 1172 5750 Philemone
1201 5666 1590 5750 intelligenda
1612 5673 1770 5749 sunt,
1793 5684 1915 5750 non
1929 5667 2001 5750 de

339 5739 471 5816 illo,
502 5746 604 5819 qui
629 5745 756 5802 risu
786 5749 878 5802 est
933 5747 1256 5798 emortuus.
1304 5739 1719 5812 (Philemonis,
1765 5740 2000 5811 comici,

2183 4757 2508 4829 Philippus,
2570 4753 3026 4826 Amphipolites,
3107 4749 3448 4818 historicus,
3527 4748 3769 4820 scripsit

2115 4847 2395 4902 Rhodiaca
2456 4845 2612 4899 libris
2660 4845 2806 4909 XIX,
2868 4840 3202 4913 argumenti
3260 4839 3430 4894 valde
3487 4837 3764 4894 obsceni:

2126 4939 2327 4993 Coiaca
2357 4935 2527 4990 libris
2557 4935 2626 4998 II,
2660 4934 2922 4989 Thasiaca
2955 4931 3122 4986 libris
3155 4931 3228 4994 ll,
3255 4935 3313 4984 et
3342 4928 3478 4984 alia.

2184 5026 2516 5097 Philippus,
2549 5024 2844 5094 Sophista,
2879 5021 2981 5092 qui
3032 5019 3271 5091 scripsit
3322 5021 3398 5074 De
3454 5016 3766 5087 spiritibus,

2117 5115 2521 5174 Herodianum
2554 5117 2817 5178 secutus,
2851 5110 3180 5167 secundum
3219 5107 3492 5164 ordinem
3542 5106 3768 5161 littera-

2113 5223 2246 5263 rum
2272 5223 2284 5260 :
2318 5206 2462 5260 item
2491 5207 2568 5260 De
2597 5202 2938 5274 synalcepha.

2185 5295 2516 5367 Philippus,
2547 5293 2833 5357 comicus,
2867 5307 2938 5346 ex
2973 5291 3144 5362 cujus
3201 5285 3568 5342 dramatibus
3627 5289 3769 5341 sunt

2111 5380 2527 5453 Κωδωνιασταὶ,
2560 5387 2711 5438 teste
2735 5382 3019 5437 Athenaao
3057 5377 3204 5450 [sed,
3227 5381 3470 5432 notante
3493 5377 3767 5446 Kustero,

2111 5591 2380 5646 dramata
2409 5592 2685 5644 recenset
2703 5592 2763 5642 et
2790 5585 2906 5640 duo
2929 5585 3079 5640 alios
3101 5581 3767 5646 Philemonas,alterum

2109 5665 2482 5724 Tarsensem,
2513 5661 2768 5717 alterum
2799 5655 3272 5730 grammaticum,
3309 5653 3621 5730 distinguit
3648 5655 3766 5708 Ku-

2111 5741 2233 5791 ster
2260 5735 2337 5790 ad
2376 5735 2435 5792 h.
2469 5733 2507 5789 l.
2541 5738 2662 5789 not.
2698 5733 2752 5801 9,
2783 5727 2913 5802 pag.
2948 5730 3050 5785 599
3079 5743 3205 5798 seq.
3237 5732 3381 5782 tom.
3413 5727 3512 5782 III.
