4126 6410
458 376 617 439 1319

1742 366 1988 430 INDEX
2032 365 2544 430 SCRIPTORUM

3703 370 3845 430 1320

456 514 614 586 apud
645 513 992 568 Athenaeum
1023 507 1200 564 hodie
1231 520 1532 577 nusquam
1563 503 1916 561 Codoniastae
1962 503 2104 558 Phi-
2138 503 2187 570 Α
2221 503 2305 570 F.,
2339 501 2670 574 discipulus
2699 503 2900 569 Eveni,
2933 503 3163 575 primus
3196 503 3478 572 historia,
3535 504 3844 562 secundum

455 605 600 676 lippi
635 601 930 657 laudatur.
962 598 1125 653 Adde
1158 613 1357 668 supra,
1391 596 1502 650 vol.
1538 597 1607 663 ΙΙ,
1641 610 1771 666 pag.
1806 596 1957 663 480.]

529 693 846 756 Philiscus,
877 689 1166 752 comicus,
1208 703 1279 742 ex
1331 686 1502 756 cujus
1552 683 1922 739 dramatibus
1973 687 2112 736 sunt

452 779 711 847 Ἀδωνις,
747 779 871 840 Διὸς
894 776 1071 852 γοναὶ,
1106 773 1507 847 Θεμιστοκλῆς,
1566 770 1885 844 Ὄλυμπος,
1939 769 2112 833 Πανὸς

449 870 629 945 γοναὶ,
675 871 890 941 Ἐρμοῦ
947 865 1035 921 xxi
1093 861 1423 942 Ἀφροδίτης
1475 861 1652 936 γοναὶ,
1711 861 1864 936 γοναὶ
1919 859 2110 935 ’Δρτέ-

453 958 612 1034 μιδος
645 958 734 1014 καὶ
766 956 1145 1018 ’Δπόλλωνος,

521 1052 836 1116 Philiscus,
899 1050 1263 1119 Corcyraaus,
1318 1045 1566 1100 Philotae
1615 1045 1701 1112 F.,
1743 1042 2002 1114 tragicus
2051 1045 2111 1096 et

449 1141 726 1196 sacerdos
761 1138 997 1205 Bacchi,
1029 1137 1128 1208 qui
1180 1135 1288 1191 sub
1347 1134 1668 1190 Ptolomaeo
1718 1131 2107 1202 Philadelpho

445 1231 606 1284 vixit.
635 1229 720 1283 Ab
753 1229 864 1283 hoc
904 1227 1229 1282 Philiscium
1287 1228 1546 1278 metrum
1589 1220 1954 1292 appellatum
1995 1223 2107 1283 est,

449 1318 608 1389 quod
641 1318 744 1372 illo
777 1317 1124 1386 frequenter
1154 1317 1440 1367 uteretur.
1496 1312 1600 1364 Est
1647 1314 1844 1364 autem
1897 1325 1966 1363 ex
2014 1324 2108 1362 se-

448 1407 643 1462 cundo
679 1405 1035 1477 tragicorum
1093 1399 1324 1467 ordine,
1366 1400 1489 1470 qui,
1544 1403 1772 1469 septem
1833 1413 2104 1462 numero,

442 1497 620 1567 pleias
652 1500 793 1550 sunt
813 1491 1118 1565 appellati.
1150 1490 1465 1561 Tragoedias
1498 1489 1627 1559 ejus
1666 1486 1827 1542 LXII.
1885 1488 2104 1540 Fabric.

451 1587 760 1650 Kusterus,
795 1590 938 1638 tom.
974 1581 1072 1648 Ill,
1105 1597 1235 1652 pag.
1271 1581 1396 1644 602,
1428 1583 1554 1633 not.
1615 1581 1668 1643 7,
1714 1593 1849 1632 cum
1900 1576 2104 1630 Vossio

453 1675 624 1730 malit
654 1671 910 1734 Φίλικος⁹
945 1672 1049 1727 sed
1081 1671 1210 1726 vide
1244 1686 1425 1742 supra
1458 1667 1532 1724 ad
1563 1668 1674 1724 vol.
1708 1670 1778 1734 Il,
1812 1684 1943 1740 pag.
1978 1668 2104 1734 313,

455 1770 579 1819 not.
615 1782 707 1834 yy.
732 1765 889 1818 Harl.

2220 595 2543 650 oratoriam
2573 601 2761 650 artem
2795 596 3052 668 scriptas,
3073 602 3297 653 auctor.
3325 598 3660 668 Composuit
3679 601 3844 657 Artem

2217 684 2572 753 rhetoricam,
2618 688 2948 756 Egyptiaca
3022 685 3180 742 libris
3252 688 3370 750 XII,
3454 690 3569 742 Rea:
3647 691 3844 747 Siculas

2219 775 2375 830 libris
2402 777 2496 842 X1,
2529 776 2802 832 Adversus
2837 778 3200 832 Tricaranum
3248 779 3550 833 orationem
3598 779 3662 834 de
3702 783 3844 836 Nau-

2219 872 2389 933 crate,
2424 868 2497 921 De
2527 868 2787 937 Dionysio
2819 874 3075 937 tyranno,
3111 868 3277 922 libros
3326 869 3417 934 VI,
3469 869 3540 922 De
3583 873 3846 940 Egyptia-

2217 971 2340 1009 rum
2371 955 2669 1026 Theologia
2699 957 2863 1012 libros
2895 959 2984 1025 llI,
3019 958 3312 1012 Conciones
3341 962 3401 1012 et
3445 957 3562 1013 alia
3591 959 3844 1029 quaedam

2217 1044 2363 1100 Item
2397 1045 2468 1099 De
2500 1047 2668 1116 Libya
2696 1054 2749 1100 et
2779 1048 2958 1116 Syria.

2289 1130 2605 1203 Φιλλεῖδαι,
2640 1135 2932 1203 Phillidae,
2965 1135 3193 1191 familia
3211 1136 3474 1191 Athenis.
3498 1137 3579 1190 Ex
3600 1135 3705 1193 hac
3725 1138 3847 1211 eligi

2219 1223 2448 1279 solebat
2502 1225 2732 1280 Cereris
2793 1231 2851 1280 et
2915 1227 3288 1298 Proserpina
3354 1225 3650 1294 sacerdos,
3731 1245 3849 1299 quas

2216 1319 2441 1384 mystas
2473 1314 2747 1370 initiabat
2776 1315 3073 1370 Eleusine.

2289 1403 2456 1458 Philo
2489 1403 2736 1471 Biblius,
2793 1406 3238 1477 grammaticus,
3299 1405 3422 1477 qui,
3481 1413 3655 1463 natus
3706 1406 3846 1462 circa

2214 1495 2488 1563 tempora
2516 1493 2783 1561 Neronis,
2817 1493 2919 1548 diu
2950 1493 3128 1549 vitam
3184 1495 3481 1566 produxit.
3531 1497 3659 1568 Ipse
3706 1495 3848 1550 enim

2216 1585 2488 1636 testatur.
2521 1581 2796 1637 Severum
2829 1585 3156 1638 Erennium
3187 1586 3264 1655 (3)
3305 1585 3615 1640 consulem
3658 1585 3845 1652 fuisse,

2217 1688 2277 1725 se
2338 1686 2562 1726 annum
2622 1677 2832 1743 agente
2886 1673 3180 1739 LXXVIII,
3239 1673 3589 1746 Olympiade
3652 1673 3843 1728 CCXX.

2218 1759 2464 1832 Scripsit
2522 1759 2651 1834 Περὶ
2708 1762 2953 1830 κτήσεως
3012 1761 3100 1814 καὶ
3163 1760 3406 1836 ἐκλογῆς
3467 1757 3717 1837 βιϐλίων,
3780 1765 3847 1817 De

520 1855 836 1919 Philiscus,
861 1853 1148 1926 Aigineta,
1174 1852 1273 1922 qui
1297 1849 1700 1906 Alexandrum
1725 1846 2104 1903 Macedonem
2139 1869 2183 1934 Β
2215 1853 2602 1920 comparandis
2623 1858 2675 1906 et
2713 1851 3018 1922 deligendis
3049 1852 3228 1916 libris,
3261 1853 3430 1908 libros
3478 1855 3600 1920 XII,
3653 1855 3721 1908 De
3762 1869 3846 1906 ur-

447 1942 676 1997 litteras
701 1941 921 2008 docuit,
942 1940 1180 1995 auditor
1204 1939 1478 2011 Diogenis
1499 1937 1723 2009 Cynici,
1754 1936 1864 2004 vel,
1899 1952 2106 1991 secun-

448 2031 591 2086 dum
620 2031 1027 2102 Hermippum,
1051 2029 1353 2099 Stilponis.
1392 2027 1636 2098 Scripsit
1682 2025 1977 2098 Dialogos,
2036 2041 2106 2079 ex

449 2121 667 2192 quibus
698 2126 788 2176 est
828 2120 1055 2174 Codrus.
1090 2118 1354 2172 Athenas
1385 2115 1684 2188 profectus
1728 2114 1893 2169 urbis
1940 2113 2104 2167 illius

444 2209 704 2265 visendas
730 2209 941 2280 gratia,
975 2224 1110 2262 cum
1141 2205 1407 2261 audisset
1439 2205 1780 2276 Diogenem,
1836 2203 2103 2274 philoso-

448 2300 620 2372 phari
652 2299 846 2369 coepit.
881 2299 1055 2351 Pater
1094 2296 1274 2366 igitur
1301 2295 1544 2348 fratrem
1576 2293 1649 2348 ad
1682 2293 1854 2346 illum
1907 2308 2105 2347 arces-

451 2388 701 2443 sendum
726 2387 911 2452 misit,
932 2385 1035 2439 sed
1057 2391 1116 2439 et
1140 2384 1242 2438 ille
1266 2383 1658 2454 philosophiae
1681 2397 1883 2436 amore
1896 2385 2103 2451 captus

447 2483 556 2533 est.
592 2475 814 2531 Deinde
847 2480 1034 2546 pater,
1078 2473 1390 2543 utriusque
1439 2471 1761 2526 reducendi
1817 2470 2005 2542 gratia
2035 2486 2102 2524 eo

442 2566 764 2638 profectus,
797 2569 856 2618 et
886 2564 1011 2634 ipse
1060 2561 1470 2634 philosophari
1528 2560 1720 2638 coepit.
1768 2558 2103 2630 Discipulus

450 2634 728 2726 Diogenis
755 2653 866 2707 fuit
897 2653 1077 2708 etiam
1111 2652 1394 2717 Phocion,
1430 2648 1458 2702 ὁ
1490 2634 1759 2721 χρήστὸς,
1793 2649 1910 2704 sive
1933 2649 2103 2703 bonus

445 2749 862 2816 cognomento.
897 2741 1172 2812 Sepultus
1204 2746 1295 2795 est
1323 2739 1613 2809 Diogenes
1643 2738 1930 2804 Corinthi,
1955 2754 2101 2793 cane

449 2835 508 2888 in
535 2834 664 2904 ejus
689 2836 1076 2887 monumento
1105 2830 1313 2885 inciso.
1332 2829 1691 2899 Sinopenses
1710 2827 1889 2882 etiam
1909 2831 2103 2882 statua

444 2923 617 2977 illum
669 2922 1110 2976 honoraverunt
1167 2924 1227 2974 et
1291 2917 1750 2989 epigrammate:
1834 2914 2101 2983 Γηράσκει

439 3013 529 3066 καὶ
564 3010 797 3087 χαλκὸς,
859 3017 993 3081 etc.,
1045 3029 1116 3067 ex
1175 3009 1386 3065 Laertii
1447 3010 1540 3076 VI,
1598 3009 1688 3061 78.
1751 3007 1836 3078 [V.
1898 3023 2098 3078 supra,

440 3103 554 3158 vol.
589 3104 656 3166 ΙΙ,
692 3119 822 3173 pag.
859 3102 1012 3172 314.]

2219 1939 2392 2000 bibus.
2449 1946 2500 1993 et
2555 1939 2719 1993 claris
2776 1938 2933 2006 viris,
2993 1955 3126 2008 quos
3182 1955 3533 2010 unaquaeque
3584 1939 3727 2003 tulit,
3780 1939 3840 1992 li-

2217 2029 2336 2083 bros
2385 2029 2528 2082 ΧΧΧ
2581 2029 2647 2083 de
2703 2030 2935 2099 imperio
2985 2030 3282 2098 Hadriani,
3346 2029 3455 2084 sub
3515 2045 3628 2100 quo
3686 2028 3848 2083 etiam

2214 2117 2357 2171 vixit
2387 2117 2578 2183 Philo,
2639 2123 2698 2172 et
2743 2117 2881 2172 alia.
2936 2120 3211 2173 Erennius
3263 2118 3711 2192 cognominatus
3762 2115 3848 2170 hic

2213 2209 2410 2274 Philo,
2442 2214 2509 2262 ut
2531 2209 2659 2279 ipse
2692 2213 2964 2264 testatur.

2285 2297 2476 2362 Philo,
2507 2297 2771 2360 Iudaeus,
2803 2303 2980 2354 natus
3015 2298 3406 2367 Alexandria,
3465 2299 3586 2370 qui,
3637 2300 3848 2354 Graeco-

2213 2403 2346 2441 rum
2379 2387 2816 2458 philosophiam
2848 2393 3129 2454 sectatus,
3153 2388 3227 2443 ad
3245 2405 3542 2445 summam
3574 2387 3849 2443 eruditio-

2213 2492 2350 2531 nem
2382 2477 2667 2548 pervenit,
2703 2493 3031 2548 omnesque
3063 2477 3416 2550 diseiplinas
3447 2480 3692 2545 ercas,
3743 2482 3849 2532 tam

2213 2581 2312 2621 eas
2339 2582 2470 2636 quae
2498 2565 2814 2636 encyclicaa
2837 2572 3142 2634 vocantur,
3175 2583 3355 2637 quam
3401 2567 3550 2622 alias
3597 2570 3850 2622 accurate

2211 2655 2547 2726 perdidicit.
2574 2655 2850 2710 Ubertate
2873 2661 2932 2710 et
2955 2655 3127 2727 copia
3155 2655 3396 2711 dicendi
3431 2656 3732 2712 Platonem
3761 2671 3850 2709 ex-

2210 2745 2447 2816 pressit,
2481 2751 2593 2800 etc.
2624 2748 2718 2814 (ex
2746 2746 3104 2818 Sophronio,
3137 2746 3468 2817 interprete
3527 2743 3848 2816 Hieronymi

2211 2834 2291 2888 De
2323 2834 2521 2904 script.
2558 2833 2796 2900 eccles.,
2830 2839 2890 2889 et
2920 2834 3157 2889 Eusebii
3188 2835 3259 2901 II,
3291 2836 3345 2900 4,
3381 2840 3442 2890 et
3472 2835 3559 2900 I7,
3593 2834 3755 2903 Hist.)

2282 2923 2472 2989 Philo,
2517 2925 2892 2996 Carpathius,
2947 2926 3189 2997 scripsit
3236 2925 3736 2980 Commentarium
3791 2923 3844 2977 in

2209 3013 2517 3068 Canticum
2549 3014 2941 3070 canticorum.

2281 3103 2691 3171 Philochorus,
2723 3104 2903 3176 Cygni
2947 3104 3033 3171 F.,
3083 3103 3489 3175 Atheniensis,
3539 3109 3715 3172 vates,
3759 3100 3848 3173 qui

517 3192 832 3259 Philiscus,
869 3191 1148 3256 Milesius,
1185 3194 1383 3244 orator
1402 3188 1677 3243 Isocratis
1700 3186 1972 3256 oratoris,
1992 3202 2098 3241 au-

517 3288 518 3296 χ
701 3281 711 3291 .
806 3281 816 3290 .
1206 3279 1220 3296 ,
1298 3277 1643 3296 .
1695 3276 2060 3296 ,τ-,ηλημ

2217 3210 2454 3249 uxorem
2496 3194 2704 3250 habuit
2754 3195 3223 3250 Archestratam.
3293 3195 3453 3250 Vixit
3498 3193 3848 3266 temporibus

441 3282 598 3337 ditor
613 3281 714 3352 qui
731 3281 897 3352 prius
918 3280 1136 3335 tibicen
1152 3277 1666 3334 admirabilisfuit.
1695 3276 1858 3332 Unde
1874 3277 2100 3330 Isocra—
2131 3276 2174 3296 “'
2208 3284 2637 3353 Eratosthenis,
2671 3301 2848 3355 quem
2876 3300 3079 3340 senem
3101 3283 3456 3340 adolescens
3478 3285 3684 3358 attigit.
3707 3281 3850 3338 Obiit

439 3377 529 3427 tas
553 3388 688 3426 eum
711 3371 937 3426 vocavit
955 3366 1359 3440 αὐλοτρόπτην,
1393 3368 1653 3422 tibiarum
1670 3369 2097 3436 perforatorem.

442 3462 670 3533 Scripta
691 3461 819 3533 ejus
848 3466 1014 3516 sunt:
1041 3461 1231 3516 Oratio
1257 3459 1537 3514 Milesiaca
1559 3457 2058 3528 ;Amphictyonica
2077 3473 2100 3520 ;

438 3553 550 3607 Ars
578 3551 859 3606 rhetorica
891 3551 1048 3604 libris
1077 3551 1127 3604 ΙΙ
1151 3566 1170 3611 ;
1202 3549 1454 3604 Isocratis
1485 3543 1807 3616 Ἀπόφασις.

511 3640 805 3695 Philiscus
832 3639 922 3693 vel
953 3639 1261 3706 Philistus,
1293 3637 1721 3708 Syracusanus,
1754 3633 2096 3700 historicus,

438 3729 538 3799 qui
576 3729 870 3800 Dionysii,
901 3727 1116 3782 Siciliae
1149 3725 1408 3798 tyranni,
1443 3728 1725 3796 cognatus
1756 3723 1867 3777 fuit
1923 3728 1983 3776 et
2034 3722 2096 3776 in

438 3818 634 3872 navali
668 3833 887 3889 pugna,
922 3813 1487 3886 Carthaginensibus
1531 3812 1872 3875 commissa,
1927 3810 2092 3866 obiit.

435 3907 637 3974 Eveni,
660 3906 904 3978 elegiaci
928 3911 1140 3977 poetae,
1164 3902 1511 3974 discipulus.
1541 3901 1789 3972 Scripsit
1813 3897 2094 3968 Σικελικὰ,

436 4000 647 4065 Sicula,
681 4015 797 4068 quo
821 4013 1000 4068 opere
1032 3995 1416 4051 continentur
1463 4009 1558 4047 res
1589 3992 1784 4059 varias,
1818 4007 1853 4046 a
1881 3991 2094 4046 Siculis

441 4087 721 4142 adversus
778 4088 1010 4142 Grzecos
1066 4090 1266 4158 gestas.
1323 4085 1494 4138 Iteme
1549 4081 1958 4150 Genealogiam,
2019 4082 2094 4135 De

439 4176 746 4244 Phoenicia,
783 4182 843 4230 et
871 4175 989 4231 alia
1019 4173 1291 4246 quadam
1321 4173 1392 4226 De
1432 4171 1616 4226 insula
1663 4171 1877 4226 Sicilia.
1927 4170 2094 4239 (Vide

439 4266 615 4333 infra,
649 4265 983 4336 Philistus.)

506 4359 844 4428 Philistion,
870 4356 1242 4423 Prusaeusis,
1265 4354 1376 4424 vel,
1421 4358 1489 4408 ut
1521 4353 1684 4408 Philo
1717 4353 1821 4421 ait,
1854 4351 2088 4408 Sardia-

432 4466 567 4516 nus,
602 4449 888 4515 comicus,
923 4447 1026 4517 qui
1057 4446 1206 4501 obiit
1226 4450 1492 4515 tempore
1537 4443 1815 4498 Socratis.
1849 4441 2094 4513 Scripsit

430 4538 754 4594 commdias
791 4533 1111 4609 βιολογικάς
1147 4535 1265 4589 sive
1318 4533 1610 4588 mimicas.
1665 4533 1970 4587 Extinctus
2001 4536 2092 4586 est

2207 3389 2277 3428 ex
2309 3372 2564 3438 insidiis,
2596 3373 2830 3429 delatus
2859 3373 3015 3444 apud
3047 3375 3433 3446 Antigonum,
3466 3391 3534 3430 ac
3564 3374 3612 3429 si
3670 3371 3846 3427 Ptole-

2205 3477 2356 3516 τι]ωο
2387 3463 2673 3518 studeret.
2705 3463 2950 3534 Scripsit
2992 3458 3264 3526 Ἀτθίδος.
3325 3463 3608 3519 adversus
3650 3463 3842 3517 Demo-

2203 3567 2364 3620 nem,
2390 3553 2465 3606 De
2489 3553 2908 3608 Atheniensium
2936 3553 3096 3607 rebus
3125 3554 3308 3621 gestis,
3355 3554 3594 3623 regibus,
3627 3551 3844 3606 archon—

2204 3641 2348 3696 tibus
2376 3657 2547 3711 usque
2593 3641 2667 3696 ad
2719 3641 3057 3696 Antiochum
3114 3640 3257 3708 θεὸν,
3319 3641 3488 3697 libros
3546 3642 3734 3704 XVII;
3775 3639 3843 3692 De

2202 3730 2544 3785 divinatione
2576 3731 2740 3786 libros
2769 3732 2894 3794 1V;
2941 3731 3014 3785 De
3059 3730 3349 3801 sacriﬁciis
3400 3731 3493 3786 lib.
3528 3733 3558 3786 Ι
3579 3748 3601 3794 ;
3647 3730 3716 3784 De
3759 3729 3842 3781 Te-

2203 3820 2444 3890 trapoli;
2474 3821 2775 3876 Salaminis
2817 3819 3101 3889 origines;
3155 3819 3581 3890 Epigrammata
3629 3816 3836 3880 Attica;

2200 3911 2276 3964 De
2331 3910 2752 3966 Atheniensium
2826 3911 3216 3966 certaminibus
3273 3912 3440 3967 libros
3497 3911 3660 3967 XVII.
3717 3904 3834 3978 Περὶ

2197 4000 2306 4050 τῶν
2337 3999 2598 4070 Ἀθήνῃσι
2657 3996 2949 4067 ἀρξάντων,
3015 4005 3093 4054 De
3144 4000 3503 4056 archontibus
3552 3998 3838 4064 Aahenien-

2197 4090 2359 4153 sium,
2394 4105 2428 4143 a
2457 4087 2757 4143 Socratide
2789 4089 3041 4160 (Olymp.
3074 4091 3160 4142 CI.
3190 4091 3262 4160 3),
3314 4089 3388 4144 ad
3431 4087 3839 4161 Apollodorum

2199 4177 2450 4248 (Olymp.
2485 4178 2638 4244 CXV,
2694 4180 2749 4245 2)
2807 4177 3209 4249 Olympiades,
3263 4179 3418 4234 libris
3448 4181 3544 4245 II;
3594 4177 3840 4232 Adversus

2198 4266 2452 4321 Demonis
2510 4269 2742 4322 Atticam
2799 4269 3152 4331 Historiam;
3227 4270 3518 4338 Epitomen
3598 4263 3839 4322 Historiae

2201 4372 2320 4410 suaa
2361 4356 2589 4420 Atticae;
2641 4358 2931 4427 Epitomen
2988 4372 3214 4427 Operam
3265 4358 3523 4427 Dionysii
3577 4356 3642 4411 de
3685 4351 3840 4408 sacris

2198 4446 2411 4516 templis
2441 4463 2454 4511 ;
2479 4445 2550 4500 De
2580 4445 2864 4516 Sophoclis
2891 4446 3100 4514 fabulis
3126 4445 3291 4501 libros
3323 4447 3412 4508 V;
3444 4447 3516 4500 De
3548 4440 3839 4513 Euripide;

2199 4535 2270 4589 De
2307 4535 2569 4588 .4lcmane
2589 4552 2610 4599 ;
2641 4535 2714 4589 De
2763 4534 3174 4589 Atheniensium
3217 4537 3532 4604 mysteriis;
3583 4529 3838 4588 collectio-

426 4599 990 4681 risuimmod'erato'.
1023 4626 1102 4678 Ex
1131 4623 1348 4678 fabulis
1401 4624 1530 4694 ejus
1579 4627 1718 4676 sunt
1766 4621 2086 4695 Μισοψηχι-
2119 4599 2168 4665 Ῑ)
2197 4640 2318 4679 nem
2365 4624 2672 4691 heroidum,
2730 4625 2842 4678 sive
2916 4599 3395 4695 Pythagoreorum
3472 4599 3839 4693 feminarum;

434 4714 574 4769 σταί.
605 4715 854 4786 Scripsit
878 4711 1200 4786 Φιλόγελων
1230 4713 1348 4768 sive
1375 4715 1531 4767 Risus
1573 4718 1875 4778 amantem,
1926 4712 2083 4782 quod

432 4822 581 4876 opus
612 4804 685 4858 ab
718 4804 852 4858 aliis
876 4803 948 4858 ad
969 4803 1315 4874 (Hermiam)
1337 4802 1679 4857 Curiensem
1699 4801 1956 4856 refertur
1985 4804 2077 4872 (2).

426 4894 610 4966 Vulgo
645 4899 845 4948 tamen
879 4892 1181 4947 Nicaensis
1212 4892 1408 4963 potius
1441 4891 1679 4960 dicitur,
1710 4895 1777 4945 ut
1834 4895 2086 4945 testatur

438 4982 819 5056 Epigrdmma
841 4998 854 5035 :

565 5073 628 5129 Ὀ
658 5070 751 5126 τὸν
783 5069 1560 5143 πολυστένακτον-ἆνθρῴπωγ
1590 5067 1708 5142 βίον

569 5143 778 5199 Γέλωτι
807 5145 1038 5214 κεράσας
1073 5140 1298 5203 Νικαεὺς
1329 5139 1656 5194 ᾧιλιστίών.

570 5252 890 5307 Mortalium
923 5253 1022 5321 qui
1049 5253 1222 5305 vitam
1255 5247 1669 5321 lacrymabilem

569 5324 830 5380 Nicaenus
853 5318 972 5378 risu
1012 5327 1280 5392 temperat
1313 5318 1635 5374 Philistion.

496 5434 806 5500 Philistus,
838 5429 1200 5495 Naucratita,
1223 5428 1313 5484 vel
1339 5426 1707 5498 Syracusius,
1735 5427 2086 5484 Archonidaa

517 5631 570 5700 2)
605 5632 668 5686 V.
704 5643 904 5700 supra,
936 5625 1049 5681 vol.
1082 5625 1154 5692 ΙΙ,
1187 5639 1317 5696 pag.
1343 5622 1468 5678 480.
1503 5622 1678 5677 ΗΑιῑι.

495 5631 578 5770 i3)
610 5701 715 5754 Hic
745 5699 855 5754 sub
889 5697 1188 5754 Hadriano
1221 5695 1418 5750 clarus
1450 5693 1579 5749 fuit.
1615 5692 1678 5746 Vi

2197 4708 2464 4780 Δηλιακὰ,
2491 4715 2602 4768 sive
2632 4715 2707 4768 De
2736 4713 2918 4768 insula
2951 4714 3106 4780 Delo,
3140 4713 3304 4767 libros
3339 4714 3391 4766 II
3409 4731 3424 4780 ;
3457 4714 3530 4767 De
3580 4707 3839 4767 inventis;

2202 4802 2275 4856 De
2307 4801 2722 4856 lustrationibus
2745 4820 2766 4865 ;
2797 4803 2870 4856 De
2897 4801 3159 4856 smmbolis
3190 4803 3300 4856 sive
3328 4801 3522 4871 signis.

2265 4889 2580 4956 Philocles,
2601 4889 2930 4962 Polypithis
2953 4891 3035 4957 F.,
3054 4877 3835 4959 Atheniensis,tragicus,qui

2197 4985 2333 5052 post
2363 4980 2704 5052 Euripidem
2731 4980 2874 5034 vixit
2903 4985 2964 5035 et
2991 4977 3173 5049 Χολὴ,
3204 4979 3347 5036 Bilis
3396 4978 3836 5053 cognominatus

2197 5075 2288 5126 est
2314 5075 2373 5125 et
2403 5067 2675 5141 Ἀλμιων,
2697 5070 2892 5137 salsus,
2913 5076 3156 5142 propter
3176 5071 3660 5126 amarulentiam.
3695 5061 3835 5120 Scri-

2196 5160 2667 5233 psitTragcedias
2695 5166 2956 5225 centum,
3013 5176 3044 5214 e
3095 5178 3345 5232 quarum
3405 5176 3654 5216 numero
3712 5153 3838 5210 sunt

2195 5249 2480 5322 Ἦριγόνη,
2543 5247 2847 5317 Ναύπλιος,
2915 5244 3202 5319 Οἰδίπους,
3290 5248 3504 5316 Οἰνεὺς,
3581 5243 3834 5320 Πρίαμος,

2196 5335 2518 5408 Πηνελόπη,
2577 5335 2953 5407 Φιλοκτήτης.
3013 5339 3290 5411 Eschyli.
3353 5339 3578 5412 tragici,
3630 5329 3836 5391 sororis

2199 5429 2380 5496 illius,
2413 5429 2540 5501 ipse
2597 5429 2788 5501 capite
2842 5429 3223 5502 prominente
3281 5434 3340 5486 et
3391 5427 3722 5485 acuminata
3777 5421 3837 5473 ut

523 5691 578 5768 3)
610 5701 715 5754 Hic
745 5691 855 5754 sub
889 5691 1418 5754 Hadriano'cl'arus
1450 5693 1579 5749 fuit.
1615 5691 1757 5748 Vide
1789 5710 1986 5766 supra,
2022 5697 2084 5752 in
2111 5697 2438 5770 Hermippo,
2476 5701 2712 5771 Berytio.
