  <div class='ocr_page' id='page_1' title='image "/cluster/home/n/w/nwhite01/storage/ocr_20150623/117/coo.31924054870211/672.png"; bbox 0 0 4126 6438; ppageno 0'>
   <div class='ocr_carea' id='block_1_1' title="bbox 333 379 486 442">
    <p class='ocr_par' dir='ltr' id='par_1_1' title="bbox 333 379 486 442">
     <span class='ocr_line' id='line_1_1' title="bbox 333 379 486 442; baseline -0.007 0"><span class='ocrx_word' id='word_1_1' title='bbox 333 379 486 442; x_wconf 71' lang='grc'><strong>1321</strong></span> 
     </span>
    </p>
   </div>
   <div class='ocr_carea' id='block_1_2' title="bbox 1656 376 2439 453">
    <p class='ocr_par' dir='ltr' id='par_1_2' title="bbox 1656 376 2439 453">
     <span class='ocr_line' id='line_1_2' title="bbox 1656 376 2439 453; baseline 0.008 -11"><span class='ocrx_word' id='word_1_2' title='bbox 1656 379 1759 442; x_wconf 81' lang='lat' dir='ltr'><strong>DE</strong></span> <span class='ocrx_word' id='word_1_3' title='bbox 1799 376 2090 453; x_wconf 80' lang='lat' dir='ltr'><strong>QUIBUS</strong></span> <span class='ocrx_word' id='word_1_4' title='bbox 2133 376 2439 448; x_wconf 84' lang='lat' dir='ltr'><strong>SUIDAS.</strong></span> 
     </span>
    </p>
   </div>
   <div class='ocr_carea' id='block_1_3' title="bbox 3603 394 3764 456">
    <p class='ocr_par' dir='ltr' id='par_1_3' title="bbox 3603 394 3764 456">
     <span class='ocr_line' id='line_1_3' title="bbox 3603 394 3764 456; baseline -0.012 0"><span class='ocrx_word' id='word_1_5' title='bbox 3603 394 3764 456; x_wconf 74' lang='lat'><strong>1322</strong></span> 
     </span>
    </p>
   </div>
   <div class='ocr_carea' id='block_1_4' title="bbox 333 515 3766 599">
    <p class='ocr_par' dir='ltr' id='par_1_4' title="bbox 333 515 3766 599">
     <span class='ocr_line' id='line_1_4' title="bbox 333 515 3766 599; baseline 0.003 -26"><span class='ocrx_word' id='word_1_6' title='bbox 333 531 556 589; x_wconf 80' lang='lat' dir='ltr'><strong>upupa,</strong></span> <span class='ocrx_word' id='word_1_7' title='bbox 601 515 810 572; x_wconf 82' lang='lat' dir='ltr'><strong>‘ﬁlium</strong></span> <span class='ocrx_word' id='word_1_8' title='bbox 869 515 1078 572; x_wconf 84' lang='lat' dir='ltr'><strong>habuit</strong></span> <span class='ocrx_word' id='word_1_9' title='bbox 1131 517 1497 578; x_wconf 82' lang='lat' dir='ltr'><strong>Morsimum,</strong></span> <span class='ocrx_word' id='word_1_10' title='bbox 1550 516 1859 588; x_wconf 81' lang='lat' dir='ltr'><strong>tragicum,</strong></span> <span class='ocrx_word' id='word_1_11' title='bbox 1919 530 1990 570; x_wconf 90' lang='lat' dir='ltr'><strong>ex</strong></span> <span class='ocrx_word' id='word_1_12' title='bbox 2023 515 2068 580; x_wconf 78' lang='grc' dir='ltr'>Α</span> <span class='ocrx_word' id='word_1_13' title='bbox 2103 517 2281 573; x_wconf 89' lang='lat' dir='ltr'><strong>cundi</strong></span> <span class='ocrx_word' id='word_1_14' title='bbox 2314 521 2498 578; x_wconf 80' lang='lat' dir='ltr'><strong>frater</strong></span> <span class='ocrx_word' id='word_1_15' title='bbox 2526 530 2671 594; x_wconf 90' lang='lat' dir='ltr'><strong>erat,</strong></span> <span class='ocrx_word' id='word_1_16' title='bbox 2709 527 2990 583; x_wconf 88' lang='lat' dir='ltr'><strong>Lemnius</strong></span> <span class='ocrx_word' id='word_1_17' title='bbox 3023 533 3082 583; x_wconf 90' lang='lat' dir='ltr'><strong>et</strong></span> <span class='ocrx_word' id='word_1_18' title='bbox 3112 528 3240 599; x_wconf 86' lang='lat' dir='ltr'><strong>ipse</strong></span> <span class='ocrx_word' id='word_1_19' title='bbox 3273 527 3542 599; x_wconf 84' lang='lat' dir='ltr'><strong>sophista</strong></span> <span class='ocrx_word' id='word_1_20' title='bbox 3563 527 3766 585; x_wconf 85' lang='lat' dir='ltr'><strong>docuit</strong></span> 
     </span>
    </p>
   </div>
   <div class='ocr_carea' id='block_1_5' title="bbox 338 605 2000 681">
    <p class='ocr_par' dir='ltr' id='par_1_5' title="bbox 338 605 2000 681">
     <span class='ocr_line' id='line_1_5' title="bbox 338 605 2000 681; baseline -0.002 -19"><span class='ocrx_word' id='word_1_21' title='bbox 338 624 456 680; x_wconf 90' lang='lat' dir='ltr'><strong>quo</strong></span> <span class='ocrx_word' id='word_1_22' title='bbox 483 612 658 662; x_wconf 87' lang='lat' dir='ltr'><strong>natus</strong></span> <span class='ocrx_word' id='word_1_23' title='bbox 691 613 781 662; x_wconf 93' lang='lat' dir='ltr'><strong>est</strong></span> <span class='ocrx_word' id='word_1_24' title='bbox 807 607 1186 680; x_wconf 88' lang='lat' dir='ltr'><strong>Assydamas,</strong></span> <span class='ocrx_word' id='word_1_25' title='bbox 1221 609 1497 681; x_wconf 88' lang='lat' dir='ltr'><strong>tragicus,</strong></span> <span class='ocrx_word' id='word_1_26' title='bbox 1533 613 1592 662; x_wconf 89' lang='lat' dir='ltr'><strong>et</strong></span> <span class='ocrx_word' id='word_1_27' title='bbox 1621 623 1692 661; x_wconf 92' lang='lat' dir='ltr'><strong>ex</strong></span> <span class='ocrx_word' id='word_1_28' title='bbox 1723 607 1836 662; x_wconf 90' lang='lat' dir='ltr'><strong>isto</strong></span> <span class='ocrx_word' id='word_1_29' title='bbox 1868 605 2000 660; x_wconf 89' lang='lat' dir='ltr'><strong>Phi-</strong></span> 
     </span>
    </p>
   </div>
   <div class='ocr_carea' id='block_1_6' title="bbox 333 695 1998 769">
    <p class='ocr_par' dir='ltr' id='par_1_6' title="bbox 333 695 1998 769">
     <span class='ocr_line' id='line_1_6' title="bbox 333 695 1998 769; baseline -0.002 -18"><span class='ocrx_word' id='word_1_30' title='bbox 333 695 520 752; x_wconf 88' lang='lat' dir='ltr'><strong>locles</strong></span> <span class='ocrx_word' id='word_1_31' title='bbox 550 697 724 762; x_wconf 89' lang='lat' dir='ltr'><strong>alter,</strong></span> <span class='ocrx_word' id='word_1_32' title='bbox 755 695 900 750; x_wconf 85' lang='lat' dir='ltr'><strong>belli</strong></span> <span class='ocrx_word' id='word_1_33' title='bbox 951 695 1091 751; x_wconf 91' lang='lat' dir='ltr'><strong>dux.</strong></span> <span class='ocrx_word' id='word_1_34' title='bbox 1124 695 1315 769; x_wconf 75' lang='lat' dir='ltr'><strong>(Conf.</strong></span> <span class='ocrx_word' id='word_1_35' title='bbox 1369 696 1601 751; x_wconf 82' lang='lat' dir='ltr'><strong>Kusteri</strong></span> <span class='ocrx_word' id='word_1_36' title='bbox 1637 701 1759 751; x_wconf 90' lang='lat' dir='ltr'><strong>not.</strong></span> <span class='ocrx_word' id='word_1_37' title='bbox 1793 698 1824 748; x_wconf 83' lang='grc'><strong>5</strong></span> <span class='ocrx_word' id='word_1_38' title='bbox 1856 700 1915 749; x_wconf 90' lang='lat' dir='ltr'><strong>et</strong></span> <span class='ocrx_word' id='word_1_39' title='bbox 1943 696 1998 760; x_wconf 88' lang='lat'><strong>6,</strong></span> 
     </span>
    </p>
   </div>
   <div class='ocr_carea' id='block_1_7' title="bbox 339 785 944 858">
    <p class='ocr_par' dir='ltr' id='par_1_7' title="bbox 339 785 944 858">
     <span class='ocr_line' id='line_1_7' title="bbox 339 785 944 858; baseline 0 -18"><span class='ocrx_word' id='word_1_40' title='bbox 339 785 456 842; x_wconf 92' lang='lat' dir='ltr'><strong>vol.</strong></span> <span class='ocrx_word' id='word_1_41' title='bbox 492 787 590 849; x_wconf 87' lang='lat' dir='ltr'><strong>III,</strong></span> <span class='ocrx_word' id='word_1_42' title='bbox 625 802 756 858; x_wconf 86' lang='lat' dir='ltr'><strong>pag.</strong></span> <span class='ocrx_word' id='word_1_43' title='bbox 790 785 944 856; x_wconf 69' lang='lat'><strong>604.]</strong></span> 
     </span>
    </p>
   </div>
   <div class='ocr_carea' id='block_1_8' title="bbox 410 874 1998 946">
    <p class='ocr_par' dir='ltr' id='par_1_8' title="bbox 410 874 1998 946">
     <span class='ocr_line' id='line_1_8' title="bbox 410 874 1998 946; baseline -0.002 -16"><span class='ocrx_word' id='word_1_44' title='bbox 410 874 761 930; x_wconf 88' lang='lat' dir='ltr'><strong>Philonides</strong></span> <span class='ocrx_word' id='word_1_45' title='bbox 806 875 1211 942; x_wconf 74' lang='lat' dir='ltr'><strong>Atheniensis,</strong></span> <span class='ocrx_word' id='word_1_46' title='bbox 1265 876 1528 931; x_wconf 88' lang='lat' dir='ltr'><strong>comicus</strong></span> <span class='ocrx_word' id='word_1_47' title='bbox 1558 876 1862 946; x_wconf 88' lang='lat' dir='ltr'><strong>antiquus,</strong></span> <span class='ocrx_word' id='word_1_48' title='bbox 1897 883 1998 942; x_wconf 81' lang='lat' dir='ltr'><strong>qui</strong></span> 
     </span>
    </p>
   </div>
   <div class='ocr_carea' id='block_1_9' title="bbox 337 963 2000 1036">
    <p class='ocr_par' dir='ltr' id='par_1_9' title="bbox 337 963 2000 1036">
     <span class='ocr_line' id='line_1_9' title="bbox 337 963 2000 1036; baseline -0.005 -14"><span class='ocrx_word' id='word_1_49' title='bbox 337 971 477 1022; x_wconf 84' lang='lat' dir='ltr'><strong>ante</strong></span> <span class='ocrx_word' id='word_1_50' title='bbox 510 964 658 1020; x_wconf 81' lang='lat' dir='ltr'><strong>fullo</strong></span> <span class='ocrx_word' id='word_1_51' title='bbox 707 963 840 1020; x_wconf 86' lang='lat' dir='ltr'><strong>fuit.</strong></span> <span class='ocrx_word' id='word_1_52' title='bbox 905 965 983 1020; x_wconf 90' lang='lat' dir='ltr'><strong>Ex</strong></span> <span class='ocrx_word' id='word_1_53' title='bbox 1015 965 1321 1020; x_wconf 65' lang='lat' dir='ltr'><strong>comoediis</strong></span> <span class='ocrx_word' id='word_1_54' title='bbox 1379 967 1507 1036; x_wconf 83' lang='lat' dir='ltr'><strong>ejus</strong></span> <span class='ocrx_word' id='word_1_55' title='bbox 1539 971 1680 1021; x_wconf 89' lang='lat' dir='ltr'><strong>sunt</strong></span> <span class='ocrx_word' id='word_1_56' title='bbox 1713 963 2000 1036; x_wconf 77' lang='grc' dir='ltr'>Κόθορνοι,</span> 
     </span>
    </p>
   </div>
   <div class='ocr_carea' id='block_1_10' title="bbox 332 1049 1999 1125">
    <p class='ocr_par' dir='ltr' id='par_1_10' title="bbox 332 1049 1999 1125">
     <span class='ocr_line' id='line_1_10' title="bbox 332 1049 1999 1125; baseline -0.002 -15"><span class='ocrx_word' id='word_1_57' title='bbox 332 1055 579 1122; x_wconf 78' lang='grc' dir='ltr'><strong>’Λπήνη,</strong></span> <span class='ocrx_word' id='word_1_58' title='bbox 629 1049 977 1125; x_wconf 78' lang='grc' dir='ltr'>Φιλέταιρος.</span> <span class='ocrx_word' id='word_1_59' title='bbox 1036 1054 1200 1109; x_wconf 83' lang='lat' dir='ltr'><strong>Alias</strong></span> <span class='ocrx_word' id='word_1_60' title='bbox 1232 1054 1600 1120; x_wconf 89' lang='lat' dir='ltr'><strong>Philonides,</strong></span> <span class='ocrx_word' id='word_1_61' title='bbox 1653 1071 1832 1125; x_wconf 87' lang='lat' dir='ltr'><strong>quem</strong></span> <span class='ocrx_word' id='word_1_62' title='bbox 1865 1070 1999 1123; x_wconf 88' lang='lat' dir='ltr'><strong>per-</strong></span> 
     </span>
    </p>
   </div>
   <div class='ocr_carea' id='block_1_11' title="bbox 337 1143 2002 1216">
    <p class='ocr_par' dir='ltr' id='par_1_11' title="bbox 337 1143 2002 1216">
     <span class='ocr_line' id='line_1_11' title="bbox 337 1143 2002 1216; baseline -0.004 -16"><span class='ocrx_word' id='word_1_63' title='bbox 337 1145 576 1216; x_wconf 88' lang='lat' dir='ltr'><strong>stringit</strong></span> <span class='ocrx_word' id='word_1_64' title='bbox 604 1143 904 1214; x_wconf 76' lang='lat' dir='ltr'><strong>Aristoph.</strong></span> <span class='ocrx_word' id='word_1_65' title='bbox 960 1145 1021 1198; x_wconf 91' lang='lat' dir='ltr'><strong>in</strong></span> <span class='ocrx_word' id='word_1_66' title='bbox 1081 1167 1107 1194; x_wconf 84' lang='lat'><strong>«</strong></span> <span class='ocrx_word' id='word_1_67' title='bbox 1142 1145 1303 1200; x_wconf 79' lang='lat' dir='ltr'><strong>Pluto</strong></span> <span class='ocrx_word' id='word_1_68' title='bbox 1337 1168 1363 1194; x_wconf 84' lang='lat'><strong>»</strong></span> <span class='ocrx_word' id='word_1_69' title='bbox 1397 1151 1455 1199; x_wconf 92' lang='lat' dir='ltr'><strong>et</strong></span> <span class='ocrx_word' id='word_1_70' title='bbox 1501 1145 1573 1199; x_wconf 91' lang='lat' dir='ltr'><strong>de</strong></span> <span class='ocrx_word' id='word_1_71' title='bbox 1607 1160 1722 1215; x_wconf 92' lang='lat' dir='ltr'><strong>quo</strong></span> <span class='ocrx_word' id='word_1_72' title='bbox 1762 1159 2002 1213; x_wconf 89' lang='lat' dir='ltr'><strong>prover-</strong></span> 
     </span>
    </p>
   </div>
   <div class='ocr_carea' id='block_1_12' title="bbox 340 1228 1874 1306">
    <p class='ocr_par' dir='ltr' id='par_1_12' title="bbox 340 1228 1874 1306">
     <span class='ocr_line' id='line_1_12' title="bbox 340 1228 1874 1306; baseline -0.004 -17"><span class='ocrx_word' id='word_1_73' title='bbox 340 1235 507 1290; x_wconf 83' lang='lat' dir='ltr'><strong>bium</strong></span> <span class='ocrx_word' id='word_1_74' title='bbox 534 1251 546 1288; x_wconf 87' lang='lat'><strong>:</strong></span> <span class='ocrx_word' id='word_1_75' title='bbox 583 1228 1070 1306; x_wconf 71' lang='grc' dir='ltr'><strong>Ἀπαιιδευτότερος</strong></span> <span class='ocrx_word' id='word_1_76' title='bbox 1100 1230 1418 1286; x_wconf 84' lang='grc' dir='ltr'>Φιλωνίδου</span> <span class='ocrx_word' id='word_1_77' title='bbox 1448 1236 1546 1286; x_wconf 83' lang='grc' dir='ltr'>τοῦ</span> <span class='ocrx_word' id='word_1_78' title='bbox 1576 1229 1874 1291; x_wconf 72' lang='grc' dir='ltr'><strong>Μελιτέως.</strong></span> 
     </span>
    </p>
   </div>
   <div class='ocr_carea' id='block_1_13' title="bbox 413 1321 1997 1394">
    <p class='ocr_par' dir='ltr' id='par_1_13' title="bbox 413 1321 1997 1394">
     <span class='ocr_line' id='line_1_13' title="bbox 413 1321 1997 1394; baseline -0.001 -17"><span class='ocrx_word' id='word_1_79' title='bbox 413 1323 822 1394; x_wconf 71' lang='grc' dir='ltr'><strong>Ρὴίιορωιῐιθιι</strong></span> <span class='ocrx_word' id='word_1_80' title='bbox 874 1322 1242 1378; x_wconf 87' lang='lat' dir='ltr'><strong>institutusa</strong></span> <span class='ocrx_word' id='word_1_81' title='bbox 1299 1322 1579 1389; x_wconf 86' lang='lat' dir='ltr'><strong>Cleando,</strong></span> <span class='ocrx_word' id='word_1_82' title='bbox 1621 1321 1997 1386; x_wconf 83' lang='lat' dir='ltr'><strong>Mantinensi,</strong></span> 
     </span>
    </p>
   </div>
   <div class='ocr_carea' id='block_1_14' title="bbox 337 1411 2000 1485">
    <p class='ocr_par' dir='ltr' id='par_1_14' title="bbox 337 1411 2000 1485">
     <span class='ocr_line' id='line_1_14' title="bbox 337 1411 2000 1485; baseline -0.002 -17"><span class='ocrx_word' id='word_1_83' title='bbox 337 1419 584 1485; x_wconf 86' lang='lat' dir='ltr'><strong>paterno</strong></span> <span class='ocrx_word' id='word_1_84' title='bbox 620 1411 872 1482; x_wconf 79' lang='lat' dir='ltr'><strong>hospite.</strong></span> <span class='ocrx_word' id='word_1_85' title='bbox 925 1413 1136 1466; x_wconf 78' lang='lat' dir='ltr'><strong>Postea</strong></span> <span class='ocrx_word' id='word_1_86' title='bbox 1184 1411 1647 1467; x_wconf 77' lang='lat' dir='ltr'><strong>adolescentiam</strong></span> <span class='ocrx_word' id='word_1_87' title='bbox 1697 1411 2000 1483; x_wconf 89' lang='lat' dir='ltr'><strong>ingressus</strong></span> 
     </span>
    </p>
   </div>
   <div class='ocr_carea' id='block_1_15' title="bbox 340 1502 1998 1574">
    <p class='ocr_par' dir='ltr' id='par_1_15' title="bbox 340 1502 1998 1574">
     <span class='ocr_line' id='line_1_15' title="bbox 340 1502 1998 1574; baseline -0.002 -16"><span class='ocrx_word' id='word_1_88' title='bbox 340 1503 668 1559; x_wconf 85' lang='lat' dir='ltr'><strong>Ecdemum</strong></span> <span class='ocrx_word' id='word_1_89' title='bbox 698 1517 766 1556; x_wconf 87' lang='lat' dir='ltr'><strong>ac</strong></span> <span class='ocrx_word' id='word_1_90' title='bbox 801 1503 1242 1573; x_wconf 88' lang='lat' dir='ltr'><strong>Demophanem</strong></span> <span class='ocrx_word' id='word_1_91' title='bbox 1291 1504 1368 1574; x_wconf 78' lang='grc'><strong>(4)</strong></span> <span class='ocrx_word' id='word_1_92' title='bbox 1415 1502 1629 1557; x_wconf 87' lang='lat' dir='ltr'><strong>sectari</strong></span> <span class='ocrx_word' id='word_1_93' title='bbox 1661 1505 1858 1572; x_wconf 83' lang='lat' dir='ltr'><strong>coepit,</strong></span> <span class='ocrx_word' id='word_1_94' title='bbox 1891 1517 1998 1572; x_wconf 88' lang='lat' dir='ltr'><strong>ge-</strong></span> 
     </span>
    </p>
   </div>
   <div class='ocr_carea' id='block_1_16' title="bbox 347 1590 1998 1663">
    <p class='ocr_par' dir='ltr' id='par_1_16' title="bbox 347 1590 1998 1663">
     <span class='ocr_line' id='line_1_16' title="bbox 347 1590 1998 1663; baseline -0.002 -16"><span class='ocrx_word' id='word_1_95' title='bbox 347 1609 490 1648; x_wconf 84' lang='lat' dir='ltr'><strong>nere</strong></span> <span class='ocrx_word' id='word_1_96' title='bbox 523 1590 1009 1663; x_wconf 89' lang='lat' dir='ltr'><strong>Megapolitanus,</strong></span> <span class='ocrx_word' id='word_1_97' title='bbox 1045 1597 1433 1661; x_wconf 85' lang='lat' dir='ltr'><strong>tyrannorum</strong></span> <span class='ocrx_word' id='word_1_98' title='bbox 1461 1590 1596 1645; x_wconf 92' lang='lat' dir='ltr'><strong>odio</strong></span> <span class='ocrx_word' id='word_1_99' title='bbox 1642 1591 1834 1662; x_wconf 91' lang='lat' dir='ltr'><strong>patria</strong></span> <span class='ocrx_word' id='word_1_100' title='bbox 1865 1607 1998 1661; x_wconf 88' lang='lat' dir='ltr'><strong>pro-</strong></span> 
     </span>
    </p>
   </div>
   <div class='ocr_carea' id='block_1_17' title="bbox 342 1679 2003 1754">
    <p class='ocr_par' dir='ltr' id='par_1_17' title="bbox 342 1679 2003 1754">
     <span class='ocr_line' id='line_1_17' title="bbox 342 1679 2003 1754; baseline -0.001 -17"><span class='ocrx_word' id='word_1_101' title='bbox 342 1683 512 1754; x_wconf 86' lang='lat' dir='ltr'><strong>fugos</strong></span> <span class='ocrx_word' id='word_1_102' title='bbox 543 1686 603 1734; x_wconf 90' lang='lat' dir='ltr'><strong>et</strong></span> <span class='ocrx_word' id='word_1_103' title='bbox 631 1679 942 1742; x_wconf 86' lang='lat' dir='ltr'><strong>Arcesilai,</strong></span> <span class='ocrx_word' id='word_1_104' title='bbox 966 1680 1326 1751; x_wconf 87' lang='lat' dir='ltr'><strong>philosophi,</strong></span> <span class='ocrx_word' id='word_1_105' title='bbox 1361 1681 1632 1735; x_wconf 90' lang='lat' dir='ltr'><strong>convictu</strong></span> <span class='ocrx_word' id='word_1_106' title='bbox 1664 1686 1803 1734; x_wconf 92' lang='lat' dir='ltr'><strong>tunc</strong></span> <span class='ocrx_word' id='word_1_107' title='bbox 1833 1687 2003 1736; x_wconf 90' lang='lat' dir='ltr'><strong>uten-</strong></span> 
     </span>
    </p>
   </div>
   <div class='ocr_carea' id='block_1_18' title="bbox 341 1767 1998 1840">
    <p class='ocr_par' dir='ltr' id='par_1_18' title="bbox 341 1767 1998 1840">
     <span class='ocr_line' id='line_1_18' title="bbox 341 1767 1998 1840; baseline -0.002 -15"><span class='ocrx_word' id='word_1_108' title='bbox 341 1774 455 1836; x_wconf 85' lang='lat' dir='ltr'><strong>tes,</strong></span> <span class='ocrx_word' id='word_1_109' title='bbox 487 1768 588 1840; x_wconf 88' lang='lat' dir='ltr'><strong>qui</strong></span> <span class='ocrx_word' id='word_1_110' title='bbox 616 1767 681 1822; x_wconf 90' lang='lat' dir='ltr'><strong>in</strong></span> <span class='ocrx_word' id='word_1_111' title='bbox 713 1767 1030 1823; x_wconf 88' lang='lat' dir='ltr'><strong>evertendo</strong></span> <span class='ocrx_word' id='word_1_112' title='bbox 1063 1767 1321 1833; x_wconf 89' lang='lat' dir='ltr'><strong>Nicocle,</strong></span> <span class='ocrx_word' id='word_1_113' title='bbox 1353 1768 1764 1838; x_wconf 85' lang='lat' dir='ltr'><strong>Sicyoniorum</strong></span> <span class='ocrx_word' id='word_1_114' title='bbox 1796 1773 1998 1838; x_wconf 86' lang='lat' dir='ltr'><strong>tyran-</strong></span> 
     </span>
    </p>
   </div>
   <div class='ocr_carea' id='block_1_19' title="bbox 338 1857 1886 1929">
    <p class='ocr_par' dir='ltr' id='par_1_19' title="bbox 338 1857 1886 1929">
     <span class='ocr_line' id='line_1_19' title="bbox 338 1857 1886 1929; baseline -0.003 -14"><span class='ocrx_word' id='word_1_115' title='bbox 338 1877 438 1923; x_wconf 95' lang='lat' dir='ltr'><strong>no,</strong></span> <span class='ocrx_word' id='word_1_116' title='bbox 472 1863 719 1914; x_wconf 88' lang='lat' dir='ltr'><strong>Aratum</strong></span> <span class='ocrx_word' id='word_1_117' title='bbox 750 1875 931 1929; x_wconf 89' lang='lat' dir='ltr'><strong>opera</strong></span> <span class='ocrx_word' id='word_1_118' title='bbox 957 1875 1064 1914; x_wconf 90' lang='lat' dir='ltr'><strong>sua</strong></span> <span class='ocrx_word' id='word_1_119' title='bbox 1092 1858 1447 1927; x_wconf 88' lang='lat' dir='ltr'><strong>adjuverunt</strong></span> <span class='ocrx_word' id='word_1_120' title='bbox 1476 1859 1571 1929; x_wconf 91' lang='lat' dir='ltr'><strong>(ex</strong></span> <span class='ocrx_word' id='word_1_121' title='bbox 1599 1857 1886 1928; x_wconf 88' lang='lat' dir='ltr'><strong>Polybio).</strong></span> 
     </span>
    </p>
   </div>
   <div class='ocr_carea' id='block_1_20' title="bbox 414 1944 1993 2018">
    <p class='ocr_par' dir='ltr' id='par_1_20' title="bbox 414 1944 1993 2018">
     <span class='ocr_line' id='line_1_20' title="bbox 414 1944 1993 2018; baseline -0.003 -15"><span class='ocrx_word' id='word_1_122' title='bbox 414 1947 809 2018; x_wconf 79' lang='lat' dir='ltr'><strong>PhiIOSOphus</strong></span> <span class='ocrx_word' id='word_1_123' title='bbox 840 1948 939 2017; x_wconf 81' lang='lat'><strong>(5),</strong></span> <span class='ocrx_word' id='word_1_124' title='bbox 965 1947 1066 2017; x_wconf 92' lang='lat' dir='ltr'><strong>qui</strong></span> <span class='ocrx_word' id='word_1_125' title='bbox 1094 1946 1359 2001; x_wconf 87' lang='lat' dir='ltr'><strong>Platonis</strong></span> <span class='ocrx_word' id='word_1_126' title='bbox 1392 1945 1552 2017; x_wconf 80' lang='lat' dir='ltr'><strong>leges</strong></span> <span class='ocrx_word' id='word_1_127' title='bbox 1585 1944 1645 2000; x_wconf 90' lang='lat' dir='ltr'><strong>in</strong></span> <span class='ocrx_word' id='word_1_128' title='bbox 1678 1945 1774 1999; x_wconf 80' lang='lat' dir='ltr'><strong>XII</strong></span> <span class='ocrx_word' id='word_1_129' title='bbox 1808 1944 1993 1999; x_wconf 91' lang='lat' dir='ltr'><strong>libros</strong></span> 
     </span>
    </p>
   </div>
   <div class='ocr_carea' id='block_1_21' title="bbox 341 2031 1993 2106">
    <p class='ocr_par' dir='ltr' id='par_1_21' title="bbox 341 2031 1993 2106">
     <span class='ocr_line' id='line_1_21' title="bbox 341 2031 1993 2106; baseline -0.004 -15"><span class='ocrx_word' id='word_1_130' title='bbox 341 2036 542 2092; x_wconf 88' lang='lat' dir='ltr'><strong>divisit</strong></span> <span class='ocrx_word' id='word_1_131' title='bbox 565 2035 887 2106; x_wconf 89' lang='lat' dir='ltr'><strong>(decimum</strong></span> <span class='ocrx_word' id='word_1_132' title='bbox 921 2035 1163 2088; x_wconf 91' lang='lat' dir='ltr'><strong>tertium</strong></span> <span class='ocrx_word' id='word_1_133' title='bbox 1195 2034 1356 2089; x_wconf 90' lang='lat' dir='ltr'><strong>enim</strong></span> <span class='ocrx_word' id='word_1_134' title='bbox 1387 2035 1512 2105; x_wconf 91' lang='lat' dir='ltr'><strong>ipse</strong></span> <span class='ocrx_word' id='word_1_135' title='bbox 1549 2031 1848 2088; x_wconf 90' lang='lat' dir='ltr'><strong>addidisse</strong></span> <span class='ocrx_word' id='word_1_136' title='bbox 1878 2031 1993 2085; x_wconf 79' lang='lat' dir='ltr'><strong>fer-</strong></span> 
     </span>
    </p>
   </div>
   <div class='ocr_carea' id='block_1_22' title="bbox 339 2122 1996 2194">
    <p class='ocr_par' dir='ltr' id='par_1_22' title="bbox 339 2122 1996 2194">
     <span class='ocr_line' id='line_1_22' title="bbox 339 2122 1996 2194; baseline -0.001 -15"><span class='ocrx_word' id='word_1_137' title='bbox 339 2127 476 2192; x_wconf 86' lang='lat' dir='ltr'><strong>tur).</strong></span> <span class='ocrx_word' id='word_1_138' title='bbox 516 2123 772 2179; x_wconf 89' lang='lat' dir='ltr'><strong>Socratis</strong></span> <span class='ocrx_word' id='word_1_139' title='bbox 799 2129 858 2178; x_wconf 91' lang='lat' dir='ltr'><strong>et</strong></span> <span class='ocrx_word' id='word_1_140' title='bbox 907 2123 1094 2194; x_wconf 89' lang='lat' dir='ltr'><strong>ipsius</strong></span> <span class='ocrx_word' id='word_1_141' title='bbox 1125 2123 1392 2177; x_wconf 90' lang='lat' dir='ltr'><strong>Platonis</strong></span> <span class='ocrx_word' id='word_1_142' title='bbox 1431 2122 1688 2189; x_wconf 88' lang='lat' dir='ltr'><strong>auditor,</strong></span> <span class='ocrx_word' id='word_1_143' title='bbox 1723 2122 1822 2193; x_wconf 90' lang='lat' dir='ltr'><strong>qui</strong></span> <span class='ocrx_word' id='word_1_144' title='bbox 1856 2139 1996 2178; x_wconf 85' lang='lat' dir='ltr'><strong>con-</strong></span> 
     </span>
    </p>
   </div>
   <div class='ocr_carea' id='block_1_23' title="bbox 339 2212 1998 2284">
    <p class='ocr_par' dir='ltr' id='par_1_23' title="bbox 339 2212 1998 2284">
     <span class='ocr_line' id='line_1_23' title="bbox 339 2212 1998 2284; baseline -0.001 -16"><span class='ocrx_word' id='word_1_145' title='bbox 339 2213 716 2284; x_wconf 89' lang='lat' dir='ltr'><strong>templationi</strong></span> <span class='ocrx_word' id='word_1_146' title='bbox 738 2229 937 2268; x_wconf 90' lang='lat' dir='ltr'><strong>rerum</strong></span> <span class='ocrx_word' id='word_1_147' title='bbox 961 2213 1291 2268; x_wconf 66' lang='lat' dir='ltr'><strong>caelestium</strong></span> <span class='ocrx_word' id='word_1_148' title='bbox 1303 2212 1546 2270; x_wconf 91' lang='lat' dir='ltr'><strong>vocavit.</strong></span> <span class='ocrx_word' id='word_1_149' title='bbox 1567 2213 1717 2266; x_wconf 80' lang='lat' dir='ltr'><strong>Vixit</strong></span> <span class='ocrx_word' id='word_1_150' title='bbox 1734 2218 1998 2282; x_wconf 86' lang='lat' dir='ltr'><strong>tempore</strong></span> 
     </span>
    </p>
   </div>
   <div class='ocr_carea' id='block_1_24' title="bbox 343 2301 2001 2374">
    <p class='ocr_par' dir='ltr' id='par_1_24' title="bbox 343 2301 2001 2374">
     <span class='ocr_line' id='line_1_24' title="bbox 343 2301 2001 2374; baseline 0.002 -21"><span class='ocrx_word' id='word_1_151' title='bbox 343 2303 602 2374; x_wconf 89' lang='lat' dir='ltr'><strong>Philippi</strong></span> <span class='ocrx_word' id='word_1_152' title='bbox 632 2302 988 2367; x_wconf 79' lang='lat' dir='ltr'><strong>Macedonis,</strong></span> <span class='ocrx_word' id='word_1_153' title='bbox 1025 2307 1083 2358; x_wconf 91' lang='lat' dir='ltr'><strong>et</strong></span> <span class='ocrx_word' id='word_1_154' title='bbox 1110 2303 1235 2357; x_wconf 63' lang='lat' dir='ltr'><strong>haec</strong></span> <span class='ocrx_word' id='word_1_155' title='bbox 1284 2302 1560 2373; x_wconf 89' lang='lat' dir='ltr'><strong>scripsit:</strong></span> <span class='ocrx_word' id='word_1_156' title='bbox 1595 2324 1620 2350; x_wconf 89' lang='grc'><strong>‹‹</strong></span> <span class='ocrx_word' id='word_1_157' title='bbox 1658 2303 1737 2356; x_wconf 93' lang='lat' dir='ltr'><strong>De</strong></span> <span class='ocrx_word' id='word_1_158' title='bbox 1769 2301 1912 2356; x_wconf 89' lang='lat' dir='ltr'><strong>solis</strong></span> <span class='ocrx_word' id='word_1_159' title='bbox 1942 2306 2001 2356; x_wconf 92' lang='lat' dir='ltr'><strong>et</strong></span> 
     </span>
    </p>
   </div>
   <div class='ocr_carea' id='block_1_25' title="bbox 349 2394 1996 2464">
    <p class='ocr_par' dir='ltr' id='par_1_25' title="bbox 349 2394 1996 2464">
     <span class='ocr_line' id='line_1_25' title="bbox 349 2394 1996 2464; baseline 0.001 -19"><span class='ocrx_word' id='word_1_160' title='bbox 349 2418 370 2444; x_wconf 80' lang='grc' dir='ltr'><strong>ι</strong></span> <span class='ocrx_word' id='word_1_161' title='bbox 409 2395 568 2449; x_wconf 61' lang='lat' dir='ltr'><strong>lunas</strong></span> <span class='ocrx_word' id='word_1_162' title='bbox 599 2394 949 2461; x_wconf 89' lang='lat' dir='ltr'><strong>intervallo;</strong></span> <span class='ocrx_word' id='word_1_163' title='bbox 983 2395 1063 2448; x_wconf 92' lang='lat' dir='ltr'><strong>De</strong></span> <span class='ocrx_word' id='word_1_164' title='bbox 1086 2394 1202 2448; x_wconf 91' lang='lat' dir='ltr'><strong>diis</strong></span> <span class='ocrx_word' id='word_1_165' title='bbox 1244 2394 1426 2448; x_wconf 92' lang='lat' dir='ltr'><strong>libros</strong></span> <span class='ocrx_word' id='word_1_166' title='bbox 1459 2395 1546 2459; x_wconf 90' lang='lat' dir='ltr'><strong>II;</strong></span> <span class='ocrx_word' id='word_1_167' title='bbox 1579 2395 1658 2448; x_wconf 90' lang='lat' dir='ltr'><strong>De</strong></span> <span class='ocrx_word' id='word_1_168' title='bbox 1690 2399 1996 2464; x_wconf 89' lang='lat' dir='ltr'><strong>tempore;</strong></span> 
     </span>
    </p>
   </div>
   <div class='ocr_carea' id='block_1_26' title="bbox 345 2483 1998 2550">
    <p class='ocr_par' dir='ltr' id='par_1_26' title="bbox 345 2483 1998 2550">
     <span class='ocr_line' id='line_1_26' title="bbox 345 2483 1998 2550; baseline 0.002 -16"><span class='ocrx_word' id='word_1_169' title='bbox 345 2506 372 2534; x_wconf 76' lang='grc' dir='ltr'><strong><em>α</em></strong></span> <span class='ocrx_word' id='word_1_170' title='bbox 409 2485 487 2538; x_wconf 90' lang='lat' dir='ltr'><strong>De</strong></span> <span class='ocrx_word' id='word_1_171' title='bbox 517 2483 773 2550; x_wconf 87' lang='lat' dir='ltr'><strong>fabulis;</strong></span> <span class='ocrx_word' id='word_1_172' title='bbox 807 2485 888 2538; x_wconf 92' lang='lat' dir='ltr'><strong>De</strong></span> <span class='ocrx_word' id='word_1_173' title='bbox 921 2483 1192 2538; x_wconf 84' lang='lat' dir='ltr'><strong>libertate</strong></span> <span class='ocrx_word' id='word_1_174' title='bbox 1220 2500 1234 2548; x_wconf 88' lang='lat'><strong>;</strong></span> <span class='ocrx_word' id='word_1_175' title='bbox 1268 2484 1346 2538; x_wconf 92' lang='lat' dir='ltr'><strong>De</strong></span> <span class='ocrx_word' id='word_1_176' title='bbox 1380 2484 1504 2548; x_wconf 88' lang='lat' dir='ltr'><strong>ira;</strong></span> <span class='ocrx_word' id='word_1_177' title='bbox 1545 2483 1623 2536; x_wconf 91' lang='lat' dir='ltr'><strong>De</strong></span> <span class='ocrx_word' id='word_1_178' title='bbox 1655 2483 1998 2537; x_wconf 88' lang='lat' dir='ltr'><strong>retributio-</strong></span> 
     </span>
    </p>
   </div>
   <div class='ocr_carea' id='block_1_27' title="bbox 343 2572 1992 2644">
    <p class='ocr_par' dir='ltr' id='par_1_27' title="bbox 343 2572 1992 2644">
     <span class='ocr_line' id='line_1_27' title="bbox 343 2572 1992 2644; baseline -0.002 -15"><span class='ocrx_word' id='word_1_179' title='bbox 343 2597 370 2623; x_wconf 91' lang='grc'><strong>‹‹</strong></span> <span class='ocrx_word' id='word_1_180' title='bbox 402 2590 475 2628; x_wconf 90' lang='lat' dir='ltr'><strong>ne</strong></span> <span class='ocrx_word' id='word_1_181' title='bbox 504 2591 517 2641; x_wconf 92' lang='lat'><strong>;</strong></span> <span class='ocrx_word' id='word_1_182' title='bbox 544 2575 622 2629; x_wconf 93' lang='lat' dir='ltr'><strong>De</strong></span> <span class='ocrx_word' id='word_1_183' title='bbox 646 2573 844 2629; x_wconf 91' lang='lat' dir='ltr'><strong>Locris</strong></span> <span class='ocrx_word' id='word_1_184' title='bbox 861 2573 1132 2644; x_wconf 91' lang='lat' dir='ltr'><strong>Opuntiis</strong></span> <span class='ocrx_word' id='word_1_185' title='bbox 1159 2590 1171 2638; x_wconf 91' lang='lat'><strong>;</strong></span> <span class='ocrx_word' id='word_1_186' title='bbox 1199 2574 1276 2627; x_wconf 88' lang='lat' dir='ltr'><strong>De</strong></span> <span class='ocrx_word' id='word_1_187' title='bbox 1293 2573 1592 2643; x_wconf 87' lang='lat' dir='ltr'><strong>voluptate</strong></span> <span class='ocrx_word' id='word_1_188' title='bbox 1617 2589 1630 2638; x_wconf 92' lang='lat'><strong>;</strong></span> <span class='ocrx_word' id='word_1_189' title='bbox 1652 2572 1732 2626; x_wconf 91' lang='lat' dir='ltr'><strong>De</strong></span> <span class='ocrx_word' id='word_1_190' title='bbox 1753 2587 1955 2627; x_wconf 90' lang='lat' dir='ltr'><strong>amore</strong></span> <span class='ocrx_word' id='word_1_191' title='bbox 1978 2591 1992 2639; x_wconf 91' lang='lat'><strong>;</strong></span> 
     </span>
    </p>
   </div>
   <div class='ocr_carea' id='block_1_28' title="bbox 344 2661 1996 2733">
    <p class='ocr_par' dir='ltr' id='par_1_28' title="bbox 344 2661 1996 2733">
     <span class='ocr_line' id='line_1_28' title="bbox 344 2661 1996 2733; baseline -0.003 -16"><span class='ocrx_word' id='word_1_192' title='bbox 344 2685 373 2711; x_wconf 78' lang='grc' dir='ltr'><strong>ιι</strong></span> <span class='ocrx_word' id='word_1_193' title='bbox 406 2664 485 2717; x_wconf 90' lang='lat' dir='ltr'><strong>De</strong></span> <span class='ocrx_word' id='word_1_194' title='bbox 515 2663 723 2719; x_wconf 87' lang='lat' dir='ltr'><strong>amicis</strong></span> <span class='ocrx_word' id='word_1_195' title='bbox 755 2668 815 2718; x_wconf 89' lang='lat' dir='ltr'><strong>et</strong></span> <span class='ocrx_word' id='word_1_196' title='bbox 835 2663 1136 2729; x_wconf 88' lang='lat' dir='ltr'><strong>amicitia;</strong></span> <span class='ocrx_word' id='word_1_197' title='bbox 1169 2663 1249 2716; x_wconf 91' lang='lat' dir='ltr'><strong>De</strong></span> <span class='ocrx_word' id='word_1_198' title='bbox 1281 2661 1604 2733; x_wconf 89' lang='lat' dir='ltr'><strong>scriptione</strong></span> <span class='ocrx_word' id='word_1_199' title='bbox 1630 2678 1644 2726; x_wconf 92' lang='lat'><strong>;</strong></span> <span class='ocrx_word' id='word_1_200' title='bbox 1677 2679 1708 2712; x_wconf 73' lang='grc' dir='ltr'>ι)</span> <span class='ocrx_word' id='word_1_201' title='bbox 1742 2661 1871 2732; x_wconf 86' lang='grc' dir='ltr'><strong>Περὶ</strong></span> <span class='ocrx_word' id='word_1_202' title='bbox 1901 2662 1996 2714; x_wconf 84' lang='grc' dir='ltr'><strong>τοῦ</strong></span> 
     </span>
    </p>
   </div>
   <div class='ocr_carea' id='block_1_29' title="bbox 341 2749 1995 2827">
    <p class='ocr_par' dir='ltr' id='par_1_29' title="bbox 341 2749 1995 2827">
     <span class='ocr_line' id='line_1_29' title="bbox 341 2749 1995 2827; baseline 0 -23"><span class='ocrx_word' id='word_1_203' title='bbox 341 2749 587 2827; x_wconf 74' lang='grc' dir='ltr'>γράφειν’</span> <span class='ocrx_word' id='word_1_204' title='bbox 624 2773 652 2801; x_wconf 85' lang='grc'>‹‹</span> <span class='ocrx_word' id='word_1_205' title='bbox 685 2753 765 2806; x_wconf 88' lang='lat' dir='ltr'><strong>De</strong></span> <span class='ocrx_word' id='word_1_206' title='bbox 795 2751 1075 2818; x_wconf 87' lang='lat' dir='ltr'><strong>Platone;</strong></span> <span class='ocrx_word' id='word_1_207' title='bbox 1130 2751 1209 2804; x_wconf 90' lang='lat' dir='ltr'><strong>De</strong></span> <span class='ocrx_word' id='word_1_208' title='bbox 1241 2750 1447 2820; x_wconf 90' lang='lat' dir='ltr'><strong>eclipsi</strong></span> <span class='ocrx_word' id='word_1_209' title='bbox 1493 2755 1554 2804; x_wconf 93' lang='lat' dir='ltr'><strong>et</strong></span> <span class='ocrx_word' id='word_1_210' title='bbox 1583 2749 1995 2821; x_wconf 80' lang='lat' dir='ltr'><strong>magnitudine</strong></span> 
     </span>
    </p>
   </div>
   <div class='ocr_carea' id='block_1_30' title="bbox 344 2837 1991 2911">
    <p class='ocr_par' dir='ltr' id='par_1_30' title="bbox 344 2837 1991 2911">
     <span class='ocr_line' id='line_1_30' title="bbox 344 2837 1991 2911; baseline 0.001 -21"><span class='ocrx_word' id='word_1_211' title='bbox 344 2864 371 2890; x_wconf 84' lang='grc'><strong>‹‹</strong></span> <span class='ocrx_word' id='word_1_212' title='bbox 407 2841 551 2896; x_wconf 89' lang='lat' dir='ltr'><strong>solis</strong></span> <span class='ocrx_word' id='word_1_213' title='bbox 582 2846 642 2895; x_wconf 91' lang='lat' dir='ltr'><strong>et</strong></span> <span class='ocrx_word' id='word_1_214' title='bbox 669 2841 825 2895; x_wconf 70' lang='lat' dir='ltr'><strong>lunas</strong></span> <span class='ocrx_word' id='word_1_215' title='bbox 859 2849 917 2895; x_wconf 94' lang='lat' dir='ltr'><strong>et</strong></span> <span class='ocrx_word' id='word_1_216' title='bbox 947 2845 1120 2894; x_wconf 70' lang='lat' dir='ltr'><strong>terras</strong></span> <span class='ocrx_word' id='word_1_217' title='bbox 1149 2857 1163 2907; x_wconf 92' lang='lat'><strong>;</strong></span> <span class='ocrx_word' id='word_1_218' title='bbox 1217 2840 1297 2894; x_wconf 90' lang='lat' dir='ltr'><strong>De</strong></span> <span class='ocrx_word' id='word_1_219' title='bbox 1340 2837 1713 2911; x_wconf 82' lang='lat' dir='ltr'><strong>fulguribus;</strong></span> <span class='ocrx_word' id='word_1_220' title='bbox 1747 2839 1828 2893; x_wconf 92' lang='lat' dir='ltr'><strong>De</strong></span> <span class='ocrx_word' id='word_1_221' title='bbox 1857 2839 1991 2910; x_wconf 91' lang='lat' dir='ltr'><strong>pla-</strong></span> 
     </span>
    </p>
   </div>
   <div class='ocr_carea' id='block_1_31' title="bbox 339 2925 1992 2999">
    <p class='ocr_par' dir='ltr' id='par_1_31' title="bbox 339 2925 1992 2999">
     <span class='ocr_line' id='line_1_31' title="bbox 339 2925 1992 2999; baseline -0.003 -16"><span class='ocrx_word' id='word_1_222' title='bbox 339 2952 368 2977; x_wconf 72' lang='grc' dir='ltr'><strong><em>α</em></strong></span> <span class='ocrx_word' id='word_1_223' title='bbox 405 2929 598 2995; x_wconf 87' lang='lat' dir='ltr'><strong>netis;</strong></span> <span class='ocrx_word' id='word_1_224' title='bbox 631 2928 1059 2996; x_wconf 87' lang='lat' dir='ltr'><strong>Arithmetica;</strong></span> <span class='ocrx_word' id='word_1_225' title='bbox 1093 2929 1176 2982; x_wconf 92' lang='lat' dir='ltr'><strong>De</strong></span> <span class='ocrx_word' id='word_1_226' title='bbox 1198 2928 1465 2982; x_wconf 89' lang='lat' dir='ltr'><strong>numeris</strong></span> <span class='ocrx_word' id='word_1_227' title='bbox 1485 2925 1780 2993; x_wconf 76' lang='lat' dir='ltr'><strong>fecundis,</strong></span> <span class='ocrx_word' id='word_1_228' title='bbox 1803 2949 1825 2980; x_wconf 77' lang='grc' dir='ltr'><strong><em>ι</em></strong></span> <span class='ocrx_word' id='word_1_229' title='bbox 1864 2925 1992 2999; x_wconf 83' lang='grc' dir='ltr'>Περὶ</span> 
     </span>
    </p>
   </div>
   <div class='ocr_carea' id='block_1_32' title="bbox 337 3014 1993 3091">
    <p class='ocr_par' dir='ltr' id='par_1_32' title="bbox 337 3014 1993 3091">
     <span class='ocr_line' id='line_1_32' title="bbox 337 3014 1993 3091; baseline -0.001 -19"><span class='ocrx_word' id='word_1_230' title='bbox 337 3015 669 3091; x_wconf 80' lang='grc' dir='ltr'>πολυγόνων</span> <span class='ocrx_word' id='word_1_231' title='bbox 702 3017 972 3088; x_wconf 67' lang='grc' dir='ltr'><strong>ἂριθμῶψ</strong></span> <span class='ocrx_word' id='word_1_232' title='bbox 1007 3039 1036 3067; x_wconf 85' lang='grc'><strong>«</strong></span> <span class='ocrx_word' id='word_1_233' title='bbox 1069 3017 1412 3088; x_wconf 89' lang='lat' dir='ltr'><strong>Opticorum</strong></span> <span class='ocrx_word' id='word_1_234' title='bbox 1441 3014 1628 3070; x_wconf 91' lang='lat' dir='ltr'><strong>libros</strong></span> <span class='ocrx_word' id='word_1_235' title='bbox 1658 3015 1702 3071; x_wconf 88' lang='lat' dir='ltr'><strong>Il</strong></span> <span class='ocrx_word' id='word_1_236' title='bbox 1729 3040 1744 3082; x_wconf 86' lang='lat'><strong>;</strong></span> <span class='ocrx_word' id='word_1_237' title='bbox 1789 3017 1993 3086; x_wconf 90' lang='lat' dir='ltr'><strong>Enop-</strong></span> 
     </span>
    </p>
   </div>
   <div class='ocr_carea' id='block_1_33' title="bbox 338 3103 1990 3174">
    <p class='ocr_par' dir='ltr' id='par_1_33' title="bbox 338 3103 1990 3174">
     <span class='ocr_line' id='line_1_33' title="bbox 338 3103 1990 3174; baseline -0.001 -14"><span class='ocrx_word' id='word_1_238' title='bbox 338 3132 366 3160; x_wconf 91' lang='grc'><strong>‹‹</strong></span> <span class='ocrx_word' id='word_1_239' title='bbox 401 3109 557 3164; x_wconf 89' lang='lat' dir='ltr'><strong>ticon</strong></span> <span class='ocrx_word' id='word_1_240' title='bbox 588 3108 774 3163; x_wconf 91' lang='lat' dir='ltr'><strong>libros</strong></span> <span class='ocrx_word' id='word_1_241' title='bbox 807 3108 894 3174; x_wconf 92' lang='lat' dir='ltr'><strong>II;</strong></span> <span class='ocrx_word' id='word_1_242' title='bbox 931 3129 959 3156; x_wconf 76' lang='grc' dir='ltr'><strong>ιι</strong></span> <span class='ocrx_word' id='word_1_243' title='bbox 991 3103 1288 3172; x_wconf 78' lang='grc' dir='ltr'><strong>Κυκλιακὰ,</strong></span> <span class='ocrx_word' id='word_1_244' title='bbox 1322 3129 1348 3156; x_wconf 86' lang='grc'><strong>‹‹</strong></span> <span class='ocrx_word' id='word_1_245' title='bbox 1393 3107 1473 3160; x_wconf 92' lang='lat' dir='ltr'><strong>De</strong></span> <span class='ocrx_word' id='word_1_246' title='bbox 1505 3104 1783 3173; x_wconf 90' lang='lat' dir='ltr'><strong>circulis;</strong></span> <span class='ocrx_word' id='word_1_247' title='bbox 1819 3127 1847 3154; x_wconf 75' lang='grc' dir='ltr'>ι»</span> <span class='ocrx_word' id='word_1_248' title='bbox 1881 3105 1990 3160; x_wconf 82' lang='grc' dir='ltr'><strong>Με-</strong></span> 
     </span>
    </p>
   </div>
   <div class='ocr_carea' id='block_1_34' title="bbox 336 3195 1370 3266">
    <p class='ocr_par' dir='ltr' id='par_1_34' title="bbox 336 3195 1370 3266">
     <span class='ocr_line' id='line_1_34' title="bbox 336 3195 1370 3266; baseline -0.002 -16"><span class='ocrx_word' id='word_1_249' title='bbox 336 3196 590 3266; x_wconf 84' lang='grc' dir='ltr'><strong>σότητας,</strong></span> <span class='ocrx_word' id='word_1_250' title='bbox 623 3221 651 3247; x_wconf 90' lang='grc'><strong>‹‹</strong></span> <span class='ocrx_word' id='word_1_251' title='bbox 687 3196 1050 3261; x_wconf 85' lang='lat' dir='ltr'><strong>Medietates,</strong></span> <span class='ocrx_word' id='word_1_252' title='bbox 1079 3215 1107 3248; x_wconf 69' lang='grc' dir='ltr'><strong>ι</strong></span> <span class='ocrx_word' id='word_1_253' title='bbox 1144 3202 1204 3250; x_wconf 85' lang='lat' dir='ltr'><strong>et</strong></span> <span class='ocrx_word' id='word_1_254' title='bbox 1232 3195 1370 3252; x_wconf 85' lang='lat' dir='ltr'><strong>alia.</strong></span> 
     </span>
    </p>
   </div>
   <div class='ocr_carea' id='block_1_35' title="bbox 408 3284 1992 3358">
    <p class='ocr_par' dir='ltr' id='par_1_35' title="bbox 408 3284 1992 3358">
     <span class='ocr_line' id='line_1_35' title="bbox 408 3284 1992 3358; baseline -0.002 -17"><span class='ocrx_word' id='word_1_255' title='bbox 408 3287 803 3342; x_wconf 88' lang='lat' dir='ltr'><strong>Philostratus</strong></span> <span class='ocrx_word' id='word_1_256' title='bbox 819 3287 1067 3358; x_wconf 90' lang='lat' dir='ltr'><strong>primus,</strong></span> <span class='ocrx_word' id='word_1_257' title='bbox 1092 3284 1392 3352; x_wconf 89' lang='lat' dir='ltr'><strong>Lemnius,</strong></span> <span class='ocrx_word' id='word_1_258' title='bbox 1420 3285 1551 3339; x_wconf 91' lang='lat' dir='ltr'><strong>Veri</strong></span> <span class='ocrx_word' id='word_1_259' title='bbox 1582 3286 1666 3353; x_wconf 91' lang='lat' dir='ltr'><strong>F.,</strong></span> <span class='ocrx_word' id='word_1_260' title='bbox 1700 3289 1867 3356; x_wconf 90' lang='lat' dir='ltr'><strong>pater</strong></span> <span class='ocrx_word' id='word_1_261' title='bbox 1897 3301 1992 3339; x_wconf 88' lang='lat' dir='ltr'><strong>se-</strong></span> 
     </span>
    </p>
   </div>
   <div class='ocr_carea' id='block_1_36' title="bbox 333 3373 1989 3446">
    <p class='ocr_par' dir='ltr' id='par_1_36' title="bbox 333 3373 1989 3446">
     <span class='ocr_line' id='line_1_36' title="bbox 333 3373 1989 3446; baseline -0.002 -15"><span class='ocrx_word' id='word_1_262' title='bbox 333 3376 514 3432; x_wconf 91' lang='lat' dir='ltr'><strong>cundi</strong></span> <span class='ocrx_word' id='word_1_263' title='bbox 563 3375 929 3440; x_wconf 88' lang='lat' dir='ltr'><strong>Philostrati,</strong></span> <span class='ocrx_word' id='word_1_264' title='bbox 986 3374 1254 3446; x_wconf 86' lang='lat' dir='ltr'><strong>sophista</strong></span> <span class='ocrx_word' id='word_1_265' title='bbox 1309 3375 1411 3444; x_wconf 92' lang='lat' dir='ltr'><strong>qui</strong></span> <span class='ocrx_word' id='word_1_266' title='bbox 1442 3379 1631 3430; x_wconf 89' lang='lat' dir='ltr'><strong>artem</strong></span> <span class='ocrx_word' id='word_1_267' title='bbox 1669 3373 1989 3429; x_wconf 85' lang='lat' dir='ltr'><strong>oratoriam</strong></span> 
     </span>
    </p>
   </div>
   <div class='ocr_carea' id='block_1_37' title="bbox 334 3463 1993 3541">
    <p class='ocr_par' dir='ltr' id='par_1_37' title="bbox 334 3463 1993 3541">
     <span class='ocr_line' id='line_1_37' title="bbox 334 3463 1993 3541; baseline -0.002 -18"><span class='ocrx_word' id='word_1_268' title='bbox 334 3467 642 3541; x_wconf 85' lang='lat' dir='ltr'><strong>professus</strong></span> <span class='ocrx_word' id='word_1_269' title='bbox 661 3472 753 3522; x_wconf 89' lang='lat' dir='ltr'><strong>est</strong></span> <span class='ocrx_word' id='word_1_270' title='bbox 773 3467 1041 3532; x_wconf 81' lang='lat' dir='ltr'><strong>Athenis,</strong></span> <span class='ocrx_word' id='word_1_271' title='bbox 1056 3465 1316 3536; x_wconf 82' lang='lat' dir='ltr'><strong>vixitque</strong></span> <span class='ocrx_word' id='word_1_272' title='bbox 1339 3464 1447 3520; x_wconf 88' lang='lat' dir='ltr'><strong>sub</strong></span> <span class='ocrx_word' id='word_1_273' title='bbox 1469 3465 1719 3520; x_wconf 87' lang='lat' dir='ltr'><strong>Nerone.</strong></span> <span class='ocrx_word' id='word_1_274' title='bbox 1745 3463 1993 3535; x_wconf 89' lang='lat' dir='ltr'><strong>Scripsit</strong></span> 
     </span>
    </p>
   </div>
   <div class='ocr_carea' id='block_1_38' title="bbox 334 3554 1989 3630">
    <p class='ocr_par' dir='ltr' id='par_1_38' title="bbox 334 3554 1989 3630">
     <span class='ocr_line' id='line_1_38' title="bbox 334 3554 1989 3630; baseline -0.002 -17"><span class='ocrx_word' id='word_1_275' title='bbox 334 3558 538 3630; x_wconf 90' lang='lat' dir='ltr'><strong>plures</strong></span> <span class='ocrx_word' id='word_1_276' title='bbox 570 3579 598 3607; x_wconf 80' lang='lat'><strong>«</strong></span> <span class='ocrx_word' id='word_1_277' title='bbox 631 3557 942 3613; x_wconf 89' lang='lat' dir='ltr'><strong>Orationes</strong></span> <span class='ocrx_word' id='word_1_278' title='bbox 972 3554 1358 3627; x_wconf 89' lang='lat' dir='ltr'><strong>panegyricas</strong></span> <span class='ocrx_word' id='word_1_279' title='bbox 1384 3574 1412 3603; x_wconf 71' lang='grc' dir='ltr'><strong>ιι</strong></span> <span class='ocrx_word' id='word_1_280' title='bbox 1440 3559 1492 3609; x_wconf 86' lang='lat' dir='ltr'><strong>et</strong></span> <span class='ocrx_word' id='word_1_281' title='bbox 1523 3575 1550 3602; x_wconf 93' lang='grc'><strong>‹‹</strong></span> <span class='ocrx_word' id='word_1_282' title='bbox 1576 3555 1647 3608; x_wconf 91' lang='lat' dir='ltr'><strong>IV</strong></span> <span class='ocrx_word' id='word_1_283' title='bbox 1679 3554 1989 3609; x_wconf 89' lang='lat' dir='ltr'><strong>Orationes</strong></span> 
     </span>
    </p>
   </div>
   <div class='ocr_carea' id='block_1_39' title="bbox 337 3643 1988 3712">
    <p class='ocr_par' dir='ltr' id='par_1_39' title="bbox 337 3643 1988 3712">
     <span class='ocr_line' id='line_1_39' title="bbox 337 3643 1988 3712; baseline -0.001 -13"><span class='ocrx_word' id='word_1_284' title='bbox 337 3671 366 3699; x_wconf 84' lang='lat'>«</span> <span class='ocrx_word' id='word_1_285' title='bbox 395 3646 838 3712; x_wconf 88' lang='lat' dir='ltr'><strong>Eleusiniacas;</strong></span> <span class='ocrx_word' id='word_1_286' title='bbox 890 3643 1403 3710; x_wconf 90' lang='lat' dir='ltr'><strong>Declamationes;</strong></span> <span class='ocrx_word' id='word_1_287' title='bbox 1437 3644 1804 3708; x_wconf 65' lang='lat' dir='ltr'><strong>Quaestiones</strong></span> <span class='ocrx_word' id='word_1_288' title='bbox 1855 3643 1988 3698; x_wconf 89' lang='lat' dir='ltr'><strong>rhe-</strong></span> 
     </span>
    </p>
   </div>
   <div class='ocr_carea' id='block_1_40' title="bbox 337 3732 1988 3804">
    <p class='ocr_par' dir='ltr' id='par_1_40' title="bbox 337 3732 1988 3804">
     <span class='ocr_line' id='line_1_40' title="bbox 337 3732 1988 3804; baseline -0.001 -16"><span class='ocrx_word' id='word_1_289' title='bbox 337 3760 367 3788; x_wconf 87' lang='grc'><strong>‹‹</strong></span> <span class='ocrx_word' id='word_1_290' title='bbox 389 3738 608 3792; x_wconf 90' lang='lat' dir='ltr'><strong>toricas</strong></span> <span class='ocrx_word' id='word_1_291' title='bbox 635 3732 993 3802; x_wconf 87' lang='lat' dir='ltr'><strong>;Loca,unde</strong></span> <span class='ocrx_word' id='word_1_292' title='bbox 1017 3738 1370 3804; x_wconf 86' lang='lat' dir='ltr'><strong>argumenta</strong></span> <span class='ocrx_word' id='word_1_293' title='bbox 1395 3733 1692 3788; x_wconf 89' lang='lat' dir='ltr'><strong>rhetorica</strong></span> <span class='ocrx_word' id='word_1_294' title='bbox 1722 3732 1988 3803; x_wconf 90' lang='lat' dir='ltr'><strong>depromi</strong></span> 
     </span>
    </p>
   </div>
   <div class='ocr_carea' id='block_1_41' title="bbox 334 3820 1990 3897">
    <p class='ocr_par' dir='ltr' id='par_1_41' title="bbox 334 3820 1990 3897">
     <span class='ocr_line' id='line_1_41' title="bbox 334 3820 1990 3897; baseline -0.001 -21"><span class='ocrx_word' id='word_1_295' title='bbox 334 3849 364 3877; x_wconf 88' lang='grc'><strong>‹‹</strong></span> <span class='ocrx_word' id='word_1_296' title='bbox 398 3829 689 3897; x_wconf 91' lang='lat' dir='ltr'><strong>possunt;</strong></span> <span class='ocrx_word' id='word_1_297' title='bbox 725 3824 806 3878; x_wconf 92' lang='lat' dir='ltr'><strong>De</strong></span> <span class='ocrx_word' id='word_1_298' title='bbox 859 3822 1104 3876; x_wconf 90' lang='lat' dir='ltr'><strong>nomine</strong></span> <span class='ocrx_word' id='word_1_299' title='bbox 1143 3820 1422 3876; x_wconf 86' lang='lat' dir='ltr'><strong>adversus</strong></span> <span class='ocrx_word' id='word_1_300' title='bbox 1468 3821 1863 3892; x_wconf 87' lang='lat' dir='ltr'><strong>Antipatrum,</strong></span> <span class='ocrx_word' id='word_1_301' title='bbox 1897 3837 1990 3874; x_wconf 92' lang='lat' dir='ltr'><strong>so-</strong></span> 
     </span>
    </p>
   </div>
   <div class='ocr_carea' id='block_1_42' title="bbox 336 3913 1990 3992">
    <p class='ocr_par' dir='ltr' id='par_1_42' title="bbox 336 3913 1990 3992">
     <span class='ocr_line' id='line_1_42' title="bbox 336 3913 1990 3992; baseline -0.001 -22"><span class='ocrx_word' id='word_1_302' title='bbox 336 3941 366 3970; x_wconf 74' lang='lat' dir='ltr'><strong><em>u</em></strong></span> <span class='ocrx_word' id='word_1_303' title='bbox 399 3919 660 3992; x_wconf 87' lang='lat' dir='ltr'><strong>phistam</strong></span> <span class='ocrx_word' id='word_1_304' title='bbox 685 3934 699 3984; x_wconf 91' lang='lat'><strong>;</strong></span> <span class='ocrx_word' id='word_1_305' title='bbox 725 3917 802 3971; x_wconf 91' lang='lat' dir='ltr'><strong>De</strong></span> <span class='ocrx_word' id='word_1_306' title='bbox 827 3913 1112 3987; x_wconf 69' lang='lat' dir='ltr'><strong>tragoedia</strong></span> <span class='ocrx_word' id='word_1_307' title='bbox 1140 3913 1326 3968; x_wconf 90' lang='lat' dir='ltr'><strong>libros</strong></span> <span class='ocrx_word' id='word_1_308' title='bbox 1347 3914 1421 3969; x_wconf 92' lang='lat' dir='ltr'><strong>III</strong></span> <span class='ocrx_word' id='word_1_309' title='bbox 1447 3930 1460 3980; x_wconf 91' lang='lat'><strong>;</strong></span> <span class='ocrx_word' id='word_1_310' title='bbox 1488 3915 1936 3984; x_wconf 88' lang='lat' dir='ltr'><strong>Gymnasticnm</strong></span> <span class='ocrx_word' id='word_1_311' title='bbox 1963 3934 1990 3961; x_wconf 87' lang='lat'><strong>»</strong></span> 
     </span>
    </p>
   </div>
   <div class='ocr_carea' id='block_1_43' title="bbox 333 4003 1986 4074">
    <p class='ocr_par' dir='ltr' id='par_1_43' title="bbox 333 4003 1986 4074">
     <span class='ocr_line' id='line_1_43' title="bbox 333 4003 1986 4074; baseline -0.006 -11"><span class='ocrx_word' id='word_1_312' title='bbox 333 4008 454 4063; x_wconf 82' lang='lat' dir='ltr'><strong>sive</strong></span> <span class='ocrx_word' id='word_1_313' title='bbox 488 4030 516 4058; x_wconf 79' lang='grc' dir='ltr'>(ι</span> <span class='ocrx_word' id='word_1_314' title='bbox 552 4007 633 4062; x_wconf 90' lang='lat' dir='ltr'><strong>De</strong></span> <span class='ocrx_word' id='word_1_315' title='bbox 665 4005 962 4060; x_wconf 86' lang='lat' dir='ltr'><strong>exercitiis</strong></span> <span class='ocrx_word' id='word_1_316' title='bbox 985 4019 1212 4071; x_wconf 90' lang='lat' dir='ltr'><strong>eorum,</strong></span> <span class='ocrx_word' id='word_1_317' title='bbox 1239 4003 1338 4074; x_wconf 91' lang='lat' dir='ltr'><strong>qui</strong></span> <span class='ocrx_word' id='word_1_318' title='bbox 1362 4003 1648 4074; x_wconf 81' lang='lat' dir='ltr'><strong>Olympias</strong></span> <span class='ocrx_word' id='word_1_319' title='bbox 1671 4009 1940 4070; x_wconf 89' lang='lat' dir='ltr'><strong>certant;</strong></span> <span class='ocrx_word' id='word_1_320' title='bbox 1965 4027 1986 4053; x_wconf 72' lang='grc' dir='ltr'>ι</span> 
     </span>
    </p>
   </div>
   <div class='ocr_carea' id='block_1_44' title="bbox 331 4091 1996 4168">
    <p class='ocr_par' dir='ltr' id='par_1_44' title="bbox 331 4091 1996 4168">
     <span class='ocr_line' id='line_1_44' title="bbox 331 4091 1996 4168; baseline -0.001 -19"><span class='ocrx_word' id='word_1_321' title='bbox 331 4093 772 4168; x_wconf 79' lang='grc' dir='ltr'><strong>Λιθογνωμικὸν,</strong></span> <span class='ocrx_word' id='word_1_322' title='bbox 799 4116 825 4142; x_wconf 91' lang='grc'>‹‹</span> <span class='ocrx_word' id='word_1_323' title='bbox 853 4095 932 4148; x_wconf 92' lang='lat' dir='ltr'><strong>De</strong></span> <span class='ocrx_word' id='word_1_324' title='bbox 957 4092 1377 4164; x_wconf 90' lang='lat' dir='ltr'><strong>dignoscendis</strong></span> <span class='ocrx_word' id='word_1_325' title='bbox 1407 4091 1630 4163; x_wconf 86' lang='lat' dir='ltr'><strong>lapillis</strong></span> <span class='ocrx_word' id='word_1_326' title='bbox 1655 4093 1816 4147; x_wconf 80' lang='lat' dir='ltr'><strong>nsive</strong></span> <span class='ocrx_word' id='word_1_327' title='bbox 1838 4109 1996 4166; x_wconf 90' lang='lat' dir='ltr'><strong>gem-</strong></span> 
     </span>
    </p>
   </div>
   <div class='ocr_carea' id='block_1_45' title="bbox 335 4181 1990 4252">
    <p class='ocr_par' dir='ltr' id='par_1_45' title="bbox 335 4181 1990 4252">
     <span class='ocr_line' id='line_1_45' title="bbox 335 4181 1990 4252; baseline -0.002 -11"><span class='ocrx_word' id='word_1_328' title='bbox 335 4186 488 4251; x_wconf 87' lang='lat' dir='ltr'><strong>mis;</strong></span> <span class='ocrx_word' id='word_1_329' title='bbox 553 4205 575 4232; x_wconf 78' lang='grc' dir='ltr'><strong>ι</strong></span> <span class='ocrx_word' id='word_1_330' title='bbox 612 4186 925 4250; x_wconf 85' lang='lat' dir='ltr'><strong>Proteum;</strong></span> <span class='ocrx_word' id='word_1_331' title='bbox 958 4183 1178 4237; x_wconf 88' lang='lat' dir='ltr'><strong>Canem</strong></span> <span class='ocrx_word' id='word_1_332' title='bbox 1236 4181 1354 4236; x_wconf 89' lang='lat' dir='ltr'><strong>sive</strong></span> <span class='ocrx_word' id='word_1_333' title='bbox 1386 4182 1752 4252; x_wconf 90' lang='lat' dir='ltr'><strong>sophistam;</strong></span> <span class='ocrx_word' id='word_1_334' title='bbox 1812 4184 1990 4237; x_wconf 88' lang='lat' dir='ltr'><strong>Nero-</strong></span> 
     </span>
    </p>
   </div>
   <div class='ocr_carea' id='block_1_46' title="bbox 334 4271 1993 4345">
    <p class='ocr_par' dir='ltr' id='par_1_46' title="bbox 334 4271 1993 4345">
     <span class='ocr_line' id='line_1_46' title="bbox 334 4271 1993 4345; baseline 0 -19"><span class='ocrx_word' id='word_1_335' title='bbox 334 4299 365 4326; x_wconf 82' lang='lat'><strong>«</strong></span> <span class='ocrx_word' id='word_1_336' title='bbox 399 4292 537 4332; x_wconf 89' lang='lat' dir='ltr'><strong>nem</strong></span> <span class='ocrx_word' id='word_1_337' title='bbox 569 4279 963 4345; x_wconf 85' lang='lat' dir='ltr'><strong>spectatorem</strong></span> <span class='ocrx_word' id='word_1_338' title='bbox 993 4289 1008 4336; x_wconf 92' lang='lat'><strong>;</strong></span> <span class='ocrx_word' id='word_1_339' title='bbox 1039 4271 1373 4343; x_wconf 75' lang='lat' dir='ltr'><strong>Tragaadias</strong></span> <span class='ocrx_word' id='word_1_340' title='bbox 1401 4272 1573 4326; x_wconf 86' lang='lat' dir='ltr'><strong>XLIII</strong></span> <span class='ocrx_word' id='word_1_341' title='bbox 1599 4289 1614 4340; x_wconf 94' lang='lat'><strong>;</strong></span> <span class='ocrx_word' id='word_1_342' title='bbox 1663 4273 1993 4327; x_wconf 74' lang='lat' dir='ltr'><strong>Commdias</strong></span> 
     </span>
    </p>
   </div>
   <div class='ocr_carea' id='block_1_47' title="bbox 332 4361 1988 4434">
    <p class='ocr_par' dir='ltr' id='par_1_47' title="bbox 332 4361 1988 4434">
     <span class='ocr_line' id='line_1_47' title="bbox 332 4361 1988 4434; baseline 0.001 -15"><span class='ocrx_word' id='word_1_343' title='bbox 332 4390 362 4419; x_wconf 85' lang='grc'>‹‹</span> <span class='ocrx_word' id='word_1_344' title='bbox 396 4367 540 4422; x_wconf 83' lang='lat' dir='ltr'><strong>XIV.</strong></span> <span class='ocrx_word' id='word_1_345' title='bbox 574 4387 601 4414; x_wconf 68' lang='grc' dir='ltr'><strong>»δ</strong></span> <span class='ocrx_word' id='word_1_346' title='bbox 634 4366 901 4434; x_wconf 89' lang='lat' dir='ltr'><strong>Itemque</strong></span> <span class='ocrx_word' id='word_1_347' title='bbox 932 4361 1051 4417; x_wconf 89' lang='lat' dir='ltr'><strong>alia</strong></span> <span class='ocrx_word' id='word_1_348' title='bbox 1072 4361 1330 4431; x_wconf 88' lang='lat' dir='ltr'><strong>plurima</strong></span> <span class='ocrx_word' id='word_1_349' title='bbox 1351 4366 1411 4415; x_wconf 92' lang='lat' dir='ltr'><strong>et</strong></span> <span class='ocrx_word' id='word_1_350' title='bbox 1430 4367 1763 4416; x_wconf 91' lang='lat' dir='ltr'><strong>memoratu</strong></span> <span class='ocrx_word' id='word_1_351' title='bbox 1790 4363 1988 4434; x_wconf 89' lang='lat' dir='ltr'><strong>digna.</strong></span> 
     </span>
    </p>
   </div>
   <div class='ocr_carea' id='block_1_48' title="bbox 400 4450 1988 4521">
    <p class='ocr_par' dir='ltr' id='par_1_48' title="bbox 400 4450 1988 4521">
     <span class='ocr_line' id='line_1_48' title="bbox 400 4450 1988 4521; baseline -0.003 -10"><span class='ocrx_word' id='word_1_352' title='bbox 400 4456 793 4511; x_wconf 86' lang='lat' dir='ltr'><strong>Philostratus</strong></span> <span class='ocrx_word' id='word_1_353' title='bbox 817 4450 1180 4516; x_wconf 87' lang='lat' dir='ltr'><strong>Philostrati,</strong></span> <span class='ocrx_word' id='word_1_354' title='bbox 1214 4450 1314 4521; x_wconf 90' lang='lat' dir='ltr'><strong>qui</strong></span> <span class='ocrx_word' id='word_1_355' title='bbox 1342 4455 1402 4504; x_wconf 92' lang='lat' dir='ltr'><strong>et</strong></span> <span class='ocrx_word' id='word_1_356' title='bbox 1434 4451 1617 4505; x_wconf 90' lang='lat' dir='ltr'><strong>Verus</strong></span> <span class='ocrx_word' id='word_1_357' title='bbox 1651 4451 1844 4505; x_wconf 89' lang='lat' dir='ltr'><strong>dictus</strong></span> <span class='ocrx_word' id='word_1_358' title='bbox 1877 4457 1988 4520; x_wconf 90' lang='lat' dir='ltr'><strong>est,</strong></span> 
     </span>
    </p>
   </div>
   <div class='ocr_carea' id='block_1_49' title="bbox 324 4537 1986 4614">
    <p class='ocr_par' dir='ltr' id='par_1_49' title="bbox 324 4537 1986 4614">
     <span class='ocr_line' id='line_1_49' title="bbox 324 4537 1986 4614; baseline -0.003 -15"><span class='ocrx_word' id='word_1_359' title='bbox 324 4543 551 4599; x_wconf 88' lang='lat' dir='ltr'><strong>Lemnii</strong></span> <span class='ocrx_word' id='word_1_360' title='bbox 584 4541 866 4614; x_wconf 72' lang='lat' dir='ltr'><strong>scphistaa</strong></span> <span class='ocrx_word' id='word_1_361' title='bbox 900 4541 958 4595; x_wconf 89' lang='lat' dir='ltr'><strong>F.</strong></span> <span class='ocrx_word' id='word_1_362' title='bbox 993 4543 1053 4594; x_wconf 90' lang='lat' dir='ltr'><strong>et</strong></span> <span class='ocrx_word' id='word_1_363' title='bbox 1077 4539 1206 4610; x_wconf 90' lang='lat' dir='ltr'><strong>ipse</strong></span> <span class='ocrx_word' id='word_1_364' title='bbox 1230 4538 1382 4593; x_wconf 89' lang='lat' dir='ltr'><strong>alter</strong></span> <span class='ocrx_word' id='word_1_365' title='bbox 1413 4537 1702 4608; x_wconf 88' lang='lat' dir='ltr'><strong>sophista,</strong></span> <span class='ocrx_word' id='word_1_366' title='bbox 1729 4540 1829 4610; x_wconf 91' lang='lat' dir='ltr'><strong>qui</strong></span> <span class='ocrx_word' id='word_1_367' title='bbox 1864 4540 1986 4611; x_wconf 91' lang='lat' dir='ltr'><strong>pri-</strong></span> 
     </span>
    </p>
   </div>
   <div class='ocr_carea' id='block_1_50' title="bbox 2116 608 3769 689">
    <p class='ocr_par' dir='ltr' id='par_1_50' title="bbox 2116 608 3769 689">
     <span class='ocr_line' id='line_1_50' title="bbox 2116 608 3769 689; baseline 0.008 -29"><span class='ocrx_word' id='word_1_368' title='bbox 2116 608 2386 680; x_wconf 86' lang='lat' dir='ltr'><strong>Athenis,</strong></span> <span class='ocrx_word' id='word_1_369' title='bbox 2421 615 2568 669; x_wconf 91' lang='lat' dir='ltr'><strong>obiit</strong></span> <span class='ocrx_word' id='word_1_370' title='bbox 2617 623 2676 672; x_wconf 90' lang='lat' dir='ltr'><strong>et</strong></span> <span class='ocrx_word' id='word_1_371' title='bbox 2733 618 3000 689; x_wconf 91' lang='lat' dir='ltr'><strong>sepultus</strong></span> <span class='ocrx_word' id='word_1_372' title='bbox 3059 624 3148 673; x_wconf 90' lang='lat' dir='ltr'><strong>est</strong></span> <span class='ocrx_word' id='word_1_373' title='bbox 3178 618 3239 672; x_wconf 92' lang='lat' dir='ltr'><strong>in</strong></span> <span class='ocrx_word' id='word_1_374' title='bbox 3273 617 3472 672; x_wconf 90' lang='lat' dir='ltr'><strong>insula</strong></span> <span class='ocrx_word' id='word_1_375' title='bbox 3523 619 3769 674; x_wconf 88' lang='lat' dir='ltr'><strong>Lemno.</strong></span> 
     </span>
    </p>
   </div>
   <div class='ocr_carea' id='block_1_51' title="bbox 2117 698 3769 778">
    <p class='ocr_par' dir='ltr' id='par_1_51' title="bbox 2117 698 3769 778">
     <span class='ocr_line' id='line_1_51' title="bbox 2117 698 3769 778; baseline 0.008 -28"><span class='ocrx_word' id='word_1_376' title='bbox 2117 698 2370 754; x_wconf 89' lang='lat' dir='ltr'><strong>Auditor</strong></span> <span class='ocrx_word' id='word_1_377' title='bbox 2425 710 2483 758; x_wconf 90' lang='lat' dir='ltr'><strong>et</strong></span> <span class='ocrx_word' id='word_1_378' title='bbox 2537 721 2720 776; x_wconf 85' lang='lat' dir='ltr'><strong>gener</strong></span> <span class='ocrx_word' id='word_1_379' title='bbox 2776 707 3021 762; x_wconf 89' lang='lat' dir='ltr'><strong>secundi</strong></span> <span class='ocrx_word' id='word_1_380' title='bbox 3075 707 3436 773; x_wconf 88' lang='lat' dir='ltr'><strong>Philostrati,</strong></span> <span class='ocrx_word' id='word_1_381' title='bbox 3493 708 3769 778; x_wconf 90' lang='lat' dir='ltr'><strong>scripsit:</strong></span> 
     </span>
    </p>
   </div>
   <div class='ocr_carea' id='block_1_52' title="bbox 2119 787 3767 866">
    <p class='ocr_par' dir='ltr' id='par_1_52' title="bbox 2119 787 3767 866">
     <span class='ocr_line' id='line_1_52' title="bbox 2119 787 3767 866; baseline 0.007 -27"><span class='ocrx_word' id='word_1_382' title='bbox 2119 787 2511 860; x_wconf 80' lang='lat' dir='ltr'><strong>«Imagines;</strong></span> <span class='ocrx_word' id='word_1_383' title='bbox 2563 794 2904 850; x_wconf 84' lang='lat' dir='ltr'><strong>Orationem</strong></span> <span class='ocrx_word' id='word_1_384' title='bbox 2959 796 3030 850; x_wconf 91' lang='lat' dir='ltr'><strong>de</strong></span> <span class='ocrx_word' id='word_1_385' title='bbox 3090 796 3300 865; x_wconf 87' lang='lat' dir='ltr'><strong>&#39;l‘roja;</strong></span> <span class='ocrx_word' id='word_1_386' title='bbox 3356 796 3767 866; x_wconf 88' lang='lat' dir='ltr'><strong>Paraphrasim</strong></span> 
     </span>
    </p>
   </div>
   <div class='ocr_carea' id='block_1_53' title="bbox 2119 877 3766 951">
    <p class='ocr_par' dir='ltr' id='par_1_53' title="bbox 2119 877 3766 951">
     <span class='ocr_line' id='line_1_53' title="bbox 2119 877 3766 951; baseline 0.005 -18"><span class='ocrx_word' id='word_1_387' title='bbox 2119 898 2144 924; x_wconf 86' lang='lat'><strong><em>«</em></strong></span> <span class='ocrx_word' id='word_1_388' title='bbox 2178 877 2370 950; x_wconf 90' lang='lat' dir='ltr'><strong>clypei</strong></span> <span class='ocrx_word' id='word_1_389' title='bbox 2431 885 2756 951; x_wconf 87' lang='lat' dir='ltr'><strong>Homeriti;</strong></span> <span class='ocrx_word' id='word_1_390' title='bbox 2821 885 3290 940; x_wconf 88' lang='lat' dir='ltr'><strong>Declamationes</strong></span> <span class='ocrx_word' id='word_1_391' title='bbox 3333 887 3393 939; x_wconf 92' lang='lat' dir='ltr'><strong>V.</strong></span> <span class='ocrx_word' id='word_1_392' title='bbox 3429 908 3452 937; x_wconf 67' lang='grc' dir='ltr'><strong>ι</strong></span> <span class='ocrx_word' id='word_1_393' title='bbox 3516 886 3766 950; x_wconf 86' lang='lat' dir='ltr'><strong>Quidam</strong></span> 
     </span>
    </p>
   </div>
   <div class='ocr_carea' id='block_1_54' title="bbox 2117 969 3499 1048">
    <p class='ocr_par' dir='ltr' id='par_1_54' title="bbox 2117 969 3499 1048">
     <span class='ocr_line' id='line_1_54' title="bbox 2117 969 3499 1048; baseline 0.006 -27"><span class='ocrx_word' id='word_1_394' title='bbox 2117 969 2294 1024; x_wconf 88' lang='lat' dir='ltr'><strong>etiam</strong></span> <span class='ocrx_word' id='word_1_395' title='bbox 2333 996 2352 1020; x_wconf 80' lang='grc' dir='ltr'>ι</span> <span class='ocrx_word' id='word_1_396' title='bbox 2395 975 2548 1030; x_wconf 68' lang='lat' dir='ltr'><strong>Vitas</strong></span> <span class='ocrx_word' id='word_1_397' title='bbox 2581 978 2989 1048; x_wconf 89' lang='lat' dir='ltr'><strong>Sophistarum</strong></span> <span class='ocrx_word' id='word_1_398' title='bbox 3023 1001 3049 1026; x_wconf 84' lang='lat'>»</span> <span class='ocrx_word' id='word_1_399' title='bbox 3074 979 3186 1048; x_wconf 90' lang='lat' dir='ltr'><strong>ipsi</strong></span> <span class='ocrx_word' id='word_1_400' title='bbox 3215 978 3499 1032; x_wconf 89' lang='lat' dir='ltr'><strong>tribuunt.</strong></span> 
     </span>
    </p>
   </div>
   <div class='ocr_carea' id='block_1_55' title="bbox 2189 1057 3768 1142">
    <p class='ocr_par' dir='ltr' id='par_1_55' title="bbox 2189 1057 3768 1142">
     <span class='ocr_line' id='line_1_55' title="bbox 2189 1057 3768 1142; baseline 0.006 -30"><span class='ocrx_word' id='word_1_401' title='bbox 2189 1057 2618 1136; x_wconf 70' lang='grc' dir='ltr'>Φιλοτιμότεραι</span> <span class='ocrx_word' id='word_1_402' title='bbox 2656 1064 3027 1142; x_wconf 69' lang='grc' dir='ltr'><strong>Κλεοφῶντος.</strong></span> <span class='ocrx_word' id='word_1_403' title='bbox 3064 1091 3088 1116; x_wconf 88' lang='grc'><strong>‹‹</strong></span> <span class='ocrx_word' id='word_1_404' title='bbox 3123 1067 3570 1122; x_wconf 85' lang='lat' dir='ltr'><strong>Ambitiosiores</strong></span> <span class='ocrx_word' id='word_1_405' title='bbox 3599 1066 3768 1122; x_wconf 89' lang='lat' dir='ltr'><strong>Cleo-</strong></span> 
     </span>
    </p>
   </div>
   <div class='ocr_carea' id='block_1_56' title="bbox 2117 1150 3770 1227">
    <p class='ocr_par' dir='ltr' id='par_1_56' title="bbox 2117 1150 3770 1227">
     <span class='ocr_line' id='line_1_56' title="bbox 2117 1150 3770 1227; baseline 0.005 -24"><span class='ocrx_word' id='word_1_406' title='bbox 2117 1169 2144 1196; x_wconf 86' lang='lat'><strong>«</strong></span> <span class='ocrx_word' id='word_1_407' title='bbox 2176 1150 2422 1220; x_wconf 63' lang='lat' dir='ltr'><strong>phonte,</strong></span> <span class='ocrx_word' id='word_1_408' title='bbox 2456 1155 2516 1209; x_wconf 90' lang='lat' dir='ltr'><strong>in</strong></span> <span class='ocrx_word' id='word_1_409' title='bbox 2549 1156 2720 1226; x_wconf 89' lang='lat' dir='ltr'><strong>cujus</strong></span> <span class='ocrx_word' id='word_1_410' title='bbox 2767 1157 2949 1211; x_wconf 90' lang='lat' dir='ltr'><strong>labris</strong></span> <span class='ocrx_word' id='word_1_411' title='bbox 2981 1158 3193 1227; x_wconf 88' lang='lat' dir='ltr'><strong>strepit</strong></span> <span class='ocrx_word' id='word_1_412' title='bbox 3243 1157 3511 1211; x_wconf 88' lang='lat' dir='ltr'><strong>Threicia</strong></span> <span class='ocrx_word' id='word_1_413' title='bbox 3561 1157 3770 1211; x_wconf 89' lang='lat' dir='ltr'><strong>hirun-</strong></span> 
     </span>
    </p>
   </div>
   <div class='ocr_carea' id='block_1_57' title="bbox 2122 1239 3766 1318">
    <p class='ocr_par' dir='ltr' id='par_1_57' title="bbox 2122 1239 3766 1318">
     <span class='ocr_line' id='line_1_57' title="bbox 2122 1239 3766 1318; baseline 0.007 -26"><span class='ocrx_word' id='word_1_414' title='bbox 2122 1259 2144 1287; x_wconf 77' lang='grc' dir='ltr'><strong>ι</strong></span> <span class='ocrx_word' id='word_1_415' title='bbox 2181 1239 2275 1294; x_wconf 92' lang='lat' dir='ltr'><strong>do.</strong></span> <span class='ocrx_word' id='word_1_416' title='bbox 2311 1264 2337 1290; x_wconf 77' lang='lat' dir='ltr'><strong>n</strong></span> <span class='ocrx_word' id='word_1_417' title='bbox 2369 1245 2609 1300; x_wconf 85' lang='lat' dir='ltr'><strong>Deridet</strong></span> <span class='ocrx_word' id='word_1_418' title='bbox 2637 1247 2808 1302; x_wconf 91' lang='lat' dir='ltr'><strong>illum</strong></span> <span class='ocrx_word' id='word_1_419' title='bbox 2835 1247 3329 1318; x_wconf 87' lang='lat' dir='ltr'><strong>(Aristophanes),</strong></span> <span class='ocrx_word' id='word_1_420' title='bbox 3365 1253 3429 1301; x_wconf 91' lang='lat' dir='ltr'><strong>ut</strong></span> <span class='ocrx_word' id='word_1_421' title='bbox 3460 1249 3766 1315; x_wconf 87' lang='lat' dir='ltr'><strong>Thracem,</strong></span> 
     </span>
    </p>
   </div>
   <div class='ocr_carea' id='block_1_58' title="bbox 2116 1329 3771 1407">
    <p class='ocr_par' dir='ltr' id='par_1_58' title="bbox 2116 1329 3771 1407">
     <span class='ocr_line' id='line_1_58' title="bbox 2116 1329 3771 1407; baseline 0.005 -26"><span class='ocrx_word' id='word_1_422' title='bbox 2116 1329 2273 1397; x_wconf 87' lang='lat' dir='ltr'><strong>quod</strong></span> <span class='ocrx_word' id='word_1_423' title='bbox 2331 1347 2403 1385; x_wconf 85' lang='lat' dir='ltr'><strong>ex</strong></span> <span class='ocrx_word' id='word_1_424' title='bbox 2461 1335 2713 1389; x_wconf 91' lang='lat' dir='ltr'><strong>Thrassa</strong></span> <span class='ocrx_word' id='word_1_425' title='bbox 2769 1341 2944 1390; x_wconf 90' lang='lat' dir='ltr'><strong>natus</strong></span> <span class='ocrx_word' id='word_1_426' title='bbox 2973 1340 3152 1395; x_wconf 83' lang='lat' dir='ltr'><strong>esset.</strong></span> <span class='ocrx_word' id='word_1_427' title='bbox 3185 1342 3296 1389; x_wconf 89' lang='lat' dir='ltr'><strong>etc.</strong></span> <span class='ocrx_word' id='word_1_428' title='bbox 3357 1337 3422 1389; x_wconf 94' lang='lat' dir='ltr'><strong>In</strong></span> <span class='ocrx_word' id='word_1_429' title='bbox 3455 1336 3634 1401; x_wconf 91' lang='lat' dir='ltr'><strong>hunc,</strong></span> <span class='ocrx_word' id='word_1_430' title='bbox 3670 1336 3771 1407; x_wconf 92' lang='lat' dir='ltr'><strong>qui</strong></span> 
     </span>
    </p>
   </div>
   <div class='ocr_carea' id='block_1_59' title="bbox 2117 1418 3768 1496">
    <p class='ocr_par' dir='ltr' id='par_1_59' title="bbox 2117 1418 3768 1496">
     <span class='ocr_line' id='line_1_59' title="bbox 2117 1418 3768 1496; baseline 0.005 -26"><span class='ocrx_word' id='word_1_431' title='bbox 2117 1423 2241 1472; x_wconf 88' lang='lat' dir='ltr'><strong>erat</strong></span> <span class='ocrx_word' id='word_1_432' title='bbox 2271 1418 2648 1494; x_wconf 87' lang='lat' dir='ltr'><strong>demagogus,</strong></span> <span class='ocrx_word' id='word_1_433' title='bbox 2675 1425 2855 1478; x_wconf 90' lang='lat' dir='ltr'><strong>etiam</strong></span> <span class='ocrx_word' id='word_1_434' title='bbox 2879 1431 3069 1478; x_wconf 87' lang='lat' dir='ltr'><strong>exstat</strong></span> <span class='ocrx_word' id='word_1_435' title='bbox 3097 1425 3298 1479; x_wconf 85' lang='lat' dir='ltr'><strong>fabula</strong></span> <span class='ocrx_word' id='word_1_436' title='bbox 3319 1424 3604 1494; x_wconf 86' lang='lat' dir='ltr'><strong>Platonis,</strong></span> <span class='ocrx_word' id='word_1_437' title='bbox 3637 1442 3768 1496; x_wconf 63' lang='lat' dir='ltr'><strong>quas</strong></span> 
     </span>
    </p>
   </div>
   <div class='ocr_carea' id='block_1_60' title="bbox 2114 1505 3302 1583">
    <p class='ocr_par' dir='ltr' id='par_1_60' title="bbox 2114 1505 3302 1583">
     <span class='ocr_line' id='line_1_60' title="bbox 2114 1505 3302 1583; baseline 0.009 -24"><span class='ocrx_word' id='word_1_438' title='bbox 2114 1505 2302 1577; x_wconf 89' lang='lat' dir='ltr'><strong>ipsius</strong></span> <span class='ocrx_word' id='word_1_439' title='bbox 2333 1512 2575 1566; x_wconf 90' lang='lat' dir='ltr'><strong>nomine</strong></span> <span class='ocrx_word' id='word_1_440' title='bbox 2605 1513 2970 1580; x_wconf 90' lang='lat' dir='ltr'><strong>inscribitur,</strong></span> <span class='ocrx_word' id='word_1_441' title='bbox 3003 1514 3302 1583; x_wconf 79' lang='lat' dir='ltr'><strong>Cleophon.</strong></span> 
     </span>
    </p>
   </div>
   <div class='ocr_carea' id='block_1_61' title="bbox 2185 1614 3770 1692">
    <p class='ocr_par' dir='ltr' id='par_1_61' title="bbox 2185 1614 3770 1692">
     <span class='ocr_line' id='line_1_61' title="bbox 2185 1614 3770 1692; baseline 0.006 -25"><span class='ocrx_word' id='word_1_442' title='bbox 2185 1614 2871 1684; x_wconf 74' lang='lat' dir='ltr'><strong>Philoxenus,Euletidze</strong></span> <span class='ocrx_word' id='word_1_443' title='bbox 2895 1621 2978 1681; x_wconf 88' lang='lat' dir='ltr'><strong>F.,</strong></span> <span class='ocrx_word' id='word_1_444' title='bbox 3000 1620 3330 1692; x_wconf 83' lang='lat' dir='ltr'><strong>Cytherius,</strong></span> <span class='ocrx_word' id='word_1_445' title='bbox 3357 1620 3599 1691; x_wconf 90' lang='lat' dir='ltr'><strong>lyricus,</strong></span> <span class='ocrx_word' id='word_1_446' title='bbox 3625 1623 3770 1678; x_wconf 88' lang='lat' dir='ltr'><strong>scri-</strong></span> 
     </span>
    </p>
   </div>
   <div class='ocr_carea' id='block_1_62' title="bbox 2113 1703 3772 1780">
    <p class='ocr_par' dir='ltr' id='par_1_62' title="bbox 2113 1703 3772 1780">
     <span class='ocr_line' id='line_1_62' title="bbox 2113 1703 3772 1780; baseline 0.007 -24"><span class='ocrx_word' id='word_1_447' title='bbox 2113 1703 2232 1774; x_wconf 90' lang='lat' dir='ltr'><strong>psit</strong></span> <span class='ocrx_word' id='word_1_448' title='bbox 2266 1705 2648 1775; x_wconf 82' lang='lat' dir='ltr'><strong>Dithyrambos</strong></span> <span class='ocrx_word' id='word_1_449' title='bbox 2679 1711 2873 1777; x_wconf 83' lang='lat' dir='ltr'><strong>XXIV,</strong></span> <span class='ocrx_word' id='word_1_450' title='bbox 2905 1715 2961 1764; x_wconf 90' lang='lat' dir='ltr'><strong>et</strong></span> <span class='ocrx_word' id='word_1_451' title='bbox 2993 1710 3258 1764; x_wconf 88' lang='lat' dir='ltr'><strong>carmine</strong></span> <span class='ocrx_word' id='word_1_452' title='bbox 3290 1709 3472 1780; x_wconf 90' lang='lat' dir='ltr'><strong>lyrico</strong></span> <span class='ocrx_word' id='word_1_453' title='bbox 3506 1711 3772 1767; x_wconf 75' lang='grc' dir='ltr'><strong>ϐεηεαίοο</strong></span> 
     </span>
    </p>
   </div>
   <div class='ocr_carea' id='block_1_63' title="bbox 2114 1794 3775 1872">
    <p class='ocr_par' dir='ltr' id='par_1_63' title="bbox 2114 1794 3775 1872">
     <span class='ocr_line' id='line_1_63' title="bbox 2114 1794 3775 1872; baseline 0.006 -26"><span class='ocrx_word' id='word_1_454' title='bbox 2114 1794 2261 1860; x_wconf 85' lang='lat' dir='ltr'><strong>giam</strong></span> <span class='ocrx_word' id='word_1_455' title='bbox 2311 1797 2690 1866; x_wconf 64' lang='lat' dir='ltr'><strong>£acidarum,</strong></span> <span class='ocrx_word' id='word_1_456' title='bbox 2743 1799 3008 1870; x_wconf 88' lang='lat' dir='ltr'><strong>obiitque</strong></span> <span class='ocrx_word' id='word_1_457' title='bbox 3057 1799 3294 1870; x_wconf 89' lang='lat' dir='ltr'><strong>Ephesi.</strong></span> <span class='ocrx_word' id='word_1_458' title='bbox 3345 1800 3637 1870; x_wconf 87' lang='lat' dir='ltr'><strong>Cytheriis</strong></span> <span class='ocrx_word' id='word_1_459' title='bbox 3668 1818 3775 1872; x_wconf 89' lang='lat' dir='ltr'><strong>per</strong></span> 
     </span>
    </p>
   </div>
   <div class='ocr_carea' id='block_1_64' title="bbox 2027 1880 3774 1960">
    <p class='ocr_par' dir='ltr' id='par_1_64' title="bbox 2027 1880 3774 1960">
     <span class='ocr_line' id='line_1_64' title="bbox 2027 1880 3774 1960; baseline 0.005 -24"><span class='ocrx_word' id='word_1_460' title='bbox 2027 1880 2074 1946; x_wconf 87' lang='grc' dir='ltr'><strong>Β</strong></span> <span class='ocrx_word' id='word_1_461' title='bbox 2110 1882 2586 1941; x_wconf 79' lang='lat' dir='ltr'><strong>Lacedaemonios</strong></span> <span class='ocrx_word' id='word_1_462' title='bbox 2619 1887 2680 1942; x_wconf 89' lang='lat' dir='ltr'><strong>in</strong></span> <span class='ocrx_word' id='word_1_463' title='bbox 2715 1889 3059 1943; x_wconf 90' lang='lat' dir='ltr'><strong>servitutem</strong></span> <span class='ocrx_word' id='word_1_464' title='bbox 3091 1887 3368 1956; x_wconf 84' lang='lat' dir='ltr'><strong>redactis,</strong></span> <span class='ocrx_word' id='word_1_465' title='bbox 3417 1895 3652 1960; x_wconf 90' lang='lat' dir='ltr'><strong>emptus</strong></span> <span class='ocrx_word' id='word_1_466' title='bbox 3683 1895 3774 1945; x_wconf 85' lang='lat' dir='ltr'><strong>est</strong></span> 
     </span>
    </p>
   </div>
   <div class='ocr_carea' id='block_1_65' title="bbox 2105 1971 3771 2050">
    <p class='ocr_par' dir='ltr' id='par_1_65' title="bbox 2105 1971 3771 2050">
     <span class='ocr_line' id='line_1_65' title="bbox 2105 1971 3771 2050; baseline 0.005 -24"><span class='ocrx_word' id='word_1_467' title='bbox 2105 1971 2177 2026; x_wconf 89' lang='lat' dir='ltr'><strong>ab</strong></span> <span class='ocrx_word' id='word_1_468' title='bbox 2209 1975 2461 2045; x_wconf 89' lang='lat' dir='ltr'><strong>Agesylo</strong></span> <span class='ocrx_word' id='word_1_469' title='bbox 2495 1977 2773 2046; x_wconf 76' lang='lat' dir='ltr'><strong>quodam,</strong></span> <span class='ocrx_word' id='word_1_470' title='bbox 2811 1984 2870 2032; x_wconf 93' lang='lat' dir='ltr'><strong>et</strong></span> <span class='ocrx_word' id='word_1_471' title='bbox 2902 1979 3211 2049; x_wconf 84' lang='lat' dir='ltr'><strong>Myrmecis</strong></span> <span class='ocrx_word' id='word_1_472' title='bbox 3245 1995 3464 2033; x_wconf 91' lang='lat' dir='ltr'><strong>nomen</strong></span> <span class='ocrx_word' id='word_1_473' title='bbox 3499 1978 3551 2032; x_wconf 89' lang='lat' dir='ltr'><strong>ei</strong></span> <span class='ocrx_word' id='word_1_474' title='bbox 3583 1979 3771 2050; x_wconf 89' lang='lat' dir='ltr'><strong>impo-</strong></span> 
     </span>
    </p>
   </div>
   <div class='ocr_carea' id='block_1_66' title="bbox 2109 2062 3766 2138">
    <p class='ocr_par' dir='ltr' id='par_1_66' title="bbox 2109 2062 3766 2138">
     <span class='ocr_line' id='line_1_66' title="bbox 2109 2062 3766 2138; baseline 0.006 -23"><span class='ocrx_word' id='word_1_475' title='bbox 2109 2062 2312 2118; x_wconf 88' lang='lat' dir='ltr'><strong>situm.</strong></span> <span class='ocrx_word' id='word_1_476' title='bbox 2341 2066 2480 2119; x_wconf 90' lang='lat' dir='ltr'><strong>Post</strong></span> <span class='ocrx_word' id='word_1_477' title='bbox 2505 2067 2737 2138; x_wconf 88' lang='lat' dir='ltr'><strong>Agesyli</strong></span> <span class='ocrx_word' id='word_1_478' title='bbox 2774 2073 3026 2121; x_wconf 87' lang='lat' dir='ltr'><strong>mortem</strong></span> <span class='ocrx_word' id='word_1_479' title='bbox 3061 2067 3426 2138; x_wconf 86' lang='lat' dir='ltr'><strong>redemptus,</strong></span> <span class='ocrx_word' id='word_1_480' title='bbox 3467 2073 3524 2122; x_wconf 92' lang='lat' dir='ltr'><strong>et</strong></span> <span class='ocrx_word' id='word_1_481' title='bbox 3552 2068 3766 2125; x_wconf 91' lang='lat' dir='ltr'><strong>litteris</strong></span> 
     </span>
    </p>
   </div>
   <div class='ocr_carea' id='block_1_67' title="bbox 2109 2151 3766 2228">
    <p class='ocr_par' dir='ltr' id='par_1_67' title="bbox 2109 2151 3766 2228">
     <span class='ocr_line' id='line_1_67' title="bbox 2109 2151 3766 2228; baseline 0.005 -25"><span class='ocrx_word' id='word_1_482' title='bbox 2109 2151 2417 2207; x_wconf 86' lang='lat' dir='ltr'><strong>institutus</strong></span> <span class='ocrx_word' id='word_1_483' title='bbox 2449 2159 2600 2210; x_wconf 90' lang='lat' dir='ltr'><strong>esta</strong></span> <span class='ocrx_word' id='word_1_484' title='bbox 2659 2155 3075 2227; x_wconf 87' lang='lat' dir='ltr'><strong>Melanippide,</strong></span> <span class='ocrx_word' id='word_1_485' title='bbox 3127 2156 3333 2228; x_wconf 89' lang='lat' dir='ltr'><strong>lyrico.</strong></span> <span class='ocrx_word' id='word_1_486' title='bbox 3395 2157 3766 2213; x_wconf 84' lang='lat' dir='ltr'><strong>Callistratus</strong></span> 
     </span>
    </p>
   </div>
   <div class='ocr_carea' id='block_1_68' title="bbox 2107 2243 3768 2311">
    <p class='ocr_par' dir='ltr' id='par_1_68' title="bbox 2107 2243 3768 2311">
     <span class='ocr_line' id='line_1_68' title="bbox 2107 2243 3768 2311; baseline 0.005 -18"><span class='ocrx_word' id='word_1_487' title='bbox 2107 2257 2263 2305; x_wconf 89' lang='lat' dir='ltr'><strong>vero,</strong></span> <span class='ocrx_word' id='word_1_488' title='bbox 2301 2243 2596 2297; x_wconf 59' lang='lat' dir='ltr'><strong>Heracleas</strong></span> <span class='ocrx_word' id='word_1_489' title='bbox 2630 2245 2887 2299; x_wconf 67' lang='lat' dir='ltr'><strong>Pontica}</strong></span> <span class='ocrx_word' id='word_1_490' title='bbox 2919 2251 3122 2300; x_wconf 86' lang='lat' dir='ltr'><strong>natum</strong></span> <span class='ocrx_word' id='word_1_491' title='bbox 3165 2262 3317 2311; x_wconf 84' lang='lat' dir='ltr'><strong>esse,</strong></span> <span class='ocrx_word' id='word_1_492' title='bbox 3369 2245 3589 2300; x_wconf 88' lang='lat' dir='ltr'><strong>scribit.</strong></span> <span class='ocrx_word' id='word_1_493' title='bbox 3626 2247 3768 2301; x_wconf 89' lang='lat' dir='ltr'><strong>Phi-</strong></span> 
     </span>
    </p>
   </div>
   <div class='ocr_carea' id='block_1_69' title="bbox 2107 2330 3768 2405">
    <p class='ocr_par' dir='ltr' id='par_1_69' title="bbox 2107 2330 3768 2405">
     <span class='ocr_line' id='line_1_69' title="bbox 2107 2330 3768 2405; baseline 0.004 -22"><span class='ocrx_word' id='word_1_494' title='bbox 2107 2330 2359 2385; x_wconf 90' lang='lat' dir='ltr'><strong>onenus</strong></span> <span class='ocrx_word' id='word_1_495' title='bbox 2391 2339 2702 2403; x_wconf 86' lang='lat' dir='ltr'><strong>postquam</strong></span> <span class='ocrx_word' id='word_1_496' title='bbox 2733 2333 3008 2388; x_wconf 88' lang='lat' dir='ltr'><strong>latomias</strong></span> <span class='ocrx_word' id='word_1_497' title='bbox 3042 2333 3322 2404; x_wconf 74' lang='lat' dir='ltr'><strong>Dionysii,</strong></span> <span class='ocrx_word' id='word_1_498' title='bbox 3347 2335 3606 2405; x_wconf 83' lang='lat' dir='ltr'><strong>tyranni,</strong></span> <span class='ocrx_word' id='word_1_499' title='bbox 3641 2351 3768 2390; x_wconf 85' lang='lat' dir='ltr'><strong>eva-</strong></span> 
     </span>
    </p>
   </div>
   <div class='ocr_carea' id='block_1_70' title="bbox 2109 2419 3768 2495">
    <p class='ocr_par' dir='ltr' id='par_1_70' title="bbox 2109 2419 3768 2495">
     <span class='ocr_line' id='line_1_70' title="bbox 2109 2419 3768 2495; baseline 0.003 -21"><span class='ocrx_word' id='word_1_500' title='bbox 2109 2419 2286 2474; x_wconf 88' lang='lat' dir='ltr'><strong>sisset</strong></span> <span class='ocrx_word' id='word_1_501' title='bbox 2317 2419 2498 2486; x_wconf 91' lang='lat' dir='ltr'><strong>(Suid.</strong></span> <span class='ocrx_word' id='word_1_502' title='bbox 2535 2423 2593 2475; x_wconf 90' lang='lat' dir='ltr'><strong>in</strong></span> <span class='ocrx_word' id='word_1_503' title='bbox 2625 2421 2833 2495; x_wconf 71' lang='grc' dir='ltr'>’Ἄπαγε</span> <span class='ocrx_word' id='word_1_504' title='bbox 2865 2427 2924 2475; x_wconf 88' lang='lat' dir='ltr'><strong>et</strong></span> <span class='ocrx_word' id='word_1_505' title='bbox 2953 2419 3050 2483; x_wconf 68' lang='grc' dir='ltr'><strong>Εἷς</strong></span> <span class='ocrx_word' id='word_1_506' title='bbox 3081 2419 3399 2493; x_wconf 75' lang='grc' dir='ltr'><strong>λατομίας),</strong></span> <span class='ocrx_word' id='word_1_507' title='bbox 3449 2424 3768 2480; x_wconf 82' lang='lat' dir='ltr'><strong>Tarentum</strong></span> 
     </span>
    </p>
   </div>
   <div class='ocr_carea' id='block_1_71' title="bbox 2105 2508 3765 2583">
    <p class='ocr_par' dir='ltr' id='par_1_71' title="bbox 2105 2508 3765 2583">
     <span class='ocr_line' id='line_1_71' title="bbox 2105 2508 3765 2583; baseline 0.004 -23"><span class='ocrx_word' id='word_1_508' title='bbox 2105 2508 2290 2563; x_wconf 65' lang='lat' dir='ltr'><strong>Italiae</strong></span> <span class='ocrx_word' id='word_1_509' title='bbox 2322 2525 2384 2563; x_wconf 89' lang='lat' dir='ltr'><strong>se</strong></span> <span class='ocrx_word' id='word_1_510' title='bbox 2415 2509 2681 2565; x_wconf 91' lang='lat' dir='ltr'><strong>contulit.</strong></span> <span class='ocrx_word' id='word_1_511' title='bbox 2716 2511 2863 2566; x_wconf 86' lang='lat' dir='ltr'><strong>Hinc</strong></span> <span class='ocrx_word' id='word_1_512' title='bbox 2889 2517 3128 2583; x_wconf 87' lang='lat' dir='ltr'><strong>rogatus</strong></span> <span class='ocrx_word' id='word_1_513' title='bbox 3163 2527 3270 2582; x_wconf 91' lang='lat' dir='ltr'><strong>per</strong></span> <span class='ocrx_word' id='word_1_514' title='bbox 3297 2511 3526 2567; x_wconf 90' lang='lat' dir='ltr'><strong>litteras</strong></span> <span class='ocrx_word' id='word_1_515' title='bbox 3555 2529 3588 2567; x_wconf 92' lang='lat' dir='ltr'><strong>a</strong></span> <span class='ocrx_word' id='word_1_516' title='bbox 3631 2513 3765 2567; x_wconf 90' lang='lat' dir='ltr'><strong>Dio-</strong></span> 
     </span>
    </p>
   </div>
   <div class='ocr_carea' id='block_1_72' title="bbox 2106 2596 3766 2672">
    <p class='ocr_par' dir='ltr' id='par_1_72' title="bbox 2106 2596 3766 2672">
     <span class='ocr_line' id='line_1_72' title="bbox 2106 2596 3766 2672; baseline 0.004 -22"><span class='ocrx_word' id='word_1_517' title='bbox 2106 2596 2297 2667; x_wconf 76' lang='lat' dir='ltr'><strong>nysio,</strong></span> <span class='ocrx_word' id='word_1_518' title='bbox 2328 2604 2393 2652; x_wconf 92' lang='lat' dir='ltr'><strong>ut</strong></span> <span class='ocrx_word' id='word_1_519' title='bbox 2412 2598 2654 2666; x_wconf 86' lang='lat' dir='ltr'><strong>rediret,</strong></span> <span class='ocrx_word' id='word_1_520' title='bbox 2689 2599 2840 2653; x_wconf 89' lang='lat' dir='ltr'><strong>nihil</strong></span> <span class='ocrx_word' id='word_1_521' title='bbox 2871 2599 3200 2670; x_wconf 87' lang='lat' dir='ltr'><strong>rescripsit,</strong></span> <span class='ocrx_word' id='word_1_522' title='bbox 3253 2599 3355 2653; x_wconf 89' lang='lat' dir='ltr'><strong>sed</strong></span> <span class='ocrx_word' id='word_1_523' title='bbox 3390 2599 3588 2655; x_wconf 87' lang='lat' dir='ltr'><strong>littera</strong></span> <span class='ocrx_word' id='word_1_524' title='bbox 3613 2601 3656 2656; x_wconf 92' lang='grc' dir='ltr'><strong>Ο</strong></span> <span class='ocrx_word' id='word_1_525' title='bbox 3688 2600 3766 2672; x_wconf 87' lang='grc'><strong>(6)</strong></span> 
     </span>
    </p>
   </div>
   <div class='ocr_carea' id='block_1_73' title="bbox 2105 2684 3764 2760">
    <p class='ocr_par' dir='ltr' id='par_1_73' title="bbox 2105 2684 3764 2760">
     <span class='ocr_line' id='line_1_73' title="bbox 2105 2684 3764 2760; baseline 0.003 -22"><span class='ocrx_word' id='word_1_526' title='bbox 2105 2684 2434 2742; x_wconf 91' lang='lat' dir='ltr'><strong>identidem</strong></span> <span class='ocrx_word' id='word_1_527' title='bbox 2491 2687 2725 2742; x_wconf 62' lang='lat' dir='ltr'><strong>tabellas</strong></span> <span class='ocrx_word' id='word_1_528' title='bbox 2757 2688 3044 2759; x_wconf 88' lang='lat' dir='ltr'><strong>inscripta</strong></span> <span class='ocrx_word' id='word_1_529' title='bbox 3102 2688 3474 2760; x_wconf 80' lang='lat' dir='ltr'><strong>significavit,</strong></span> <span class='ocrx_word' id='word_1_530' title='bbox 3509 2706 3570 2744; x_wconf 91' lang='lat' dir='ltr'><strong>se</strong></span> <span class='ocrx_word' id='word_1_531' title='bbox 3616 2689 3764 2744; x_wconf 83' lang='lat' dir='ltr'><strong>invi-</strong></span> 
     </span>
    </p>
   </div>
   <div class='ocr_carea' id='block_1_74' title="bbox 2104 2774 3761 2848">
    <p class='ocr_par' dir='ltr' id='par_1_74' title="bbox 2104 2774 3761 2848">
     <span class='ocr_line' id='line_1_74' title="bbox 2104 2774 3761 2848; baseline 0.001 -20"><span class='ocrx_word' id='word_1_532' title='bbox 2104 2775 2394 2830; x_wconf 89' lang='lat' dir='ltr'><strong>tationem</strong></span> <span class='ocrx_word' id='word_1_533' title='bbox 2449 2775 2782 2848; x_wconf 89' lang='lat' dir='ltr'><strong>repudiare.</strong></span> <span class='ocrx_word' id='word_1_534' title='bbox 2845 2777 2990 2831; x_wconf 84' lang='lat' dir='ltr'><strong>Hinc</strong></span> <span class='ocrx_word' id='word_1_535' title='bbox 3048 2776 3426 2847; x_wconf 89' lang='lat' dir='ltr'><strong>proverbium</strong></span> <span class='ocrx_word' id='word_1_536' title='bbox 3463 2774 3761 2848; x_wconf 75' lang='grc' dir='ltr'><strong>Φιλοξένου</strong></span> 
     </span>
    </p>
   </div>
   <div class='ocr_carea' id='block_1_75' title="bbox 2104 2862 2478 2935">
    <p class='ocr_par' dir='ltr' id='par_1_75' title="bbox 2104 2862 2478 2935">
     <span class='ocr_line' id='line_1_75' title="bbox 2104 2862 2478 2935; baseline 0.013 -20"><span class='ocrx_word' id='word_1_537' title='bbox 2104 2862 2478 2935; x_wconf 81' lang='grc' dir='ltr'><strong>γραμμάτιον.</strong></span> 
     </span>
    </p>
   </div>
   <div class='ocr_carea' id='block_1_76' title="bbox 2178 2969 3760 3043">
    <p class='ocr_par' dir='ltr' id='par_1_76' title="bbox 2178 2969 3760 3043">
     <span class='ocr_line' id='line_1_76' title="bbox 2178 2969 3760 3043; baseline 0.003 -20"><span class='ocrx_word' id='word_1_538' title='bbox 2178 2970 2559 3040; x_wconf 84' lang='lat' dir='ltr'><strong>Philoxenus,</strong></span> <span class='ocrx_word' id='word_1_539' title='bbox 2596 2969 3054 3040; x_wconf 87' lang='lat' dir='ltr'><strong>Alexandrinus,</strong></span> <span class='ocrx_word' id='word_1_540' title='bbox 3083 2971 3527 3043; x_wconf 88' lang='lat' dir='ltr'><strong>grammaticus,</strong></span> <span class='ocrx_word' id='word_1_541' title='bbox 3559 2973 3760 3028; x_wconf 67' lang='lat' dir='ltr'><strong>Roma</strong></span> 
     </span>
    </p>
   </div>
   <div class='ocr_carea' id='block_1_77' title="bbox 2106 3060 3764 3133">
    <p class='ocr_par' dir='ltr' id='par_1_77' title="bbox 2106 3060 3764 3133">
     <span class='ocr_line' id='line_1_77' title="bbox 2106 3060 3764 3133; baseline 0.001 -17"><span class='ocrx_word' id='word_1_542' title='bbox 2106 3062 2347 3117; x_wconf 92' lang='lat' dir='ltr'><strong>docuit:</strong></span> <span class='ocrx_word' id='word_1_543' title='bbox 2381 3061 2621 3133; x_wconf 90' lang='lat' dir='ltr'><strong>scripsit</strong></span> <span class='ocrx_word' id='word_1_544' title='bbox 2649 3084 2677 3110; x_wconf 85' lang='lat'><strong>«</strong></span> <span class='ocrx_word' id='word_1_545' title='bbox 2711 3062 2791 3116; x_wconf 91' lang='lat' dir='ltr'><strong>De</strong></span> <span class='ocrx_word' id='word_1_546' title='bbox 2826 3061 3018 3116; x_wconf 86' lang='lat' dir='ltr'><strong>verbis</strong></span> <span class='ocrx_word' id='word_1_547' title='bbox 3039 3060 3468 3133; x_wconf 90' lang='lat' dir='ltr'><strong>monosyllabis</strong></span> <span class='ocrx_word' id='word_1_548' title='bbox 3495 3079 3509 3132; x_wconf 89' lang='lat'><strong>;</strong></span> <span class='ocrx_word' id='word_1_549' title='bbox 3541 3062 3622 3118; x_wconf 89' lang='lat' dir='ltr'><strong>De</strong></span> <span class='ocrx_word' id='word_1_550' title='bbox 3655 3078 3764 3118; x_wconf 91' lang='lat' dir='ltr'><strong>no-</strong></span> 
     </span>
    </p>
   </div>
   <div class='ocr_carea' id='block_1_78' title="bbox 2111 3150 3762 3222">
    <p class='ocr_par' dir='ltr' id='par_1_78' title="bbox 2111 3150 3762 3222">
     <span class='ocr_line' id='line_1_78' title="bbox 2111 3150 3762 3222; baseline 0.001 -18"><span class='ocrx_word' id='word_1_551' title='bbox 2111 3175 2131 3200; x_wconf 77' lang='grc' dir='ltr'>σ</span> <span class='ocrx_word' id='word_1_552' title='bbox 2169 3152 2244 3206; x_wconf 90' lang='lat' dir='ltr'><strong>tis</strong></span> <span class='ocrx_word' id='word_1_553' title='bbox 2273 3151 2496 3206; x_wconf 72' lang='lat' dir='ltr'><strong>‘criticis</strong></span> <span class='ocrx_word' id='word_1_554' title='bbox 2545 3151 2605 3205; x_wconf 89' lang='lat' dir='ltr'><strong>in</strong></span> <span class='ocrx_word' id='word_1_555' title='bbox 2640 3151 2860 3217; x_wconf 90' lang='lat' dir='ltr'><strong>Iliade;</strong></span> <span class='ocrx_word' id='word_1_556' title='bbox 2896 3152 2974 3205; x_wconf 94' lang='lat' dir='ltr'><strong>De</strong></span> <span class='ocrx_word' id='word_1_557' title='bbox 3023 3151 3216 3206; x_wconf 88' lang='lat' dir='ltr'><strong>verbis</strong></span> <span class='ocrx_word' id='word_1_558' title='bbox 3269 3150 3331 3206; x_wconf 89' lang='lat' dir='ltr'><strong>in</strong></span> <span class='ocrx_word' id='word_1_559' title='bbox 3367 3175 3387 3200; x_wconf 76' lang='grc' dir='ltr'><strong>ο</strong></span> <span class='ocrx_word' id='word_1_560' title='bbox 3446 3171 3506 3222; x_wconf 82' lang='grc' dir='ltr'>μι</span> <span class='ocrx_word' id='word_1_561' title='bbox 3539 3174 3566 3200; x_wconf 84' lang='grc'><strong>‹‹</strong></span> <span class='ocrx_word' id='word_1_562' title='bbox 3602 3152 3762 3208; x_wconf 90' lang='lat' dir='ltr'><strong>desi-</strong></span> 
     </span>
    </p>
   </div>
   <div class='ocr_carea' id='block_1_79' title="bbox 2021 3233 3760 3314">
    <p class='ocr_par' dir='ltr' id='par_1_79' title="bbox 2021 3233 3760 3314">
     <span class='ocr_line' id='line_1_79' title="bbox 2021 3233 3760 3314; baseline 0.002 -20"><span class='ocrx_word' id='word_1_563' title='bbox 2021 3233 2065 3300; x_wconf 88' lang='lat' dir='ltr'><strong>C</strong></span> <span class='ocrx_word' id='word_1_564' title='bbox 2105 3264 2133 3291; x_wconf 81' lang='lat' dir='ltr'><strong>u</strong></span> <span class='ocrx_word' id='word_1_565' title='bbox 2167 3241 2484 3308; x_wconf 89' lang='lat' dir='ltr'><strong>nentibus;</strong></span> <span class='ocrx_word' id='word_1_566' title='bbox 2520 3242 2599 3296; x_wconf 85' lang='lat' dir='ltr'><strong>De</strong></span> <span class='ocrx_word' id='word_1_567' title='bbox 2649 3240 3074 3312; x_wconf 86' lang='lat' dir='ltr'><strong>diplasiasmo;</strong></span> <span class='ocrx_word' id='word_1_568' title='bbox 3123 3242 3204 3296; x_wconf 92' lang='lat' dir='ltr'><strong>De</strong></span> <span class='ocrx_word' id='word_1_569' title='bbox 3253 3242 3760 3314; x_wconf 88' lang='lat' dir='ltr'><strong>Syracusanorum</strong></span> 
     </span>
    </p>
   </div>
   <div class='ocr_carea' id='block_1_80' title="bbox 2107 3329 3755 3403">
    <p class='ocr_par' dir='ltr' id='par_1_80' title="bbox 2107 3329 3755 3403">
     <span class='ocr_line' id='line_1_80' title="bbox 2107 3329 3755 3403; baseline 0.003 -21"><span class='ocrx_word' id='word_1_570' title='bbox 2107 3354 2134 3382; x_wconf 83' lang='lat'><strong>«</strong></span> <span class='ocrx_word' id='word_1_571' title='bbox 2166 3331 2418 3386; x_wconf 89' lang='lat' dir='ltr'><strong>dialecto</strong></span> <span class='ocrx_word' id='word_1_572' title='bbox 2445 3349 2459 3398; x_wconf 94' lang='lat'><strong>;</strong></span> <span class='ocrx_word' id='word_1_573' title='bbox 2495 3331 2574 3386; x_wconf 93' lang='lat' dir='ltr'><strong>De</strong></span> <span class='ocrx_word' id='word_1_574' title='bbox 2607 3330 2970 3385; x_wconf 84' lang='lat' dir='ltr'><strong>Hellenismo</strong></span> <span class='ocrx_word' id='word_1_575' title='bbox 3004 3329 3189 3385; x_wconf 88' lang='lat' dir='ltr'><strong>libros</strong></span> <span class='ocrx_word' id='word_1_576' title='bbox 3222 3332 3326 3397; x_wconf 91' lang='lat' dir='ltr'><strong>IV;</strong></span> <span class='ocrx_word' id='word_1_577' title='bbox 3362 3333 3442 3385; x_wconf 91' lang='lat' dir='ltr'><strong>De</strong></span> <span class='ocrx_word' id='word_1_578' title='bbox 3473 3331 3755 3403; x_wconf 85' lang='lat' dir='ltr'><strong>conjuga-</strong></span> 
     </span>
    </p>
   </div>
   <div class='ocr_carea' id='block_1_81' title="bbox 2105 3419 3756 3492">
    <p class='ocr_par' dir='ltr' id='par_1_81' title="bbox 2105 3419 3756 3492">
     <span class='ocr_line' id='line_1_81' title="bbox 2105 3419 3756 3492; baseline 0.005 -22"><span class='ocrx_word' id='word_1_579' title='bbox 2105 3443 2132 3470; x_wconf 85' lang='grc'><em>‹‹</em></span> <span class='ocrx_word' id='word_1_580' title='bbox 2166 3420 2466 3486; x_wconf 89' lang='lat' dir='ltr'><strong>tionibus;</strong></span> <span class='ocrx_word' id='word_1_581' title='bbox 2501 3421 2579 3474; x_wconf 92' lang='lat' dir='ltr'><strong>De</strong></span> <span class='ocrx_word' id='word_1_582' title='bbox 2609 3419 2822 3492; x_wconf 90' lang='lat' dir='ltr'><strong>glossis</strong></span> <span class='ocrx_word' id='word_1_583' title='bbox 2852 3419 3034 3474; x_wconf 90' lang='lat' dir='ltr'><strong>libros</strong></span> <span class='ocrx_word' id='word_1_584' title='bbox 3066 3421 3149 3486; x_wconf 88' lang='lat' dir='ltr'><strong>V;</strong></span> <span class='ocrx_word' id='word_1_585' title='bbox 3189 3421 3264 3474; x_wconf 92' lang='lat' dir='ltr'><strong>De</strong></span> <span class='ocrx_word' id='word_1_586' title='bbox 3295 3419 3506 3491; x_wconf 89' lang='lat' dir='ltr'><strong>glossis</strong></span> <span class='ocrx_word' id='word_1_587' title='bbox 3539 3421 3756 3478; x_wconf 85' lang='lat' dir='ltr'><strong>Home-</strong></span> 
     </span>
    </p>
   </div>
   <div class='ocr_carea' id='block_1_82' title="bbox 2105 3509 3757 3582">
    <p class='ocr_par' dir='ltr' id='par_1_82' title="bbox 2105 3509 3757 3582">
     <span class='ocr_line' id='line_1_82' title="bbox 2105 3509 3757 3582; baseline 0.001 -18"><span class='ocrx_word' id='word_1_588' title='bbox 2105 3533 2131 3560; x_wconf 85' lang='lat'><strong>«</strong></span> <span class='ocrx_word' id='word_1_589' title='bbox 2167 3510 2305 3565; x_wconf 90' lang='lat' dir='ltr'><strong>ricis</strong></span> <span class='ocrx_word' id='word_1_590' title='bbox 2331 3527 2344 3576; x_wconf 91' lang='lat'><strong>;</strong></span> <span class='ocrx_word' id='word_1_591' title='bbox 2375 3512 2453 3565; x_wconf 89' lang='lat' dir='ltr'><strong>De</strong></span> <span class='ocrx_word' id='word_1_592' title='bbox 2473 3511 2766 3566; x_wconf 89' lang='lat' dir='ltr'><strong>Laconum</strong></span> <span class='ocrx_word' id='word_1_593' title='bbox 2792 3509 3045 3565; x_wconf 90' lang='lat' dir='ltr'><strong>dialecto</strong></span> <span class='ocrx_word' id='word_1_594' title='bbox 3067 3510 3176 3576; x_wconf 91' lang='lat' dir='ltr'><strong>;De</strong></span> <span class='ocrx_word' id='word_1_595' title='bbox 3199 3509 3453 3565; x_wconf 87' lang='lat' dir='ltr'><strong>dialecto</strong></span> <span class='ocrx_word' id='word_1_596' title='bbox 3483 3511 3700 3582; x_wconf 90' lang='lat' dir='ltr'><strong>Ionica,</strong></span> <span class='ocrx_word' id='word_1_597' title='bbox 3729 3533 3757 3559; x_wconf 85' lang='lat'><strong>»</strong></span> 
     </span>
    </p>
   </div>
   <div class='ocr_carea' id='block_1_83' title="bbox 2106 3599 2458 3670">
    <p class='ocr_par' dir='ltr' id='par_1_83' title="bbox 2106 3599 2458 3670">
     <span class='ocr_line' id='line_1_83' title="bbox 2106 3599 2458 3670; baseline 0.003 -16"><span class='ocrx_word' id='word_1_598' title='bbox 2106 3605 2164 3654; x_wconf 92' lang='lat' dir='ltr'><strong>et</strong></span> <span class='ocrx_word' id='word_1_599' title='bbox 2188 3599 2458 3670; x_wconf 91' lang='lat' dir='ltr'><strong>reliquis.</strong></span> 
     </span>
    </p>
   </div>
   <div class='ocr_carea' id='block_1_84' title="bbox 2175 3704 3762 3778">
    <p class='ocr_par' dir='ltr' id='par_1_84' title="bbox 2175 3704 3762 3778">
     <span class='ocr_line' id='line_1_84' title="bbox 2175 3704 3762 3778; baseline 0.002 -18"><span class='ocrx_word' id='word_1_600' title='bbox 2175 3705 2558 3775; x_wconf 86' lang='lat' dir='ltr'><strong>Philoxenus,</strong></span> <span class='ocrx_word' id='word_1_601' title='bbox 2591 3705 2940 3775; x_wconf 90' lang='lat' dir='ltr'><strong>Leucadius,</strong></span> <span class='ocrx_word' id='word_1_602' title='bbox 2964 3705 3100 3778; x_wconf 85' lang='lat' dir='ltr'><strong>gulo</strong></span> <span class='ocrx_word' id='word_1_603' title='bbox 3128 3710 3185 3759; x_wconf 91' lang='lat' dir='ltr'><strong>et</strong></span> <span class='ocrx_word' id='word_1_604' title='bbox 3208 3704 3525 3777; x_wconf 89' lang='lat' dir='ltr'><strong>parasitus,</strong></span> <span class='ocrx_word' id='word_1_605' title='bbox 3555 3705 3620 3763; x_wconf 90' lang='lat' dir='ltr'><strong>V.</strong></span> <span class='ocrx_word' id='word_1_606' title='bbox 3647 3705 3762 3762; x_wconf 85' lang='lat' dir='ltr'><strong>Ku-</strong></span> 
     </span>
    </p>
   </div>
   <div class='ocr_carea' id='block_1_85' title="bbox 2105 3795 2931 3867">
    <p class='ocr_par' dir='ltr' id='par_1_85' title="bbox 2105 3795 2931 3867">
     <span class='ocr_line' id='line_1_85' title="bbox 2105 3795 2931 3867; baseline 0 -17"><span class='ocrx_word' id='word_1_607' title='bbox 2105 3801 2227 3851; x_wconf 91' lang='lat' dir='ltr'><strong>ster</strong></span> <span class='ocrx_word' id='word_1_608' title='bbox 2257 3795 2330 3850; x_wconf 89' lang='lat' dir='ltr'><strong>ad</strong></span> <span class='ocrx_word' id='word_1_609' title='bbox 2363 3801 2503 3850; x_wconf 85' lang='lat' dir='ltr'><strong>tom.</strong></span> <span class='ocrx_word' id='word_1_610' title='bbox 2538 3796 2606 3863; x_wconf 92' lang='lat' dir='ltr'><strong>II,</strong></span> <span class='ocrx_word' id='word_1_611' title='bbox 2642 3811 2773 3867; x_wconf 87' lang='lat' dir='ltr'><strong>pag.</strong></span> <span class='ocrx_word' id='word_1_612' title='bbox 2809 3798 2931 3850; x_wconf 85' lang='lat'><strong>606.</strong></span> 
     </span>
    </p>
   </div>
   <div class='ocr_carea' id='block_1_86' title="bbox 2175 3901 3760 3974">
    <p class='ocr_par' dir='ltr' id='par_1_86' title="bbox 2175 3901 3760 3974">
     <span class='ocr_line' id='line_1_86' title="bbox 2175 3901 3760 3974; baseline 0.001 -17"><span class='ocrx_word' id='word_1_613' title='bbox 2175 3903 2510 3974; x_wconf 77' lang='lat' dir='ltr'><strong>Pliilyllius,</strong></span> <span class='ocrx_word' id='word_1_614' title='bbox 2540 3902 2942 3971; x_wconf 89' lang='lat' dir='ltr'><strong>Atheniensis,</strong></span> <span class='ocrx_word' id='word_1_615' title='bbox 2968 3902 3230 3957; x_wconf 91' lang='lat' dir='ltr'><strong>comicus</strong></span> <span class='ocrx_word' id='word_1_616' title='bbox 3253 3901 3514 3972; x_wconf 66' lang='lat' dir='ltr'><strong>antiquas</strong></span> <span class='ocrx_word' id='word_1_617' title='bbox 3541 3918 3760 3958; x_wconf 73' lang='lat' dir='ltr'><strong>comm-</strong></span> 
     </span>
    </p>
   </div>
   <div class='ocr_carea' id='block_1_87' title="bbox 2105 3985 3759 4064">
    <p class='ocr_par' dir='ltr' id='par_1_87' title="bbox 2105 3985 3759 4064">
     <span class='ocr_line' id='line_1_87' title="bbox 2105 3985 3759 4064; baseline -0.002 -17"><span class='ocrx_word' id='word_1_618' title='bbox 2105 3992 2235 4056; x_wconf 69' lang='grc' dir='ltr'><strong>ἀίω,</strong></span> <span class='ocrx_word' id='word_1_619' title='bbox 2263 4010 2331 4047; x_wconf 79' lang='lat' dir='ltr'><strong>ex</strong></span> <span class='ocrx_word' id='word_1_620' title='bbox 2372 3993 2541 4063; x_wconf 86' lang='lat' dir='ltr'><strong>cujus</strong></span> <span class='ocrx_word' id='word_1_621' title='bbox 2572 3991 2790 4046; x_wconf 82' lang='lat' dir='ltr'><strong>fabulis</strong></span> <span class='ocrx_word' id='word_1_622' title='bbox 2837 3997 3007 4046; x_wconf 89' lang='lat' dir='ltr'><strong>sunt:</strong></span> <span class='ocrx_word' id='word_1_623' title='bbox 3047 3989 3265 4064; x_wconf 78' lang='grc' dir='ltr'><strong>Αἰγεὺς,</strong></span> <span class='ocrx_word' id='word_1_624' title='bbox 3302 3985 3480 4062; x_wconf 72' lang='grc' dir='ltr'><strong>Αὔγη,</strong></span> <span class='ocrx_word' id='word_1_625' title='bbox 3513 3995 3759 4059; x_wconf 80' lang='grc' dir='ltr'><strong>”Δντεια,</strong></span> 
     </span>
    </p>
   </div>
   <div class='ocr_carea' id='block_1_88' title="bbox 2103 4077 3757 4153">
    <p class='ocr_par' dir='ltr' id='par_1_88' title="bbox 2103 4077 3757 4153">
     <span class='ocr_line' id='line_1_88' title="bbox 2103 4077 3757 4153; baseline -0.001 -19"><span class='ocrx_word' id='word_1_626' title='bbox 2103 4077 2390 4150; x_wconf 53' lang='lat' dir='ltr'><strong>meum</strong></span> <span class='ocrx_word' id='word_1_627' title='bbox 2415 4085 2655 4153; x_wconf 89' lang='lat' dir='ltr'><strong>(nomen</strong></span> <span class='ocrx_word' id='word_1_628' title='bbox 2689 4081 2798 4135; x_wconf 91' lang='lat' dir='ltr'><strong>hoc</strong></span> <span class='ocrx_word' id='word_1_629' title='bbox 2832 4081 3205 4149; x_wconf 85' lang='lat' dir='ltr'><strong>meretricis),</strong></span> <span class='ocrx_word' id='word_1_630' title='bbox 3237 4078 3541 4152; x_wconf 65' lang='grc' dir='ltr'><strong>Ἡρακλῆς,</strong></span> <span class='ocrx_word' id='word_1_631' title='bbox 3583 4078 3757 4134; x_wconf 53' lang='lat'><strong>10.6»;-</strong></span> 
     </span>
    </p>
   </div>
   <div class='ocr_carea' id='block_1_89' title="bbox 2099 4167 3756 4246">
    <p class='ocr_par' dir='ltr' id='par_1_89' title="bbox 2099 4167 3756 4246">
     <span class='ocr_line' id='line_1_89' title="bbox 2099 4167 3756 4246; baseline -0.002 -21"><span class='ocrx_word' id='word_1_632' title='bbox 2099 4191 2224 4246; x_wconf 76' lang='grc' dir='ltr'>τρια</span> <span class='ocrx_word' id='word_1_633' title='bbox 2253 4171 2286 4237; x_wconf 75' lang='grc' dir='ltr'><strong>ἢ</strong></span> <span class='ocrx_word' id='word_1_634' title='bbox 2318 4168 2616 4237; x_wconf 79' lang='grc' dir='ltr'><strong>Ναυσικάα,</strong></span> <span class='ocrx_word' id='word_1_635' title='bbox 2651 4167 2822 4229; x_wconf 79' lang='grc' dir='ltr'>Πόλις</span> <span class='ocrx_word' id='word_1_636' title='bbox 2865 4169 3107 4239; x_wconf 86' lang='lat' dir='ltr'><strong>(Pollaci</strong></span> <span class='ocrx_word' id='word_1_637' title='bbox 3145 4174 3204 4223; x_wconf 82' lang='lat' dir='ltr'><strong>et</strong></span> <span class='ocrx_word' id='word_1_638' title='bbox 3225 4170 3506 4223; x_wconf 66' lang='lat' dir='ltr'><strong>Athenaeo</strong></span> <span class='ocrx_word' id='word_1_639' title='bbox 3538 4167 3756 4238; x_wconf 77' lang='grc' dir='ltr'><strong>Πόλεις,</strong></span> 
     </span>
    </p>
   </div>
   <div class='ocr_carea' id='block_1_90' title="bbox 2101 4255 3685 4333">
    <p class='ocr_par' dir='ltr' id='par_1_90' title="bbox 2101 4255 3685 4333">
     <span class='ocr_line' id='line_1_90' title="bbox 2101 4255 3685 4333; baseline -0.003 -17"><span class='ocrx_word' id='word_1_640' title='bbox 2101 4261 2318 4333; x_wconf 85' lang='lat' dir='ltr'><strong>plurali</strong></span> <span class='ocrx_word' id='word_1_641' title='bbox 2351 4261 2644 4330; x_wconf 89' lang='lat' dir='ltr'><strong>numero),</strong></span> <span class='ocrx_word' id='word_1_642' title='bbox 2679 4257 3037 4331; x_wconf 76' lang='grc' dir='ltr'><strong>Φρεωρύχος,</strong></span> <span class='ocrx_word' id='word_1_643' title='bbox 3073 4255 3431 4325; x_wconf 81' lang='grc' dir='ltr'><strong>’Δταλάντης,</strong></span> <span class='ocrx_word' id='word_1_644' title='bbox 3464 4255 3685 4327; x_wconf 77' lang='grc' dir='ltr'><strong>Ἑλένη.</strong></span> 
     </span>
    </p>
   </div>
   <div class='ocr_carea' id='block_1_91' title="bbox 2174 4345 3761 4422">
    <p class='ocr_par' dir='ltr' id='par_1_91' title="bbox 2174 4345 3761 4422">
     <span class='ocr_line' id='line_1_91' title="bbox 2174 4345 3761 4422; baseline 0 -21"><span class='ocrx_word' id='word_1_645' title='bbox 2174 4347 2473 4422; x_wconf 71' lang='grc' dir='ltr'>Φιλῦρινος</span> <span class='ocrx_word' id='word_1_646' title='bbox 2525 4345 2801 4415; x_wconf 80' lang='grc' dir='ltr'><strong>Κινησίας,</strong></span> <span class='ocrx_word' id='word_1_647' title='bbox 2833 4347 3099 4402; x_wconf 90' lang='lat' dir='ltr'><strong>Cinesias</strong></span> <span class='ocrx_word' id='word_1_648' title='bbox 3154 4352 3328 4417; x_wconf 86' lang='lat' dir='ltr'><strong>poeta</strong></span> <span class='ocrx_word' id='word_1_649' title='bbox 3367 4347 3761 4418; x_wconf 87' lang='lat' dir='ltr'><strong>dithyrambi-</strong></span> 
     </span>
    </p>
   </div>
   <div class='ocr_carea' id='block_1_92' title="bbox 2102 4433 3760 4509">
    <p class='ocr_par' dir='ltr' id='par_1_92' title="bbox 2102 4433 3760 4509">
     <span class='ocr_line' id='line_1_92' title="bbox 2102 4433 3760 4509; baseline -0.001 -15"><span class='ocrx_word' id='word_1_650' title='bbox 2102 4456 2206 4495; x_wconf 91' lang='lat' dir='ltr'><strong>cus</strong></span> <span class='ocrx_word' id='word_1_651' title='bbox 2236 4438 2369 4504; x_wconf 84' lang='lat' dir='ltr'><strong>fuit,</strong></span> <span class='ocrx_word' id='word_1_652' title='bbox 2399 4438 2500 4508; x_wconf 90' lang='lat' dir='ltr'><strong>qui</strong></span> <span class='ocrx_word' id='word_1_653' title='bbox 2533 4433 2820 4509; x_wconf 69' lang='grc' dir='ltr'>φιλύρινος</span> <span class='ocrx_word' id='word_1_654' title='bbox 2872 4437 3064 4490; x_wconf 86' lang='lat' dir='ltr'><strong>dictus</strong></span> <span class='ocrx_word' id='word_1_655' title='bbox 3096 4435 3209 4491; x_wconf 85' lang='lat' dir='ltr'><strong>fuit</strong></span> <span class='ocrx_word' id='word_1_656' title='bbox 3253 4440 3393 4498; x_wconf 90' lang='lat' dir='ltr'><strong>(non</strong></span> <span class='ocrx_word' id='word_1_657' title='bbox 3447 4435 3522 4491; x_wconf 90' lang='lat' dir='ltr'><strong>ob</strong></span> <span class='ocrx_word' id='word_1_658' title='bbox 3553 4435 3760 4492; x_wconf 88' lang='lat' dir='ltr'><strong>levita-</strong></span> 
     </span>
    </p>
   </div>
   <div class='ocr_carea' id='block_1_93' title="bbox 2099 4524 3759 4599">
    <p class='ocr_par' dir='ltr' id='par_1_93' title="bbox 2099 4524 3759 4599">
     <span class='ocr_line' id='line_1_93' title="bbox 2099 4524 3759 4599; baseline -0.002 -15"><span class='ocrx_word' id='word_1_659' title='bbox 2099 4535 2240 4592; x_wconf 88' lang='lat' dir='ltr'><strong>tem,</strong></span> <span class='ocrx_word' id='word_1_660' title='bbox 2269 4527 2357 4584; x_wconf 88' lang='lat' dir='ltr'><strong>vel</strong></span> <span class='ocrx_word' id='word_1_661' title='bbox 2390 4526 2700 4599; x_wconf 91' lang='lat' dir='ltr'><strong>pallorem,</strong></span> <span class='ocrx_word' id='word_1_662' title='bbox 2755 4532 2820 4580; x_wconf 92' lang='lat' dir='ltr'><strong>ut</strong></span> <span class='ocrx_word' id='word_1_663' title='bbox 2864 4525 3096 4593; x_wconf 84' lang='lat' dir='ltr'><strong>Suidas,</strong></span> <span class='ocrx_word' id='word_1_664' title='bbox 3149 4525 3253 4580; x_wconf 90' lang='lat' dir='ltr'><strong>sed</strong></span> <span class='ocrx_word' id='word_1_665' title='bbox 3307 4525 3465 4596; x_wconf 92' lang='lat' dir='ltr'><strong>quod</strong></span> <span class='ocrx_word' id='word_1_666' title='bbox 3506 4524 3759 4580; x_wconf 87' lang='lat' dir='ltr'><strong>tiliaceis</strong></span> 
     </span>
    </p>
   </div>
   <div class='ocr_carea' id='block_1_94' title="bbox 324 4604 3761 4698">
    <p class='ocr_par' dir='ltr' id='par_1_94' title="bbox 324 4604 3761 4698">
     <span class='ocr_line' id='line_1_94' title="bbox 324 4604 3761 4698; baseline -0.001 -28"><span class='ocrx_word' id='word_1_667' title='bbox 324 4650 488 4689; x_wconf 69' lang='lat' dir='ltr'><strong>mum</strong></span> <span class='ocrx_word' id='word_1_668' title='bbox 508 4604 1009 4698; x_wconf 39' lang='lat' dir='ltr'><strong>Athehisﬁeinde</strong></span> <span class='ocrx_word' id='word_1_669' title='bbox 1033 4604 1437 4683; x_wconf 63' lang='grc' dir='ltr'><strong>Ηδωωαιιιθιῃ</strong></span> <span class='ocrx_word' id='word_1_670' title='bbox 1459 4604 1776 4682; x_wconf 47' lang='lat' dir='ltr'><strong>amorim;</strong></span> <span class='ocrx_word' id='word_1_671' title='bbox 1791 4604 1991 4684; x_wconf 53' lang='grc' dir='ltr'><strong>δοξυίι</strong></span> <span class='ocrx_word' id='word_1_672' title='bbox 2025 4604 2066 4668; x_wconf 88' lang='lat' dir='ltr'><strong>D</strong></span> <span class='ocrx_word' id='word_1_673' title='bbox 2101 4617 2318 4672; x_wconf 87' lang='lat' dir='ltr'><strong>tabulis</strong></span> <span class='ocrx_word' id='word_1_674' title='bbox 2351 4621 2592 4688; x_wconf 90' lang='lat' dir='ltr'><strong>propter</strong></span> <span class='ocrx_word' id='word_1_675' title='bbox 2622 4614 3011 4686; x_wconf 83' lang='lat' dir='ltr'><strong>gracilitatem</strong></span> <span class='ocrx_word' id='word_1_676' title='bbox 3047 4631 3109 4669; x_wconf 93' lang='lat' dir='ltr'><strong>se</strong></span> <span class='ocrx_word' id='word_1_677' title='bbox 3142 4613 3360 4668; x_wconf 92' lang='lat' dir='ltr'><strong>soleret</strong></span> <span class='ocrx_word' id='word_1_678' title='bbox 3389 4613 3661 4677; x_wconf 83' lang='lat' dir='ltr'><strong>fasciare.</strong></span> <span class='ocrx_word' id='word_1_679' title='bbox 3695 4619 3761 4668; x_wconf 92' lang='lat' dir='ltr'><strong>ut</strong></span> 
     </span>
    </p>
   </div>
   <div class='ocr_carea' id='block_1_95' title="bbox 327 4716 1988 4790">
    <p class='ocr_par' dir='ltr' id='par_1_95' title="bbox 327 4716 1988 4790">
     <span class='ocr_line' id='line_1_95' title="bbox 327 4716 1988 4790; baseline -0.002 -13"><span class='ocrx_word' id='word_1_680' title='bbox 327 4722 438 4777; x_wconf 89' lang='lat' dir='ltr'><strong>sub</strong></span> <span class='ocrx_word' id='word_1_681' title='bbox 461 4723 671 4777; x_wconf 90' lang='lat' dir='ltr'><strong>Severo</strong></span> <span class='ocrx_word' id='word_1_682' title='bbox 695 4720 836 4790; x_wconf 90' lang='lat' dir='ltr'><strong>imp.</strong></span> <span class='ocrx_word' id='word_1_683' title='bbox 859 4734 1048 4788; x_wconf 90' lang='lat' dir='ltr'><strong>usque</strong></span> <span class='ocrx_word' id='word_1_684' title='bbox 1070 4717 1145 4772; x_wconf 89' lang='lat' dir='ltr'><strong>ad</strong></span> <span class='ocrx_word' id='word_1_685' title='bbox 1169 4716 1525 4787; x_wconf 89' lang='lat' dir='ltr'><strong>Philippum.</strong></span> <span class='ocrx_word' id='word_1_686' title='bbox 1557 4716 1804 4787; x_wconf 90' lang='lat' dir='ltr'><strong>Scripsit</strong></span> <span class='ocrx_word' id='word_1_687' title='bbox 1830 4740 1857 4766; x_wconf 89' lang='grc'><strong>‹‹</strong></span> <span class='ocrx_word' id='word_1_688' title='bbox 1886 4719 1988 4774; x_wconf 85' lang='lat' dir='ltr'><strong>De-</strong></span> 
     </span>
    </p>
   </div>
   <div class='ocr_carea' id='block_1_96' title="bbox 328 4806 1985 4878">
    <p class='ocr_par' dir='ltr' id='par_1_96' title="bbox 328 4806 1985 4878">
     <span class='ocr_line' id='line_1_96' title="bbox 328 4806 1985 4878; baseline 0.001 -16"><span class='ocrx_word' id='word_1_689' title='bbox 328 4833 358 4862; x_wconf 83' lang='grc'><em>‹‹</em></span> <span class='ocrx_word' id='word_1_690' title='bbox 391 4811 802 4876; x_wconf 89' lang='lat' dir='ltr'><strong>clamationes,</strong></span> <span class='ocrx_word' id='word_1_691' title='bbox 837 4806 1130 4878; x_wconf 89' lang='lat' dir='ltr'><strong>Epistolas</strong></span> <span class='ocrx_word' id='word_1_692' title='bbox 1156 4806 1495 4871; x_wconf 90' lang='lat' dir='ltr'><strong>amatorias,</strong></span> <span class='ocrx_word' id='word_1_693' title='bbox 1531 4807 1815 4878; x_wconf 86' lang='lat' dir='ltr'><strong>Imagines</strong></span> <span class='ocrx_word' id='word_1_694' title='bbox 1850 4828 1878 4856; x_wconf 82' lang='grc'><strong>››</strong></span> <span class='ocrx_word' id='word_1_695' title='bbox 1912 4809 1985 4862; x_wconf 86' lang='lat' dir='ltr'><strong>si-</strong></span> 
     </span>
    </p>
   </div>
   <div class='ocr_carea' id='block_1_97' title="bbox 255 4895 1984 4969">
    <p class='ocr_par' dir='ltr' id='par_1_97' title="bbox 255 4895 1984 4969">
     <span class='ocr_line' id='line_1_97' title="bbox 255 4895 1984 4969; baseline -0.002 -13"><span class='ocrx_word' id='word_1_696' title='bbox 255 4943 258 4945; x_wconf 33' lang='lat'><strong>.</strong></span> <span class='ocrx_word' id='word_1_697' title='bbox 320 4917 389 4956; x_wconf 87' lang='lat' dir='ltr'><strong>ve</strong></span> <span class='ocrx_word' id='word_1_698' title='bbox 423 4923 446 4950; x_wconf 70' lang='grc' dir='ltr'><strong><em>α</em></strong></span> <span class='ocrx_word' id='word_1_699' title='bbox 501 4898 944 4969; x_wconf 87' lang='lat' dir='ltr'><strong>Descriptiones</strong></span> <span class='ocrx_word' id='word_1_700' title='bbox 994 4895 1164 4950; x_wconf 90' lang='lat' dir='ltr'><strong>libris</strong></span> <span class='ocrx_word' id='word_1_701' title='bbox 1197 4897 1307 4961; x_wconf 92' lang='lat' dir='ltr'><strong>IV;</strong></span> <span class='ocrx_word' id='word_1_702' title='bbox 1360 4895 1842 4966; x_wconf 88' lang='lat' dir='ltr'><strong>Disputationes;</strong></span> <span class='ocrx_word' id='word_1_703' title='bbox 1877 4898 1984 4952; x_wconf 90' lang='lat' dir='ltr'><strong>Ca-</strong></span> 
     </span>
    </p>
   </div>
   <div class='ocr_carea' id='block_1_98' title="bbox 321 4984 1981 5063">
    <p class='ocr_par' dir='ltr' id='par_1_98' title="bbox 321 4984 1981 5063">
     <span class='ocr_line' id='line_1_98' title="bbox 321 4984 1981 5063; baseline 0.001 -22"><span class='ocrx_word' id='word_1_704' title='bbox 321 5014 351 5041; x_wconf 83' lang='lat'><strong><em>«</em></strong></span> <span class='ocrx_word' id='word_1_705' title='bbox 377 5007 513 5063; x_wconf 88' lang='lat' dir='ltr'><strong>pras</strong></span> <span class='ocrx_word' id='word_1_706' title='bbox 544 5012 572 5039; x_wconf 87' lang='grc'><strong>››</strong></span> <span class='ocrx_word' id='word_1_707' title='bbox 605 4989 728 5044; x_wconf 88' lang='lat' dir='ltr'><strong>sive</strong></span> <span class='ocrx_word' id='word_1_708' title='bbox 766 5009 789 5038; x_wconf 75' lang='grc' dir='ltr'><strong>α</strong></span> <span class='ocrx_word' id='word_1_709' title='bbox 824 4988 904 5043; x_wconf 90' lang='lat' dir='ltr'><strong>De</strong></span> <span class='ocrx_word' id='word_1_710' title='bbox 935 4985 1175 5051; x_wconf 81' lang='lat' dir='ltr'><strong>ﬁstula;</strong></span> <span class='ocrx_word' id='word_1_711' title='bbox 1207 4984 1507 5056; x_wconf 86' lang='lat' dir='ltr'><strong>Apollonii</strong></span> <span class='ocrx_word' id='word_1_712' title='bbox 1538 4987 1752 5056; x_wconf 91' lang='lat' dir='ltr'><strong>Tyanei</strong></span> <span class='ocrx_word' id='word_1_713' title='bbox 1793 4987 1981 5042; x_wconf 87' lang='lat' dir='ltr'><strong>Vitam</strong></span> 
     </span>
    </p>
   </div>
   <div class='ocr_carea' id='block_1_99' title="bbox 326 5074 1978 5149">
    <p class='ocr_par' dir='ltr' id='par_1_99' title="bbox 326 5074 1978 5149">
     <span class='ocr_line' id='line_1_99' title="bbox 326 5074 1978 5149; baseline -0.002 -13"><span class='ocrx_word' id='word_1_714' title='bbox 326 5103 348 5131; x_wconf 78' lang='grc' dir='ltr'><strong>ι</strong></span> <span class='ocrx_word' id='word_1_715' title='bbox 385 5081 556 5136; x_wconf 90' lang='lat' dir='ltr'><strong>libris</strong></span> <span class='ocrx_word' id='word_1_716' title='bbox 613 5078 782 5144; x_wconf 83' lang='lat' dir='ltr'><strong>XIII;</strong></span> <span class='ocrx_word' id='word_1_717' title='bbox 840 5079 1102 5142; x_wconf 91' lang='lat' dir='ltr'><strong>Forum;</strong></span> <span class='ocrx_word' id='word_1_718' title='bbox 1139 5097 1168 5124; x_wconf 85' lang='lat'><strong>»</strong></span> <span class='ocrx_word' id='word_1_719' title='bbox 1210 5074 1504 5149; x_wconf 67' lang='lat' dir='ltr'><strong>&#39;prmsv,</strong></span> <span class='ocrx_word' id='word_1_720' title='bbox 1565 5096 1594 5125; x_wconf 78' lang='grc' dir='ltr'>ι(</span> <span class='ocrx_word' id='word_1_721' title='bbox 1631 5075 1978 5146; x_wconf 86' lang='lat' dir='ltr'><strong>Heroicum;</strong></span> 
     </span>
    </p>
   </div>
   <div class='ocr_carea' id='block_1_100' title="bbox 320 5165 1984 5240">
    <p class='ocr_par' dir='ltr' id='par_1_100' title="bbox 320 5165 1984 5240">
     <span class='ocr_line' id='line_1_100' title="bbox 320 5165 1984 5240; baseline -0.001 -17"><span class='ocrx_word' id='word_1_722' title='bbox 320 5195 349 5223; x_wconf 85' lang='lat'><strong><em>«</em></strong></span> <span class='ocrx_word' id='word_1_723' title='bbox 384 5172 544 5227; x_wconf 89' lang='lat' dir='ltr'><strong>Vitas</strong></span> <span class='ocrx_word' id='word_1_724' title='bbox 571 5168 974 5240; x_wconf 90' lang='lat' dir='ltr'><strong>sophistarum</strong></span> <span class='ocrx_word' id='word_1_725' title='bbox 1014 5165 1182 5221; x_wconf 89' lang='lat' dir='ltr'><strong>libris</strong></span> <span class='ocrx_word' id='word_1_726' title='bbox 1211 5167 1320 5232; x_wconf 93' lang='lat' dir='ltr'><strong>IV;</strong></span> <span class='ocrx_word' id='word_1_727' title='bbox 1372 5165 1832 5238; x_wconf 86' lang='lat' dir='ltr'><strong>Epigrammata,</strong></span> <span class='ocrx_word' id='word_1_728' title='bbox 1868 5189 1895 5216; x_wconf 83' lang='grc'><strong>››</strong></span> <span class='ocrx_word' id='word_1_729' title='bbox 1925 5172 1984 5223; x_wconf 87' lang='lat' dir='ltr'><strong>et</strong></span> 
     </span>
    </p>
   </div>
   <div class='ocr_carea' id='block_1_101' title="bbox 319 5259 768 5332">
    <p class='ocr_par' dir='ltr' id='par_1_101' title="bbox 319 5259 768 5332">
     <span class='ocr_line' id='line_1_101' title="bbox 319 5259 768 5332; baseline -0.009 -15"><span class='ocrx_word' id='word_1_730' title='bbox 319 5261 443 5317; x_wconf 89' lang='lat' dir='ltr'><strong>alia</strong></span> <span class='ocrx_word' id='word_1_731' title='bbox 472 5259 768 5332; x_wconf 73' lang='lat' dir='ltr'><strong>quaedam.</strong></span> 
     </span>
    </p>
   </div>
   <div class='ocr_carea' id='block_1_102' title="bbox 392 5343 1978 5414">
    <p class='ocr_par' dir='ltr' id='par_1_102' title="bbox 392 5343 1978 5414">
     <span class='ocr_line' id='line_1_102' title="bbox 392 5343 1978 5414; baseline -0.003 -8"><span class='ocrx_word' id='word_1_732' title='bbox 392 5350 812 5414; x_wconf 83' lang='lat' dir='ltr'><strong>Philostratus,</strong></span> <span class='ocrx_word' id='word_1_733' title='bbox 843 5345 1004 5401; x_wconf 77' lang='lat' dir='ltr'><strong>Illius</strong></span> <span class='ocrx_word' id='word_1_734' title='bbox 1034 5343 1327 5413; x_wconf 88' lang='lat' dir='ltr'><strong>Nerviani,</strong></span> <span class='ocrx_word' id='word_1_735' title='bbox 1366 5343 1468 5414; x_wconf 90' lang='lat' dir='ltr'><strong>qui</strong></span> <span class='ocrx_word' id='word_1_736' title='bbox 1500 5343 1844 5400; x_wconf 87' lang='lat' dir='ltr'><strong>Philostrati</strong></span> <span class='ocrx_word' id='word_1_737' title='bbox 1877 5363 1978 5402; x_wconf 90' lang='lat' dir='ltr'><strong>se-</strong></span> 
     </span>
    </p>
   </div>
   <div class='ocr_carea' id='block_1_103' title="bbox 389 5486 1980 5566">
    <p class='ocr_par' dir='ltr' id='par_1_103' title="bbox 389 5486 1980 5566">
     <span class='ocr_line' id='line_1_103' title="bbox 389 5486 1980 5566; baseline -0.004 -17"><span class='ocrx_word' id='word_1_738' title='bbox 389 5495 466 5566; x_wconf 82' lang='grc'><strong>(4)</strong></span> <span class='ocrx_word' id='word_1_739' title='bbox 498 5493 698 5566; x_wconf 75' lang='lat' dir='ltr'><strong>Iidem</strong></span> <span class='ocrx_word' id='word_1_740' title='bbox 716 5489 874 5546; x_wconf 85' lang='lat' dir='ltr'><strong>infra</strong></span> <span class='ocrx_word' id='word_1_741' title='bbox 902 5486 1556 5566; x_wconf 76' lang='lat' dir='ltr'><strong>apud_S_uidam_minus</strong></span> <span class='ocrx_word' id='word_1_742' title='bbox 1587 5487 1738 5566; x_wconf 90' lang='lat' dir='ltr'><strong>bene</strong></span> <span class='ocrx_word' id='word_1_743' title='bbox 1764 5506 1980 5566; x_wconf 79' lang='lat' dir='ltr'><strong>vocan-</strong></span> 
     </span>
    </p>
   </div>
   <div class='ocr_carea' id='block_1_104' title="bbox 319 5559 1977 5632">
    <p class='ocr_par' dir='ltr' id='par_1_104' title="bbox 319 5559 1977 5632">
     <span class='ocr_line' id='line_1_104' title="bbox 319 5559 1977 5632; baseline -0.001 -12"><span class='ocrx_word' id='word_1_744' title='bbox 319 5559 418 5620; x_wconf 83' lang='lat' dir='ltr'><strong>tur</strong></span> <span class='ocrx_word' id='word_1_745' title='bbox 451 5559 477 5616; x_wconf 66' lang='grc' dir='ltr'>ἧι</span> <span class='ocrx_word' id='word_1_746' title='bbox 526 5563 779 5620; x_wconf 90' lang='lat' dir='ltr'><strong>Ecdelus</strong></span> <span class='ocrx_word' id='word_1_747' title='bbox 826 5583 881 5632; x_wconf 84' lang='lat'><strong>»_</strong></span> <span class='ocrx_word' id='word_1_748' title='bbox 911 5559 969 5616; x_wconf 81' lang='lat' dir='ltr'><strong>et</strong></span> <span class='ocrx_word' id='word_1_749' title='bbox 1000 5582 1028 5610; x_wconf 86' lang='lat'><strong>«</strong></span> <span class='ocrx_word' id='word_1_750' title='bbox 1069 5559 1549 5632; x_wconf 88' lang='lat' dir='ltr'><strong>Megalophanes,</strong></span> <span class='ocrx_word' id='word_1_751' title='bbox 1586 5585 1607 5612; x_wconf 76' lang='grc' dir='ltr'><strong><em>ι</em></strong></span> <span class='ocrx_word' id='word_1_752' title='bbox 1667 5563 1977 5629; x_wconf 88' lang='lat' dir='ltr'><strong>Arcesilai,</strong></span> 
     </span>
    </p>
   </div>
   <div class='ocr_carea' id='block_1_105' title="bbox 318 5630 932 5704">
    <p class='ocr_par' dir='ltr' id='par_1_105' title="bbox 318 5630 932 5704">
     <span class='ocr_line' id='line_1_105' title="bbox 318 5630 932 5704; baseline -0.01 -12"><span class='ocrx_word' id='word_1_753' title='bbox 318 5636 596 5701; x_wconf 72' lang='lat' dir='ltr'><strong>Pitauaai,</strong></span> <span class='ocrx_word' id='word_1_754' title='bbox 629 5630 932 5704; x_wconf 67' lang='lat' dir='ltr'><strong>discipuli.</strong></span> 
     </span>
    </p>
   </div>
   <div class='ocr_carea' id='block_1_106' title="bbox 390 5699 1976 5783">
    <p class='ocr_par' dir='ltr' id='par_1_106' title="bbox 390 5699 1976 5783">
     <span class='ocr_line' id='line_1_106' title="bbox 390 5699 1976 5783; baseline -0.009 -21"><span class='ocrx_word' id='word_1_755' title='bbox 390 5710 467 5779; x_wconf 83' lang='lat'><strong>(5)</strong></span> <span class='ocrx_word' id='word_1_756' title='bbox 500 5699 881 5783; x_wconf 50' lang='lat' dir='ltr'><strong>Anonymi-1m</strong></span> <span class='ocrx_word' id='word_1_757' title='bbox 899 5703 1072 5783; x_wconf 84' lang='lat' dir='ltr'><strong>_h_unc</strong></span> <span class='ocrx_word' id='word_1_758' title='bbox 1114 5699 1534 5783; x_wconf 77' lang='lat' dir='ltr'><strong>philosophum</strong></span> <span class='ocrx_word' id='word_1_759' title='bbox 1587 5718 1717 5783; x_wconf 79' lang='lat' dir='ltr'><strong>esse</strong></span> <span class='ocrx_word' id='word_1_760' title='bbox 1749 5705 1976 5783; x_wconf 49' lang='lat' dir='ltr'><strong>Philip-</strong></span> 
     </span>
    </p>
   </div>
   <div class='ocr_carea' id='block_1_107' title="bbox 362 5772 1974 5853">
    <p class='ocr_par' dir='ltr' id='par_1_107' title="bbox 362 5772 1974 5853">
     <span class='ocr_line' id='line_1_107' title="bbox 362 5772 1974 5853; baseline -0.002 -15"><span class='ocrx_word' id='word_1_761' title='bbox 362 5772 487 5848; x_wconf 74' lang='lat' dir='ltr'><strong>u‘m,</strong></span> <span class='ocrx_word' id='word_1_762' title='bbox 519 5772 1164 5853; x_wconf 57' lang='lat' dir='ltr'><strong>Opu_1j§ium,_Platonis</strong></span> <span class='ocrx_word' id='word_1_763' title='bbox 1193 5772 1579 5853; x_wconf 70' lang='lat' dir='ltr'><strong>discipulum,</strong></span> <span class='ocrx_word' id='word_1_764' title='bbox 1613 5774 1789 5834; x_wconf 89' lang='lat' dir='ltr'><strong>docet</strong></span> <span class='ocrx_word' id='word_1_765' title='bbox 1816 5772 1974 5835; x_wconf 76' lang='grc' dir='ltr'><strong>Κιιέ-</strong></span> 
     </span>
    </p>
   </div>
   <div class='ocr_carea' id='block_1_108' title="bbox 352 5845 1439 5922">
    <p class='ocr_par' dir='ltr' id='par_1_108' title="bbox 352 5845 1439 5922">
     <span class='ocr_line' id='line_1_108' title="bbox 352 5845 1439 5922; baseline -0.009 -12"><span class='ocrx_word' id='word_1_766' title='bbox 352 5868 438 5922; x_wconf 83' lang='lat' dir='ltr'><strong>er,</strong></span> <span class='ocrx_word' id='word_1_767' title='bbox 464 5845 610 5909; x_wconf 80' lang='lat' dir='ltr'><strong>toni.</strong></span> <span class='ocrx_word' id='word_1_768' title='bbox 640 5850 741 5919; x_wconf 89' lang='lat' dir='ltr'><strong>III,</strong></span> <span class='ocrx_word' id='word_1_769' title='bbox 775 5865 830 5919; x_wconf 89' lang='lat' dir='ltr'><strong>p.</strong></span> <span class='ocrx_word' id='word_1_770' title='bbox 864 5849 987 5914; x_wconf 86' lang='lat' dir='ltr'><strong>6l0,</strong></span> <span class='ocrx_word' id='word_1_771' title='bbox 1024 5850 1148 5912; x_wconf 89' lang='lat' dir='ltr'><strong>not,</strong></span> <span class='ocrx_word' id='word_1_772' title='bbox 1185 5848 1233 5898; x_wconf 83' lang='grc'><strong>1.</strong></span> <span class='ocrx_word' id='word_1_773' title='bbox 1263 5845 1439 5901; x_wconf 71' lang='grc' dir='ltr'><strong>ΗΑῐιι.</strong></span> 
     </span>
    </p>
   </div>
   <div class='ocr_carea' id='block_1_109' title="bbox 645 5972 1338 6040">
    <p class='ocr_par' dir='ltr' id='par_1_109' title="bbox 645 5972 1338 6040">
     <span class='ocr_line' id='line_1_109' title="bbox 645 5972 1338 6040; baseline -0.012 0"><span class='ocrx_word' id='word_1_774' title='bbox 645 5977 912 6040; x_wconf 63' lang='grc' dir='ltr'>ΡΑτιιοι..</span> <span class='ocrx_word' id='word_1_775' title='bbox 961 5973 1070 6035; x_wconf 83' lang='lat' dir='ltr'><strong>GR.</strong></span> <span class='ocrx_word' id='word_1_776' title='bbox 1105 5972 1338 6036; x_wconf 81' lang='lat' dir='ltr'><strong>CXVII.</strong></span> 
     </span>
    </p>
   </div>
   <div class='ocr_carea' id='block_1_110' title="bbox 2101 4701 3755 4773">
    <p class='ocr_par' dir='ltr' id='par_1_110' title="bbox 2101 4701 3755 4773">
     <span class='ocr_line' id='line_1_110' title="bbox 2101 4701 3755 4773; baseline -0.001 -12"><span class='ocrx_word' id='word_1_777' title='bbox 2101 4711 2296 4761; x_wconf 85' lang='lat' dir='ltr'><strong>rectus</strong></span> <span class='ocrx_word' id='word_1_778' title='bbox 2329 4704 2649 4767; x_wconf 89' lang='lat' dir='ltr'><strong>incederet,</strong></span> <span class='ocrx_word' id='word_1_779' title='bbox 2685 4701 3191 4773; x_wconf 86' lang='lat' dir='ltr'><strong>quemadmodum</strong></span> <span class='ocrx_word' id='word_1_780' title='bbox 3224 4720 3296 4757; x_wconf 91' lang='lat' dir='ltr'><strong>ex</strong></span> <span class='ocrx_word' id='word_1_781' title='bbox 3329 4702 3597 4757; x_wconf 65' lang='lat' dir='ltr'><strong>Athenaei</strong></span> <span class='ocrx_word' id='word_1_782' title='bbox 3631 4703 3755 4773; x_wconf 80' lang='lat' dir='ltr'><strong>XII,</strong></span> 
     </span>
    </p>
   </div>
   <div class='ocr_carea' id='block_1_111' title="bbox 2097 4792 3194 4868">
    <p class='ocr_par' dir='ltr' id='par_1_111' title="bbox 2097 4792 3194 4868">
     <span class='ocr_line' id='line_1_111' title="bbox 2097 4792 3194 4868; baseline -0.004 -18"><span class='ocrx_word' id='word_1_783' title='bbox 2097 4812 2230 4868; x_wconf 91' lang='lat' dir='ltr'><strong>pag.</strong></span> <span class='ocrx_word' id='word_1_784' title='bbox 2265 4797 2388 4859; x_wconf 73' lang='lat'><strong>551,</strong></span> <span class='ocrx_word' id='word_1_785' title='bbox 2423 4795 2707 4848; x_wconf 85' lang='lat' dir='ltr'><strong>Kusterus</strong></span> <span class='ocrx_word' id='word_1_786' title='bbox 2737 4797 2895 4847; x_wconf 89' lang='lat' dir='ltr'><strong>recte</strong></span> <span class='ocrx_word' id='word_1_787' title='bbox 2929 4792 3194 4858; x_wconf 88' lang='lat' dir='ltr'><strong>notavit).</strong></span> 
     </span>
    </p>
   </div>
   <div class='ocr_carea' id='block_1_112' title="bbox 2166 4898 3753 4972">
    <p class='ocr_par' dir='ltr' id='par_1_112' title="bbox 2166 4898 3753 4972">
     <span class='ocr_line' id='line_1_112' title="bbox 2166 4898 3753 4972; baseline -0.001 -16"><span class='ocrx_word' id='word_1_788' title='bbox 2166 4898 2416 4956; x_wconf 80' lang='grc' dir='ltr'><strong>Φλέὃων.</strong></span> <span class='ocrx_word' id='word_1_789' title='bbox 2478 4900 2708 4966; x_wconf 88' lang='lat' dir='ltr'><strong>Timon,</strong></span> <span class='ocrx_word' id='word_1_790' title='bbox 2797 4899 3235 4969; x_wconf 84' lang='lat' dir='ltr'><strong>Antisthenem,</strong></span> <span class='ocrx_word' id='word_1_791' title='bbox 3306 4899 3753 4972; x_wconf 91' lang='lat' dir='ltr'><strong>philosophum,</strong></span> 
     </span>
    </p>
   </div>
   <div class='ocr_carea' id='block_1_113' title="bbox 2092 4988 3748 5063">
    <p class='ocr_par' dir='ltr' id='par_1_113' title="bbox 2092 4988 3748 5063">
     <span class='ocr_line' id='line_1_113' title="bbox 2092 4988 3748 5063; baseline -0.004 -16"><span class='ocrx_word' id='word_1_792' title='bbox 2092 5009 2344 5063; x_wconf 85' lang='lat' dir='ltr'><strong>carpens</strong></span> <span class='ocrx_word' id='word_1_793' title='bbox 2399 4989 2471 5044; x_wconf 92' lang='lat' dir='ltr'><strong>ob</strong></span> <span class='ocrx_word' id='word_1_794' title='bbox 2505 4989 2865 5060; x_wconf 86' lang='lat' dir='ltr'><strong>scriptorum</strong></span> <span class='ocrx_word' id='word_1_795' title='bbox 2926 4988 3398 5054; x_wconf 90' lang='lat' dir='ltr'><strong>multitudinem,</strong></span> <span class='ocrx_word' id='word_1_796' title='bbox 3459 4991 3748 5062; x_wconf 82' lang='grc' dir='ltr'><strong>Παντοφυῆ</strong></span> 
     </span>
    </p>
   </div>
   <div class='ocr_carea' id='block_1_114' title="bbox 2091 5077 3651 5156">
    <p class='ocr_par' dir='ltr' id='par_1_114' title="bbox 2091 5077 3651 5156">
     <span class='ocr_line' id='line_1_114' title="bbox 2091 5077 3651 5156; baseline -0.004 -19"><span class='ocrx_word' id='word_1_797' title='bbox 2091 5077 2394 5156; x_wconf 80' lang='grc' dir='ltr'><strong>φλὲ-δωνα.</strong></span> <span class='ocrx_word' id='word_1_798' title='bbox 2434 5101 2461 5130; x_wconf 86' lang='grc'><strong>‹‹</strong></span> <span class='ocrx_word' id='word_1_799' title='bbox 2492 5079 2895 5135; x_wconf 85' lang='lat' dir='ltr'><strong>Omnivarium</strong></span> <span class='ocrx_word' id='word_1_800' title='bbox 2931 5086 3275 5151; x_wconf 89' lang='lat' dir='ltr'><strong>nugatorem</strong></span> <span class='ocrx_word' id='word_1_801' title='bbox 3311 5101 3337 5127; x_wconf 88' lang='lat'><strong>»</strong></span> <span class='ocrx_word' id='word_1_802' title='bbox 3369 5077 3651 5149; x_wconf 86' lang='lat' dir='ltr'><strong>appellat.</strong></span> 
     </span>
    </p>
   </div>
   <div class='ocr_carea' id='block_1_115' title="bbox 2163 5167 3748 5243">
    <p class='ocr_par' dir='ltr' id='par_1_115' title="bbox 2163 5167 3748 5243">
     <span class='ocr_line' id='line_1_115' title="bbox 2163 5167 3748 5243; baseline -0.004 -16"><span class='ocrx_word' id='word_1_803' title='bbox 2163 5171 2446 5243; x_wconf 86' lang='lat' dir='ltr'><strong>Phlegon,</strong></span> <span class='ocrx_word' id='word_1_804' title='bbox 2497 5169 2852 5234; x_wconf 86' lang='lat' dir='ltr'><strong>Trallianus,</strong></span> <span class='ocrx_word' id='word_1_805' title='bbox 2905 5168 3155 5224; x_wconf 88' lang='lat' dir='ltr'><strong>libertus</strong></span> <span class='ocrx_word' id='word_1_806' title='bbox 3203 5167 3449 5240; x_wconf 87' lang='lat' dir='ltr'><strong>Augusti</strong></span> <span class='ocrx_word' id='word_1_807' title='bbox 3479 5167 3748 5235; x_wconf 76' lang='lat' dir='ltr'><strong>Caasaris,</strong></span> 
     </span>
    </p>
   </div>
   <div class='ocr_carea' id='block_1_116' title="bbox 2087 5254 3752 5328">
    <p class='ocr_par' dir='ltr' id='par_1_116' title="bbox 2087 5254 3752 5328">
     <span class='ocr_line' id='line_1_116' title="bbox 2087 5254 3752 5328; baseline -0.003 -12"><span class='ocrx_word' id='word_1_808' title='bbox 2087 5261 2203 5324; x_wconf 85' lang='lat' dir='ltr'><strong>vel.</strong></span> <span class='ocrx_word' id='word_1_809' title='bbox 2233 5266 2296 5316; x_wconf 89' lang='lat' dir='ltr'><strong>ut</strong></span> <span class='ocrx_word' id='word_1_810' title='bbox 2329 5259 2454 5326; x_wconf 91' lang='lat' dir='ltr'><strong>alii,</strong></span> <span class='ocrx_word' id='word_1_811' title='bbox 2511 5258 2858 5325; x_wconf 89' lang='lat' dir='ltr'><strong>historicus,</strong></span> <span class='ocrx_word' id='word_1_812' title='bbox 2909 5257 3150 5328; x_wconf 88' lang='lat' dir='ltr'><strong>scripsit</strong></span> <span class='ocrx_word' id='word_1_813' title='bbox 3205 5254 3567 5325; x_wconf 81' lang='lat' dir='ltr'><strong>Olympiadas</strong></span> <span class='ocrx_word' id='word_1_814' title='bbox 3597 5255 3752 5311; x_wconf 78' lang='lat' dir='ltr'><strong>libris</strong></span> 
     </span>
    </p>
   </div>
   <div class='ocr_carea' id='block_1_117' title="bbox 2087 5345 3747 5416">
    <p class='ocr_par' dir='ltr' id='par_1_117' title="bbox 2087 5345 3747 5416">
     <span class='ocr_line' id='line_1_117' title="bbox 2087 5345 3747 5416; baseline -0.004 -12"><span class='ocrx_word' id='word_1_815' title='bbox 2087 5351 2236 5405; x_wconf 86' lang='lat' dir='ltr'><strong>XVI.</strong></span> <span class='ocrx_word' id='word_1_816' title='bbox 2262 5347 2584 5402; x_wconf 88' lang='lat' dir='ltr'><strong>Continent</strong></span> <span class='ocrx_word' id='word_1_817' title='bbox 2601 5350 2802 5401; x_wconf 88' lang='lat' dir='ltr'><strong>autem</strong></span> <span class='ocrx_word' id='word_1_818' title='bbox 2822 5361 2940 5414; x_wconf 90' lang='lat' dir='ltr'><strong>res,</strong></span> <span class='ocrx_word' id='word_1_819' title='bbox 2963 5345 3184 5415; x_wconf 91' lang='lat' dir='ltr'><strong>ubique</strong></span> <span class='ocrx_word' id='word_1_820' title='bbox 3206 5347 3500 5398; x_wconf 88' lang='lat' dir='ltr'><strong>terrarum</strong></span> <span class='ocrx_word' id='word_1_821' title='bbox 3531 5347 3747 5416; x_wconf 90' lang='lat' dir='ltr'><strong>gestas,</strong></span> 
     </span>
    </p>
   </div>
   <div class='ocr_carea' id='block_1_118' title="bbox 2161 5487 3745 5570">
    <p class='ocr_par' dir='ltr' id='par_1_118' title="bbox 2161 5487 3745 5570">
     <span class='ocr_line' id='line_1_118' title="bbox 2161 5487 3745 5570; baseline -0.004 -21"><span class='ocrx_word' id='word_1_822' title='bbox 2161 5497 2239 5559; x_wconf 86' lang='lat'><strong>(6)</strong></span> <span class='ocrx_word' id='word_1_823' title='bbox 2269 5494 2494 5570; x_wconf 78' lang='lat' dir='ltr'><strong>Nempe</strong></span> <span class='ocrx_word' id='word_1_824' title='bbox 2507 5490 2582 5570; x_wconf 65' lang='grc' dir='ltr'><strong>⁸τρ</strong></span> <span class='ocrx_word' id='word_1_825' title='bbox 2614 5509 2649 5570; x_wconf 82' lang='lat' dir='ltr'><strong>o_</strong></span> <span class='ocrx_word' id='word_1_826' title='bbox 2677 5488 2872 5561; x_wconf 85' lang='grc' dir='ltr'>μικρὸν</span> <span class='ocrx_word' id='word_1_827' title='bbox 2914 5488 3070 5570; x_wconf 66' lang='lat' dir='ltr'><strong>apud</strong></span> <span class='ocrx_word' id='word_1_828' title='bbox 3118 5487 3551 5570; x_wconf 78' lang='lat' dir='ltr'><strong>vetustissimos</strong></span> <span class='ocrx_word' id='word_1_829' title='bbox 3583 5489 3745 5570; x_wconf 66' lang='lat' dir='ltr'><strong>Gras-</strong></span> 
     </span>
    </p>
   </div>
   <div class='ocr_carea' id='block_1_119' title="bbox 2087 5559 3742 5644">
    <p class='ocr_par' dir='ltr' id='par_1_119' title="bbox 2087 5559 3742 5644">
     <span class='ocr_line' id='line_1_119' title="bbox 2087 5559 3742 5644; baseline -0.004 -24"><span class='ocrx_word' id='word_1_830' title='bbox 2087 5583 2188 5644; x_wconf 76' lang='lat' dir='ltr'><strong>eos</strong></span> <span class='ocrx_word' id='word_1_831' title='bbox 2219 5581 2325 5644; x_wconf 87' lang='lat' dir='ltr'><strong>pro</strong></span> <span class='ocrx_word' id='word_1_832' title='bbox 2357 5559 2438 5616; x_wconf 61' lang='grc' dir='ltr'><strong>οὗ</strong></span> <span class='ocrx_word' id='word_1_833' title='bbox 2463 5559 2828 5644; x_wconf 68' lang='lat' dir='ltr'><strong>diphthongo</strong></span> <span class='ocrx_word' id='word_1_834' title='bbox 2861 5559 3038 5644; x_wconf 79' lang='lat' dir='ltr'><strong>scribi</strong></span> <span class='ocrx_word' id='word_1_835' title='bbox 3094 5559 3342 5644; x_wconf 71' lang='lat' dir='ltr'><strong>solebat,</strong></span> <span class='ocrx_word' id='word_1_836' title='bbox 3375 5564 3434 5614; x_wconf 89' lang='lat' dir='ltr'><strong>et</strong></span> <span class='ocrx_word' id='word_1_837' title='bbox 3457 5559 3742 5644; x_wconf 50' lang='lat' dir='ltr'><strong>‘vin&#39;inha-</strong></span> 
     </span>
    </p>
   </div>
   <div class='ocr_carea' id='block_1_120' title="bbox 2085 5630 3740 5778">
    <p class='ocr_par' dir='ltr' id='par_1_120' title="bbox 2085 5630 3740 5778">
     <span class='ocr_line' id='line_1_120' title="bbox 2085 5630 3740 5707; baseline -0.005 -15"><span class='ocrx_word' id='word_1_838' title='bbox 2085 5630 2265 5693; x_wconf 77' lang='lat' dir='ltr'><strong>bebat</strong></span> <span class='ocrx_word' id='word_1_839' title='bbox 2293 5630 2570 5707; x_wconf 89' lang='lat' dir='ltr'><strong>negandi.</strong></span> <span class='ocrx_word' id='word_1_840' title='bbox 2638 5635 2697 5687; x_wconf 92' lang='lat' dir='ltr'><strong>V.</strong></span> <span class='ocrx_word' id='word_1_841' title='bbox 2761 5630 3015 5701; x_wconf 78' lang='lat' dir='ltr'><strong>Kusteri,</strong></span> <span class='ocrx_word' id='word_1_842' title='bbox 3047 5636 3170 5685; x_wconf 93' lang='lat' dir='ltr'><strong>not.</strong></span> <span class='ocrx_word' id='word_1_843' title='bbox 3238 5633 3323 5693; x_wconf 86' lang='grc'><strong>10,</strong></span> <span class='ocrx_word' id='word_1_844' title='bbox 3385 5630 3496 5685; x_wconf 94' lang='lat' dir='ltr'><strong>vol.</strong></span> <span class='ocrx_word' id='word_1_845' title='bbox 3549 5632 3644 5697; x_wconf 90' lang='lat' dir='ltr'><strong>III,</strong></span> <span class='ocrx_word' id='word_1_846' title='bbox 3681 5648 3740 5701; x_wconf 92' lang='lat' dir='ltr'><strong>p.</strong></span> 
     </span>
     <span class='ocr_line' id='line_1_121' title="bbox 2086 5702 3737 5778; baseline -0.006 -13"><span class='ocrx_word' id='word_1_847' title='bbox 2086 5712 2190 5765; x_wconf 85' lang='lat'><strong>606</strong></span> <span class='ocrx_word' id='word_1_848' title='bbox 2221 5725 2310 5778; x_wconf 91' lang='lat' dir='ltr'><strong>sq.</strong></span> <span class='ocrx_word' id='word_1_849' title='bbox 2369 5711 2428 5761; x_wconf 90' lang='lat' dir='ltr'><strong>et</strong></span> <span class='ocrx_word' id='word_1_850' title='bbox 2448 5705 2742 5778; x_wconf 68' lang='lat' dir='ltr'><strong>Villoison</strong></span> <span class='ocrx_word' id='word_1_851' title='bbox 2797 5703 2984 5759; x_wconf 82' lang='lat' dir='ltr'><strong>Indic.</strong></span> <span class='ocrx_word' id='word_1_852' title='bbox 3018 5703 3092 5757; x_wconf 88' lang='lat' dir='ltr'><strong>ad</strong></span> <span class='ocrx_word' id='word_1_853' title='bbox 3123 5702 3427 5758; x_wconf 87' lang='lat' dir='ltr'><strong>Anecdota</strong></span> <span class='ocrx_word' id='word_1_854' title='bbox 3466 5703 3560 5758; x_wconf 88' lang='lat' dir='ltr'><strong>Gr.</strong></span> <span class='ocrx_word' id='word_1_855' title='bbox 3597 5708 3737 5758; x_wconf 89' lang='lat' dir='ltr'><strong>tom.</strong></span> 
     </span>
    </p>
   </div>
   <div class='ocr_carea' id='block_1_121' title="bbox 2085 5776 2869 5852">
    <p class='ocr_par' dir='ltr' id='par_1_121' title="bbox 2085 5776 2869 5852">
     <span class='ocr_line' id='line_1_122' title="bbox 2085 5776 2869 5852; baseline -0.011 -14"><span class='ocrx_word' id='word_1_856' title='bbox 2085 5781 2158 5850; x_wconf 90' lang='lat' dir='ltr'><strong>II,</strong></span> <span class='ocrx_word' id='word_1_857' title='bbox 2190 5776 2409 5852; x_wconf 67' lang='lat' dir='ltr'><strong>p.300,</strong></span> <span class='ocrx_word' id='word_1_858' title='bbox 2444 5777 2557 5847; x_wconf 88' lang='lat' dir='ltr'><strong>litt,</strong></span> <span class='ocrx_word' id='word_1_859' title='bbox 2592 5778 2654 5834; x_wconf 92' lang='grc' dir='ltr'><strong>Ο.</strong></span> <span class='ocrx_word' id='word_1_860' title='bbox 2693 5776 2869 5831; x_wconf 74' lang='grc' dir='ltr'>ΗΑιιι.</span> 
     </span>
    </p>
   </div>
   <div class='ocr_carea' id='block_1_122' title="bbox 3427 5972 3504 6029">
    <p class='ocr_par' dir='ltr' id='par_1_122' title="bbox 3427 5972 3504 6029">
     <span class='ocr_line' id='line_1_123' title="bbox 3427 5972 3504 6029; baseline 0 0"><span class='ocrx_word' id='word_1_861' title='bbox 3427 5972 3504 6029; x_wconf 67' lang='grc'><strong>42</strong></span> 
     </span>
    </p>
   </div>
  </div>
