4126 6412
461 356 615 416 1323

1779 355 2030 417 INDEX
2077 355 2584 423 SCRIPTORUM

3706 377 3848 439 1324

453 505 645 560 usque
703 488 778 543 ad
831 488 1239 560 Olympiadem
1289 490 1590 557 CCXXIX;
1651 489 2101 587 easdem-etiam
2134 519 2187 587 Α
2221 493 2562 587 ερὶάίε,λᾳυὶ
2596 497 2824 587 primus
2875 499 3172 570 tragadia
3232 499 3503 558 inventor
3529 503 3656 562 fuit.
3715 510 3854 568 Vicit

456 601 484 628 ‹‹
517 578 639 632 VIII
671 578 842 632 libris
879 603 898 626 ι
937 580 1247 649 exposuit;
1283 603 1310 629 ‹‹
1339 579 1811 650 Descriptionem
1858 579 2072 634 Sicilia
2101 598 2114 646 ;

453 689 480 716 ‹‹
517 668 596 721 De
627 666 902 738 Iongavis
935 675 994 721 et
1041 668 1218 722 rebus
1251 668 1632 722 mirabilibus
1659 685 1672 734 ;
1710 669 1789 722 De
1818 670 2114 723 Romano-

453 777 481 805 «
511 772 642 810 rum
674 755 841 810 festis
872 755 1058 810 libros
1105 759 1182 810 III
1210 778 1224 825 ;
1255 759 1334 811 De
1389 759 1591 812 Roma
1623 757 1770 812 locis
1821 763 1880 812 et
1909 774 2116 812 eorum

452 866 481 894 κ
515 845 860 899 nominibus
888 846 1230 916 :Epitomen
1256 845 1826 917 Olympionicarum,
1849 868 1876 895 »
1901 852 1956 900 et
1976 848 2116 902 alia.

532 933 966 1006 Philostorgius
993 939 1160 989 notat
1183 935 1506 1005 Josephum
1539 940 1610 1003 (7)
1643 952 1740 990 res
1775 935 2114 990 Judaorum

452 1022 645 1077 fusius
690 1029 1031 1078 exsecutum
1084 1039 1236 1092 esse,
1271 1040 1450 1094 quam
1495 1025 1860 1097 Phlegonem
1892 1030 1951 1078 et
1982 1025 2113 1079 Dio-

455 1128 614 1177 nem,
650 1113 868 1184 quippe
919 1113 1019 1184 qui
1073 1118 1304 1168 tantum
1367 1113 1624 1168 breviter
1681 1131 1779 1169 eas
1812 1119 1869 1168 et
1923 1114 2117 1168 obiter

455 1201 776 1273 attigerint.
810 1203 1102 1256 Caterum
1135 1202 1384 1256 illorum
1418 1203 1682 1273 quidem,
1715 1220 1846 1274 qua
1879 1203 1954 1258 ad
1987 1203 2113 1274 pie-

455 1295 637 1345 tatem
678 1290 945 1361 aliasque
990 1292 1239 1347 virtutes
1272 1298 1562 1363 spectent,
1614 1309 1724 1346 nec
1772 1294 1953 1346 istum
2003 1310 2114 1348 nec

453 1380 560 1435 hos
590 1379 776 1435 ullam
830 1381 1109 1435 habuisse
1169 1382 1478 1436 rationem.
1533 1383 1749 1436 Contra
1790 1383 2112 1454 Josephum

448 1470 632 1524 videri
665 1470 877 1525 timere
913 1476 970 1525 et
998 1487 1225 1539 cavere,
1261 1488 1335 1526 ne
1367 1474 1602 1526 Gracos
1636 1473 1916 1527 offendat.

525 1557 797 1618 Φλύακες.
839 1559 1083 1615 Sotades
1133 1561 1369 1632 scripsit
1399 1562 1684 1630 Phlyacas,
1721 1561 1780 1616 id
1812 1567 1902 1616 est
1931 1563 2109 1618 cina-

451 1648 578 1714 dos,
613 1647 868 1703 dialecto
897 1649 1117 1704 Ionica.
1151 1651 1353 1720 Itaque
1377 1656 1434 1705 et
1463 1650 1602 1705 dicti
1638 1656 1778 1705 sunt
1801 1648 1954 1722 λόγοι
1990 1651 2110 1706 Ἰω-

448 1737 615 1790 νικοί.
651 1738 870 1793 Eodem
903 1740 1192 1810 poematis
1223 1757 1436 1811 genere
1466 1757 1609 1795 usus
1643 1747 1732 1796 est
1763 1742 1941 1796 etiam
1973 1742 2108 1798 Ale-

451 1827 698 1894 xander,
723 1828 967 1894 Etolus,
999 1828 1239 1899 aliique.
1275 1829 1457 1899 (Infra
1488 1829 1549 1883 in
1582 1829 1838 1900 Sotade.)

523 1917 897 1987 Phocylides,
918 1917 1200 1985 Milesius,
1222 1918 1632 1989 philosophus,
1650 1919 1897 1990 aqualis
1920 1921 2107 1975 Theo-

450 2004 663 2076 gnidis.
692 2005 947 2076 Uterque
975 2006 1148 2060 annis
1177 2007 1484 2076 DCXLVII,
1526 2012 1661 2079 post
1700 2008 1928 2063 bellum
1957 2010 2106 2064 Tro-

441 2095 654 2165 janum
688 2094 850 2158 vixit,
910 2095 1035 2149 nati
1068 2095 1413 2167 Olympiade
1461 2097 1568 2150 LV.
1632 2096 1878 2168 Scripsit
1907 2119 1935 2146 ‹‹
1970 2099 2104 2153 Car-

449 2183 671 2238 «mina
727 2184 967 2238 heroica
999 2205 1026 2234 »
1087 2189 1145 2238 et
1183 2206 1211 2233 «
1245 2185 1511 2256 Elegias;
1567 2186 1867 2258 Pracepta
1900 2209 1928 2236 »
1987 2187 2110 2243 sive

449 2272 866 2337 «Sententias,
929 2289 1077 2342 quas
1131 2273 1431 2348 Κεφάλαια,
1494 2273 1692 2344 Capita
1749 2275 2105 2331 inscribunt.

447 2360 596 2414 Sunt
626 2365 828 2414 autem
860 2377 930 2414 ex
951 2362 1317 2416 carminibus
1348 2362 1655 2432 Sibyllinis
1688 2363 1991 2438 subrepta.

517 2449 834 2503 Phanieia
866 2449 1037 2504 dictae
1071 2449 1304 2519 littera,
1340 2451 1499 2521 quod
1549 2451 1688 2524 Sydi
1721 2457 1780 2506 et
1810 2454 1982 2507 Iones
2011 2470 2109 2509 eas

447 2538 519 2592 ab
553 2538 880 2605 inventore,
934 2541 1224 2610 Agenore,
1253 2539 1552 2608 Phoenice,
1607 2548 1985 2612 acceperunt,
2021 2546 2111 2600 vel

447 2627 538 2698 (ut
557 2627 869 2681 Cretenses
886 2626 1234 2698 affirmant),
1261 2629 1421 2698 quod
1471 2628 1522 2682 ἐν
1557 2628 1819 2704 φοινίκων
1849 2630 2110 2693 πιτάλοις

449 2715 510 2769 in
547 2739 566 2763 ι
606 2715 940 2786 palmarum
972 2716 1182 2771 foliis»
1217 2718 1492 2774 homines
1523 2720 1870 2776 scriberent.
1910 2723 2107 2778 Scam-

448 2821 589 2860 mon
625 2805 773 2859 libro
809 2805 1072 2861 secundo
1097 2803 1437 2878 Εὖρημάτων
1465 2809 1585 2864 sive
1617 2833 1643 2859 «
1668 2812 2048 2868 Inventorum
2077 2836 2106 2864 υ

449 2895 553 2961 ait,
586 2911 686 2950 eas
718 2911 751 2950 a
781 2896 1079 2960 Phoenice,
1118 2896 1241 2951 ﬁlia
1294 2899 1609 2960 Actaonis.
1648 2901 1731 2955 sic
1779 2901 2107 2973 appellatas

447 3000 598 3050 esse,
634 3001 764 3054 qua
795 2985 957 3057 virgo
1001 2984 1170 3052 obiit,
1219 2985 1545 3059 habuitque
1579 3006 1833 3061 sorores,
1886 2992 2105 3064 Aglau-

444 3089 603 3141 rum,
636 3074 844 3141 Ersen,
877 3074 1266 3129 Paudrosum.

515 3179 909 3244 Phanicides,
938 3181 1222 3250 comicus,
1249 3199 1318 3237 ex
1350 3184 1521 3255 cujus
1564 3185 1933 3244 dramatibus
1966 3195 2106 3246 sunt

2223 582 2570 655 Olympiade
2603 585 2818 650 LXVII,
2875 589 3230 660 primusque
3262 592 3612 651 muliebrem
3663 615 3849 670 perso-

2220 688 2362 727 nam
2395 673 2564 728 duxit
2591 674 2650 728 in
2684 692 2924 730 scenam
2973 683 3033 731 et
3065 682 3392 735 tetrametri
3423 682 3534 737 fuit
3578 685 3848 759 inventor,

2222 767 2281 817 et
2312 763 2502 817 filium
2530 764 2742 818 habuit
2770 765 3367 839 Polychradmonem,
3401 774 3698 845 tragicum.
3726 780 3851 850 Ejus

2219 853 2517 925 tragadia
2567 854 2657 908 ha
2686 871 2940 910 novem:
3003 853 3320 929 Πλευρωνία
3361 859 3687 934 Ἀῖγῦπτιοι,
3739 867 3849 923 Ἀκ.

2216 938 2407 1008 ταίων,
2440 937 2765 1010 Ἄλκηστις,
2801 943 3051 1004 Ἀνταῖος
3081 944 3116 1012 ἢ
3149 941 3363 1014 Λίϐυες,
3391 948 3616 1021 Δίκαιοι,
3649 954 3850 1027 Πέρσαι,

2220 1032 2500 1090 Συνθωκοι
2535 1030 2654 1084 sive
2687 1031 2777 1102 (ut
2824 1033 3110 1088 Kusterus
3141 1034 3336 1107 legere
3379 1039 3552 1110 jubet
3594 1047 3728 1098 tom.
3763 1046 3848 1115 III,

2216 1134 2348 1189 pag.
2385 1119 2509 1184 637,
2546 1124 2670 1175 not.
2704 1121 2758 1185 3)
2791 1118 3080 1190 Σύνθακοι,
3115 1121 3388 1188 Δαναΐδες.

2289 1208 2682 1278 Phrynichus,
2716 1209 3026 1264 Melantha
3061 1213 3120 1266 F'
3154 1214 3559 1284 Atheniensis,
3592 1222 3845 1292 tragicus.

2215 1297 2296 1349 Ex
2326 1296 2504 1367 hujus
2547 1297 2764 1352 fabulis
2797 1304 2936 1353 sunt
2985 1295 3344 1373 Ἀνδρομέδα,
3376 1303 3656 1378 Ἠριγόνῃ.
3707 1311 3850 1367 Fecit

2216 1385 2395 1439 etiam
2454 1383 2757 1460 Πυρρίχας.
2794 1389 3188 1446 Athenienses
3245 1394 3645 1465 Phrynichum
3699 1401 3847 1456 mille

2214 1478 2515 1535 drachmis
2544 1481 2896 1550 multarunt,
2933 1485 3094 1554 quod
3119 1485 3190 1540 de
3224 1487 3403 1543 Mileti
3438 1495 3846 1564 expugnatione

2212 1565 2559 1637 tragadiam
2593 1567 2915 1623 docuisset.

2283 1655 2660 1725 Phrynichus
2684 1659 3090 1726 Atheniensis,
3107 1677 3262 1716 unus
3286 1678 3356 1717 ex
3382 1667 3694 1734 postremis
3714 1675 3851 1724 vete-

2209 1741 2292 1795 ris
2324 1743 2629 1798 comadia
2691 1746 2957 1812 comicis,
2986 1749 3085 1818 qui
3146 1749 3380 1806 fabulas
3437 1753 3647 1810 docere
3691 1759 3850 1828 capit

2217 1830 2563 1903 Olympiade
2599 1834 2882 1922 LXXXVI.
2935 1837 3213 1893 Dramata
3243 1839 3374 1910 ejus
3423 1849 3595 1898 sunt:
3641 1844 3849 1922 Ἐφιάλ-

2211 1938 2311 1986 της
2362 1920 2589 1993 Κρόνος,
2628 1921 2855 1992 Κόννος,
2915 1924 3236 1995 Κωμασταὶ,
3295 1925 3546 2003 Σάτυροι,
3594 1920 3850 2008 Τραγῳδοὶ

2214 2004 2250 2074 ἢ
2285 2006 2653 2083 ἐπελεύθεροι,
2715 2010 3097 2085 Μονότροπος,
3149 2015 3388 2083 Μοῦσαι,
3427 2004 3673 2090 Mdu-mc,
3712 2004 3851 2076 ’Ποά-

2214 2115 2392 2170 στριαι
2451 2099 2705 2173 Σάτυροι.
2740 2101 3113 2173 Phrynichus
3162 2109 3222 2159 et
3279 2107 3448 2178 Lycis
3489 2115 3547 2164 et
3575 2112 3849 2183 Amipsias

2214 2186 2425 2241 comici
2459 2187 2790 2259 subfrigidi.

2287 2275 2617 2346 Phrynicus
2661 2278 2969 2350 Bithynus,
3019 2281 3304 2352 sophista.
3331 2284 3577 2358 Scripsit
3610 2311 3629 2338 ι
3662 2289 3852 2345 Attici-

2219 2387 2240 2413 α
2279 2371 2454 2431 stam,
2480 2367 2558 2421 De
2586 2369 2929 2424 nominibus
2952 2372 3162 2428 Atticis
3192 2373 3378 2430 libros
3400 2378 3448 2432 II
3473 2396 3487 2445 ;
3515 2400 3543 2428 ››
3565 2383 3850 2451 Τιθεμενων

2215 2455 2553 2527 συναγωγὴν,
2589 2479 2614 2505 ‹‹
2660 2458 3086 2514 Collectionem
3119 2462 3490 2534 thematum;
3542 2471 3851 2540 Apparatus

2217 2565 2245 2594 «
2279 2545 2519 2598 oratorii
2553 2547 2765 2612 XVLII,
2801 2571 2828 2596 »
2863 2551 3194 2606 secundum
3226 2553 3376 2609 alios
3409 2557 3643 2613 LXXIV.

2288 2637 2566 2708 Φρυνίχου
2615 2633 2922 2709 πάλαισμα,
2957 2641 3263 2710 Ρήνῃηίοήὶ
3315 2645 3506 2713 (ducis
3547 2650 3850 2706 Athenien-

2217 2721 2391 2788 sium)
2426 2724 2673 2791 luctatio,
2707 2725 2927 2781 dicitur
2967 2729 3028 2782 in
3061 2746 3161 2785 eos
3193 2732 3295 2802 qui
3344 2735 3560 2791 callide
3592 2745 3649 2792 et
3677 2745 3850 2794 astute

2215 2812 2442 2883 aliquid
2472 2815 2916 2881 machinantur,
2951 2824 3062 2873 etc.

2285 2903 2561 2974 Phrynis,
2594 2906 2988 2974 Aristoclidis,
3022 2909 3120 2980 qui
3154 2909 3314 2966 bello
3343 2915 3568 2972 Medico
3625 2919 3856 2974 ﬂorebat

2215 2996 2273 3046 et
2293 3009 2481 3063 genus
2511 3011 2546 3049 a
2574 2997 2918 3068 Terpandro
2969 2998 3242 3073 ducebat,
3298 3004 3651 3078 discipulus,
3687 3010 3858 3065 citha-

2211 3083 2411 3137 radus
2442 3085 2829 3155 Mytilenaeus,
2863 3088 2964 3158 qui
2987 3089 3216 3159 primus
3237 3100 3488 3163 putatur
3516 3099 3668 3170 apud
3691 3101 3854 3155 Athe-

2213 3171 2454 3226 nienses
2475 3174 2704 3229 cithara
2720 3177 3009 3233 cecinisse
3033 3184 3092 3233 et
3119 3180 3181 3234 in
3203 3182 3624 3243 Panathenais
3643 3190 3854 3255 vicisse,

440 3266 741 3341 Φύλαρχος
770 3274 828 3324 et
859 3268 1222 3342 Μισούμενος,
1257 3251 1733 3331 teste'Athenao
1767 3277 1828 3332 in
1874 3278 2098 3350 Dipno-

2223 3263 2496 3318 archonte
2528 3265 2730 3320 Callia.
2765 3267 2917 3322 Ister
2953 3269 3017 3323 in
3047 3271 3324 3342 Melopaais
3367 3281 3639 3347 testatur,
3688 3251 3852 3352 Phry;

437 3358 687 3428 sophist.

505 3465 854 3522 Phanicum
887 3466 1291 3534 mendacium,
1322 3477 1565 3541 propter
1594 3488 1665 3527 ea
1696 3490 1828 3544 qua
1860 3474 1930 3531 de
1964 3477 2101 3533 Dra-

437 3571 585 3609 cone
617 3559 672 3609 et
703 3555 928 3626 Spartis
959 3561 1019 3611 et
1042 3556 1261 3612 Cadmo
1294 3559 1443 3614 falso
1475 3560 1775 3616 dicuntur.

507 3644 856 3699 Phanicum
909 3651 1100 3716 pacta.
1146 3647 1480 3718 Phanices,
1539 3650 1640 3719 qui
1679 3651 2098 3726 Carthaginem

441 3732 858 3799 condiderunt,
892 3750 1026 3787 cum
1060 3733 1133 3788 ad
1157 3734 1400 3808 Libyam
1427 3737 1676 3793 navibus
1703 3741 2096 3812 appulissent,

443 3826 729 3891 rogarunt
757 3821 921 3875 illius
980 3823 1238 3893 regionis
1271 3824 1498 3880 incolas
1550 3831 1617 3881 ut
1648 3844 1709 3882 se
1766 3831 2102 3901 reciperent

445 3914 681 3963 noctem
714 3915 772 3963 et
801 3909 978 3964 diem.
1015 3911 1135 3964 Hoc
1163 3911 1501 3983 impetrato,
1534 3914 1840 3972 discedere
1889 3921 2096 3977 nolue-

432 4001 593 4064 runt,
625 3997 794 4067 quasi
836 3999 992 4068 pacti
1048 3998 1325 4068 fuissent,
1388 4019 1450 4057 se
1482 4009 1686 4059 noctes
1741 4011 1800 4060 et
1848 4007 1974 4063 dies
2016 4009 2098 4064 ibi

434 4099 750 4140 mansuros
783 4101 934 4140 esse.
990 4087 1217 4143 Demon
1267 4089 1338 4144 de
1397 4092 1817 4163 Metapontinis
1878 4096 2099 4154 similia

435 4178 656 4229 narrat.

504 4277 819 4346 Phormns,
882 4279 1306 4350 Syracusanus,
1336 4282 1623 4350 comicus,
1679 4287 1926 4356 aqualis
1959 4290 2093 4361 Epi-

433 4365 682 4435 charmi,
714 4367 1026 4423 familiaris
1049 4367 1278 4436 Geloni,
1304 4370 1517 4427 Sicilia
1550 4377 1824 4446 tyranno,
1857 4384 1916 4432 et
1943 4379 2098 4435 altor

439 4455 705 4511 ﬁliorum
763 4458 914 4528 ejus.
950 4457 1196 4529 Scripsit
1253 4461 1567 4518 comwdias
1626 4465 1739 4534 VII,
1794 4483 1925 4537 qua
1957 4474 2098 4524 sunt

435 4541 716 4614 Αδμητος,
792 4542 1104 4612 Ἀλκίνους,
1187 4544 1495 4619 Ἀλκυόνες,
1577 4549 1744 4606 Ἰλίου
1802 4553 2095 4628 πόρθησις,

431 4631 649 4696 Ἵππος,
686 4631 899 4708 Κηφεὺς
930 4634 964 4702 ἢ
999 4633 1295 4706 Κεφάλαια,
1331 4637 1579 4710 Περσεύς.
1609 4642 1798 4697 Etiam
1826 4643 2095 4698 Ἀταλάν-

433 4740 536 4788 της
567 4721 852 4775 Athenao
893 4731 1279 4780 memoratur.
1338 4728 1572 4784 Primus
1614 4747 1756 4786 usus
1801 4739 1891 4789 est
1920 4735 2091 4790 talari

432 4815 612 4877 veste,
642 4815 701 4863 et
729 4826 908 4866 scena
937 4812 1132 4867 rubris
1163 4815 1421 4884 pellibus
1452 4817 1760 4875 adornata.

506 4915 810 4988 Φρεάντης,
864 4916 1201 4984 Cleanthes,
1234 4921 1648 4996 phiIOSOphus,
1700 4926 1782 4982 ita
1837 4929 2086 4986 vocaba~

433 5010 548 5074 tur,
584 5012 722 5075 etc.,
754 5022 935 5077 supra
962 5006 1024 5061 in
1055 5007 1360 5064 Cleanthe.

2208 3352 2411 3406 nidem
2441 3353 2626 3410 fuisse
2661 3355 2959 3426 Lesbium,
3005 3359 3258 3432 CanOpis
3291 3363 3374 3429 F.,
3413 3368 3516 3437 qui
3548 3386 3678 3424 cum
3709 3373 3853 3425 esset

2209 3440 2500 3508 Hieronis,
2535 3445 2794 3514 tyranni,
2823 3462 3073 3517 coquus,
3120 3465 3256 3504 cum
3287 3451 3428 3509 aliis
3477 3457 3678 3512 multis
3708 3459 3851 3512 Aris-

2209 3531 2408 3585 toclidi
2442 3532 2616 3588 datus
2649 3535 2744 3588 sit.
2783 3535 2895 3590 Sed
2925 3537 2972 3591 si
3007 3554 3208 3594 servus
3241 3547 3299 3596 et
3319 3559 3550 3616 coquus
3599 3549 3852 3604 Hieronis

2206 3617 2436 3690 fuisset,
2469 3621 2529 3676 id
2585 3640 2705 3678 non
2765 3626 3096 3681 tacuissent
3121 3631 3358 3699 comici,
3423 3637 3526 3706 qui
3581 3639 3852 3692 musicam

2205 3713 2464 3762 veterem
2508 3709 3018 3768 modulationibus
3076 3715 3361 3773 mollibus
3394 3722 3471 3776 ab
3501 3739 3568 3778 eo
3623 3724 3854 3780 fractam

2208 3801 2266 3850 et
2296 3797 2673 3854 immutatam
2707 3818 2862 3872 sape
2895 3810 3169 3875 arguunt.

2279 3886 2668 3957 Phylarchus,
2715 3891 3123 3956 Atheniensis,
3169 3896 3261 3950 vel
3311 3899 3681 3958 Naucratites
3710 3902 3851 3973 (aliis

2207 3974 2516 4047 Sicyonius
2547 3979 2637 4033 vel
2666 3981 3013 4051 Egyptius),
3043 3983 3388 4057 historicus,
3433 3990 3680 4063 Scripsit
3707 4017 3731 4042 ‹‹
3756 3995 3854 4046 Ex-

2207 4085 2235 4113 ‹‹
2267 4065 2631 4135 peditionem
2665 4069 2896 4140 Pyrrhi,
2931 4071 3208 4144 Epirota,
3235 4075 3297 4129 in
3325 4078 3853 4151 Pelopponnesum,

2206 4175 2233 4200 ι‹
2269 4152 2436 4207 libris
2467 4154 2712 4210 XXVIII.
2742 4179 2769 4206 »
2825 4157 3074 4214 Deducit
3103 4167 3302 4219 autem
3354 4165 3667 4224 historiam
3698 4183 3853 4225 suam

2205 4258 2393 4312 usque
2452 4244 2526 4298 ad
2584 4245 2972 4302 Ptolemaum
3029 4251 3372 4324 Evergetem
3447 4263 3506 4313 et
3560 4259 3854 4315 Berenices

2204 4331 2453 4400 obitum,
2488 4339 2546 4388 et
2583 4335 2656 4390 ad
2706 4341 2962 4391 mortem
2997 4355 3184 4410 usque
3230 4343 3561 4416 Cleonymi,
3595 4347 3850 4403 Laceda-

2203 4422 2408 4490 monii,
2473 4424 2565 4478 cui
2621 4425 2956 4496 Antigonus
3004 4427 3232 4484 bellum
3293 4431 3543 4491 intulit:
3577 4459 3603 4487 «
3645 4439 3754 4492 Res
3782 4435 3847 4490 ab

2205 4531 2234 4560 «
2265 4512 2576 4566 Antiochio
2611 4519 2669 4567 et
2699 4516 3062 4587 Pergameno
3097 4519 3363 4576 Eumene
3391 4531 3587 4594 gestas
3613 4547 3628 4592 ;
3660 4525 3843 4595 Epito-

2126 4619 2172 4683 D
2206 4621 2233 4647 ‹‹
2263 4616 2402 4654 men
2432 4601 2797 4671 mythicam;
2832 4624 2859 4652 »
2907 4603 3038 4677 Περὶ
3084 4611 3187 4672 τῆς
3215 4611 3312 4660 τοῦ
3361 4610 3484 4672 Διὸς
3533 4609 3846 4688 ἐπιφενείας,

2206 4708 2234 4737 ‹‹
2269 4689 2346 4742 De
2365 4691 2736 4760 apparitione
2753 4693 2909 4746 Jovis
2935 4710 2950 4758 ;
2978 4694 3059 4750 De
3083 4695 3341 4753 inventis
3369 4717 3382 4767 ;
3411 4720 3435 4751 ι
3460 4696 3845 4775 Παρεμϐάσεων

2205 4801 2230 4826 ‹‹
2267 4778 2449 4832 libros
2480 4781 2574 4834 IX.
2612 4801 2640 4831 κ

2268 4867 2502 4928 Φυσικὸς
2535 4865 2721 4942 λόγος.
2759 4872 2899 4926 Post
2938 4873 3188 4929 moralia
3242 4876 3466 4949 (Stoici)
3498 4884 3748 4936 tractant
3779 4880 3845 4934 de

2195 4955 2373 5010 rebus
2432 4958 2826 5015 naturalibus.
2881 4991 2945 5002 -—
2987 4963 3122 5017 Tria
3166 4964 3228 5018 in
3257 4965 3436 5022 rebus
3484 4970 3844 5026 naturalibus

2197 5051 2562 5115 spectantur,
2616 5048 2828 5116 forma,
2889 5053 3160 5118 materia,
3229 5059 3288 5108 et
3317 5071 3515 5124 causa,
3570 5059 3643 5114 ob
3675 5074 3841 5130 quam

503 5109 780 5187 Φρυγίλος
811 5110 962 5184 ὅρνις
1014 5117 1126 5203 τοῦ,
1153 5114 1478 5187 Φιλήμονος
1530 5119 1740 5194 γένους.
1773 5127 2087 5201 Phrygilus

2229 5109 2247 5115 _
2550 5109 2559 5114 -
2817 5109 2826 5116 ,
3151 5109 3159 5118 ,
3576 5109 3637 5114 ,η
3678 5109 3839 5130 Ίη-η

2223 5150 2390 5189 orma
2417 5141 2508 5190 est
2566 5136 2628 5190 in
2689 5138 2955 5193 materia.
2993 5141 3160 5196 Circa
3218 5143 3343 5198 hac
3373 5153 3682 5202 versantur
3727 5165 3843 5203 me-

431 5207 771 5258 estnomen
803 5203 946 5257 avis.
1004 5202 1316 5259 Philomen
1362 5211 1558 5262 autem
1589 5226 1623 5264 a
1679 5217 1922 5272 comicis
1952 5236 2085 5288 per-

431 5291 747 5363 stringitur
775 5297 842 5346 ut
871 5293 1088 5363 Phryx,
1122 5298 1181 5346 et
1205 5295 1576 5366 peregrinus,
1613 5304 1671 5352 et
1699 5302 1828 5359 Car.

504 5381 896 5451 Phrynichus,
941 5381 1476 5452 Polyphradmonis
1507 5393 1610 5441 aut
1657 5389 1864 5462 Minya
1896 5396 1955 5449 F.
1990 5405 2093 5454 aut

429 5469 751 5538 Choroclis,
786 5469 1189 5540 Atheniensis,
1241 5474 1515 5545 tragicus,
1579 5475 1910 5551 discipulus
1938 5487 2089 5542 The-

2200 5223 2364 5277 thodi
2392 5225 2696 5295 quinque:
2757 5227 3026 5298 physica,
3060 5246 3157 5285 ars
3214 5233 3594 5302 particularis
3623 5237 3680 5307 (ἡ
3720 5233 3845 5289 κατὰ

2205 5311 2367 5386 μέρος
2393 5315 2610 5388 τέχνη),
2646 5317 2977 5382 dialectica,
3014 5319 3457 5391 mathematica,
3503 5324 3692 5395 prima
3722 5324 3843 5396 phi-

2202 5403 2493 5475 losophia,
2529 5411 2639 5460 etc.

2275 5493 2493 5564 Pigres.
2529 5495 2640 5548 Car
2698 5495 3210 5563 Halicarnasseus,
3260 5498 3444 5555 frater
3499 5502 3842 5568 Artemisia,

499 5596 1732 5701 ggnﬂaqjaqs‘po'tvi‘gs‘supplendum,
1768 5627 1946 5681 quam
1980 5632 2120 5674 cum
2150 5620 2398 5677 Kustero
2428 5624 2574 5679 Justi
2607 5623 2901 5696 existimo,
2936 5625 3224 5696 quoniam
3255 5644 3392 5686 mox
3421 5629 3577 5686 infra
3613 5629 3840 5701 Josephi

428 5667 609 5721 etiam
642 5667 863 5723 diserta
892 5669 1117 5725 mentio
1148 5667 1427 5728 recurrit.
