4126 6422
349 388 506 455 i329

1655 384 1762 447 DE
1801 383 2094 457 QUIBUS
2137 381 2449 449 SUIDAS.

3595 386 3785 464 -I330

353 541 514 582 anno
547 523 740 580 astatis
769 523 956 580 LVIII.
987 522 1236 596 Scripsit
1267 523 1695 590 Onomasticum,
1726 517 1887 591 quod
1916 519 2009 573 est
2035 517 2094 585 Α
2122 515 2581 589 (Πολομνήστεια)
2611 521 2854 590 propter
2874 518 3280 576 obcenitatem
3302 520 3786 594 perstringuntur

353 614 626 672 collectio
659 614 1082 670 vocabulorum
1106 613 1474 669 diversorum
1507 629 1638 683 quas
1683 610 1755 664 de
1795 607 2006 663 eadem

350 723 414 761 re
446 705 746 772 dicuntur,
781 727 808 754 ‹‹
853 704 1019 758 llbI‘IS
1044 707 1134 759 X:
1170 703 1611 774 Disputationes
1641 703 1752 756 sive
1783 700 2010 752 Sermo-

351 818 376 844 ‹(
414 810 560 860 nes;
593 793 1106 858 Declamationes;
1139 791 1442 846 Commodi
1493 789 1740 845 Cwsaris
1771 786 2008 857 Epitha-

351 906 377 932 «
413 882 662 937 Iamium
688 899 702 948 ;
732 882 1072 936 Orationem
1113 881 1187 936 ad
1223 883 1520 935 Romanos
1552 877 1837 941 habitam,
1870 873 2010 928 Ῥω-

354 995 381 1021 ‹‹
419 971 613 1042 μοιϊκὸν
649 967 856 1043 λόγον;
894 970 1366 1036 Buccinatorem,
1396 972 1507 1024 sive
1537 968 1850 1022 Certamen
1885 979 2013 1018 mu-

355 1087 380 1112 α
419 1061 607 1116 sicum
636 1078 650 1127 ;
683 1060 900 1116 Contra
921 1060 1317 1131 SinOpenses;
1354 1053 1748 1124 Πανελλήνιον,
1782 1053 2010 1110 Oratio-

358 1176 381 1200 «
402 1167 541 1206 nem
556 1149 617 1204 in
631 1155 922 1204 conventu
938 1149 1118 1203 totius
1133 1148 1368 1203 Graeciaa
1383 1137 1871 1216 habitam;'Apx16
1883 1140 2016 1207 ικὸν,

359 1266 385 1290 ‹‹
423 1240 509 1296 Ad
539 1239 827 1307 Arcades,
867 1263 892 1288 »
927 1246 986 1294 et
1015 1239 1152 1295 alia.

431 1330 634 1396 Polus,
674 1330 1075 1402 Agrigentius,
1134 1333 1356 1396 orator,
1391 1328 1483 1383 vel
1517 1327 1714 1399 potius
1749 1325 2021 1394 antiquo-

360 1438 493 1476 rum
519 1419 921 1490 sophistarum
937 1436 1112 1489 unus,
1131 1418 1419 1490 Licymnii
1447 1417 1746 1488 magister.
1776 1412 2026 1485 Scripsit

359 1533 386 1561 ‹‹
421 1509 838 1581 Genealogiam
871 1510 1205 1564 Graecorum
1255 1513 1313 1562 et
1353 1507 1770 1571 Barbarorum,
1814 1502 1915 1574 qui
1948 1501 2022 1556 ad

361 1623 388 1650 ‹‹
424 1599 659 1670 Trojam
691 1598 915 1653 bellum
939 1603 1252 1669 gesserunt
1278 1621 1302 1644 »
1329 1603 1388 1651 et
1409 1613 1586 1667 quem
1619 1594 1844 1649 exitum
1868 1592 2028 1662 quis-

363 1705 477 1760 que
511 1705 717 1742 eorum
754 1687 1048 1742 habuerit.
1084 1686 1332 1752 Quidam
1366 1693 1565 1740 tamen
1597 1701 1744 1755 opus
1777 1683 1883 1736 hos
1915 1683 2026 1734 Da-

363 1785 549 1832 mastze
566 1777 830 1839 tribunt;
854 1777 1143 1831 «Navium
1160 1776 1525 1848 catalogum;
1553 1776 1631 1828 De
1654 1770 2022 1826 vocabulis.»

2119 781 2582 860 Δημοτυνδάρεως
2619 829 2634 854 ,
2695 791 2896 841 Μουσῶ
2974 787 3180 860 γοναὶ,

2121 870 2450 949 Ἀφροδίτης
2479 876 2650 949 γοναί.

2117 623 2151 662 a
2177 607 2440 662 comicis.
2471 608 2635 662 Conf.
2667 609 2899 663 Kusteri
2932 616 3053 664 not.
3079 610 3344 665 8intom.
3372 611 3468 676 III,
3498 626 3628 680 pag.
3658 610 3778 663 176.

2187 697 2516 767 Polyzelus,
2540 699 2824 765 comicus,
2850 700 3024 770 cujus
3042 699 3314 755 dramata
3339 704 3518 754 sunt:
3540 697 3781 772 Νιπτρα,

3244 788 3502 841 Διονύσου
3588 785 3774 860 γοναὶ,

2192 983 2582 1055 Porphyrius,
2618 983 2916 1056 petulanti
2947 991 3006 1040 et
3035 984 3328 1040 maledica
3383 984 3586 1057 lingua
3616 984 3783 1039 Chri~

2125 1072 2350 1128 stianos
2382 1074 2729 1142 insectatus,
2762 1075 3004 1146 proprio
3046 1074 3291 1130 nomine
3336 1073 3530 1130 dictus
3562 1079 3654 1130 est
3687 1074 3785 1146 βα-

2125 1159 2332 1230 σιλεύς,
2364 1164 2677 1233 (Malchus),
2703 1181 2769 1219 ex
2801 1165 2950 1236 Tyro
2973 1164 3291 1220 thnicias
3321 1163 3630 1229 oriundus,
3664 1164 3793 1235 phi-

2127 1251 2434 1323 losophus,
2467 1253 2794 1324 discipulus
2823 1253 3057 1321 Amelii,
3090 1253 3324 1308 Plotino
3355 1253 3638 1325 magistro
3669 1245 3787 1319 usi,

2127 1341 2399 1397 Jamblici
2441 1343 2742 1415 magister,
2775 1343 2920 1397 vixit
2964 1342 3272 1398 Aureliani
3307 1341 3698 1414 temporibus,
3734 1347 3793 1394 et

2131 1432 2307 1485 vitam
2329 1431 2606 1502 produxit
2623 1448 2812 1502 usque
2834 1431 2908 1486 ad
2934 1431 3367 1486 Diocletianum
3387 1431 3531 1501 imp.
3555 1429 3794 1484 Audivit

2133 1525 2192 1574 et
2223 1520 2570 1591 Longinum,
2603 1521 2898 1575 criticum.
2939 1520 3188 1590 Scripsit
3220 1520 3404 1574 libros
3446 1534 3625 1589 quam
3655 1517 3790 1588 plu-

2135 1601 2340 1664 rimos,
2377 1600 2844 1672 phiIOSOphicos,
2876 1601 3207 1655 rhetoricos
3238 1606 3298 1654 et
3324 1598 3744 1671 grammaticos
3771 1614 3783 1652 :

2136 1711 2163 1738 «
2199 1689 2278 1742 De
2336 1688 2549 1743 divinis
2609 1689 2950 1744 nominibus
3002 1689 3256 1754 librum;
3317 1690 3397 1743 De
3455 1687 3790 1758 principiis,

2140 1801 2166 1827 «
2198 1777 2383 1846 duos;
2418 1778 2490 1832 de
2525 1779 2790 1845 materia,
2827 1795 2963 1846 sex;
2997 1778 3069 1834 de
3100 1779 3304 1834 anima
3333 1776 3614 1833 adversus
3649 1777 3789 1830 Boe-

441 1866 777 1938 Polyaanus,
813 1865 1159 1931 Sardianus,
1195 1865 1482 1936 sephista,
1529 1863 1636 1918 sub
1671 1861 1859 1932 primo
1901 1861 2024 1913 (Σω-
2055 1879 2108 1946 B
2139 1889 2165 1916 «
2194 1867 2382 1934 thum,
2407 1868 2705 1938 quinque;
2731 1869 2810 1923 De
2833 1868 3197 1924 abstinentia
3217 1867 3290 1922 ab
3309 1866 3588 1922 animatis
3612 1865 3794 1920 libros

365 1973 522 2012 sare.
559 1956 724 2010 Cain.
762 1956 1008 2027 Scripsit
1041 1978 1068 2004 ‹‹
1101 1956 1411 2010 Orationes
1442 1953 1710 2008 forenses
1737 1957 1789 2004 et
1821 1965 2028 2005 causa-

381 2063 515 2100 rum
547 2046 667 2100 sive
695 2045 1166 2116 patrociniorum
1188 2045 1432 2106 formas,
1459 2045 1629 2095 Δικῶν
1655 2035 1778 2108 ἤτοι
1804 2057 2038 2110 συνηγο-

382 2137 515 2206 ριῶν
536 2132 915 2194 ὑποτυπώσει..
929 2132 1185 2186 Parthici
1200 2131 1485 2202 triumphi
1505 2129 1688 2184 libros
1700 2129 1834 2196 III,»
1850 2132 1908 2181 et
1920 2125 2037 2181 alia

451 2223 786 2294 Polyaenus,
848 2222 1108 2285 Macedo,
1171 2220 1394 2276 rhetor.
1439 2218 1686 2290 Scripsit
1714 2240 1742 2267 «
1781 2218 1857 2272 De
1888 2215 2035 2270 The-

377 2311 469 2367 bis
501 2330 515 2379 ;
549 2313 909 2367 Tactitorum
941 2311 1125 2365 libros
1155 2311 1254 2377 III,
1286 2333 1312 2359 ››
1348 2314 1406 2364 et
1433 2309 1570 2364 alia.

449 2401 750 2474 Polybius,
787 2401 924 2456 Luci
958 2401 1041 2468 F.,
1082 2417 1149 2454 ex
1193 2397 1545 2471 Megalopoli
1595 2395 1884 2460 Arcadizn,
1919 2393 2038 2447 Sci-

376 2491 575 2562 pionis
607 2489 867 2545 Africani
912 2495 1244 2560 prmceptor
1304 2493 1362 2542 et
1418 2486 1663 2542 Panaatii
1699 2483 2038 2556 philosophi

373 2579 644 2650 mqualis,
665 2587 929 2650 tempore
945 2577 1246 2633 Ptolemaei
1263 2577 1583 2648 Evergetis.
1611 2575 1713 2629 Hic
1732 2574 2037 2645 COpiosam

376 2669 542 2723 illam
606 2693 632 2719 ‹‹
671 2668 989 2724 Historiam
1020 2669 1346 2722 Romanam
1379 2665 1549 2719 libris
1589 2665 1682 2718 XL
1718 2686 1737 2710 ι
1776 2663 2036 2732 scripsit,

379 2777 413 2813 a
444 2758 582 2830 fuga
612 2757 951 2813 Cleomenis
1017 2755 1288 2827 Spartani
1319 2753 1395 2810 ad
1450 2758 1730 2807 Perseum
1782 2749 2039 2822 Philippi

380 2850 464 2914 F.,
501 2848 886 2903 Macedonum
922 2845 1285 2902 successioni
1324 2861 1418 2899 res
1449 2859 1484 2898 a
1517 2842 1798 2898 Romanis
1845 2846 2039 2912 gestas

380 2937 588 2992 ordine
616 2936 960 2991 adnectens.
1010 2934 1237 3005 Polybii
1299 2931 1616 2987 Historiam
1675 2927 2043 2985 continuavit

380 3026 756 3092 Posidonius,
788 3025 1167 3096 Olbiopolita,
1212 3023 1501 3094 sophista.
1541 3019 1747 3075 Strabo
1779 3033 2040 3089 quoque,

378 3116 782 3178 Amascensis,
814 3113 1052 3185 scripsit
1111 3113 1427 3167 Historiam
1481 3110 1616 3164 inde
1649 3107 2035 3180 incipientem

378 3205 478 3259 ubi
510 3203 766 3275 Polybus
798 3202 1038 3268 desinit,
1073 3201 1241 3256 libris
1273 3201 1462 3255 XLIII.

451 3294 810 3366 Polycarpus
849 3292 1091 3346 Joannis
1113 3290 1512 3362 evangelistaa,
1546 3287 1826 3358 theologi,
1863 3285 2034 3341 audi-

378 3390 488 3449 tor,
506 3399 814 3437 successor
833 3380 1066 3434 Buccoli
1082 3422 1092 3440 .
1109 3381 1285 3451 primi
1301 3379 1742 3448 Smyrnzeorum
1768 3375 2031 3447 epiSCOpi

375 3473 654 3543 martyrio
689 3488 793 3543 pro
826 3471 1058 3524 Christo
1091 3473 1542 3523 consummatus
1575 3472 1666 3522 est
1702 3465 1809 3521 sub
1843 3467 2033 3519 Marco

376 3563 700 3618 Antonino.
732 3559 1038 3630 Epistolam
1074 3558 1312 3629 scripsit
1344 3558 1416 3611 ad
1463 3557 1862 3627 Philippenses,
1895 3554 2034 3606 πάνυ

381 3651 694 3722 θαυμαστήν
752 3649 994 3705 omnino
1045 3646 1483 3711 admirabilem,
1542 3651 1600 3700 et
1657 3645 1747 3701 Ad
1774 3652 2036 3714 magnum

379 3739 703 3810 Dionysium
733 3740 1168 3806 AreCOpagitam,
1203 3743 1254 3790 ct
1289 3737 1362 3790 ad
1410 3737 1549 3790 alias
1606 3734 1896 3789 Ecclesias.
1934 3732 2037 3786 Hic

382 3831 456 3885 ob
490 3829 775 3902 quasdam
809 3844 989 3899 super
1013 3827 1110 3880 die
1142 3825 1442 3880 Paschatis
1474 3825 1855 3894 quaestiones,
1890 3822 2034 3892 imp.

383 3920 641 3975 Antonio
691 3919 816 3981 Pio,
878 3921 937 3972 et
992 3915 1269 3970 Ecclesia;
1321 3915 1599 3968 Romana:
1631 3913 2037 3984 episcopatum

381 4016 621 4080 gerente
655 4008 922 4072 Aniceto,
986 4007 1232 4060 Romam
1275 4005 1454 4072 venit,
1499 4003 1599 4059 ubi
1658 4002 1899 4069 multos,
1940 3995 2042 4072 qui

382 4099 696 4155 Marcionis
723 4103 782 4152 et
830 4095 1129 4150 Valentini
1189 4094 1474 4149 doctrinm
1531 4091 1933 4159 crediderant,
1966 4090 2040 4145 ad

379 4191 560 4245 fidem
619 4187 929 4244 revocavit.
983 4184 1264 4239 Marcioni
1319 4183 1550 4239 obviam
1600 4183 1753 4238 forte
1800 4182 1954 4237 facto
1984 4185 2044 4235 et

376 4279 639 4335 dicenti:
678 4280 914 4347 Agnosce
943 4292 1060 4340 nos,
1095 4275 1421 4344 Polycarpe,
1482 4272 1793 4344 respondit
1827 4289 1838 4324 :
1893 4275 2042 4322 Γνω-

378 4375 513 4444 ριζω
528 4389 606 4437 σε,
640 4379 944 4440 «Agnosco
974 4370 1029 4418 te
1048 4363 1512 4435 primogenitum
1534 4361 1754 4416 diaboli
1779 4360 1991 4414 tilium.
2011 4380 2040 4407 »

450 4460 806 4530 Polycrates,
843 4454 1244 4518 Atheniensis,
1286 4457 1485 4506 orator
1515 4451 1686 4507 valde
1724 4450 2040 4534 eloquens,

379 4550 480 4621 qui
514 4553 646 4621 post
671 4550 930 4617 Anytum
963 4549 1021 4599 et
1051 4542 1318 4597 Melitum
1348 4540 1653 4596 orationes
1694 4544 1903 4594 contra
1934 4538 2035 4592 So-

380 4644 604 4694 cratem
636 4635 894 4707 scripsit.

455 4727 830 4799 Polyeuctus,
863 4721 1152 4787 comicus,
1184 4720 1356 4793 cujus
1388 4719 1594 4775 drama
1622 4715 1879 4790 Ἡνίοχος
1910 4732 2039 4771 me-

383 4823 651 4872 moratur
698 4813 1006 4870 Athenaeo.
1049 4811 1182 4864 Fuit
1215 4814 1272 4864 et
1329 4814 1499 4864 astate
1553 4813 1756 4863 nostra
1784 4807 1898 4878 (13)
1930 4807 2044 4860 Ρο-

381 4907 674 4977 lyeuctus,
707 4909 818 4958 etc.
854 4903 1043 4972 Supra
1073 4901 1136 4954 in
1166 4896 1447 4971 Ἠνίόχος.

455 4994 836 5066 Polygnotus,
871 4991 1084 5062 pictor,
1119 4988 1388 5056 Thasius,
1421 4985 1848 5060 Aglaophontis
1882 4985 2043 5039 illius

380 5089 440 5139 et
470 5081 1018 5155 discipulus,quem
1046 5077 1440 5132 Athenienses
1456 5077 1694 5132 civitate
1721 5076 2050 5157 donarunt,

378 5176 469 5230 vel
487 5173 645 5246 quod
678 5172 972 5245 porticum
998 5168 1269 5241 parcilem
1291 5168 1474 5240 gratis
1505 5168 1819 5239 pinxisset,
1855 5166 1944 5221 vel
1969 5165 2042 5220 ob

379 5266 644 5337 picturas
676 5264 738 5317 in
769 5263 1072 5316 Thesauro
1107 5263 1164 5312 et
1192 5260 1450 5312 Anaceo.

452 5351 825 5426 Polymnesti
862 5393 876 5419 ,
940 5347 1312 5420 Colophonii,
1389 5345 1717 5415 citharmdi,
1780 5346 2050 5402 carmina

459 5567 570 5636 (I3)
600 5568 854 5636 .Etatem
889 5555 1162 5636 _Luciani
1194 5554 1485 5636 intellige,
1519 5555 1621 5636 qui
1652 5554 1904 5636 in_h_unc
1933 5556 2051 5636 Po-

392 5626 719 5704 lyeuctum,
735 5632 1082 5704 sopliistam,
1100 5627 1338 5704 scripsit
1354 5626 1528 5704 suum
1540 5626 2048 5704 Pseudologistam

392 5645 413 5692 l
458 5645 696 5692 euctum
735 5652 797 5690 so
843 5645 1082 5698 iustam,
1100 5645 1212 5683 SCI‘I
1261 5645 2048 5699 sitsuumrseuaowgisram

387 5653 465 5766 "ii
507 5705 634 5784 περὶ
660 5678 758 5760 τέο
803 5651 1110 5778 Ξπφράὸος,
1145 5703 1185 5755 t.
1218 5645 1270 5756 ii
1302 5698 1444 5755 edit.
1495 5697 1822 5756 Amstelod.
1855 5715 1914 5770 p.
1945 5699 2050 5755 632

2145 1979 2169 2008 α
2191 1959 2280 2011 IV.
2300 1959 2378 2012 De
2401 1976 2462 2012 se
2482 1959 2609 2029 ipso
2632 1959 3063 2030 cognoscendo,
3088 1956 3216 2027 Περὶ
3236 1959 3333 2009 τοῦ
3358 1955 3527 2028 γνῶθι
3549 1953 3797 2016 σεαυτόν,

2143 2070 2170 2096 ‹‹
2196 2045 2380 2101 libros
2402 2049 2505 2112 IV;
2530 2049 2610 2102 De
2629 2048 2995 2118 incorporeis
3019 2065 3032 2114 ;
3058 2048 3244 2102 Unam
3268 2062 3398 2101 esse
3444 2045 3710 2100 Platonis
3741 2047 3800 2096 et

2143 2137 2530 2192 «Aristotelis
2550 2142 2794 2203 sectam,
2810 2137 2993 2191 libros
3018 2139 3112 2202 ;In
3128 2137 3430 2191 Iulianum
3448 2133 3798 2197 Chaldeum;

2141 2247 2169 2274 α
2195 2225 2678 2296 Philosophicam
2699 2226 3032 2291 historiam,
3056 2224 3240 2279 libros
3261 2225 3332 2278 IV
3358 2243 3373 2290 ;
3397 2228 3616 2280 Contra
3634 2221 3799 2276 Chri-

2143 2336 2171 2365 «
2200 2314 2426 2369 stianos
2446 2314 2630 2368 libros
2651 2316 2780 2381 XV;
2807 2316 2886 2369 De
2911 2315 3221 2369 Homerica
3237 2311 3617 2384 philosophia
3641 2329 3655 2376 ;
3681 2309 3800 2366 Ad-

2145 2425 2170 2456 ¢
2194 2420 2397 2459 versus
2419 2404 2823 2470 Aristotelem,
2849 2404 2949 2474 qui
2967 2404 3230 2458 animam
3255 2401 3648 2456 entelechiam
3670 2416 3802 2455 esse

2143 2515 2171 2542 α
2206 2493 2446 2561 statuit;
2475 2489 2791 2563 Φιλολόγου
2810 2489 3088 2565 λαθρίοις,
3134 2491 3404 2546 Historia
3427 2488 3800 2561 philologicaa

2144 2605 2171 2631 «
2193 2581 2378 2635 libros
2397 2598 2411 2646 ;
2429 2587 2508 2636 De
2525 2597 2592 2653 ge
2602 2581 2987 2652 nere,specie,
3005 2579 3359 2645 differentia,
3377 2577 3615 2650 proprio
3630 2582 3687 2630 et
3702 2592 3801 2631 ac-

2144 2692 2172 2719 «
2190 2670 2542 2737 cidente;De
2569 2669 2681 2724 Nili
2701 2669 2969 2724 fontibus
2992 2667 3322 2724 secundnm
3341 2667 3696 2732 Pindarum;
3722 2666 3802 2720 De

2149 2783 2170 2808 ι
2199 2759 2475 2825 utilitate,
2491 2775 2671 2828 quam
2693 2775 2860 2830 reges
2875 2775 2943 2812 ex
2962 2759 3214 2812 Homero
3233 2761 3484 2828 possunt
3498 2755 3805 2827 percipere

2149 2868 2171 2894 ι
2199 2845 2382 2902 libros
2405 2848 2451 2901 X
2474 2865 2487 2914 ;
2513 2847 3028 2902 Miscellanearum
3051 2847 3451 2917 quaestionum
3473 2845 3660 2899 libros
3687 2843 3804 2912 VII,

2151 2959 2169 2982 ι
2197 2935 2263 2988 In
2285 2935 2643 3006 Thucydidis
2655 2935 3013 2989 Proaemium
3037 2952 3052 3002 ;
3078 2934 3372 2989 Adversus
3395 2932 3719 2988 Aristidem
3741 2931 3810 2986 li-

2145 3045 2172 3073 ‹‹
2203 3023 2342 3079 bros
2367 3025 2492 3090 VII;
2517 3023 2582 3079 In
2611 3024 2931 3080 Minuciani
2973 3028 3165 3079 artem
3190 3045 3219 3073 »
3244 3029 3306 3078 et
3359 3023 3479 3078 alia
3522 3023 3805 3094 plurima,

2146 3113 2442 3184 praecipue
2457 3114 2878 3178 astronomica,
2894 3113 3053 3167 inter
3065 3129 3196 3184 quas
3212 3118 3271 3167 et
3286 3109 3599 3185 Εἷσαγωγήν
3619 3109 3814 3186 ἀστρο-

2151 3201 2532 3273 νομουμὲνων,
2566 3225 2592 3253 ‹‹
2619 3202 3125 3258 introductionem
3156 3201 3218 3258 in
3246 3218 3340 3257 res
3371 3201 3805 3257 astronomicas

2148 3291 2385 3347 «libros
2408 3293 2484 3346 III
2510 3309 2522 3359 ;
2548 3295 2787 3362 itemque
2816 3292 3009 3347 Dubia
3033 3291 3441 3364 grammatica.
3473 3314 3500 3342 »

2217 3381 2596 3452 Posidippus,
2627 3381 3108 3446 Cassandrensis,
3141 3381 3375 3452 Cynisci
3398 3381 3482 3448 F.,
3513 3379 3798 3449 comicus,

2145 3471 2247 3541 qui
2281 3471 2452 3524 tertio
2484 3487 2640 3524 anno
2675 3475 2809 3540 post
2838 3469 3144 3524 Menandri
3176 3469 3408 3524 obitum
3437 3468 3670 3525 fabulas
3700 3469 3802 3523 do-

2146 3577 2279 3616 cere
2311 3560 2506 3631 caapit.
2546 3560 2820 3615 Dramata
2849 3560 2978 3631 ejus
3010 3564 3149 3614 sunt
3176 3558 3251 3614 ad
3283 3559 3454 3613 XXX.

2216 3649 2590 3716 Posidonius,
2651 3648 3061 3720 Apameensis,
3117 3649 3295 3720 Syrus
3353 3653 3456 3702 aut
3510 3647 3797 3715 Rhodius,

2147 3738 2540 3810 philosophus
2572 3737 2822 3806 Stoicus,
2855 3737 3207 3810 cognomine
3237 3737 3488 3801 Athleta,
3522 3737 3798 3792 Scholam

2149 3825 2356 3881 habuit
2383 3827 2598 3894 Rhodi,
2625 3827 2953 3898 discipulus
2983 3833 3041 3881 et
3061 3843 3370 3881 successor
3399 3825 3667 3881 Panaetii.
3691 3827 3800 3882 Ve-

2149 3916 2239 3970 nit
2267 3918 2515 3971 Romam
2545 3915 2652 3970 sub
2685 3918 2757 3970 M.
2793 3916 3088 3971 Marcello.
3124 3915 3371 3986 Scripsit
3400 3915 3588 3970 multa

2221 4004 2598 4073 Posidonius,
2632 4004 3094 4071 Alexandrinus,
3128 4004 3522 4076 philosophus
3550 4003 3802 4072 Stoicus,

2149 4096 2397 4150 Zenobis
2429 4096 2596 4150 Citiei
2634 4095 2981 4167 discipulus.
3018 4095 3266 4166 Scripsit
3305 4096 3631 4161 Historiam,
3664 4095 3804 4150 inde

2151 4185 2557 4257 incipientem,
2581 4184 2682 4239 ubi
2705 4184 2926 4238 desinit
2947 4184 3248 4254 Polybius,
3271 4184 3452 4240 Libris
3472 4186 3588 4249 LII,
3611 4200 3804 4254 usque

2150 4275 2224 4330 ad
2256 4275 2482 4328 bellum
2513 4273 2902 4344 Cyrenaicum
2933 4277 2992 4326 et
3021 4272 3429 4327 Ptolemwum.
3463 4277 3605 4326 Item
3640 4293 3664 4324 α
3701 4273 3803 4327 De-

2151 4385 2179 4418 ι
2213 4365 2602 4420 clamationes
2631 4363 2996 4428 rhetoricas;
3024 4363 3087 4417 In
3129 4363 3591 4418 Demosthenem
3635 4379 3802 4435 argu-

2151 4476 2179 4506 «
2208 4460 2430 4509 menta.
2465 4474 2490 4504 ι)
2523 4453 2636 4508 Sed
2668 4453 2794 4507 huic
2834 4456 2997 4523 puto,
3030 4453 3228 4523 potius
3284 4467 3416 4507 esse
3473 4451 3802 4522 Posidonii,

2148 4543 2547 4614 Olbiopolita,
2580 4541 2884 4612 sophista.

2061 4613 2109 4678 Π
2221 4613 2594 4696 Posidonius,
2628 4630 3007 4703 Olbiopolita,
3041 4629 3306 4702 sophista
3361 4636 3422 4687 et
3459 4631 3800 4687 historicus.

2151 4724 2398 4796 Scripsit
2419 4747 2446 4774 «
2472 4723 2552 4778 De
2585 4724 2818 4780 Oceane.
2845 4727 2904 4778 et
2931 4721 3131 4788 rebus,
3157 4739 3290 4794 qum
3319 4722 3384 4778 in
3414 4739 3483 4778 eo
3515 4727 3690 4790 sunt;
3723 4723 3805 4778 De

2159 4837 2178 4862 ι
2210 4814 2470 4885 regione,
2496 4829 2627 4883 quas
2645 4811 2856 4883 Tyrica
2883 4817 3157 4877 vocatur;
3181 4812 3404 4867 Atticas
3432 4813 3710 4868 historias
3731 4811 3805 4867 li-

2153 4924 2181 4953 «
2214 4902 2337 4957 bris
2361 4904 2466 4970 IV;
2494 4902 2706 4972 Libyco
2738 4900 2909 4955 libris
2938 4899 3034 4967 IX,
3059 4921 3088 4951 »
3120 4906 3179 4956 et
3206 4900 3324 4956 alia
3343 4901 3638 4972 quaedam.

2225 4992 2604 5056 Posidonius,
2635 4990 2737 5062 qui
2768 4989 3006 5062 scripsit
3043 4989 3326 5062 Παλμιχὸν
3360 4988 3627 5061 οἰώνισμα
3673 4989 3803 5060 (Su-

2153 5099 2280 5154 pra,
2313 5083 2374 5136 in
2401 5080 2815 5152 Οἷωνιστικήν.)

2226 5173 2586 5236 Postumius,
2620 5173 2944 5239 Romanus,
2967 5171 3166 5241 Capua
3180 5169 3491 5235 oriundus,
3515 5169 3685 5224 initio
3709 5185 3808 5225 au-

2154 5262 2412 5330 rifaber,
2469 5260 2685 5316 deinde
2742 5265 2879 5332 post
2937 5259 3305 5314 tricesimum
3336 5258 3528 5314 mtatis
3585 5275 3809 5315 annum

2156 5353 2418 5409 Athenas
2445 5351 2765 5424 profectus,
2795 5352 3132 5406 Grmcorum
3189 5349 3406 5403 litteris
3454 5349 3722 5404 eruditus
3753 5355 3814 5405 et

2160 5575 2248 5686 ἰδίᾳ.
2282 5559 2451 5615 FABR.
2484 5557 2700 5614 Confer
2736 5570 2915 5628 supra
2966 5550 3042 5609 ad
3070 5569 3195 5609 voc.
3240 5554 3554 5612 Heniochus
3583 5560 3807 5614 notata.

2211 5647 2335 5686 Δία.

2211 5647 2335 5686 ARL.
