4126 6412
351 417 510 480 1331

1663 405 1916 469 INDEX
1959 404 2471 468 SCRIPTORUM

3619 401 3776 462 1332

358 549 563 607 multis
593 546 1237 619 prteclarisinstructus
1259 543 1525 598 scientiis
1557 541 1626 596 ad
1661 557 1851 595 seram
1875 544 2015 594 zeta-
2041 543 2090 606 Α
2127 539 2452 610 habuitque
2495 537 2852 609 discipulum
2916 541 2974 591 et
3023 551 3430 591 successorem
3485 537 3777 591 Marinum

361 645 479 693 tem
538 636 695 689 vixit.
732 635 833 688 Hic
867 651 926 688 se
969 637 1203 703 poterat
1235 647 1522 701 usurpare
1563 629 1705 684 illud
1736 627 2011 682 Heracliti

358 725 536 798 (apud
568 723 890 787 Julianum,
922 726 1068 775 orat.
1095 723 1146 786 6,
1182 737 1310 791 pag.
1353 721 1471 789 185)
1499 736 1510 771 :
1537 715 1802 788 Ἐμαυτιὶν
1829 714 2010 784 ἐδιζη-

359 815 562 883 σάμην,
596 814 680 865 Me
748 812 927 880 ipsum
985 807 1234 879 quaesivi.
1300 807 1567 862 Diversas
1609 823 1642 860 a
1675 807 2012 871 I’osthumio,

359 900 601 957 consule
633 901 920 963 Romano,
956 914 1102 952 novo
1137 896 1416 962 hominm,
1455 897 1556 950 sed
1588 895 1865 966 superbo,
1901 901 2010 948 etc.

2121 628 2595 698 Neapolitanum.
2629 626 2877 697 Scripsit
2909 626 3203 697 permulta
3259 625 3669 697 philosophica
3717 632 3776 680 et

2119 717 2504 790 grammatica
2525 734 2579 771 :«
2605 716 3111 770 Commentarium
3137 716 3198 768 in
3216 720 3400 769 totum
3424 715 3771 780 Homerum,

2122 807 2184 861 In
2219 807 2455 863 Hesiodi
2489 823 2669 879 opera
2700 813 2758 860 et
2787 806 2951 872 dies;
2987 806 3064 859 De
3087 805 3551 860 chrestomathia
3583 805 3771 860 libros

2123 899 2237 963 Ill;
2277 895 2662 968 ιῖερῖἀγωγῆς,
2709 897 2788 950 De
2841 893 3159 966 disciplina
3209 894 3536 964 Theurgica
3586 894 3774 948 libros

430 993 740 1055 Potamon,
765 986 1226 1052 Alexandrinus,
1261 985 1672 1056 philosophus,
1703 985 1843 1038 vixit
1881 989 2017 1038 ante
2123 987 2204 1056 II;
2240 988 2301 1041 ln
2335 988 2536 1058 Bemp.
2574 985 2835 1040 Platonis
2862 984 3047 1038 libros
3078 985 3186 1050 IV;
3220 985 3286 1037 In
3306 984 3522 1054 Orphei
3542 984 3779 1038 theolo—

358 1083 688 1151 Augustum
712 1078 952 1132 etillius
984 1083 1273 1148 tempore,
1308 1077 1446 1146 Ejus
1477 1081 1567 1130 est
1597 1097 1622 1124 α
1660 1078 1723 1130 1n
1755 1075 2019 1130 Platonis
2126 1077 2311 1149 giam;
2333 1073 2782 1151 Συμφωνὶανεὶυε
2799 1073 3778 1144 ConsensumOrphei.Pythagorzn

364 1170 436 1224 de
466 1185 590 1238 rep.
625 1165 1120 1221 Commentarius.

438 1260 744 1322 Potamon,
789 1255 1171 1320 Mitilenaeus,
1228 1253 1609 1308 Lesbonactis
1658 1255 1742 1320 F.,
1801 1254 2020 1319 rhetor,

368 1349 568 1401 Roma:
602 1345 710 1399 sub
741 1344 975 1399 Tiberia
1034 1344 1175 1414 imp.
1235 1343 1640 1414 eloquentiam
1698 1343 2021 1414 professus.

368 1436 558 1500 Hunc,
580 1435 641 1487 in
669 1433 924 1504 patriam
961 1431 1281 1501 aliquando
1313 1431 1682 1498 redeuntem,
1704 1432 2026 1502 imperator

368 1524 586 1579 talibus
620 1523 834 1576 litteris
864 1521 1148 1575 instruxit
1175 1537 1186 1574 :
1214 1523 1672 1589 «Potamonem,
1709 1521 2030 1575 Lesbonac-

370 1614 448 1667 tis
479 1614 563 1677 F.,
598 1613 649 1665 si
685 1611 819 1681 quis
849 1611 1069 1680 injuria
1100 1610 1336 1664 afﬁcere
1370 1627 1550 1664 ausus
1582 1610 1778 1677 fuerit,
1813 1610 2026 1673 videat,

2129 1166 2497 1231 etPlatonis;
2529 1166 2593 1218 In
2613 1163 2865 1220 Uracula
2882 1163 3119 1218 librosx
3137 1180 3151 1228 ;
3168 1164 3246 1216 De
3269 1163 3383 1217 diis
3406 1163 3734 1217 Homericis
3765 1180 3779 1229 ;

2129 1258 2494 1328 Argumenta
2520 1253 2696 1308 XVIII
2713 1259 2919 1308 contra
2935 1252 3302 1307 Christianos
3321 1274 3368 1306 ››.
3397 1252 3502 1307 Hic
3525 1258 3614 1307 est
3631 1254 3775 1306 Pro-

2130 1345 2258 1400 clus
2289 1343 2412 1410 ille,
2447 1342 2548 1413 qui
2609 1342 2906 1397 secundus
2937 1357 2970 1396 a
3004 1341 3326 1412 Porphyrio
3371 1340 3665 1412 impuram
3723 1349 3783 1396 et

2132 1435 2497 1507 petulantem
2532 1432 2796 1504 linguam
2830 1431 2890 1486 in
2948 1431 3316 1486 Christianos
3363 1431 3620 1486 strinxit.
3673 1430 3790 1484 Ad-

2133 1541 2336 1578 versus
2367 1524 2524 1577 hunc
2554 1523 2810 1576 Joannes
2844 1520 3212 1592 Philoponus
3245 1520 3502 1590 scripsit,
3538 1519 3638 1590 qui
3688 1536 3784 1574 ar-

2133 1618 2414 1686 gumenta
2428 1613 2476 1684 ej
2488 1629 2556 1665 us
2570 1611 2750 1665 XVIII
2766 1609 3100 1665 admirabili
3121 1609 3342 1664 dexteri
3355 1615 3470 1664 tate
3487 1609 3731 1663 refutavi
3745 1616 3781 1662 t.

377 1717 453 1756 an
485 1716 720 1754 mecum
744 1698 964 1753 bellum
988 1715 1188 1770 gerere
1221 1700 1427 1770 possit.
1461 1701 1712 1769 Scripsit,
1748 1700 1828 1754 De
1856 1699 2031 1753 Alex-
2136 1718 2390 1772 eumque
2423 1701 2515 1754 vel
2546 1701 2607 1754 in
2638 1699 2854 1754 Graecis
2885 1699 3239 1769 disciplinis,
3272 1715 3520 1768 quarum
3573 1699 3788 1769 peritia

383 1791 570 1846 andro
591 1789 943 1853 Macedone;
999 1789 1169 1842 Fines
1194 1788 1526 1843 Samiorum
1558 1806 1571 1855 ;
1633 1789 1794 1842 Bruti
1851 1804 2032 1842 enco-
2137 1808 2199 1846 se
2223 1790 2509 1861 jactabat,
2543 1787 2847 1842 indoctum
2876 1793 2934 1842 et
2963 1787 3168 1859 exiguo
3193 1787 3422 1857 judicio
3470 1788 3787 1858 prmditum

387 1881 554 1935 nium
578 1897 590 1945 ;
623 1878 871 1933 Caesaris
901 1878 1220 1932 enconium
1249 1896 1260 1944 ;
1299 1883 1375 1931 De
1417 1879 1676 1949 perfecto
1709 1884 1964 1933 oratore.
2002 1881 2028 1926 ii
2048 1869 2112 1975 ’Β
2141 1879 2421 1936 ostendit.
2447 1878 2693 1949 Scripsit
2713 1877 2893 1932 etiam
2915 1875 3160 1930 Proclus
3181 1874 3530 1949 Μητρῳακὴν
3559 1869 3789 1937 Βίϐλον.

461 1971 705 2034 Potone,
738 1967 1024 2035 Platonis,
1056 1967 1416 2038 philosophi,
1452 1984 1644 2023 soror.

458 2058 752 2120 Pratinas,
788 2057 1171 2127 Pyrrhonidaa
1203 2057 1292 2110 vel
1323 2057 1585 2111 Eucomii
1629 2061 1687 2110 F.
1721 2056 2039 2123 Phliasius,

387 2152 562 2218 poeta
584 2147 862 2217 tragicus,
916 2147 1014 2216 qui
1050 2162 1184 2200 cum
1239 2146 1510 2216 Aﬁschylo
1544 2152 1602 2200 et
1632 2147 1884 2201 Chaerilo
1917 2161 2042 2200 cer-

386 2238 529 2292 tavit
561 2236 908 2308 Olympiade
942 2237 1104 2302 LXX,
1140 2242 1197 2291 et
1226 2237 1455 2308 primus
1507 2238 1735 2307 Satyros
1785 2236 2042 2307 scripsit.

384 2327 494 2380 Illo
526 2326 759 2380 tabulas
792 2325 1065 2391 docente,
1103 2325 1386 2390 tabulata,
1422 2327 1482 2380 in
1516 2326 1734 2396 quibus
1762 2331 2050 2396 spectato-

383 2432 480 2470 res
512 2415 768 2477 stabant,
827 2415 1193 2477 ceciderunt,
1256 2415 1416 2469 unde
1451 2416 1847 2469 Athenienses
1880 2416 2044 2468 thea-

388 2509 546 2559 trum
571 2508 1011 2558 exstruxerunt.
1036 2503 1286 2558 Fabulas
1302 2503 1489 2558 edidit
1503 2505 1559 2572 L,
1577 2521 1828 2575 quarum
1843 2504 2047 2558 XXXII

391 2593 683 2663 satyricae.
717 2593 785 2646 Se
797 2591 910 2645 mel
943 2592 1101 2646 vicit.

466 2676 745 2752 ΙΙρέσϐεις.
810 2682 1180 2752 Philosophi,
1252 2683 1353 2752 qui
1408 2701 1540 2738 cum
1603 2682 1937 2737 Areobindo
1989 2683 2049 2735 in

396 2771 658 2826 Persiam
691 2771 926 2826 iverunt
977 2771 1172 2842 legati,
1208 2771 1450 2827 fuerunt
1518 2772 1651 2827 isti:
1713 2771 2053 2827 Damascius

397 2860 598 2931 Syrus,
628 2859 968 2930 Simplicius
999 2860 1168 2928 Cilix,
1203 2861 1468 2916 Eulalius
1503 2862 1785 2933 (Agathia:
1819 2861 2054 2916 codices

398 2950 708 3020 Eulamius)
767 2951 982 3021 Phryx,
1035 2952 1375 3006 Priscianus
1435 2951 1648 3023 Lydus,
1700 2953 1968 3006 Hermias
1999 2956 2059 3006 et

405 3039 710 3111 Diogenes,
760 3039 1089 3108 Phaanices,
1141 3040 1402 3094 Isidorus
1460 3043 1713 3096 Gazaaus.
1747 3041 1813 3094 Hi
1848 3057 2058 3095 omnes

402 3126 645 3182 domum
659 3127 1232 3191 redierunt,barbari
1249 3129 1651 3200 hospitalitate
1662 3130 2056 3200 valerejussa.

402 3215 514 3270 Sed
546 3216 607 3269 in
639 3232 781 3286 pace
815 3219 1214 3271 Romanorum
1250 3235 1382 3273 cum
1416 3221 1633 3285 Persis,
1668 3226 1907 3274 cautum
1941 3225 2049 3286 est,

401 3310 466 3358 ut
487 3305 623 3358 viris
653 3305 773 3359 illis
806 3322 1011 3360 secure
1030 3307 1222 3362 vivere
1245 3308 1471 3373 liceret,
1506 3326 1616 3362 nec
1633 3314 1840 3363 contra
1869 3308 2054 3362 animi

402 3394 760 3448 sententiam
793 3395 864 3448 ab
896 3396 1050 3451 avita
1082 3397 1182 3466 (De
1213 3396 1368 3465 diis),
1401 3397 1680 3468 opinione
1713 3402 1870 3451 esset
1894 3413 2055 3450 rece-

401 3483 682 3538 dendum.

473 3573 732 3639 Priscus,
769 3573 1028 3639 Panites,
1079 3574 1364 3643 sophista,
1398 3574 1708 3629 Theodosii
1740 3576 1874 3631 Jun.
1908 3579 2060 3628 tem-

402 3661 644 3733 poribus
677 3662 915 3732 scripsit
939 3682 962 3712 ι
998 3662 1315 3716 Historiam
1346 3664 1724 3732 Byzantinam
1756 3669 1815 3719 et
1845 3665 1923 3717 De
1957 3667 2059 3716 At-

407 3751 513 3804 tila
544 3750 728 3804 libros
760 3751 882 3805 VIII
908 3768 922 3816 ;
964 3753 1096 3804 item
1125 3751 1600 3807 Declamationes
1651 3753 1978 3807 rhetoricas
2005 3756 2065 3806 et

409 3840 725 3910 Epistolas.

485 3928 866 3993 Proaeresius,
890 3928 1184 3982 Pancratii
1209 3930 1291 3990 F.,
1308 3946 1378 3984 ex
1392 3934 1656 3985 Caesarea
1676 3930 2062 4002 Cappadociae

412 4018 697 4088 sophista,
723 4018 821 4087 qui
857 4017 1184 4070 Antiochia)
1210 4019 1524 4088 Ulpianum
1548 4019 1789 4074 audivit.
1816 4019 2064 4074 Athenis

410 4106 613 4160 docuit
642 4105 820 4177 paulo
852 4111 989 4160 ante
1041 4107 1372 4174 Libanium,
1405 4108 1682 4162 maximis
1714 4124 1748 4163 a
1776 4110 2064 4164 Constan-

409 4196 532 4250 tino
556 4195 882 4250 honoribus
914 4201 1178 4249 ornatus.
1206 4197 1452 4267 Scripsit
1482 4198 1914 4253 Declamationes
1943 4199 2066 4252 rhe-

409 4288 628 4340 toricas.
670 4284 823 4338 Vixit
853 4290 911 4338 et
956 4284 1064 4338 sub
1122 4285 1356 4339 Juliano
1414 4285 1639 4340 Libanii
1676 4288 2065 4358 temporibus,

409 4381 468 4429 et
493 4375 784 4441 Julianus,
817 4379 882 4427 ut
920 4374 1244 4428 Proaaresio
1277 4390 1428 4447 azgre
1472 4375 1712 4444 faceret,
1755 4377 2067 4432 Libanium

407 4465 793 4519 vehementer
821 4461 1022 4516 coluit.
1073 4464 1302 4534 (Supra,
1336 4464 1399 4518 in
1440 4464 1746 4537 Lahanio.)

486 4547 858 4624 Ηροκέφαλος.
897 4552 1083 4622 Supra
1115 4554 1177 4606 in
1209 4553 1494 4610 Philocle.

2148 1972 2374 2026 Librum
2408 1970 2474 2024 de
2493 1975 2670 2022 matre
2699 1967 2941 2033 deorum,
2978 1981 3153 2035 quem
3189 1965 3236 2020 si
3295 1967 3428 2037 quis
3476 1966 3536 2020 in
3583 1983 3800 2020 manus

2151 2065 2366 2125 sumat,
2397 2075 2466 2112 ex
2496 2074 2564 2112 eo
2599 2055 2892 2125 intelliget
2920 2053 3341 2125 philosophum
3369 2052 3468 2106 οὐκ
3496 2053 3618 2107 ἄνευ
3649 2053 3800 2114 Θείας

2150 2146 2500 2212 κατακωίῆς.
2533 2162 2644 2200 non
2676 2146 2877 2214 absque
2907 2144 3096 2198 divino
3135 2145 3341 2213 afﬂatu
3384 2161 3621 2199 omnem
3673 2144 3802 2198 dea:

2153 2239 2316 2293 illius
2349 2235 2705 2302 theologiam
2740 2234 2800 2287 in
2833 2233 3026 2288 lucem
3060 2234 3443 2304 protraxisse,
3477 2233 3559 2288 ita
3587 2240 3652 2288 ut
3696 2250 3804 2287 au-

2152 2345 2248 2384 res
2279 2343 2399 2380 non
2430 2324 2687 2395 amplius
2719 2323 3035 2378 turbentur
3085 2322 3634 2387 lamentationibus,
3669 2340 3804 2394 qum

2154 2419 2238 2487 (in
2271 2416 2453 2471 sacris
2486 2414 2628 2482 illis)
2660 2413 3007 2468 audiuntur.

2225 2505 2491 2571 Proclus,
2524 2503 2903 2574 imperatoris
2923 2502 3136 2557 Justini
3160 2507 3441 2573 qumstor,
3467 2503 3554 2557 vir
3575 2503 3804 2574 justus,

2158 2597 2258 2669 qui
2292 2595 2519 2649 nullam
2551 2593 2741 2665 legem
2775 2593 3031 2664 scripsit,
3069 2599 3181 2648 etc.

2230 2683 2552 2754 Procopius
2610 2681 2883 2744 illustris,
2938 2682 3340 2749 Caesariensis,
3429 2681 3808 2747 Palmstinus,

2159 2774 2362 2827 rhetor
2389 2777 2447 2826 et
2500 2771 2786 2841 sophista.
2848 2770 3094 2841 Scripsit
3151 2773 3454 2826 Historiam
3514 2774 3817 2825 Romanam

2165 2862 2284 2916 sive
2305 2859 2597 2915 Bellisarii
2622 2858 2780 2912 bella
2802 2865 2860 2912 et
2880 2875 2976 2913 res
2996 2861 3194 2914 Romae
3215 2864 3272 2914 et
3292 2860 3353 2913 in
3379 2859 3575 2914 Africa
3595 2865 3812 2931 gestas.

2165 2951 2318 3005 Vixit
2349 2955 2617 3020 tempore
2665 2948 2982 3002 Iustiniani
3039 2949 3179 3019 imp.
3239 2947 3470 3018 fuitque
3524 2947 3820 3003 Bellisarii

2165 3040 2433 3094 notarius
2454 3036 3150 3108 etcomes,omnibusque
3165 3037 3340 3092 bellis
3353 3037 3598 3093 etrebus
3610 3038 3814 3110 gestis,

2167 3146 2201 3184 a
2233 3146 2294 3182 se
2326 3127 2658 3197 descriptis,
2694 3127 2818 3196 ipse
2851 3124 3140 3180 interfuit.
3177 3128 3422 3198 Scripsit
3452 3133 3510 3182 et
3537 3127 3719 3181 alium
3746 3126 3818 3180 li-

2170 3219 2364 3282 brum,
2391 3216 2490 3287 qui
2510 3215 2810 3287 prioribus
2833 3215 3072 3270 additus
3095 3222 3184 3271 est
3209 3233 3423 3283 nonus,
3453 3223 3511 3271 et
3542 3216 3829 3272 Anecdota

2175 3305 2543 3372 inscribitur,
2577 3304 2895 3359 continens
2939 3305 3403 3375 vituperationes
3457 3311 3517 3360 et
3565 3306 3826 3359 comicas

2169 3393 2596 3449 insectationes
2617 3392 2934 3447 Iustiniani
2958 3393 3100 3465 imp.
3127 3401 3185 3450 et
3205 3394 3828 3466 Theodorm,conjugis

2171 3487 2324 3556 ejus,
2359 3485 2622 3554 itemque
2653 3482 2943 3538 Bellisarii
2980 3489 3037 3538 et
3067 3484 3265 3539 uxoris
3298 3485 3447 3555 ejus.

2244 3572 2585 3643 ProcOpius.
2621 3573 2687 3626 In
2723 3571 2940 3642 templo
2975 3573 3162 3627 sancti
3196 3573 3495 3644 martyris,
3528 3571 3824 3642 Procopii,

2173 3665 2234 3718 in
2261 3662 2543 3727 Chelone,
2574 3665 2768 3715 statua
2797 3661 3110 3732 cujusdam
3134 3662 3395 3716 eunuchi
3420 3663 3734 3733 positaest,
3763 3661 3825 3714 in

2174 3753 2345 3823 cujus
2376 3756 2612 3822 pectore
2646 3750 3000 3820 inscriptum
3034 3757 3196 3806 erat:
3230 3773 3258 3801 «
3293 3752 3573 3822 Quisquis
3605 3751 3716 3805 hoc
3747 3749 3836 3804 si-

2174 3858 2356 3913 gnum
2393 3839 2520 3894 loco
2547 3839 2818 3903 moverit,
2851 3839 3065 3909 laqueo
3098 3846 3321 3911 pereat,
3358 3847 3467 3895 etc.

2248 3929 2534 3984 Prodicus
2565 3928 2756 3993 Ceius,
2791 3945 2859 3982 ex
2919 3929 3116 3984 insulo
3177 3932 3288 3985 Ceo
3342 3937 3399 3985 et
3449 3929 3593 3984 urbe
3642 3928 3832 3984 lulide

2177 4017 2488 4084 oriundus,
2525 4017 2914 4088 philosophus
2947 4017 3228 4089 physicus
3253 4019 3610 4090 etsophista,
3633 4033 3833 4088 mqua-

2177 4109 2252 4162 lis
2313 4106 2631 4162 Democriti
2680 4106 3000 4171 Abderitas,
3061 4114 3120 4162 et
3170 4109 3451 4181 Georgiaa,
3499 4107 3832 4178 discipulus

2178 4201 2532 4267 Protagoraa,
2567 4195 2885 4251 Abderitas.
2923 4197 3170 4252 Athenis
3202 4199 3416 4253 hausta
3449 4198 3644 4253 cicuta
3669 4212 3830 4252 mor—

2180 4293 2316 4340 tuus
2347 4291 2438 4340 est
2461 4285 2621 4340 velut
2651 4286 2750 4355 qui
2777 4285 3028 4356 juvenes
3060 4292 3486 4358 corrumperet.

2253 4373 2562 4448 Πρὸληψις,
2593 4375 2928 4445 anticipatio
2961 4377 3190 4431 scilicet
3242 4383 3553 4449 antecepta
3595 4376 3837 4444 alicujus

2179 4467 2261 4520 rei
2291 4466 2554 4533 cognitio.
2600 4463 2962 4535 Chrysippus
3020 4465 3386 4520 naturalium
3436 4464 3836 4536 quaestionum

2180 4557 2333 4612 libro
2363 4558 2498 4622 XII:
2519 4556 2632 4610 tria
2663 4555 2807 4609 dicit
2837 4572 2966 4610 esse
2999 4557 3260 4624 criteria,
3309 4573 3573 4621 sensum,
3624 4553 3837 4627 cogni-

490 4641 754 4706 Proclus,
815 4640 1079 4695 Mallotes
1111 4685 1126 4710 ,
1186 4642 1357 4706 Cilix,
1406 4643 1793 4713 philosophus
1842 4645 2071 4698 Stoicus
2101 4642 2148 4705 D
2181 4648 2402 4702 tionem
2427 4652 2485 4700 et
2513 4645 3024 4715 anticipationem.
3059 4647 3347 4717 Epicurus
3367 4663 3503 4702 vero
3530 4644 3837 4717 prolepsin

421 4731 666 4800 Scripsit
690 4751 712 4780 ε
746 4731 1251 4786 Commentarium
1275 4731 1337 4786 in
1359 4733 1636 4803 Diogenis
1662 4733 2068 4804 sophismata;

420 4826 472 4874 et
506 4819 789 4874 Adversus
822 4821 1162 4890 Epicurum.

492 4908 736 4965 Proclus
765 4909 936 4979 alter,
969 4909 1256 4976 Mallotes,
1281 4909 1672 4982 philosophus
1695 4917 1752 4967 et
1773 4912 1899 4984 ipse
1923 4913 2072 4968 Stoi-

422 5017 546 5056 cus.

489 5090 758 5157 Proclus,
797 5087 1164 5154 Proculeius,
1225 5090 1597 5148 Themisonis
1656 5095 1742 5158 F.,
1775 5093 2076 5148 Laodicem

421 5180 600 5250 Syriae
633 5178 911 5234 sacerdos
943 5178 1063 5232 sive
1096 5177 1511 5249 hierOphanta,
1555 5182 1804 5253 Scripsit
1825 5205 1853 5231 ‹‹
1887 5183 2076 5236 Theo-

422 5267 681 5339 logiam;
715 5269 781 5320 In
815 5266 1100 5321 Pandorm
1152 5267 1460 5334 Fabulam,
1495 5287 1627 5340 quae
1664 5277 1750 5324 est
1783 5271 1941 5342 apud
1973 5273 2080 5326 He-

415 5379 442 5406 ‹‹
478 5356 713 5411 siodum
748 5373 762 5422 ;
804 5357 869 5408 In
900 5355 1241 5410 Nicomachi
1294 5359 1574 5430 lsagogen
1605 5359 2016 5429 arithmeticaa,
2051 5381 2078 5410 ››

425 5451 482 5500 et
507 5446 627 5500 alia
657 5445 932 5516 quaedam
962 5449 1312 5513 geometrica.

502 5535 746 5590 Proclus
807 5534 1034 5604 Lycius,
1095 5533 1423 5605 dissipulus
1482 5536 1712 5609 Syriani
1763 5544 1822 5592 et
1850 5539 2086 5594 auditor

437 5625 734 5680 Plutarchi
767 5623 1127 5694 philosophi,
1148 5625 1398 5680 Nestorii
1422 5629 1506 5694 F.,
1534 5627 1875 5682 Platonicus
1897 5629 2088 5700 philo-

441 5715 684 5784 sophus,
716 5713 816 5783 qui
844 5711 1271 5783 philosophicas
1303 5717 1521 5772 scholae
1557 5718 1800 5773 Athenis
1828 5719 2087 5789 praefuit,

2181 4738 2266 4792 ait
2296 4751 2426 4791 esse
2458 4734 2807 4788 memoriam
2839 4735 2991 4805 ejus,
3011 4735 3170 4805 quod
3193 4736 3594 4790 exstrinsecus
3618 4733 3840 4804 smpius

2183 4825 2479 4898 apparuit,
2512 4830 2625 4887 etc,

2256 4915 2645 4970 Prometheus
2668 4911 2943 4984 judicum
2976 4912 3356 4970 Judaicorum
3391 4920 3658 4985 tempore
3682 4910 3842 4983 apud

2188 5009 2420 5062 Graecos
2443 5003 2696 5058 celebris
2717 5001 2846 5067 fuit,
2872 5002 2973 5072 qui
2999 5004 3227 5074 primus
3251 5005 3477 5058 invenit
3495 5001 3842 5075 grammati-

2189 5113 2318 5152 cam
2344 5100 2402 5149 et
2431 5091 3061 5164 phiIOSOphiam.Idem
3078 5093 3354 5149 homines
3369 5092 3614 5148 tinxisse
3630 5091 3850 5145 dicitur

2190 5185 2347 5257 quod
2382 5182 2559 5238 rudes
2590 5181 2943 5252 sapientiam
2967 5182 3187 5239 docuit.
3213 5184 3376 5238 Tunc
3406 5181 3610 5236 floruit
3635 5185 3692 5234 et
3710 5178 3848 5248 Epi-

2192 5275 2481 5338 metheus,
2517 5271 2616 5342 qui
2649 5270 2939 5325 musicam
2966 5270 3191 5325 invenit
3217 5289 3230 5338 ;
3257 5278 3316 5325 et
3336 5271 3522 5340 Atlas,
3554 5269 3654 5340 qui
3687 5266 3848 5338 quod

2191 5364 2609 5420 Astronomiam
2640 5360 3153 5430 interpretaretur,
3217 5360 3432 5416 caalum
3483 5364 3713 5432 gestare
3757 5361 3850 5409 est

2195 5454 2408 5509 dictus.
2431 5452 2610 5504 Porro
2640 5455 2848 5520 Argus,
2870 5448 2971 5518 qui
2997 5448 3071 5502 ob
3095 5450 3312 5504 artium
3339 5455 3636 5522 repertam
3654 5445 3853 5501 scien-

2196 5543 2342 5598 tiam
2372 5539 2594 5595 multos
2627 5538 2832 5592 oculos
2863 5537 3083 5593 habere
3117 5539 3469 5612 fingebatur.
3495 5539 3655 5592 Tunc
3677 5535 3857 5589 etiam

2197 5633 2310 5688 fuit
2339 5629 2563 5700 Sibylla
2584 5627 2863 5693 Fatidica,
2883 5633 3169 5699 regnante
3201 5631 3356 5701 apud
3380 5627 3678 5702 Egyptios
3697 5624 3854 5679 Pha-

2201 5736 2404 5788 raone,
2439 5719 2533 5774 cui
2556 5732 2888 5789 cognomen
2921 5717 3204 5790 Taracho,
3241 5724 3299 5774 et
3325 5717 3576 5775 Athenis
3595 5719 3854 5784 Cecrops
