4126 6454
376 435 401 493 I
415 433 533 495 333

1688 444 1792 504 DE
1832 441 2122 514 QUIBUS
2166 448 2476 520 SUIDAS.

3650 468 3804 527 {334

378 567 481 638 qui
513 561 710 644 διφυής
743 567 864 624 sive
897 569 1144 640 biformis
1164 571 1358 629 dictus
1389 579 1480 630 est
1508 575 1582 631 ob
1613 577 1880 649 corporis
1905 593 2034 632 ma—

2218 592 2598 667 Protogenes.
2630 598 2923 654 Xanthius
2953 615 3023 654 ex
3053 599 3246 670 Lycia,
3271 598 3524 670 pictoria
3553 603 3680 654 arte
3711 616 3809 655 ce-

376 655 772 727 gnitudinem,
800 659 888 713 vel
910 660 1070 731 quod
1106 677 1175 716 ex
1193 664 1435 735 Egypto
1461 666 1754 722 oriundus
1771 667 2038 722 venisset

378 745 440 799 in
463 746 768 814 Graeciam,
793 747 883 802 vel
907 749 1066 819 quod
1093 759 1301 807 contra
1325 755 1730 824 promiscuum
1754 757 2032 810 concubi-

379 840 503 890 tum
535 835 727 908 legem
763 837 996 893 tulisset
1042 839 1115 895 de
1162 841 1511 913 virginibus,
1561 845 1665 898 uni
1698 845 1820 899 viro
1852 845 2034 901 collo-

376 925 602 982 candis.
639 928 758 983 Hoc
789 929 1042 1001 Cecrops
1089 931 1246 1000 fecit,
1284 934 1386 1003 qui
1435 935 1507 988 ab
1534 936 1818 1008 Egyptiis
1850 953 2036 1008 genus

377 1015 624 1085 ducens,
656 1035 778 1073 non
809 1019 1109 1092 ignoraret
1137 1021 1296 1094 leges
1319 1041 1467 1094 quas
1500 1026 1818 1091 Vulcanus,
1847 1027 2038 1098 regio-

378 1107 472 1162 nis
503 1107 668 1164 illius
698 1125 822 1178 rex,
846 1110 1079 1167 tulerat.
1113 1113 1242 1184 Ipse
1273 1115 1522 1170 Athenis
1552 1117 1823 1188 regnavit
1848 1133 2037 1172 annos

379 1196 832 1268 quinquaginta.

449 1285 802 1350 Pronomus,
835 1287 1079 1358 tibicen,
1103 1290 1274 1362 cujus
1304 1290 1598 1362 prolixam
1629 1291 1873 1349 barbam
1901 1310 2039 1365 per-

379 1373 680 1445 stringunt
708 1376 944 1433 comici.

449 1461 782 1538 Προφητεία,
814 1465 934 1521 alia
961 1468 1268 1538 spiritalis,
1296 1469 1416 1525 alia
1445 1470 1776 1528 diabolica:
1807 1488 1948 1528 nam
1980 1476 2039 1527 et

377 1551 796 1622 pradictiones
829 1555 1200 1613 diabolorum
1226 1560 1554 1630 prophetia
1585 1561 1896 1629 dicuntur;
1921 1562 2039 1618 alia

377 1641 689 1710 naturalis,
722 1644 812 1698 vel
841 1646 1184 1714 artiﬁciosa,
1203 1665 1334 1718 qua
1366 1650 1523 1704 inter
1551 1651 1656 1706 has
1688 1657 1778 1706 est
1801 1652 2034 1719 media;

377 1730 494 1785 alia
523 1731 782 1803 denique
813 1737 1150 1792 communis
1178 1743 1237 1791 et
1280 1740 1604 1809 popularis.
1640 1744 1722 1795 Ac
1752 1741 2037 1812 spiritalis

378 1820 621 1890 quidem
654 1824 951 1894 pracipue
1003 1831 1093 1879 est
1135 1834 1476 1882 sanctorum
1505 1846 1517 1883 :
1552 1830 1652 1884 Dei
1685 1837 1883 1884 autem
1915 1830 2038 1885 dis-

2145 677 2350 751 lebris,
2384 685 2484 755 qui
2519 687 2830 753 Bacchum,
2879 687 3136 740 Διόνυσον
3182 688 3536 760 (Leopardus,
3569 689 3718 754 XVI,
3747 693 3800 755 2,

2147 771 2474 828 emendatt.
2499 791 2568 830 ex
2586 777 2885 831 Plutarchi
2906 777 3224 843 Demetrio,
3237 793 3366 849 pag.
3385 777 3511 839 898,
3529 776 3672 848 legit
3690 778 3735 847 (1
3748 779 3800 846 ὅ)

2147 856 2432 933 Ἰἀλύσον,)
2463 865 2650 920 Rhodi
2684 867 2892 937 pinxit,
2927 885 3075 938 opus
3119 865 3608 938 incomparabile,
3641 865 3801 936 quod

2145 951 2474 1010 admiratus
2497 961 2588 1010 est
2609 959 2959 1024 Demetrius,
2983 959 3502 1025 Poliorcetes,cum
3530 958 3801 1014 Rhodum

2147 1057 2252 1111 per
2297 1042 2607 1099 biennium
2658 1046 2980 1111 obsideret,
3032 1046 3305 1102 adductis
3350 1047 3515 1102 mille
3546 1047 3802 1118 amplius

2146 1131 2398 1186 navibus
2432 1139 2490 1187 et
2519 1134 2654 1205 plus
2681 1152 2860 1206 quam
2909 1138 3107 1203 55,000
3137 1141 3524 1190 armatorum.
3561 1135 3808 1206 Scripsit

2146 1219 2504 1291 Protogenes
2541 1244 2560 1269 ι
2597 1223 2678 1276 De
2709 1229 2835 1277 arte
2864 1223 3115 1294 pictoria
3138 1229 3197 1277 et
3227 1223 3431 1295 figuris
3463 1222 3650 1277 libros
3676 1223 3747 1276 II.
3777 1244 3805 1270 η

2215 1308 2594 1377 Ptolemaeus,
2649 1312 2982 1382 Cytherius,
3041 1317 3219 1384 poeta
3276 1313 3500 1384 epicus.
3561 1311 3812 1382 Scripsit

2152 1419 2173 1444 ι
2210 1397 2290 1451 De
2320 1398 2725 1468 psalavantha,
2763 1423 2792 1450 ››
2820 1417 2999 1472 quam
3036 1401 3284 1456 herbam
3328 1416 3464 1456 esse.
3487 1399 3632 1455 dicit
3657 1399 3811 1455 mira

2145 1486 2199 1540 vi
2229 1488 2560 1559 praeditam.

2217 1594 2495 1650 Claudius
2519 1595 3361 1664 Ptolemaus.A1exandrinus,
3387 1595 3803 1668 phi1030phus,

2146 1688 2412 1755 tempore
2442 1687 2618 1742 Marci
2643 1687 2786 1758 imp.
2813 1688 3106 1759 Scripsit:
3137 1693 3256 1742 tres
3277 1687 3462 1741 libros
3492 1687 3802 1741 mechani-

2147 1793 2174 1822 ‹‹
2200 1789 2338 1840 cos;
2374 1776 2451 1829 De
2480 1781 2613 1829 ortu
2646 1781 2705 1830 et
2735 1776 3270 1848 signiﬁcationibus
3302 1775 3612 1830 stellarum
3644 1775 3803 1828 iner-

2146 1883 2174 1912 α
2205 1864 2498 1930 rantium;
2532 1865 3064 1937 Planispharium;
3100 1868 3401 1921 Canonem
3426 1863 3802 1936 expeditum;

597 1911 608 1920 .
898 1914 908 1924 .
955 1914 966 1924 .
1149 1916 1160 1926 .
1569 1919 1579 1928 .
2154 1911 2157 1912 ν
2205 1911 2497 1930 ------.----,
2532 1911 2553 1918 -
2579 1911 2730 1920 -..ων
2778 1911 3064 1934 ..νυ-μημ,
3105 1911 3401 1921 νην-η...
3429 1911 3764 1936 "Tun—-—
3788 1911 3802 1928 .

378 1917 734 2025 ξῗΡδίίυΡῗίῖ
759 1919 1079 1985 participes
1111 1932 1240 2025 fans
1274 1935 1516 2025 illucque
1549 1920 1868 2025 inferdum‘
1897 1925 2036 2025 ῗξηξί
2070 1949 2117 2013 Β
2151 1953 2468 2024 «Magnum
2489 1911 3096 2025 opusati‘vonomicum
3112 1976 3139 2004 ››
3155 1955 3272 2008 sive
3287 1955 3646 2024 Syntaa'it,et
3665 1951 3804 2006 alia.

378 1999 489 2061 illi,
523 2001 622 2070 qui
659 2002 808 2056 tales
838 2019 959 2058 non
991 2010 1148 2074 sunt,
1177 2012 1242 2060 ut
1271 2009 1519 2081 Pharao,
1549 2010 1784 2064 Balaam
1818 2015 1878 2064 et
1905 2010 2033 2064 Cai-

376 2088 547 2159 phas.
581 2090 884 2147 Diabolica
913 2093 986 2146 ad
1013 2094 1171 2149 solos
1203 2095 1575 2152 diabolorum
1606 2099 1866 2154 cultores
1901 2116 2036 2170 per-

375 2179 544 2234 tinet.
579 2181 720 2251 Ejus
745 2183 981 2253 generis
1011 2190 1170 2254 sunt,
1195 2186 1295 2256 qui
1329 2204 1399 2241 ex
1426 2187 1797 2258 inspectione
1829 2189 2035 2243 farina

375 2271 435 2322 et
462 2267 668 2323 hordei
700 2269 988 2336 divinant,
1055 2279 1114 2328 et
1168 2275 1399 2346 Pythia,
1433 2292 1503 2331 ex
1531 2293 1753 2347 quercu
1797 2277 2038 2334 oracula

373 2363 641 2427 captans,
689 2363 747 2413 et
791 2360 1116 2429 Dodontea,
1169 2363 1523 2432 sacriﬁcula,
1559 2371 1618 2420 et
1647 2367 1952 2438 aruspices
1984 2370 2042 2420 et

373 2446 782 2503 observatores
797 2450 1101 2521 signorum
1117 2457 1176 2506 et
1187 2455 1690 2510 sternutationum
1706 2461 1764 2509 et
1775 2457 2037 2511 ominum

375 2539 436 2588 et
477 2534 800 2592 fulminum
851 2544 910 2592 et
958 2540 1218 2595 murium
1269 2547 1328 2596 et
1384 2544 1778 2599 mustelarum
1809 2550 1867 2599 et
1897 2545 2040 2617 ligni

373 2624 721 2695 crepitantis
744 2631 803 2681 et
830 2628 1081 2683 tinnitus
1103 2629 1336 2684 aurium
1357 2637 1416 2685 et
1434 2632 1893 2703 palpitationum
1917 2651 2041 2688 cor-

374 2713 534 2784 poris
565 2719 624 2768 et
654 2716 966 2770 nominum
994 2735 1009 2784 ;
1045 2722 1326 2789 itemque,
1361 2721 1461 2790 qui
1495 2721 1740 2776 umbras
1772 2728 2038 2777 mortuo-

373 2819 505 2857 rum
535 2810 803 2872 evocant,
837 2811 896 2860 et
943 2823 1014 2861 ex
1063 2809 1262 2876 astris,
1307 2810 1480 2880 aquis
1511 2816 1569 2864 et
1598 2811 1733 2866 aliis
1780 2811 2036 2866 infinitis

371 2890 571 2947 futura
598 2893 954 2962 pradicunt.
983 2897 1125 2950 Nam
1149 2896 1432 2952 divinatio
1459 2915 1529 2954 ex
1552 2901 1777 2954 somnis
1799 2905 1858 2954 et
1877 2899 2036 2971 apud

371 2997 483 3034 nos
509 2981 755 3051 quidem
787 2983 848 3038 in
879 3001 993 3039 usu
1031 2991 1142 3052 est,
1177 2987 1282 3042 sed
1331 3003 1438 3058 per
1467 2988 1734 3043 afﬂatum
1767 2989 2035 3044 divinum

373 3069 458 3122 ﬁt.
492 3069 782 3126 Divinatio
835 3073 1127 3128 naturalis
1159 3081 1251 3130 est
1288 3077 1642 3132 animalium
1698 3079 2030 3134 brutorum.

371 3159 732 3216 Hirundines
765 3163 925 3218 enim
949 3170 1006 3218 et
1032 3181 1207 3236 grues
1239 3172 1298 3220 et
1325 3167 1589 3223 formica
1617 3169 2034 3225 imminentem

374 3253 788 3320 tempestatem
813 3254 1220 3323 prasentiunt,
1247 3255 1509 3327 itemque
1531 3259 1728 3312 echini
1760 3265 1818 3313 et
1841 3260 2033 3330 alcyo-

2217 2041 2573 2097 Ptolemaus
2618 2042 2963 2110 Pindarion,
3010 2042 3423 2108 Alexandrius,
3462 2039 3808 2114 grammati-

2145 2131 2564 2199 cus,0roandri
2620 2133 2706 2198 F.,
2763 2132 3096 2204 discipulus
3160 2131 3507 2187 Aristarchi.
3563 2129 3812 2200 Scripsit

2150 2239 2178 2268 α
2191 2219 2640 2276 Homericorum
2655 2221 2922 2293 exemplo
2931 2217 3344 2294 τωη,’Υποδειγ
3353 2218 3534 2290 μάτων
3553 2221 3719 2274 libros
3731 2219 3810 2273 111

2150 2331 2177 2359 ι(
2204 2309 2283 2363 De
2306 2309 2615 2365 Homerico
2650 2311 3024 2378 charactere;
3066 2310 3360 2365 Adversus
3398 2307 3810 2364 Neothalidem

2153 2397 2277 2451 «de
2299 2398 2599 2466 dictione;
2637 2401 2718 2454 De
2769 2399 2936 2455 Utide
2985 2400 3337 2466 Homerico;
3369 2400 3451 2454 De
3482 2403 3809 2468 asteropao

2153 2509 2180 2538 «
2212 2487 2369 2558 apud
2402 2489 2745 2554 Homerum,
2781 2513 2801 2538 ι
2836 2495 2894 2544 et
2922 2489 3058 2546 alia.

2221 2594 2597 2664 Ptolemaus,
2630 2589 3072 2668 grammaticus,
3105 2592 3392 2662 Ἐπιθὲτης
3424 2591 3807 2663 dictus,quod

2148 2683 2559 2740 Aristarchum
2615 2693 2984 2756 sequeretur.
3033 2684 3283 2740 Auditor
3327 2685 3444 2739 fuit
3491 2683 3806 2749 Hellanici,

2146 2775 2538 2843 grammatici,
2573 2775 2675 2844 qui
2704 2775 3013 2830 audiverat
3042 2773 3410 2846 Agatoclem,
3444 2773 3806 2845 discipulum

2144 2859 2426 2914 Zenodoti
2476 2861 2735 2932 Ephesii.
2779 2862 3026 2932 Scripsit
3082 2858 3211 2932 Περὶ
3261 2863 3368 2913 τῶν
3419 2879 3528 2934 παρ
3577 2859 3809 2931 Ὁμήρῳ

2145 2945 2405 3020 πληγῶν,
2449 2972 2476 2999 ‹‹
2503 2951 2582 3004 De
2613 2950 2802 3022 plagis
2833 2949 2988 3024 apud
3021 2951 3344 3004 Homerum
3370 2966 3384 3016 ;
3437 2949 3814 3004 Commenta-

2145 3055 2176 3089 α
2210 3039 2363 3093 rium
2389 3040 2451 3093 in
2481 3039 2826 3111 Odysseam.
2856 3061 2883 3089 »

2219 3145 2573 3213 Polemaus,
2606 3147 2923 3202 Aristonici
2972 3147 3343 3219 grammatici
3375 3150 3563 3218 pater,
3597 3149 3656 3199 et
3684 3145 3811 3215 ipse

2143 3237 2588 3306 grammaticus,
2604 3237 2705 3307 qui
2726 3237 2901 3292 ambo
2926 3239 3128 3292 Roma
3150 3242 3340 3292 artem
3361 3235 3811 3309 grammaticam

497 3307 517 3320 ι
813 3307 831 3323 ι
1106 3307 1505 3327 νννιίν-ᾐ-ι-τ
1537 3307 1728 3312 νν----
1765 3307 2004 3330 ’-“·-νδ*

373 3354 500 3403 nes,
532 3345 760 3395 natura
781 3357 1051 3398 munere.
1078 3344 1370 3400 Divinatio
1393 3363 1550 3411 vero,
1576 3364 1707 3417 qua
1737 3355 1862 3404 arte
1893 3365 2034 3403 con-

2156 3325 2400 3394 professi
2432 3330 2590 3381 sunt.
2643 3325 2892 3397 Scripsit
2937 3324 3176 3396 Ὁμοίως
3226 3307 3492 3396 simitu
3519 3327 3812 3417 tqiqua-

372 3430 1497 3498 stat,estmedicorum,consiliariorum
1512 3437 2036 3506 etgubernatorum

366 3519 560 3572 etc.At
587 3535 737 3574 vera
767 3521 1094 3591 prophetia
1127 3523 1435 3593 proprium
1459 3529 1568 3590 est,
1591 3525 1855 3598 linguam
1889 3544 2037 3598 pra-

366 3606 508 3662 bere
537 3609 878 3665 ministram
911 3612 1115 3683 gratia
1147 3613 1420 3684 Spiritus.

443 3700 793 3770 Protagoras
816 3699 1151 3770 Abderites,
1177 3703 1518 3758 Artemonis
1544 3704 1636 3759 vel
1668 3705 1947 3760 Maandri
1970 3707 2030 3762 F.

373 3786 625 3849 Quidam
647 3789 851 3843 Teium
872 3790 1056 3844 fuisse
1083 3793 1468 3862 scripserunt.
1492 3794 1760 3849 Primum
1789 3795 1903 3850 fuit
1931 3797 2033 3851 ba-

369 3875 576 3945 julus;
626 3877 730 3932 sed
783 3879 1185 3933 Democritum
1245 3897 1380 3936 cum
1429 3883 1714 3950 audisset,
1747 3884 2032 3940 doctrina

377 3971 583 4035 captus
627 3981 852 4034 amore,
897 3968 1290 4039 philosophia
1338 3987 1580 4041 operam
1627 3973 1794 4028 dedit
1821 3980 1880 4028 et
1909 3975 2035 4029 elo-

379 4054 659 4122 quentia,
709 4054 1058 4125 primusque
1102 4060 1555 4129 cognominatus
1604 4068 1694 4116 est
1745 4064 2028 4133 sophista.

370 4140 533 4195 Idem
566 4145 1007 4199 contentiosum
1039 4146 1276 4201 dicendi
1307 4163 1493 4219 genus
1524 4151 1752 4220 primus
1784 4153 2030 4217 invenit,

373 4235 431 4283 et
451 4237 691 4285 centum
719 4233 1019 4288 minarum
1043 4236 1380 4290 mercedem
1412 4254 1448 4292 a
1477 4238 1787 4311 discipulis
1819 4243 2029 4314 exegit.

370 4318 541 4392 Λόγος
573 4315 865 4390 ἔμμισθος,
913 4323 1099 4378 Sermo
1154 4328 1524 4380 mercenarius
1564 4327 1697 4382 ideo
1728 4331 2033 4397 cognomi-

369 4413 564 4464 natus.
591 4411 860 4481 Magister
884 4411 997 4465 fuit
1017 4413 1294 4466 Isocratis
1319 4415 1590 4470 oratoris.
1615 4417 1779 4472 Idem
1800 4419 2030 4488 primus

372 4498 702 4553 orationem
725 4499 925 4554 divisit
950 4501 1011 4554 in
1033 4507 1232 4571 partes
1253 4507 1528 4572 quatuor,
1551 4501 1835 4576 εὐχωλὴν,
1859 4505 2028 4580 ἐρώτ-

369 4604 517 4654 ησιν,
547 4585 852 4657 ἀπόκρισιν,
887 4586 1134 4656 ἐντολὴν.
1185 4590 1301 4644 Alii
1347 4596 1482 4661 post
1511 4609 1647 4647 eum
1679 4593 1742 4648 in
1777 4601 2026 4666 septem,

2139 3416 2318 3484 γιχοῖς
2344 3434 2372 3462 ‹‹
2393 3413 2474 3467 De
2497 3413 2570 3468 iis
2591 3429 2723 3483 qua
2747 3413 3026 3470 similiter
3047 3414 3204 3468 dicta
3226 3419 3366 3468 sunt
3386 3429 3420 3468 a
3442 3411 3715 3484 tragicis;
3740 3413 3808 3466 In

2145 3523 2173 3552 «
2199 3503 2522 3556 Homerum
2541 3502 2722 3556 libros
2739 3502 3206 3574 quinquaginta;
3230 3501 3313 3557 Τὰ
3332 3500 3480 3572 παρὰ
3497 3503 3576 3570 τῷ
3595 3501 3804 3571 ποιητῇ

2145 3612 2174 3640 ‹‹
2205 3590 2368 3659 ξένως
2398 3585 2755 3663 ἱστορημένα.
2807 3592 2888 3646 De
2928 3592 3002 3646 iis
3045 3607 3177 3662 qua
3210 3592 3530 3646 Homerum
3563 3589 3715 3644 mira
3743 3594 3804 3644 et

2142 3702 2169 3730 ‹‹
2203 3681 2518 3752 peregrina
2548 3679 2903 3747 traduntur;
2965 3683 3043 3735 De
3071 3680 3250 3735 Musis
3283 3685 3342 3735 et
3370 3678 3738 3734 Nereidibus.
3765 3698 3795 3728 ››

2211 3770 2589 3838 Ptolemaus,
2614 3771 3048 3842 Hephastionis
3075 3772 3159 3837 F.,
3178 3770 3530 3843 cognomine
3559 3766 3792 3832 Χὲννος,

2140 3859 2600 3921 Alexandrinus,
2632 3859 3054 3931 grammaticus
3085 3859 3282 3914 clarus
3315 3858 3422 3913 sub
3454 3857 3704 3927 Trajano
3738 3859 3798 3909 et

2137 3948 2422 4014 Adriano,
2473 3949 2615 4020 imp.
2669 3948 2917 4020 Scripsit
2961 3951 3036 4004 De
3078 3949 3308 4004 historia
3353 3947 3648 4017 paradoxa
3678 3944 3798 3999 sive

2139 4037 2434 4102 mirabili;
2467 4038 2789 4107 Sphingem,
2827 4038 3035 4092 drama
3055 4037 3442 4103 historicum;
3475 4033 3800 4106 Ανθόμηρον

2141 4127 2259 4182 sive
2275 4128 2526 4181 «Poema
2539 4128 2776 4182 Homeri
2791 4126 3549 4197 amulumRhapsodiarum
3563 4125 3800 4179 XXIV.»

2140 4222 2200 4271 et
2228 4217 2345 4271 alia
2376 4216 2674 4286 quadam.

2211 4323 2587 4388 Ptolemaus,
2621 4321 3051 4387 Ascalaonites,
3083 4321 3526 4392 grammaticus,
3550 4320 3653 4390 qui
3685 4323 3801 4374 Ro-

2138 4429 2252 4467 ma
2269 4411 2490 4465 docuit.
2511 4410 2759 4481 Scripsit
2774 4432 2800 4459 «
2822 4411 3191 4465 Homericam
3208 4409 3556 4464 Prosodiam
3574 4409 3654 4462 De
3671 4409 3801 4462 Hel-

2141 4523 2170 4551 «
2192 4501 2469 4566 lenismo,
2491 4502 2602 4553 sive
2629 4500 2708 4553 De
2729 4504 2890 4554 recta
2909 4499 3192 4569 loquendi
3218 4498 3449 4553 ratione
3465 4497 3652 4552 libros
3678 4498 3794 4565 XV;

2146 4614 2165 4639 ι
2192 4591 2271 4645 De
2292 4589 2500 4643 metris
2525 4607 2539 4655 ;
2574 4590 2654 4643 De
2685 4588 3066 4644 Aristarchea
3085 4587 3362 4661 Odyssea
3385 4587 3754 4643 correctione
3781 4603 3794 4654 ;

371 4671 651 4749 διήγησιν,
702 4675 991 4748 ἐρώτησιν,
1039 4677 1352 4753 ἀπόκρισιν,
1395 4678 1647 4750 ἐντολὴν,
1697 4664 2032 4760 εἰσαγξίελίαν

2156 4703 2172 4730 ﬁ!
2190 4681 2268 4733 De
2281 4677 3215 4744 differentiavocabulorum;item
3227 4677 3342 4732 alia
3352 4677 3793 4750 grammatica.-

370 4766 500 4836 (14),
534 4764 818 4839 εὐχωλὴν,
866 4766 1086 4834 κλῆσιν.
1139 4769 1476 4826 Alcidamas
1525 4778 1781 4843 quatuor
1809 4774 2030 4831 formas

370 4855 659 4910 orationis
702 4856 892 4928 ponit,
945 4858 1122 4932 φάσιν,
1171 4857 1462 4934 ἀπόφασιν,
1515 4859 1805 4933 ἐρώτήσιν,
1852 4879 2030 4938 προσ-

368 4941 672 5017 αγόρευσιν.
723 4947 1058 5018 Pmtagora
1107 4946 1243 5002 libri
1292 4948 1364 5003 ab
1408 4950 1872 5008 Atheniensibus
1904 4971 2030 5009 cre-

372 5035 516 5089 mati
545 5039 704 5101 sunt,
739 5035 898 5106 quod
929 5036 1252 5106 aliquando
1283 5038 1368 5092 sic
1395 5056 1639 5096 exorsus
1669 5049 1857 5098 esset:
1900 5042 2030 5118 Περὶ

372 5126 519 5176 Θεῶν
551 5121 651 5176 οὐκ
708 5119 824 5197 ἔχω
887 5121 1106 5192 εἰδέναι,
1163 5122 1288 5179 οὔτε
1343 5126 1416 5188 ὥς
1477 5128 1632 5198 εἰσιν,
1671 5126 1794 5184 οὔτε
1825 5126 1900 5192 ὥς
1935 5131 2033 5186 οὐκ

371 5209 496 5282 εἰσι,
528 5215 606 5268 De
645 5214 749 5269 diis
796 5216 934 5270 scire
989 5231 1099 5269 non
1149 5232 1368 5286 possum
1426 5226 1611 5274 utrum
1647 5225 1776 5287 sint,
1810 5241 1881 5277 an
1905 5240 2032 5278 vero

368 5318 480 5356 non
510 5305 642 5358 sint.
666 5303 933 5369 Platone,
961 5304 1341 5376 philosopho,
1367 5313 1426 5361 et
1444 5310 1769 5380 antiquior,
1803 5311 2033 5383 fuitque

367 5393 654 5463 magister
679 5393 929 5465 pradici,
961 5394 1103 5463 Ceii,
1137 5401 1196 5450 et
1226 5396 1550 5453 multorum
1581 5400 1858 5460 aliorum.

471 5617 558 5698 14)
589 5617 751 5698 Suid.
785 5618 942 5698 infra
982 5619 1045 5675 in
1091 5621 1340 5693 πυθμὴν,
1388 5618 1733 5698 ἐπαγγελίαν.
1770 5627 2037 5686 Laertius

377 5688 560 5746 habet
587 5689 832 5764 ἂῃαγγιλ
841 5689 941 5746 ίαν.

451 5764 561 5838 (l5)
621 5763 835 5821 Confer
885 5763 1270 5821 Franciscum
1325 5765 1588 5839 Iunium,
1631 5770 1693 5825 in
1737 5773 2034 5830 artiﬁcum

2211 4766 2546 4831 Pulcheria,
2580 4765 2815 4821 Arcadii
2846 4765 2990 4829 ﬁlia,
3017 4765 3286 4820 nondum
3317 4781 3507 4820 annos
3529 4765 3626 4820 XV
3656 4771 3800 4819 nata

2139 4855 2457 4927 imperium
2488 4855 2712 4926 Optime
2743 4853 3202 4922 administravit,
3226 4857 3590 4926 fratremque
3617 4854 3801 4909 Theo-

2139 4945 2373 5000 dosium
2409 4945 2650 5008 erudiit,
2674 4950 2732 4998 et
2761 4945 2979 5016 pietate
3011 4960 3149 5016 erga
3183 4946 3365 4999 Deum
3395 4948 3669 4999 accurate
3701 4943 3798 4997 in-

2142 5034 2336 5088 stituit
2356 5033 2693 5104 multasque
2715 5033 2998 5088 instruxit
3013 5034 3318 5088 ecclesias.
3339 5032 3641 5087 Nestorius
3664 5031 3797 5085 Pul-

2143 5123 2357 5178 cheria
2390 5123 2614 5177 invisus
2635 5128 2780 5191 erat,
2804 5122 3234 5178 criminabatur
3283 5122 3442 5177 enim
3475 5136 3605 5176 eam
3636 5120 3796 5192 apud

2142 5214 2460 5268 Paulinum
2493 5214 2856 5283 Magistrum.
2885 5213 3128 5268 Sorores
3158 5214 3289 5283 ejus
3319 5211 3562 5266 Arcadia
3592 5216 3650 5265 et
3676 5212 3794 5264 Ma-

2141 5303 2293 5357 rina.
2329 5301 2694 5357 Theodosius
2737 5318 2914 5373 sape,
2956 5302 3176 5356 libellis
3222 5317 3344 5354 non
3377 5301 3545 5355 lectis
3574 5317 3799 5359 nomen

2146 5408 2321 5447 suum
2354 5391 2784 5448 subscribebat.
2814 5393 3019 5461 Itaque
3048 5389 3362 5445 Pulcheria
3392 5390 3503 5461 ipsi
3547 5388 3804 5460 subjecit

2145 5629 2444 5704 Catalogo,
2504 5648 2634 5706 pag.
2698 5629 2801 5685 184
2842 5644 2990 5706 seq.;
3051 5632 3110 5682 et
3166 5627 3380 5706 Kuster
3426 5626 3501 5684 ad
3557 5627 3798 5687 Suidam

2147 5701 2526 5760 socnm'tom:
2564 5701 2660 5772 Ill,
2693 5719 2825 5775 pag.
2852 5701 2979 5770 218,
3011 5705 3135 5756 not.
3169 5703 3224 5754 2-
