4126 6412
399 417 557 477 1335

1716 404 1957 468 INDEX
2005 400 2177 463 SCRI
2189 400 2513 464 P-TOHUM

3662 393 3802 463 i336

403 551 700 617 libellum,
746 565 862 620 quo
914 547 1252 619 conjugem,
1309 544 1657 608 Eudoxiam,
1709 540 1919 598 donari
1952 537 2062 592 sibi
2093 537 2145 602 Α
2177 552 2300 591 men
2357 537 2634 606 Pythium.
2695 537 2843 593 Hinc
2897 535 3200 606 πυθαύλης,
3267 523 3559 608 quomodo
3616 551 3806 608 paeana

402 642 661 714 petebat,
697 646 762 694 ut
796 656 866 694 ea
897 638 1117 694 ancilla
1144 643 1434 701 uteretur,
1471 641 1583 690 etc.

473 731 746 803 Pylades,
777 730 946 795 Cilix,
995 746 1065 782 ex
1115 728 1331 798 oppido
1364 725 1680 780 Mistarnis.
1717 722 1962 793 Scripsit
1995 721 2064 774 De

403 822 696 876 saltatione
726 821 944 886 Italica,
973 819 1144 888 cujus
1178 818 1302 887 ipse
1336 817 1610 870 inventor
1637 814 1750 868 fuit
1779 837 1792 875 ς
1828 813 1897 865 De
1948 808 2063 863 sal-

405 913 613 965 tatione
667 912 896 973 comica,
949 924 1080 978 quas
1141 901 1353 976 Κόρδαξ
1409 905 1762 968 vocabatur;
1819 902 1960 955 item
1993 899 2065 952 De

402 1001 697 1054 saltatione
729 999 963 1067 tragica,
998 1013 1128 1067 quas
1162 992 1382 1054 σίκιννις
1429 1001 1489 1049 et
1535 996 1612 1048 De
1637 993 1898 1060 satyrica,
1932 1003 2062 1058 qua)

401 1085 710 1158 Ἐμμὲλεια
741 1085 1066 1141 dicebatur.
1121 1084 1257 1152 (Sed
1305 1083 1434 1137 vide
1478 1082 1680 1136 Athen.
1715 1082 1758 1147 Ι,
1792 1094 1922 1150 pag.
1955 1079 2062 1143 20;

401 1183 460 1232 et
487 1176 723 1232 Kusteri
754 1181 878 1229 not.
914 1176 946 1228 4
978 1179 1037 1228 et
1065 1176 1115 1239 ὅ,
1153 1179 1293 1228 tom.
1329 1173 1425 1240 ΙΙΙ,
1458 1187 1593 1242 pag.
1627 1169 1780 1239 239.)

469 1279 1081 1355 Pyrrhon,Plistarchi
1104 1281 1162 1334 F.
1179 1277 1778 1349 Eleus,philosophus
1802 1281 2065 1346 tempore

398 1372 654 1443 Philippi
706 1370 1064 1433 Macedonis,
1115 1367 1462 1439 Olympiade
1498 1367 1562 1421 Cl
1605 1371 1664 1420 et
1708 1365 1886 1420 ultra.
1948 1363 2070 1418 Pri-

396 1479 559 1516 mum
593 1459 835 1532 quidem
868 1459 1060 1531 pictor
1085 1459 1216 1524 fuit,
1242 1462 1447 1528 postea
1470 1456 1733 1510 animum
1767 1455 1838 1509 ad
1871 1453 2066 1524 philo-

397 1551 672 1622 sophiam
704 1549 1016 1620 applicans
1047 1547 1271 1602 audivit
1315 1549 1658 1616 Brysonem,
1696 1541 2065 1599 Clinomachi

399 1640 784 1710 discipulum,
815 1638 1030 1693 deinde
1076 1638 1506 1700 Anaxarchum,
1542 1635 1904 1706 discipulum
1945 1635 2068 1686 Me-

399 1729 649 1795 trodori,
709 1728 860 1794 Chii,
920 1729 1091 1798 cujus
1150 1727 1429 1797 magister
1500 1725 1611 1778 fuit
1672 1723 2064 1783 Democritus,

2171 631 2399 681 vocant.

2243 711 2464 775 Πύθιον.
2499 716 2809 787 Templum
2830 716 3150 788 Apollinis,
3174 715 3422 770 Athenis
3452 731 3486 769 a
3515 713 3804 770 Pisistrato

2170 803 2496 872 conditum,
2530 806 2592 859 in
2652 822 2768 876 quo
2825 805 3089 876 tripodas
3147 804 3450 876 ponebant
3505 804 3605 874 qui
3634 804 3807 875 cyclio

2171 892 2352 946 choro
2385 893 2695 966 Thargelia
2724 895 3006 949 vicerant.

2243 981 2496 1051 Python,
2547 983 2922 1052 Bysantinus,
2980 988 3198 1049 orator,
3251 982 3374 1053 qui,
3434 980 3495 1035 in
3549 981 3808 1036 exsilium

2171 1068 2401 1138 pulsus,
2462 1071 2523 1125 in
2573 1071 2977 1126 Macedoniam
3035 1071 3201 1136 abiit,
3260 1070 3462 1141 ibique
3502 1069 3716 1124 multos
3743 1069 3809 1124 ad

2171 1159 2574 1228 proditionem
2607 1160 2866 1232 impulit,
2899 1166 3006 1216 etc.
3040 1162 3103 1215 V.
3133 1159 3390 1216 Kusterii
3421 1163 3544 1214 not.
3577 1160 3807 1226 tom.lll,

2172 1262 2304 1318 pag.
2334 1249 2462 1301 237.

2964 1339 3029 1404 Q.

2246 1425 2599 1494 Quadratus,
2629 1429 2955 1493 Romanus,
2996 1427 3338 1482 historicus.
3371 1428 3617 1498 Scripsit
3667 1427 3811 1481 loni-

2176 1530 2246 1569 ca
2275 1515 2529 1571 dialecto
2553 1517 2860 1571 historiam
2886 1519 3212 1572 Romanam
3236 1517 3404 1571 libris
3430 1519 3552 1584 XV,
3576 1533 3812 1588 cumque

2175 1605 2483 1677 inscripsit
2528 1601 2906 1679 Χιλιετηρίδχ,
2964 1606 3122 1678 quod
3182 1607 3678 1678 complecteretur
3728 1622 3813 1660 res

2178 1697 2344 1752 mille
2379 1712 2668 1750 annorum
2700 1713 2734 1751 a
2764 1697 2948 1751 Roma
2994 1697 3234 1752 condita
3281 1696 3354 1752 ad
3404 1697 3549 1767 imp.
3581 1695 3813 1750 Alexan-

401 1786 702 1872 Abderita.
738 1786 1172 1883 Statuit,vnihil
1225 1786 1354 1870 esse
1420 1820 1639 1869 natura
1669 1813 1984 1868 honestum
2017 1821 2075 1869 et
2177 1787 2371 1883 dnfmj
2398 1788 2710 1883 ,Mammem.

397 1912 590 1978 turpe,
624 1907 728 1962 sed
759 1907 961 1962 omnia
992 1905 1257 1960 moribus
1287 1911 1346 1960 et
1371 1904 1519 1976 lege.

468 1996 759 2068 Pyrrhon,
793 1995 1110 2064 Phliasius,
1138 1994 1433 2050 Timarchi
1491 1995 1576 2060 F.,
1603 1991 1931 2062 discipulus
1961 1990 2060 2045 ’l‘i-

396 2085 613 2154 monis,
645 2083 1010 2156 philosophi.

465 2191 781 2263 Pyrrhonii
816 2190 1183 2262 philosophi,
1210 2190 1310 2260 qui
1334 2188 1658 2261 Pyrrhonis
1690 2191 1912 2242 sectam
1935 2201 2062 2240 am-

392 2280 828 2353 plectebantur,
865 2280 1007 2334 dicti
1042 2281 1222 2334 etiam
1267 2279 1573 2350 aporetici,
1609 2277 1837 2348 septici,
1871 2276 2060 2346 ephe-

395 2369 552 2434 ctici,
575 2369 826 2435 zetetici,
857 2374 968 2423 etc.
1000 2370 1298 2438 Sceptices
1321 2367 1550 2437 primus
1571 2372 1776 2421 auctor
1803 2365 1915 2419 fuit
1947 2364 2063 2417 Ho-

395 2473 616 2524 merus,
646 2457 745 2527 qui
778 2457 927 2510 nihil
954 2457 1098 2510 certi
1130 2456 1200 2510 de
1228 2456 1404 2510 rebus
1427 2454 1792 2526 pronuntiat.
1827 2453 2064 2523 Septem

399 2550 576 2604 etiam
605 2547 910 2618 sapientes
937 2545 1105 2600 fuere
1127 2545 1400 2616 Sceptici,
1421 2561 1673 2615 quorum
1694 2549 1783 2598 est
1801 2542 2019 2597 dictum
2050 2556 2062 2594 :

397 2641 474 2694 Ne
530 2638 669 2710 quid
727 2639 933 2700 nimis;
989 2636 1380 2690 Archilochus
1435 2651 1694 2705 quoque,
1745 2650 1880 2688 cum
1940 2633 2065 2685 ait:

397 2729 565 2788 Τοῖος
617 2725 926 2799 ἀνθρώποις
979 2721 1105 2784 νοῦς
1163 2722 1368 2798 γίνεται
1431 2725 1672 2792 θνητοῖς,
1707 2722 1897 2789 ὁκοίην
1932 2719 2062 2782 Ζεὺς

395 2816 610 2890 ἡμέρην
665 2813 800 2892 ἄγει.
855 2817 925 2870 Et
977 2815 1290 2885 Euripides
1344 2813 1777 2886 (Supplicibus):
1829 2811 1890 2866 Τί
1925 2807 2065 2879 δῆτα

389 2908 516 2970 τοὺς
544 2906 932 2979 ταλαιπώρους
987 2903 1218 2980 βροτοὺς
1273 2908 1487 2980 φρονεῖν
1524 2901 1785 2976 λέγουσις
1836 2905 1930 2955 σοῦ
1960 2902 2061 2976 γὰρ

392 2996 755 3071 ἐξηρτήμεθα’
792 2993 1016 3071 Δρῶμὲν
1048 3014 1106 3049 τε
1130 2995 1360 3061 τοιαῦθ’,
1394 2992 1685 3068 τυγχάνεις
1718 2989 1914 3048 θέλων.

463 3106 850 3178 Pythagoras,
883 3103 1135 3172 Samius,
1169 3119 1377 3158 revera
1405 3101 1769 3174 Tyrrhenus,
1802 3101 2062 3154 Mnesar-

2091 1911 2139 1977 Β
2251 1874 2553 1977 Quirinus,
2587 1874 2871 1944 sophista,
2929 1874 3032 1945 qui
3083 1877 3301 1944 Lingua
3351 1876 3563 1939 arar-ii,
3605 1872 3816 1927 Γλῶσσα

2167 1962 2422 2035 ταμιείου
2447 1963 2782 2032 vocabatur,
2806 1963 2978 2034 cujus
3001 1980 3144 2020 cura
3164 1964 3236 2020 ab
3267 1964 3412 2036 imp.
3439 1964 3493 2019 ei
3515 1963 3816 2019 commissa

2173 2061 2320 2110 erat.

2981 2144 3022 2198 R

2248 2233 2640 2288 Rhadamanti
2665 2233 2960 2305 judicium
2991 2233 3062 2288 de
3096 2233 3168 2288 iis
3213 2249 3470 2304 quorum
3505 2236 3712 2287 testata
3740 2235 3818 2285 est

2166 2321 2425 2393 justitia.
2480 2322 2875 2378 Rhadamanti
2925 2321 3377 2394 jusjurandum,
3439 2338 3634 2394 supra,
3667 2325 3818 2393 χῆμα

2174 2409 2429 2482 ὀμνύναι,
2491 2417 2550 2466 et
2607 2412 2887 2482 Lampon.
2955 2411 3121 2467 Conf.
3203 2412 3438 2466 Kusteri
3497 2416 3620 2466 not.
3678 2413 3718 2465 Ι.
3767 2427 3813 2470 c.

2174 2518 2304 2573 pag.
2335 2503 2460 2555 249.

2245 2593 2550 2646 Rhamnus
2580 2591 2652 2646 de
2685 2591 3054 2663 sapientibus
3090 2591 3387 2662 clarisque
3419 2592 3560 2646 viris
3589 2591 3812 2647 dicitur.

2175 2682 2480 2736 Rhamnus
2495 2681 2653 2736 enim
2669 2687 2795 2736 erat
2807 2681 3062 2752 populus
3077 2682 3371 2749 Atticaa,in
3391 2699 3509 2753 quo
3525 2681 3812 2753 Antiphon

2174 2771 2602 2830 ﬂoruit.orator
2631 2770 2903 2836 celebris,
2928 2787 3102 2840 quem
3124 2771 3292 2825 multi
3317 2772 3518 2826 mitari
3539 2771 3811 2834 volentes,

2173 2860 2548 2932 proverbium
2580 2860 2712 2915 usui
2744 2861 2876 2914 vitae
2908 2860 3375 2930 reliquerunt,ut
3405 2861 3511 2915 viri
3544 2859 3812 2932 praeclari,

2174 2950 2523 3006 Rhamnusii
2556 2955 2924 3006 vocarentur.
2956 2951 3294 3006 Rhamnusia
3331 2954 3588 3019 Nemesis,
3621 2957 3815 3014 status,

2173 3053 2351 3107 quam
2373 3037 2514 3091 fecrt
2534 3035 2774 3091 Phidias
2795 3042 2854 3091 et
2873 3037 3194 3092 Erectheus
3214 3039 3424 3093 matris
3447 3056 3568 3093 suaa
3589 3039 3816 3093 nomine

2173 3142 2305 3194 quas
2337 3126 2378 3178 N
2388 3125 2535 3179 emis
2562 3125 2882 3180 vocabatur
2904 3131 2962 3179 et
2980 3125 3084 3180 illo
3106 3125 3168 3181 in
3194 3125 3324 3180 loco
3347 3132 3711 3200 regnaverat,
3733 3125 3820 3180 de-

390 3195 506 3288 ‘fhi,
542 3193 862 3288 SCUIPtf’P_i3
915 3191 1298 3288 anmﬂoruin:
1352 3191 1530 3288 qliu§v
1574 3191 1678 3288 qui
1727 3206 1864 3288 cun}
1894 3193 2060 3288 Pati"?
2090 3277 2124 3288 _
2169 3191 2403 3269 dicavit.
2466 3213 2707 3269 Phidias
2765 3215 3127 3285 Agoracrito,
3183 3216 3378 3281 Pario,
3417 3191 3660 3272 “amasio
3699 3231 3815 3283 suo,

389 3285 630 3378 simium
672 3281 1038 3378 ,δδοὶῗδθῗηδ
1217 3280 1569 3378 Tyljfhema,
1602 3283 1893 3378 m'grfw't'
1951 3276 2052 3378 ΠΨ
2084 3277 2125 3346 C
2170 3303 2683 3374 pormisitnomen
2703 3319 2873 3358 suum
2898 3303 3346 3373 inscribere;ut
3364 3304 3821 3378 Olympiae,digi-

394 3371 790 3443 Pherecydem
815 3368 1293 3442 Syrium,deinde
1317 3367 1875 3422 Hermodamantem
1901 3364 2064 3420 audi-

391 3462 493 3528 vit,
526 3459 836 3532 Creophyli
869 3465 1171 3529 nepotem,
1207 3457 1344 3512 hinc
1379 3455 1719 3523 Abaridem,
1756 3453 2060 3525 Hyperbo-

397 3567 566 3606 reum
596 3554 654 3605 et
692 3551 979 3616 Zaretem,
1033 3549 1283 3619 Magum.
1335 3545 1507 3617 Apud
1555 3545 1853 3617 Egyptios
1886 3543 2064 3598 etiam

401 3646 458 3696 et
483 3639 790 3695 Chaldaeos
842 3637 1178 3708 disciplinis
1230 3636 1539 3690 institutus
1587 3635 1766 3689 rediit
1794 3634 2056 3700 Samum,

397 3747 576 3803 quam
609 3747 744 3785 cum
803 3727 1131 3798 Polycratis
1193 3725 1510 3796 tyrannide
1565 3726 1754 3780 teneri
1798 3724 2063 3791 vidisset,

394 3824 714 3879 Crotonem
747 3819 807 3871 in
838 3815 1069 3870 Italiam
1129 3815 1296 3884 abiit,
1357 3819 1680 3885 apertaque
1736 3814 1816 3867 ibi
1859 3812 2064 3868 schola

397 3910 754 3982 quingentos
779 3911 837 3960 et
867 3904 1125 3975 amplius
1149 3903 1476 3973 discipulos
1499 3903 1728 3958 habuit.
1756 3904 1988 3958 Fratres
2009 3906 2062 3959 ei

399 3999 560 4054 duo:
612 4001 757 4050 natu
813 3993 1009 4064 major
1052 3993 1375 4058 Eunomus,
1429 3990 1663 4050 medius
1694 3991 2060 4063 Tyrrhenus.

397 4091 607 4143 Servus
639 4083 954 4149 Zamolxis,
988 4082 1083 4138 cui
1116 4082 1292 4149 Getaa,
1325 4086 1392 4136 ut
1416 4081 1689 4150 Saturno,
1723 4081 2062 4138 immolant.

401 4179 652 4232 Uxorem
701 4173 869 4228 duxit
899 4173 1302 4237 Theanonem,
1357 4171 1646 4239 Brontini,
1687 4170 2062 4236 Crotoniatae,

401 4267 607 4333 ﬁliam,
633 4282 704 4320 ex
731 4279 848 4334 qua
877 4263 1030 4317 ﬁlios
1056 4261 1206 4315 duos
1230 4261 1510 4332 suscepit,
1535 4260 1848 4332 Telaugem
1876 4264 1934 4314 et
1954 4260 2066 4314 Da-

402 4370 664 4421 monem,
698 4353 785 4408 vel
817 4357 883 4407 ut
912 4351 1035 4416 alii,
1084 4351 1534 4405 Mnesarchum:
1587 4349 1773 4404 ﬁliam
1805 4364 2064 4420 quoque,

401 4445 635 4517 Mylam,
673 4443 812 4509 sive,
845 4447 913 4496 ut
941 4440 1064 4507 alii,
1098 4439 1462 4512 Arignotem.
1501 4439 1747 4509 Scripsit
1774 4439 2064 4511 Pythago-

400 4552 496 4589 ras
530 4540 649 4588 tres
682 4537 914 4588 tantum
972 4529 1177 4598 libros,
1237 4525 1611 4596 Παιδευτικὸν,
1657 4526 1975 4596 Ιιολιτικὴν,
2008 4533 2067 4582 et

403 4624 665 4687 tertium,
692 4621 793 4690 qui
815 4619 1044 4690 Lysidis
1062 4618 1366 4674 Tarentini
1390 4625 1480 4674 est
1497 4619 1712 4688 potius,
1738 4619 1868 4690 ejus
1888 4617 2064 4672 disci-

405 4712 554 4784 puli,
587 4709 686 4780 qui
717 4708 954 4770 Thebis,
981 4724 1096 4778 quo
1117 4707 1366 4779 fugerat,
1392 4707 1876 4783 Epaminondam
1896 4707 2067 4761 insti—

407 4801 538 4855 tuit.
573 4798 820 4864 Quidam
852 4814 1019 4852 aurea
1074 4796 1326 4852 carmina
1383 4815 1619 4868 quoque
1651 4798 1738 4852 illi
1775 4797 2066 4856 tribuunt.

407 4889 698 4962 (Plurima
725 4886 942 4942 deinde
973 4885 1046 4940 de
1077 4887 1409 4957 Pythagora
1429 4887 1677 4958 ejusque
1703 4891 1915 4948 morte,
1947 4884 2072 4955 phi-

409 4977 685 5049 1030phia
713 4992 780 5031 ac
813 4974 1098 5046 symbolis
1139 4974 1321 5029 refert
1370 4975 1600 5044 Suidas,
1645 4976 1746 5047 qui
1778 4975 1958 5030 etiam
1988 4973 2069 5027 vi-

409 5067 644 5124 dendus
675 5066 738 5120 in
764 5059 953 5134 Ἤδη.)

481 5175 757 5246 Pytheas,
791 5172 1196 5237 Atheniensis,
1242 5179 1460 5239 orator,
1505 5172 1792 5238 milothri,
1829 5171 1948 5226 sive
1978 5171 2070 5242 pio

410 5264 670 5322 strinarii
707 5262 886 5327 ﬁlius,
912 5261 1151 5332 scripsit
1180 5263 1474 5317 Conciones
1495 5267 1544 5316 et
1571 5263 1856 5316 Orationes
1883 5264 2073 5329 foren-

407 5371 486 5410 ses
519 5360 577 5407 et
605 5352 724 5407 alia
751 5350 1021 5421 quaedam
1050 5367 1062 5417 ;
1099 5368 1217 5405 non
1277 5351 1705 5407 adnumeratus
1757 5355 1957 5405 autem
1985 5355 2076 5404 est

410 5444 657 5515 (decem)
688 5439 1044 5506 oratoribus,
1079 5446 1144 5494 ut
1182 5441 1358 5494 homo
1413 5441 1604 5495 audax
1637 5445 1694 5494 et
1724 5439 2070 5509 dissolutus,

415 5534 515 5606 qui
545 5531 792 5587 Athenis
843 5529 916 5583 ob
969 5547 1049 5584 aes
1106 5529 1371 5584 alienum
1403 5547 1473 5584 ex
1504 5545 1742 5584 carcere
1776 5529 1984 5602 effugit
2011 5529 2074 5584 in

417 5620 845 5687 Macedoniam,
877 5635 944 5673 ac
974 5623 1181 5690 postea
1210 5618 1408 5673 rediit.

491 5726 693 5787 Πυθιὰς
727 5725 860 5800 βοή,
881 5740 991 5778 vox
1021 5741 1157 5780 cum
1187 5730 1365 5780 cantu
1396 5725 1556 5782 tibias
1587 5727 1911 5801 conjuncta
1940 5728 2076 5782 Car-

2174 3400 2230 3448 to
2260 3394 2415 3448 lovis
2471 3393 2776 3464 inscripsit
2833 3392 3154 3466 Παντάρκης
3208 3392 3398 3456 καλός.
3456 3399 3594 3452 Erat
3633 3401 3816 3451 autem

2173 3484 2515 3550 Pantarces,
2548 3483 2816 3554 Argivus,
2851 3484 3148 3538 formosus
3193 3484 3503 3556 ipsiusque
3549 3485 3814 3541 amasius.

2243 3570 2484 3644 Ῥαριάς.
2520 3572 2751 3627 Rharus
2781 3572 3076 3640 Cererem,
3112 3582 3410 3628 errantem
3441 3580 3498 3630 et
3528 3573 3816 3644 Proserpi-

2174 3680 2313 3720 nam
2335 3664 2990 3735 qumrentem,hospitio
3014 3665 3378 3736 excepit,pro
3401 3684 3520 3738 quo
3542 3664 3818 3721 beneﬁcio

2173 3755 2349 3809 Ceres
2370 3753 2820 3824 Triptolemum,
2854 3753 3012 3808 Celei
3038 3755 3097 3821 F,
3129 3754 3310 3810 Rhari
3343 3763 3645 3826 nepotem,
3674 3753 3818 3826 agri-

2173 3843 2465 3898 culturam
2491 3841 2711 3907 docuit,
2732 3841 2903 3912 eique
2924 3858 3166 3898 currum
3187 3843 3484 3900 alatorum
3507 3845 3818 3900 draconum

2175 3931 2357 3997 dedit,
2383 3947 2498 4002 quo
2518 3935 2720 3985 vectus
2740 3936 2958 3985 terram
2978 3934 3388 4004 peragravit,et
3411 3933 3819 4007 agriculturam

2175 4020 2448 4075 homines
2471 4019 2690 4074 docuit.
3069 4075 3074 4078 ,

2247 4108 2546 4180 Rhapsodi
2580 4107 2950 4176 dicebantur,
3006 4110 3106 4180 qui
3166 4111 3435 4167 carmina
3485 4111 3716 4166 Homeri
3765 4109 3822 4162 in

2178 4200 2423 4256 theatris
2455 4198 2805 4266 recitabant,
2830 4199 2987 4270 quod
3009 4194 3241 4274 ῥάϐδους
3271 4201 3392 4257 sive
3413 4204 3604 4274 virgas
3628 4209 3822 4256 tenen-

2177 4297 2263 4345 tes
2296 4289 2406 4344 hoc
2437 4288 2716 4343 facerent.
2766 4290 2867 4342 Est
2899 4288 3079 4343 etiam
3126 4285 3449 4363 ῥάψῳδῆσαι
3483 4291 3710 4364 nugari,
3742 4287 3821 4342 vel

2175 4379 2530 4450 simpliciter
2559 4378 2720 4448 loqui
2754 4384 2812 4433 et
2839 4379 3108 4433 recitare.

2249 4470 2546 4541 Rheginos
2571 4467 2935 4534 Xenarchus,
2961 4468 3286 4539 Sophronis
3318 4470 3711 4544 mimographi
3745 4469 3822 4531 F.,

2178 4566 2244 4615 ut
2267 4558 2508 4613 timidos
2525 4557 2586 4611 in
2611 4557 2917 4612 commdiis
2941 4557 3062 4612 suis
3085 4559 3454 4628 perstrinxit,
3477 4577 3511 4616 a
3533 4558 3820 4630 Dionysio,

2101 4653 2150 4716 ι)
2182 4655 2456 4719 tyranno,
2484 4646 2558 4700 ad
2591 4645 2703 4700 hoc
2756 4645 3054 4701 inductus.
3119 4647 3282 4702 Unde
3323 4649 3701 4718 proverbium
3735 4663 3823 4700 or-

2183 4744 2304 4792 tum
2337 4743 2429 4792 est
2457 4732 2708 4809 Ῥηγίνου
2741 4727 3069 4806 δειλὸτερος,
3104 4737 3352 4806 Rhegino
3383 4737 3730 4808 timidior,de
3759 4735 3824 4788 iis

2180 4829 2280 4898 qui
2315 4843 2494 4898 supra
2533 4825 2775 4880 modum
2809 4823 3000 4878 timidi
3032 4831 3190 4880 sunt.

2253 4917 2574 4989 Rheginus,
2607 4913 3051 4987 grammaticus,
3085 4916 3323 4988 scripsit
3350 4917 3571 4973 librum
3603 4917 3700 4988 qui
3731 4931 3824 4969 vo-

2180 5013 2348 5063 catur
2373 5007 2784 5075 Polymnemon.

2250 5093 2601 5169 Ῥηρίαρχος,
2634 5095 2735 5164 qui
2776 5094 3016 5148 oracula
3058 5093 3225 5160 dicit,
3272 5102 3342 5151 ut
3389 5103 3479 5152 est
3524 5096 3676 5168 apud
3708 5093 3827 5165 Epi-

2181 5187 2514 5243 charmum.
2554 5183 2678 5252 Vel,
2710 5188 2776 5238 ut
2803 5184 3182 5255 Asclepiades
3228 5185 3380 5241 libro
3420 5193 3584 5242 sexto
3613 5191 3824 5260 Τραγῳ·

2182 5273 2487 5346 δουμένων,
2548 5274 2650 5344 qui
2708 5273 2977 5328 omnium
3036 5275 3259 5345 optime
3336 5283 3580 5332 noverat
3633 5288 3824 5330 verum

2180 5367 2399 5421 dicere.

2251 5455 2481 5526 Ῥήτωρ.
2537 5452 2733 5506 Multis
2782 5451 3040 5507 decretis
3087 5459 3326 5509 cautum
3373 5462 3482 5524 est,
3534 5455 3596 5510 in
3625 5457 3824 5510 senatu

2182 5563 2278 5602 ars
2309 5544 2570 5601 oratoria-
2597 5542 2999 5610 adhiberetur,
3028 5543 3077 5597 si
3109 5545 3243 5615 quis
3275 5546 3631 5602 sententiam
3655 5544 3827 5598 ferret

2183 5637 2254 5691 de
2289 5651 2371 5703 re,
2405 5651 2535 5704 quas
2567 5632 2638 5688 ad
2665 5632 2956 5703 privatam
2988 5632 3176 5704 ipsius
3213 5634 3516 5694 fortunam
3548 5649 3667 5690 non
3697 5645 3824 5704 per-

2185 5727 2424 5783 tineret.
