4126 6468
387 440 546 501 1339
1696 428 1940 494 INDEX
1980 419 2487 489 SGRIPTORUM
3653 435 3807 496 1340

382 591 417 625 α
451 572 617 628 Plato
651 573 972 628 Homerum
1004 587 1035 625 e
1065 573 1208 642 Rep.
1270 587 1377 626 sua
1433 567 1741 641 ablegarit,
1777 588 1800 614 ι
1835 568 1896 619 et
1923 560 2042 617 alia
2069 555 2122 626 Α
2154 557 2264 612 bus
2295 559 2562 630 inopiam
2593 578 2761 619 suam
2791 570 2968 635 atque
2997 566 3357 622 immensam
3390 567 3582 621 animi
3605 568 3824 639 cupidi-

388 661 595 716 multa,
627 663 775 716 nem
807 683 834 711 «
862 663 1062 714 Artem
1094 660 1436 714 oratoriam,
1476 680 1504 707 »
2151 651 2332 702 tatem
2363 649 2536 705 facile
2568 652 2964 724 expleturum.
2989 655 3100 710 Sed
3129 662 3253 710 erat
3281 656 3677 723 insatiabilis,
3711 663 3822 710 etc.

461 749 746 820 Sarapion
773 748 967 803 solum
996 749 1120 802 fere
1152 749 1451 818 Orpheum
1502 744 1761 800 habebat
1803 747 1863 796 et
1892 740 2043 811 lege-
2221 737 2626 809 Scopelianus,
2687 743 3114 810 Clazomenius,
3175 745 3472 816 sophista,
3536 746 3639 815 qui
3715 745 3818 800 sub

389 840 490 893 bat
517 855 529 891 :
559 838 812 893 subinde
842 838 1135 893 lsidorum
1159 838 1230 892 de
1265 835 1694 907 quaestionibus
1724 846 2042 887 occurren—
2150 828 2336 882 Nerva
2364 828 2507 883 vixit
2533 837 2592 884 et
2621 831 2885 902 Smyrnaa
2917 833 3318 904 eloquentiam
3351 834 3824 899 docuit,auditor

393 929 549 982 tibus
579 928 1167 999 interrogans,virum
1203 942 1437 980 summa
1458 923 1768 994 theologia:
1793 918 2044 975 scientia
2151 917 2386 984 Nicetaa,
2448 921 2696 990 aequalis
2749 923 3070 994 Apollonii,
3128 925 3487 995 Tyanensis,
3539 923 3614 979 ad
3648 940 3821 994 quem

392 1017 959 1087 instructum.quem
976 1016 1169 1070 solum
1201 1015 1562 1070 familiarrm
1583 1007 2045 1066 noratetadmit-
2154 1005 2334 1060 etiam
2357 1008 2638 1078 epistolas
2671 1011 3022 1082 Apollonius
3053 1013 3310 1084 scripsit.

393 1105 689 1171 tebat,nec
715 1105 906 1160 ullum
938 1106 1123 1160 alium
1147 1121 1390 1159 suarum
1411 1099 2043 1168 facultatum,duorum
2229 1094 2463 1165 Σκύθης,
2496 1100 2855 1156 Anacharsis
2884 1102 2998 1156 fuit
3025 1102 3378 1173 scythaﬁed
3411 1110 3610 1157 matre
3632 1102 3829 1156 Graeca

393 1199 497 1248 aut
525 1195 706 1249 trium
737 1194 1213 1262 librorum,inter
1243 1210 1392 1264 quos
1424 1196 1552 1246 erat
1578 1189 1794 1260 Orphei
1825 1186 2042 1259 poesis,
2155 1191 2352 1254 natus,
2385 1193 2444 1242 et
2467 1189 2599 1244 ideo
2649 1185 2960 1264 διγλωσσος
3019 1194 3273 1249 duarum
3329 1193 3569 1265 peritus
3610 1192 3832 1265 lingua-

396 1283 640 1354 dignum
656 1282 1208 1354 judicabat,putans
1222 1298 1283 1336 se
1312 1282 1372 1336 in
1392 1281 1495 1336 illo
1513 1278 1853 1351 perpexisse
1868 1276 2047 1329 vitam
2156 1278 2428 1347 rum,qui
2457 1279 2689 1350 Scythis
2721 1280 2878 1353 leges
2908 1282 3063 1337 tulit.

395 1369 560 1424 illam
592 1370 1265 1441 Saturniam,poetarum
1286 1368 1502 1424 fabulis
1518 1364 2048 1422 celebratamNam
2231 1366 2459 1438 Scylax,
2492 1369 2932 1436 Cariandensis,
2969 1389 3039 1428 ex
3095 1372 3414 1434 Carianda,
3471 1371 3666 1429 Cariaa
3698 1370 3829 1426 civi-

398 1458 501 1513 ille
533 1459 776 1529 quidem
806 1465 1116 1530 poetarum
1147 1458 1385 1530 scriptis
1406 1455 1740 1512 celebratus
1756 1451 2050 1509 Chironin
2160 1458 2300 1520 tate,
2335 1473 2519 1527 prope
2549 1458 3530 1524 Halicarnassum,mathematicus
3563 1466 3624 1515 et
3651 1460 3832 1514 musi-

402 1548 663 1601 Saturnii
722 1554 781 1601 et
834 1547 978 1601 Jovii
1027 1547 1193 1618 regni
1242 1546 1501 1601 conﬁnio
1533 1544 1732 1616 potius
1762 1541 2050 1608 constitit,
2162 1559 2286 1598 cus.
2322 1544 2570 1616 Scripsit
2623 1548 2922 1619 periplum
2962 1550 3230 1605 locorum
3287 1555 3462 1605 extra
3524 1549 3832 1604 columnas

403 1637 560 1691 unde
586 1637 859 1691 biformis
892 1653 1019 1691 esse
1075 1637 1344 1691 traditur.
1381 1635 1601 1690 Eodem
1647 1641 1912 1703 tempore
1968 1630 2055 1682 vir
2164 1633 2472 1702 Herculis;
2507 1635 2579 1690 de
2637 1637 2967 1706 Heraclide,
3007 1640 3402 1710 Mylassorum
3437 1655 3581 1711 rege
3616 1658 3630 1705 ;
3663 1643 3830 1691 terrae

403 1726 556 1780 alius
587 1727 945 1781 Alexandria
972 1726 1150 1792 venit,
1183 1744 1251 1780 ex
1285 1731 1406 1780 tota
1427 1723 1837 1791 diametro,vel
1867 1720 2056 1792 magis
2165 1722 2478 1794 periodum
2517 1741 2531 1791 ;
2592 1724 2922 1801 ’Δτιγραφήν
2983 1727 3266 1784 adversus
3321 1728 3567 1800 Polybii
3656 1726 3835 1780 Histo-

405 1819 604 1884 etiam,
637 1818 686 1872 si
717 1818 800 1871 sic
831 1816 1024 1871 dicere
1053 1817 1138 1871 fas
1178 1823 1288 1881 est,
1345 1832 1523 1887 quam
1583 1832 1654 1870 ex
1686 1814 1975 1869 diametro
2025 1826 2060 1864 ει
2168 1812 2336 1867 riam.

407 1907 730 1977 Serapione
761 1906 987 1960 distans
1020 1921 1034 1959 τ
1068 1922 1205 1961 nam
1240 1905 1334 1959 hic
1364 1905 1607 1975 quidem
1629 1903 1939 1958 Saturnius
1957 1905 2061 1955 aut
2091 1927 2140 1993 Β
2243 1903 2493 1974 Scytale,
2526 1905 2778 1976 epistola
2808 1906 3114 1962 Laconica.
3150 1908 3329 1980 Ligna
3363 1912 3544 1962 erant
3596 1906 3713 1961 duo
3745 1921 3837 1976 po-

403 1997 598 2052 Jovius
626 1995 758 2064 fuit,
787 1995 887 2049 ille
911 2011 1047 2048 vero
1074 1995 1438 2066 Typhonius,
1473 2000 1531 2048 et
1559 1993 1840 2064 Typhone
1862 2006 2064 2045 versu-
2095 1992 2102 1993 “
2170 1992 2276 2047 lita
2307 1999 2365 2047 et
2393 1993 2928 2066 oblonga,quorum
2963 1997 3216 2052 alterum
3249 1996 3840 2052 Lacedaemoniorum

407 2087 520 2141 tior
557 2085 775 2139 bellua.
810 2084 1017 2138 Nullus
1039 2083 1197 2138 enim
1233 2099 1461 2150 eorum,
1487 2083 1589 2154 qui
1655 2099 1815 2137 nunc
1843 2082 2064 2144 vivunt,

406 2175 720 2230 hominum
751 2174 1005 2246 ignorat,
1039 2189 1154 2243 quo
1178 2172 1380 2228 animo
1407 2178 1465 2226 et
1486 2187 1604 2242 qua
1631 2171 1873 2227 fortuna
1887 2168 2070 2225 fuerit

407 2263 815 2335 Pamprepius.

482 2369 791 2444 Σαράπους.
835 2371 1068 2425 Αιοωιιε
1127 2371 1416 2424 Pittacum
1474 2368 1701 2424 vocavit
1757 2361 2068 2439 Σαράποδα,

413 2455 776 2534 χειροπόδην,
821 2456 1077 2531 γαύρικα,
1137 2457 1412 2533 φύσκωνα,
1454 2458 1762 2531 γάστρωνα,
1800 2451 2072 2532 ζοφοδορ-

414 2546 546 2604 πίδα
577 2554 636 2603 et
659 2545 1049 2620 ἀγασύραστον.
1079 2549 1176 2607 (Ex
1208 2547 1422 2602 Laertii
1453 2547 1556 2602 lib.
1589 2563 1627 2615 ι,
1660 2564 1709 2602 c.
1743 2547 1858 2616 81.)

487 2637 867 2707 Scindapsus,
893 2638 1360 2692 instrumentum
1391 2637 1794 2691 musicum.De
1815 2636 2070 2700 Zenone,

418 2729 601 2783 Citieo
631 2726 883 2798 (Timon)
919 2743 931 2781 :
961 2725 1022 2780 Ὁ
1053 2721 1110 2778 δὲ
1142 2723 1286 2800 ἔρῥει
1345 2723 1611 2799 γύργαθος
1668 2723 1832 2778 αὐτοὺ
1875 2723 2070 2796 μικρὸς

416 2817 534 2870 ἰώνο
567 2818 694 2868 νοῦν
725 2811 772 2867 δ’
803 2813 950 2888 εἶχεν
978 2813 1277 2869 ἑλάσσοντα
1335 2812 1675 2887 σκινδαψοῖο,
1735 2838 1764 2865 ‹‹
1818 2816 2072 2870 Mentem

425 2931 451 2957 ‹‹
487 2906 764 2972 habebat,
797 2906 1092 2960 minorem
1123 2904 1462 2976 scindapso,
1498 2925 1520 2955 ι
1559 2909 1669 2960 etc.

490 3011 690 3089 Σκὶφη.
725 3013 992 3080 Crantor,
1040 3011 1455 3084 philosophus,
1514 3017 1704 3084 poeta;
1760 3010 2074 3083 cujusdam

417 3120 621 3159 versus
652 3101 853 3176 σκίφης
880 3101 1091 3172 plenos
1124 3117 1252 3156 esse
1280 3101 1447 3157 dixit.

491 3187 813 3263 Σκῖρταλος.
851 3191 1155 3262 Diogenes,
1189 3189 1558 3262 Sinopensis,
1615 3190 1737 3264 jam
1779 3205 1984 3260 senex,
2043 3206 2078 3244 a

417 3281 676 3346 Scirtalo,
709 3279 902 3349 pirata
926 3285 1134 3351 captus
1164 3285 1271 3335 est.

492 3388 749 3466 Σκληρᾶς
803 3386 995 3444 ἀοιδοῦ
1045 3386 1273 3461 δασμόν,
1344 3389 1632 3444 tributum
1693 3389 1856 3444 durae
1912 3390 2083 3460 vatis,

421 3482 719 3555 Sphingis,
754 3484 866 3538 hoc
897 3486 988 3537 est
1011 3479 1259 3536 difﬁcile
1288 3479 1469 3551 (apud
1493 3480 1842 3550 Sophoclem
1863 3479 2085 3552 (Edipo

421 3574 717 3644 tyranno).

496 3679 724 3751 Σιολιά,
782 3678 1032 3735 carmina
1110 3679 1434 3733 convivalia.
1501 3679 1751 3732 Σκολιῶν
1821 3674 2086 3745 Mali-too,

427 3773 674 3841 Καρικῶν
704 3767 1060 3840 αὐλημάτων.
1088 3766 1322 3821 Melitus
1373 3767 1484 3821 iste
1543 3766 1656 3821 fuit
1701 3773 1878 3839 poeta
1907 3769 2087 3839 tragi-

429 3875 554 3926 cus,
587 3858 688 3928 qui
719 3859 1020 3912 Socratem
1051 3855 1374 3910 accusavit.
1408 3856 1836 3927 Perstringitur
1890 3873 1924 3911 a
1981 3873 2089 3911 co-

429 3945 621 4015 micis,
651 3951 716 4001 ut
744 3947 908 4016 poesi
941 3944 1186 4016 frigidus
1217 3950 1278 3998 et
1306 3945 1572 3999 moribus
1600 3945 1909 4015 improbus
1939 3963 2092 4017 prae-

431 4035 614 4090 ditus.
649 4036 845 4092 Carica
879 4051 1038 4101 vero,
1072 4034 1340 4088 carmina
1369 4033 1556 4105 lyrica
1585 4034 1876 4106 lugubria.

506 4121 762 4190 Σκολιόν,
795 4140 1036 4179 carmen
1067 4139 1393 4194 paucorum
1416 4124 2091 4207 versuum.Timocreon’

441 4211 726 4279 Rhodius,
761 4218 936 4284 poeta
961 4213 1161 4282 epicus
1217 4214 1350 4280 (17),
1405 4211 1521 4265 tale
1579 4211 1829 4266 scolium
1887 4220 2096 4270 contra

439 4302 672 4356 divitias
695 4301 952 4372 scripsit,
985 4302 1154 4371 cujus
1186 4298 1423 4353 initium
1455 4302 1565 4365 est,
1589 4299 1816 4374 ’Όφελες
1848 4300 1892 4352 ὦ
1920 4302 2095 4374 «uel;

438 4388 666 4456 πλοῦτε,
682 4397 794 4446 etc.
827 4413 855 4441 «
883 4393 926 4446 Ο
957 4407 1128 4445 οωοω
1158 4389 1396 4458 divitias,
1429 4388 1658 4442 utinam
1688 4406 1798 4444 nec
1829 4391 1889 4444 in
1916 4397 2092 4463 terra,

446 4500 469 4528 Ir
486 4497 596 4536 nec
627 4481 688 4534 in
704 4479 1068 4547 mari,necin
1091 4476 1436 4532 continente
1447 4493 1713 4547 unquam
1731 4478 1866 4533 visae
1879 4479 2096 4535 fuisse-

442 4593 469 4620 ‹‹
502 4569 710 4640 tis,sed
739 4570 802 4624 in
826 4571 1067 4623 Tartaro
1109 4572 1168 4620 et
1193 4565 1526 4620 Acheronte
1571 4566 1916 4623 habitaretis
1947 4568 1958 4622 ι
1992 4585 2093 4624 vos

2171 2082 2376 2152 ephori
2408 2083 2748 2138 retinebant
2782 2102 2794 2151 ;
2829 2085 3082 2140 alterum
3117 2086 3436 2142 tradebant
3460 2085 3625 2151 duci,
3669 2099 3838 2154 quem

2171 2171 2243 2226 ab
2277 2170 2494 2227 bellum
2524 2174 2896 2243 emittebant,
2929 2181 2988 2229 et
3039 2175 3274 2245 quoties
3307 2175 3360 2229 ei
3397 2173 3632 2244 aliquid
3685 2187 3837 2226 man.

2173 2261 2314 2316 dare
2345 2262 2638 2330 volebant,
2670 2263 2803 2319 albo
2837 2264 2962 2318 loro
2994 2264 3225 2336 lignum
3278 2263 3670 2319 involvebant
3699 2267 3754 2315 et
3781 2261 3838 2314 in

2174 2367 2242 2405 eo
2266 2351 2612 2407 mandatum
2636 2352 3219 2420 scribebant,deinde
3247 2353 3448 2408 lorum
3481 2351 3840 2423 replicantes

2174 2440 2234 2495 id
2267 2441 2577 2496 tabellario
2613 2442 2926 2498 tradebant
2955 2442 3409 2514 asportandum.
3473 2439 3842 2495 Dioscorides

2175 2529 2227 2582 ἐν
2256 2535 2370 2590 τοῖς
2401 2529 2530 2603 Περὶ
2561 2529 2842 2603 νομίμων,
2871 2533 2932 2586 ἱιι
2964 2549 3142 2604 Opere
3193 2533 3269 2586 De
3298 2532 3549 2586 moribus
3608 2536 3660 2584 et
3688 2529 3838 2583 insti-

2178 2623 2309 2676 tutis
2342 2621 2543 2687 refert,
2586 2621 2952 2677 feneratores
3003 2621 3265 2677 dividere
3295 2620 3592 2692 scytalam
3620 2617 3842 2673 duobus

2179 2710 2428 2765 testibus
2473 2711 2890 2782 praesentibus,
2949 2716 3008 2766 et
3058 2711 3118 2765 in
3179 2716 3437 2781 utraque
3496 2710 3630 2780 ejus
3682 2710 3838 2778 parte

2178 2806 2549 2856 contractum
2599 2800 2880 2867 scribere,
2942 2807 3000 2855 et
3051 2800 3301 2855 alteram
3345 2798 3596 2870 quidem
3630 2796 3732 2851 uni
3781 2809 3844 2846 ex

2179 2889 2430 2943 testibus
2452 2888 2612 2957 dare,
2663 2889 2914 2944 alteram
2966 2888 3078 2943 sibi
3133 2903 3463 2942 reservare.
3530 2884 3845 2940 Utebantur

2180 2979 2405 3050 scytala
2437 2983 2495 3032 et
2523 2978 2640 3033 alio
2655 2977 2935 3046 modo,ut
2962 2977 3315 3032 Aristoteles
3347 2977 3411 3031 in
3444 2972 3841 3030 Ithacensium

2177 3085 2304 3140 rep.
2338 3067 2566 3123 scribit.

2254 3157 2580 3223 Secundus,
2648 3155 3052 3223 Atheniensis,
3105 3155 3376 3227 sophista
3435 3155 3578 3226 (non
3639 3151 3711 3221 is)
3749 3145 3843 3218 qui

2187 3252 2429 3301 vocatus
2485 3251 2576 3299 est
2640 3245 2891 3300 Plinius.
2987 3245 3241 3316 Epiurus
3299 3245 3414 3315 (18)
3488 3242 3612 3298 sive
3661 3239 3846 3294 Clavus

2101 3295 2150 3361 ο
2192 3295 2893 3404 i.‘,'.{.i.:;..;.;s.1;;.1j1;¢
2921 3295 3278 3398 famis.
3301 3295 3539 3403 luitque
3590 3325 3848 3392 Herodis,

2194 3424 2497 3496 scphistm,
2528 3424 2828 3495 magister.
2863 3422 3109 3494 Scripsit
3144 3442 3168 3473 α
3205 3420 3686 3476 Declamationes
3722 3427 3845 3469 ora-

2195 3535 2224 3564 «
2259 3514 2456 3568 torias.
2494 3535 2522 3562 »

2267 3602 2568 3668 Seleucus,
2601 3600 3522 3673 Alexandrinus,grammaticus,
3557 3589 3850 3667 cognomi-

2194 3696 2370 3746 natus
2403 3691 2770 3755 Homericus,
2804 3690 2905 3760 qui
2935 3691 3132 3745 Romae
3177 3688 3588 3758 eloquentiam
3639 3677 3850 3737 docuit.

2198 3781 2444 3851 Scripsit
2497 3780 2968 3835 Commentarios
3025 3779 3087 3833 in
3147 3783 3337 3832 totum
3387 3792 3542 3848 pene
3575 3777 3846 3845 poctam;

2197 3891 2226 3919 ‹‹
2252 3871 2330 3924 De
2361 3885 2833 3941 synonymorum
2863 3867 3306 3922 diﬁerentia.De
3335 3865 3411 3920 iis
3425 3882 3558 3936 quas
3572 3860 3718 3917 falso
3732 3869 3847 3911 cre-

2199 3984 2226 4010 α
2255 3962 2583 4027 duntur,De
2615 3959 2943 4030 proverbiis
2973 3957 3129 4029 apud
3154 3956 3592 4012 Alexandrinos
3605 3945 3845 4012 usitatis,

2203 4071 2229 4098 α
2258 4052 2337 4104 De
2369 4049 2484 4103 diis
2510 4049 2696 4103 libros
2725 4054 3032 4114 centum,»
3065 4047 3208 4100 item
3240 4045 3358 4099 alia
3390 4044 3704 4114 Σύμμικτα,
3737 4034 3845 4089 sive

2199 4141 2546 4194 Miscellanea
2567 4138 2771 4209 [etiam
2831 4138 3042 4193 Glossas
3072 4135 3330 4206 aliaque,
3363 4133 3436 4187 de
3494 4129 3710 4202 quibus
3740 4120 3844 4176 vid.

2201 4228 2455 4294 Kusteri,
2490 4233 2614 4282 not.
2647 4229 2700 4292 6,
2733 4233 2875 4281 tom.
2910 4227 3006 4292 IlI,
3041 4241 3170 4296 pag.
3200 4223 3327 4277 297.
3361 4223 3378 4293 ]

2272 4317 2575 4380 Seleucus,
2650 4315 2997 4376 Emesenus,
3081 4311 3528 4384 grammaticus,
3626 4298 3849 4372 scripsit

2199 4402 2642 4460 Ἀσπαλευτικὰα
2666 4401 3282 4463 Piscatoria,versibus
3296 4395 3658 4453 hexametris
3679 4389 3846 4446 libros

2203 4519 2232 4546 «
2264 4497 2459 4565 IV(19)
2485 4511 2498 4560 ;
2523 4495 2588 4548 In
2620 4492 2857 4563 Lyricos
2887 4487 3416 4554 Commentarium,
3446 4483 3842 4542 Parthicorum

2200 4607 2229 4635 «
2262 4584 2446 4639 libros
2468 4583 2576 4636 II.»
2594 4579 2794 4636 Inveni
2828 4586 2886 4634 et
2914 4579 3100 4633 alium
3124 4577 3437 4632 Seleucum
3462 4576 3555 4630 his
3567 4569 3843 4628 additum,

442 4659 645 4713 «enim
660 4655 2094 4713 omniummaloruminterhominescausaestis.»
2129 4665 2172 4730 ι)
2204 4672 2308 4728 sed
2335 4672 2435 4743 qui
2470 4669 2670 4726 nullos
2700 4669 3022 4740 scripserat
3047 4665 3250 4720 ιίδι-οε,

443 4749 544 4802 His
575 4747 774 4802 simile
803 4751 893 4802 est
922 4746 1249 4810 decretum,
1283 4761 1319 4798 a
1367 4744 1595 4800 Pericle
1635 4746 1945 4818 scriptum,
1977 4759 2096 4818 quo

443 4839 814 4908 Megarenses
841 4836 992 4902 foro,
1025 4833 1196 4903 mari,
1229 4834 1571 4889 continente
1595 4837 1971 4892 arcebantur.

517 4926 775 4981 Σκολιόν.
836 4924 1156 4995 Tyrannion
1212 4923 1450 4994 scripsit
1486 4925 1993 4980 Commentarium
2025 4925 2098 4981 de

447 5025 619 5074 metro
641 5018 863 5085 obliquo
919 5012 1074 5085 (Περὶ
1128 5015 1224 5066 τοῦ
1274 5010 1503 5066 σκολιοῦ
1562 5015 1804 5088 μέτρου),
1855 5015 2012 5086 quod
2045 5015 2098 5070 ei

443 5107 815 5180 propositum
845 5105 959 5158 fuit
985 5120 1021 5158 a
1047 5103 1107 5158 C.
1139 5104 1389 5158 Caesare.

521 5216 758 5285 Scopas,
789 5211 1115 5266 jEtolorum
1144 5213 1384 5280 praetor,
1405 5207 1723 5263 frustratus
1740 5210 2100 5282 principatu,

448 5305 618 5374 cujus
651 5302 907 5357 maxime
930 5315 1110 5355 causa
1160 5299 1320 5369 leges
1367 5297 1625 5351 scribere
1655 5314 1837 5353 ausus
1886 5299 2098 5368 fuerat,

449 5391 871 5448 Alexandriam
897 5388 1211 5461 cogitabat,
1225 5391 1389 5441 ratus
1420 5401 1551 5440 sese
1580 5385 1744 5441 illius
1775 5388 1940 5442 urbis
1971 5390 2102 5460 opi-

523 5602 635 5676 (ι-ι)
660 5599 841 5676 intra,
869 5595 1035 5676 apud.
1056 5595 1312 5676 Suidan}.
1328 5593 1572 5676 reptas,
1592 5595 1852 5676 Wdicus-

523 5665 634 5745 (18)
660 5675 740 5728 De
762 5665 873 5745 hac
901 5665 1155 5726 lectione
1186 5684 1237 5721 v.
1271 5665 1528 5735 Kusteri,
1556 5673 1680 5722 not.
1723 5673 1776 5740 7,
1831 5676 1971 5726 tom.
2007 5672 2104 5743 III,

453 5744 584 5818 pag.
611 5748 738 5800 295.
771 5744 947 5798 Hann.

2279 4762 2494 4816 Sellius
2542 4760 2662 4814 sive
2711 4758 2932 4822 Sillius,
2966 4756 3066 4826 qui
3099 4760 3158 4810 et
3195 4755 3484 4809 Homerus
3515 4752 3704 4807 dictus
3742 4743 3840 4805 est,

2210 4851 2631 4925 grammaticus
2660 4853 2797 4904 ante
2830 4844 3456 4914 Menandrumﬁupra
3485 4843 3548 4897 in
3564 4828 3842 4898 Homero.)

2283 4941 2714 5005 Semus.Eleus,
2739 4935 3180 5010 grammaticus,
3215 4934 3454 5004 scripsit
3473 4956 3493 4981 δ
3528 4931 3843 5010 Eliacorurn

2213 5031 2442 5086 «libros
2467 5029 2608 5096 vui,
2642 5006 2924 5082 Periodos
2967 5023 3137 5078 libris
3167 5023 3238 5089 ιι,
3271 5023 3350 5076 De
3388 5023 3538 5076 Paro
3565 5017 3773 5072 librum
3802 5006 3842 5070 Ι,

2217 5141 2241 5173 α
2267 5122 2346 5175 De
2380 5122 2661 5190 Pergamo
2684 5115 2905 5170 librum
2931 5115 2975 5180 Ι,
2998 5113 3070 5167 de
3093 5110 3532 5175 Pceanibus,»in
3555 5121 3667 5177 quo
3681 5109 3842 5190 opere

2211 5224 2428 5282 genera
2457 5186 2822 5261 musicorum
2879 5206 3172 5267 recenset,
3220 5196 3653 5260 auctocabalos,
3692 5186 3840 5282 ithyf

2210 5277 2468 5370 phallos,
2501 5294 2948 5366 phallophoros,
2979 5297 3092 5346 etc.
3124 5290 3335 5360 (Supra
3365 5288 3427 5342 in
3458 5277 3842 5350 PhalIOphori,

2210 5388 2314 5442 ubi
2345 5383 2700 5441 autocabdah'
2728 5381 2964 5453 legitur,
2994 5393 3114 5434 non
3137 5377 3498 5444 autocabali.)

2284 5601 2398 5666 (l9)
2429 5599 2523 5664 At,
2555 5598 2799 5650 notante
2829 5592 3086 5666 Kust_er9_
3110 5587 3147 5642 ι.
3181 5603 3233 5642 c.
3276 5586 3337 5642 id
3369 5600 3515 5658 opus
3552 5577 3846 5637 Athenians

2214 5661 2424 5728 tribuit
2441 5661 2686 5725 Seleuco
2716 5662 3010 5721 Tarsensi.
3042 5661 3218 5716 HARL.
