4126 6438
359 434 514 496 1341

1666 433 1770 495 DE
1811 431 2097 507 QUIBUS
2139 428 2458 494 SUIDAS.

3628 426 3784 488 1342

432 547 688 622 Serenus
716 563 922 632 Elius,
955 563 1356 632 Atheniensis,
1388 567 1832 637 grammaticus,
1866 565 2016 621 scri-
2048 568 2096 633 Α
2130 563 2392 628 sustulit,
2427 568 2486 618 et
2514 563 2577 617 in
2607 560 2925 616 Alexandri
2966 562 3356 615 monumento
3374 559 3688 626 conclusit,
3720 574 3790 630 ut

361 647 483 730 psit
513 678 540 706 «
569 655 884 727 Epitomen
913 653 1110 724 operis
1136 653 1404 708 Philonis
1429 656 1507 710 De
1531 655 1780 710 urbibus
1802 661 1861 710 et
1890 655 2024 726 qui-

361 767 389 796 «
427 762 564 800 nam
601 744 661 798 in
695 742 944 815 singulis
969 743 1111 798 clari
1142 743 1558 812 fuerint,libros
1580 746 1665 799 III
1681 744 2022 816 ;Epitomen

361 855 391 883 «
425 832 995 889 commentariorum
1015 831 1324 886 Philoxeni
1358 831 1418 885 in
1442 833 1781 898 Homerum,
1819 854 1847 882 ››
1868 832 2020 886 lib.I.

431 922 668 994 Sergius
701 920 1501 991 Zeugmatensis,Aphthonii
1533 923 1592 975 F.
1626 939 1660 977 a
1681 921 2020 988 causidicis,

360 1011 462 1082 qui
497 1010 761 1082 praefecti
787 1009 1048 1076 fuerunt,
1083 1025 1271 1080 genus
1302 1009 1547 1075 ducens,
1607 1011 1921 1082 praefectus
1965 1015 2026 1065 et

359 1101 490 1173 ipse
520 1098 798 1171 praatorio
830 1103 890 1153 et
930 1098 1263 1154 consularis
1295 1105 1353 1153 et
1407 1099 1714 1171 patricius.
1778 1099 2025 1169 Scripsit

354 1188 722 1260 Epitaphium
756 1189 817 1242 in
847 1187 1177 1259 sophistam
1208 1187 1492 1243 Sabinum
1523 1189 1766 1244 fratrem
1824 1205 2018 1256 suum,

357 1280 501 1335 item
527 1279 711 1334 alium
755 1278 974 1333 librum
1033 1294 1138 1348 pro
1188 1277 1506 1334 causidicis
1553 1278 1830 1335 Adversus
1884 1279 2019 1334 Ari-

353 1369 571 1424 stidem.

429 1453 808 1520 Σεσελλίσθαι,
841 1457 986 1524 falso
1014 1471 1072 1510 se
1107 1457 1346 1527 jactare,
1409 1455 1636 1512 dictum
1676 1455 1748 1510 ab
1795 1455 2019 1511 Αἰδοὴὶ-

352 1563 453 1614 ne,
484 1544 627 1600 Selli
664 1545 750 1609 F.,
780 1545 881 1615 qui
914 1561 1141 1616 pauper
1168 1545 1408 1600 divitem
1459 1563 1522 1602 se
1552 1545 1702 1600 falso
1733 1546 2018 1617 jactabat.

351 1636 542 1691 Etiam
592 1630 828 1693 σέλλους
860 1633 1101 1702 glorioso
1122 1641 1351 1702 vocant,
1385 1640 1442 1690 et
1468 1635 1703 1705 gloriari
1723 1631 2018 1702 σελλίζειν.

424 1723 794 1787 Severianus,
820 1723 1242 1789 Damascenus,
1273 1740 1428 1778 unus
1479 1740 1546 1777 ex
1605 1724 1874 1794 primarii
1917 1740 2017 1794 ge~

352 1813 514 1869 neris
544 1811 992 1879 viris,Auxentii
1024 1811 1292 1866 Callinici
1329 1814 1410 1879 F.,
1438 1820 1602 1867 ortus
1630 1814 2019 1878 exRomanis,

354 1902 457 1973 qui
491 1899 911 1955 Alexandriam
969 1899 1300 1956 incoluere.
1339 1901 1594 1970 Poetica,
1655 1902 1912 1956 oratoria
1964 1906 2022 1956 et
2053 1933 2096 1998 Β

344 1990 503 2062 juris
526 1988 716 2044 civilis
777 1989 1024 2043 Romani
1069 1989 1281 2060 peritia
1338 1989 1665 2045 instructus
1715 1990 1894 2046 etiam
1948 1991 2010 2044 in

353 2078 735 2151 philosophia
764 2077 1200 2132 instituendum
1235 2095 1296 2133 se
1328 2078 1536 2134 Proclo
1587 2079 1728 2134 dare
1757 2078 2010 2148 volebat,

352 2167 414 2222 ni
446 2172 633 2238 pater,
657 2165 758 2237 qui
789 2170 1105 2236 patronum
1129 2182 1439 2222 causarum
1473 2167 1749 2232 malebat,
1785 2167 1845 2222 id
1871 2185 2008 2239 pro-

350 2255 662 2310 hibuisset.
697 2253 809 2308 Sed
839 2260 1006 2324 patre
1037 2254 1336 2321 defuncto,
1392 2255 1675 2325 Athenas,
1733 2255 1833 2310 ubi
1866 2258 2012 2311 Pro-

346 2345 476 2400 clus
499 2349 643 2408 erat,
672 2343 977 2415 profectus
1020 2344 1357 2410 somniavit,
1418 2345 1640 2400 montis
1693 2346 2010 2414 cacumini,

347 2439 635 2504 tanquam
665 2431 960 2500 vehiculo,
995 2448 1056 2488 se
1091 2431 1352 2488 insidere
1383 2438 1442 2487 et
1497 2439 1760 2489 montem
1815 2435 2014 2504 ipsum

346 2523 566 2594 aurigas
597 2522 786 2576 instar
821 2522 1064 2592 agitare.
1112 2521 1260 2576 llinc
1317 2522 1438 2576 fato
1493 2528 1553 2576 et
1608 2522 1910 2591 voluntate
1941 2522 2014 2576 ad

344 2626 536 2682 remp.
570 2609 853 2666 accedere
887 2615 947 2664 et
977 2609 1387 2681 magistratum
1419 2626 1638 2682 genere
1669 2627 1848 2681 quam
1879 2612 2012 2682 phi-

352 2699 688 2771 losophiam
720 2699 1082 2769 beatumque
1118 2699 1303 2754 otium
1338 2699 1550 2754 sectari
1604 2699 1835 2754 maluit.
1869 2701 2016 2754 Cum

357 2795 564 2859 postea
595 2790 656 2844 in
683 2789 886 2844 odium
917 2789 1232 2844 incidisset
1262 2789 1599 2856 Ardaburii,
1622 2791 1820 2862 magni
1852 2790 2016 2844 illius

359 2878 908 2950 AsparisF.,multa
937 2877 1009 2932 ab
1043 2878 1146 2932 illo
1179 2895 1390 2949 passus
1420 2883 1512 2932 est
1528 2879 1944 2934 sanctissimus
1959 2882 2019 2932 et

362 2986 544 3041 supra
573 2969 818 3024 modum
849 2969 1154 3042 religionis
1186 2970 1400 3024 Graecaa
1447 2969 1658 3025 cultor.
1692 2970 2018 3025 Isocrateas

367 3058 546 3113 etiam
577 3059 877 3113 orationes
908 3058 1274 3129 copiosiores
1289 3058 1431 3113 etde
1462 3075 1588 3130 rep.
1610 3064 1852 3130 agentes
1869 3058 2016 3113 mihi

365 3147 680 3214 enarravit,
716 3163 837 3202 non
867 3146 1190 3201 artificioso
1239 3146 1345 3202 illo
1396 3152 1454 3201 et
1511 3147 1856 3218 sophistico,
1916 3146 2020 3202 sed

358 3235 641 3308 prudenti
699 3241 760 3290 et
789 3234 1204 3306 philosophica
1233 3252 1420 3290 more.
1479 3234 1642 3290 Idem
1694 3236 2018 3302 Iulianum,

2129 669 2242 707 nec
2274 653 2436 708 illius
2465 668 2680 723 corpus
2706 651 3022 721 quisquam
3065 649 3322 720 amplius
3353 657 3645 717 cerneret,
3679 668 3789 707 nec

2126 757 2222 795 res
2250 741 2312 795 in
2347 741 2468 795 illis
2496 740 2747 811 scriptas
2773 738 3014 806 legeret.

2206 830 2473 893 Severus,
2508 833 2769 901 Σευῆρος.
2801 827 2905 882 Hic
2962 831 3097 897 post
3141 826 3443 881 infelicem
3469 826 3639 882 illum
3673 830 3785 882 Eu-

2130 919 2368 989 tychem
2402 918 2646 983 exstitit,
2679 922 2739 972 et
2767 932 2900 971 cum
2941 915 3270 971 Antiochiaa
3302 915 3582 970 thronum
3611 917 3786 971 malis

2128 1008 2355 1063 artibus
2386 1013 2754 1078 occupasset,
2788 1005 3078 1060 Manentis
3111 1010 3168 1059 et
3198 1005 3557 1075 Apollinaris
3588 1013 3646 1060 et
3671 1008 3788 1060 Eu-

2125 1097 2318 1169 tychis
2377 1097 2650 1151 haeresim
2706 1093 2972 1150 stabilire
3021 1093 3365 1148 conabatur.
3397 1097 3479 1148 Ex
3536 1095 3789 1150 ecclesia

2125 1187 2328 1256 itaque
2367 1186 2576 1258 pulsus
2633 1185 2695 1239 in
2743 1182 3195 1248 Alexandrinos,
3229 1183 3516 1254 p0pulum
3571 1183 3783 1239 levem,

2125 1277 2381 1332 turbinis
2413 1282 2472 1331 et
2528 1274 2805 1347 procellas
2864 1273 3054 1328 instar
3111 1273 3340 1327 incidit.
3383 1275 3528 1328 Cum
3585 1279 3784 1329 autem

2129 1367 2226 1421 hic
2258 1381 2496 1437 quoque
2522 1365 2642 1420 alia
2671 1362 2936 1435 procella
2964 1362 3078 1432 ipsi
3111 1366 3171 1416 et
3221 1362 3440 1434 populo
3478 1368 3782 1430 restasset,

2131 1456 2333 1510 omnia
2356 1454 2626 1510 confudit
2647 1459 2706 1508 et
2732 1451 3116 1523 perturbavit.
3164 1451 3435 1506 Julianus
3461 1452 3621 1505 enim
3652 1452 3787 1523 qui-

2127 1544 2263 1600 dam
2296 1541 3028 1607 Halicarnassensis,Asiaa
3057 1541 3392 1611 episcopus,
3422 1557 3522 1595 eos
3539 1541 3788 1612 dissipa-

2124 1635 2224 1690 vit.
2258 1634 2472 1688 Confer
2503 1648 2701 1704 supra,
2737 1631 2795 1684 in
2826 1629 3083 1685 Juliano.

2199 1725 2428 1790 Sextus,
2479 1721 2916 1787 Chaeronensis,
2967 1719 3267 1774 Plutarchi
3319 1719 3541 1774 sororis
3600 1720 3781 1789 filius,

2126 1812 2540 1884 philosophus,
2570 1811 2670 1881 qui
2720 1809 2830 1864 fuit
2861 1809 2930 1862 M.
2973 1809 3254 1862 Antonini
3285 1809 3531 1863 Cmsaris
3563 1813 3784 1879 tempo-

2129 1899 2315 1966 ribus,
2350 1898 3090 1968 Herodoti,Philadelphaa,
3123 1897 3454 1967 discipulus
3485 1903 3780 1968 sectisque

2124 1991 2467 2063 Pyrrhoniae
2497 1989 2768 2044 addictus
2797 1990 2929 2060 (21).
2963 1988 3066 2042 Hic
3092 1987 3248 2058 apud
3279 1988 3697 2058 imperatorem
3716 1987 3778 2042 in

2124 2087 2289 2136 tanto
2320 2081 2550 2134 honore
2595 2083 2741 2145 erat,
2774 2083 2839 2132 ut
2895 2093 3015 2132 una
3061 2092 3196 2131 cum
3255 2092 3322 2130 eo
3377 2077 3480 2148 jus
3530 2075 3774 2131 diceret.

2123 2170 2372 2242 Scripsit
2425 2169 2648 2236 Ethica,
2705 2168 2970 2236 itemque
3020 2166 3272 2236 Sceptica
3331 2165 3487 2220 libris
3522 2167 3586 2221 X.
3638 2168 3781 2220 Post

2123 2256 2430 2313 Commodi
2462 2263 2712 2311 mortem
2746 2254 2988 2326 quidam
3019 2271 3081 2310 se
3115 2254 3342 2308 Sixtum
3380 2254 3578 2308 dicere
3599 2270 3782 2308 ausus

2125 2346 2672 2416 est,facultatesque
2704 2349 2762 2398 et
2791 2343 3138 2416 dignitatem
3171 2344 3299 2415 ejus
3330 2343 3443 2397 sibi
3464 2343 3785 2406 vindicare,

2125 2436 2226 2506 qui
2277 2452 2312 2490 a
2369 2433 2575 2489 multis
2634 2449 2792 2502 saepe
2851 2433 3248 2502 interrogatus
3279 2431 3423 2486 scite
3458 2431 3786 2502 respondit.

2125 2527 2238 2581 Sed
2250 2543 2383 2581 cum
2400 2525 2671 2596 pertinax
2699 2523 2991 2578 nonnulla
3004 2523 3077 2578 ad
3091 2523 3489 2578 eruditionem
3503 2523 3788 2576 Graacam,

2126 2618 2299 2687 cujus
2328 2614 2432 2669 ille
2464 2613 2630 2668 rudis
2689 2618 2836 2675 erat,
2870 2612 3232 2683 pertinentia
3273 2628 3343 2666 ex
3374 2628 3442 2666 eo
3475 2616 3788 2682 quaereret,

2127 2707 2301 2777 longe
2333 2722 2368 2760 a
2398 2721 2577 2776 scopo
2626 2702 2940 2768 aberravit,
2971 2720 3128 2765 cum,
3163 2701 3306 2773 quid
3339 2702 3656 2765 diceretur,
3712 2717 3787 2755 ne

2129 2795 2464 2866 intelligere
2525 2792 2768 2863 quidem
2827 2797 3050 2862 posset.
3084 2791 3242 2846 Adeo
3299 2798 3515 2846 natura
3546 2790 3787 2861 quidem

2128 2884 2355 2938 vultum
2389 2883 2442 2938 ei
2476 2881 2736 2937 similem
2770 2879 3047 2944 habebat,
3079 2880 3431 2950 caeterisque
3487 2879 3551 2934 in
3610 2879 3788 2933 rebus

2133 2979 2257 3030 arte
2289 2989 2424 3027 eum
2455 2970 2771 3040 referebat,
2804 2969 3076 3024 doctrina
3112 2985 3248 3024 vero
3281 2968 3491 3024 eadem
3523 2969 3793 3024 excultus

2134 3078 2255 3118 non
2289 3066 2432 3115 erat.

2206 3152 2435 3216 Sextus,
2469 3149 2608 3204 Afer
2637 3149 2772 3218 (22).
2805 3147 3220 3220 philosophus,
3255 3147 3494 3219 scripsit
3539 3148 3794 3218 Sceptica

2137 3240 2257 3296 sive
2288 3239 2605 3308 Pyrrhonia
2637 3238 2792 3291 libris
2810 3239 2877 3291 X.

356 3303 602 3380 fratrem
631 3303 830 3380 meum
863 3325 975 3395 (20)
1006 3303 1153 3379 natu
1183 3325 1475 3379 minorem
1499 3325 1584 3380 sic
1614 3325 1688 3380 ad
1737 3325 2019 3396 eloquen-
2053 3303 2097 3369 (ἶ
2205 3303 2430 3397 Sibylla
2455 3325 2759 3397 Delphica,
2819 3340 2997 3395 quam
3028 3325 3209 3379 etiam
3247 3323 3487 3380 Dianam
3525 3327 3794 3397 appella-

362 3413 460 3468 tiaa
493 3413 755 3468 studium
787 3412 1198 3480 inﬂammavit,
1232 3418 1298 3468 ut
1327 3430 1465 3469 eum
1508 3419 1566 3468 et
1615 3419 1821 3485 poetas
1853 3421 1910 3468 et
1939 3430 2028 3469 ce-

360 3502 559 3558 lebres
589 3507 854 3557 oratores
882 3502 1148 3557 ediscere
1181 3502 1442 3574 juberet.
1475 3504 1548 3557 Et
1603 3503 1752 3558 alios
1783 3503 2026 3573 quidem

362 3597 569 3662 poetas
633 3597 938 3662 utcunque
998 3591 1307 3663 probabat,
1369 3598 1428 3647 at
1475 3593 1905 3648 Callimachum
1964 3593 2025 3646 in

244 3740 253 3749 ,
363 3698 583 3737 manus
615 3697 882 3747 sumens,
911 3681 1118 3736 Afrum
1140 3681 1301 3736 hunc
1314 3687 1550 3752 poetam
1579 3698 1888 3754 nunquam
1906 3697 2028 3737 non

366 3769 590 3825 derisit.
621 3769 1042 3835 Quinlectione
1063 3769 1193 3840 ejus
1211 3769 1358 3824 adeo
1373 3770 1806 3838 offendebatur,
1839 3770 2024 3825 inter-

367 3859 508 3914 dum
540 3865 607 3914 ut
635 3859 855 3913 librum
890 3860 1018 3930 ejus
1072 3865 1449 3929 conspueret.
1510 3859 1656 3914 Huic
1697 3861 1851 3914 Zeno
1881 3859 2025 3930 imp.

367 3949 700 4020 proximam
725 3965 759 4004 a
789 3965 851 4004 se
907 3949 1256 4021 dignitatem
1289 3948 1592 4019 pollicitus
1621 3953 1730 4013 est,
1773 3949 1822 4004 si
1853 3948 2027 4004 Chri-

370 4038 599 4093 stianus
631 4038 759 4092 fieri
784 4037 998 4093 vellet:
1033 4043 1092 4092 et
1121 4038 1248 4108 ipse
1279 4037 1453 4092 nobis
1483 4037 1818 4109 epistolam,
1850 4039 2026 4109 polli-

369 4128 680 4182 citationes
712 4127 846 4182 illas
906 4127 1338 4193 continentem,
1397 4127 1501 4182 sed
1559 4128 1712 4182 nihil
1755 4128 1911 4199 apud
1968 4145 2030 4182 se

367 4217 800 4287 proficientem,
854 4216 1144 4271 recitavit.
1211 4215 1528 4271 Arcadium
1587 4218 1785 4272 etiam.
1835 4218 2029 4273 Laris-

370 4321 576 4368 sznum.
609 4321 716 4377 per
738 4304 1054 4376 epistolam
1085 4304 1435 4375 objurgavit.
1479 4305 1624 4360 Nam
1656 4307 2030 4364 Severianus.

368 4397 431 4451 in
464 4394 734 4466 epistolis
765 4393 1101 4449 scribendis
1133 4408 1269 4448 acer
1309 4398 1368 4447 et
1394 4393 1674 4449 cordatus
1703 4401 1851 4450 erat.

444 4483 711 4550 Severus,
745 4477 1013 4556 Σεϐῆρος,
1072 4482 1341 4554 sophista
1396 4484 1698 4538 Romanus
1755 4483 1863 4537 sub
1914 4490 2030 4538 An-

373 4573 619 4641 themio,
651 4573 794 4643 imp.
847 4571 961 4627 fuit
990 4572 1412 4628 Alexandriam
1451 4587 1588 4625 vero
1618 4572 1919 4644 profectus
1968 4574 2030 4628 in

2135 3422 2292 3472 runt.
2331 3415 2482 3469 Vixit
2530 3419 2669 3470 ante
2700 3413 2924 3468 bellum
2980 3414 3322 3486 Trojanum,
3375 3415 3614 3486 scripsit
3662 3434 3795 3473 ora-

2136 3505 2269 3561 cula
2295 3504 2584 3561 versibus.

2205 3593 2444 3667 Sibyllae
2489 3592 2782 3648 Chaldaaaa
2848 3597 3018 3664 pater
3070 3594 3346 3664 Berosus,
3399 3599 3592 3649 mater
3650 3599 3798 3667 Ery-

2136 3684 2402 3739 manthe.

2208 3771 2452 3843 Sibylla,
2485 3768 2780 3841 Apollinis
2837 3774 2896 3823 et
2926 3769 3142 3824 Lamias
3165 3769 3248 3836 F.,
3276 3769 3370 3824 vel
3417 3770 3797 3826 Aristocratis

2138 3866 2198 3914 et
2253 3859 2528 3931 Hydoles,
2579 3858 2671 3914 vel
2717 3859 3074 3931 Crinagoras,
3132 3858 3243 3927 vel,
3301 3865 3369 3913 ut
3415 3860 3794 3932 Hermippus,

2137 3949 2450 4014 Theodori,
2485 3947 2811 4020 Erythram,
2844 3953 2986 4002 nata
3013 3947 3074 4001 in
3104 3947 3235 4002 loco
3266 3949 3657 4014 Erithrarum,
3691 3949 3796 4019 qui

2139 4037 2460 4092 vocabatur
2486 4037 2658 4102 Batti,
2691 4051 2851 4090 nunc
2883 4034 3124 4090 condita
3152 4035 3276 4089 illic
3305 4036 3472 4104 urbe,
3506 4037 3792 4107 Erythrae.

2140 4126 2390 4192 Quidam
2439 4125 2701 4180 Siculam
2733 4124 2998 4189 tradunt,
3029 4123 3130 4177 alii
3164 4123 3530 4188 Sardianam,
3589 4127 3800 4196 Gerge-

2141 4216 2349 4281 thiam,
2378 4213 2692 4282 Rhodiam,
2726 4213 3052 4282 Libyssam,
3072 4213 3389 4281 Lucanam,
3419 4213 3510 4268 vel
3542 4214 3801 4269 Samiam

2142 4306 2424 4374 denique.
2451 4303 2580 4357 Fuit
2630 4306 2765 4372 post
2822 4306 3055 4370 captam
3103 4301 3312 4355 urbem
3343 4302 3576 4373 Trojam
3625 4303 3802 4357 annis

2140 4393 2610 4451 CCCCLXXXIII.
2641 4390 3008 4460 Conscripsit
3044 4389 3228 4444 libros
3258 4390 3404 4445 istos
3436 4407 3450 4444 :
3479 4391 3627 4465 ’Περὶ
3658 4389 3801 4445 παλ-

2145 4487 2259 4554 μῶν
2290 4484 2367 4536 De
2413 4480 2920 4552 palpitationibus:
2955 4477 3138 4548 Μὲλη,
3173 4480 3432 4535 Carmina
3451 4479 3800 4552 ;Χρησμούς,

2143 4572 2402 4628 Gracula.
2456 4569 2675 4624 Eadem
2733 4568 2912 4622 etiam
2970 4567 3165 4639 prima
3212 4569 3571 4639 triquetrum
3615 4587 3801 4642 genus

373 4663 493 4718 otio
523 4661 938 4734 philosophico
961 4661 1138 4716 vitam
1173 4661 1481 4734 transegit,
1513 4661 1810 4716 variorum
1850 4662 2038 4718 libro-
2065 4667 2113 4734 D
2141 4661 2286 4732 lyrae
2305 4659 2494 4713 fertur
2524 4656 2843 4712 invenisse.

372 4768 506 4807 rum
531 4750 706 4822 copia
734 4749 969 4805 abunde
993 4750 1337 4805 instructus.
1375 4751 1540 4806 Viros
1554 4757 1750 4806 autem
1765 4752 2039 4808 doctrina

376 4846 752 4914 praastantes,
788 4839 836 4894 si
866 4839 1187 4910 quisquam
1215 4839 1388 4908 alius,
1414 4839 1490 4896 ad
1521 4856 1584 4896 se
1614 4840 1787 4896 facile
1808 4847 2034 4912 pertra-

373 4932 518 4986 here
556 4933 819 4984 noverat.

446 5022 696 5077 Severus
727 5019 1088 5090 (imperator)
1119 5035 1231 5074 nec
1249 5019 1646 5075 humanarum
1676 5035 1785 5075 nec
1807 5021 2034 5076 divina-

369 5128 504 5167 rum
535 5126 735 5166 rerum
770 5109 1096 5180 quidquam
1154 5109 1698 5182 impervestigatum
1729 5117 1796 5165 ut
1849 5111 2034 5166 relin-

371 5205 606 5274 queret,
635 5199 728 5253 vel
752 5197 1162 5254 occultissima
1214 5205 1620 5270 perscrutatus
1651 5205 1760 5255 est.
1800 5202 1872 5254 Et
1900 5200 2033 5256 ideo

368 5291 555 5346 libros
611 5305 842 5357 omnes,
905 5288 1006 5359 qui
1057 5288 1284 5358 aliquid
1341 5289 1542 5344 arcani
1598 5289 1917 5360 habebant,
1976 5295 2036 5345 et

370 5395 764 5452 quoscunque
806 5377 1072 5449 reperire
1103 5377 1316 5449 potuit,
1367 5394 1439 5433 ex
1485 5379 1764 5434 omnibus
1839 5378 2033 5450 adytis

465 5563 558 5632 20)
590 5555 1094 5632 Damasciikverba
1123 5561 1282 5632 sunt.

465 5563 558 5632 20)
590 5562 884 5615 Damascii
915 5562 1094 5612 verba
1123 5562 1282 5613 sunt.

445 5562 554 5704 22H
600 5702 613 5704 ξ
640 5633 809 5686 Hunc
890 5629 1183 5704 Sextum,_
1209 5624 1536 5704 ἀδελφιδοῦς
1588 5627 1954 5704 Πλοιγξάρχοο
1985 5645 2033 5704 _a

377 5699 559 5761 Suida
583 5702 828 5769 dictum,
856 5717 975 5756 non
1008 5699 1285 5755 eumdem
1339 5699 1467 5758 esse
1497 5702 1603 5773 (uti
1638 5699 2033 5773 quida'm'opi-

377 5776 720 5847 nabantur),
751 5790 886 5830 cum
943 5773 1114 5827 Sexto
1172 5773 1501 5844 Pyrrhonio
1559 5775 1680 5831 sive
1710 5774 2032 5846 Empirico,

2220 4749 2466 4820 Sibylla,
2499 4747 2748 4815 Helissa,
2803 4746 3044 4818 scripsit
3091 4746 3356 4802 versibus
3411 4748 3692 4804 vaticinia
3747 4753 3808 4804 et

2146 4840 2406 4897 oracula.

2217 4929 2441 5001 Sibylla
2470 4927 2857 4998 Colophonia,
2891 4943 3023 4997 quas
3053 4934 3258 4983 vocata
3303 4928 3417 4983 fuit
3444 4932 3737 4998 Lampusa,
3770 4944 3805 4983 a

2144 5020 2462 5076 Calchante
2492 5017 2764 5072 oriunda.
2789 5016 2921 5087 lpsa
2958 5033 3196 5088 quoque
3241 5017 3481 5088 scripsit
3526 5017 3804 5073 vaticinia

2146 5116 2204 5166 et
2233 5109 2475 5165 oracula
2503 5106 2793 5175 versibus,
2822 5112 2881 5160 et
2908 5105 3048 5163 alia.

2217 5197 2441 5268 Sibylla
2468 5195 2768 5263 Thessala,
2802 5194 2962 5250 dicta
2986 5196 3166 5251 etiam
3187 5198 3398 5264 Manto,
3423 5212 3554 5266 qum
3585 5212 3621 5250 a
3641 5197 3800 5250 Tire-

2144 5289 2232 5344 sia
2260 5303 2448 5360 genus
2473 5285 2658 5340 duxit.

2214 5375 2440 5449 Sibylla
2458 5374 2731 5446 Phrygia,
2765 5389 2801 5429 a
2847 5373 3203 5445 quibusdam
3234 5379 3443 5430 vocata
3483 5374 3692 5443 Sarbis,
3723 5372 3797 5430 ab

2141 5558 2356 5614 Kuster
2383 5555 2546 5625 (tom.
2578 5552 2678 5621 IlI,
2707 5566 2840 5625 pag.
2875 5551 3024 5625 299),
3056 5551 3423 5625 argumentis
3468 5567 3610 5625 usus
3653 5553 3792 5606 Jon-

2142 5629 2235 5698 sii,
2267 5629 2364 5696 ΙΙΙ,
2389 5621 2517 5697 cap.
2552 5628 2639 5694 t2,
2695 5621 2909 5678 Histor.
2969 5621 3308 5694 philosoph.
3366 5623 3485 5680 late
3542 5622 3790 5679 demon-

2140 5700 2332 5756 travit.
2363 5699 2541 5753 Hum.

2209 5771 2324 5844 (22)
2355 5770 2461 5825 Hic
2492 5773 2582 5826 est
2600 5767 2808 5823 Sextus
2836 5765 3188 5838 Empiricus.
3217 5767 3394 5823 Hann.
