4126 6422
385 384 543 446 1343

1693 389 1944 462 INDEX
1994 387 2517 468 SGBIPTOBUM

3660 393 3822 454 1344

377 516 517 602 aliis
549 515 876 587 Cassandra,
908 517 981 574 ab
1002 518 1137 575 aliis
1153 521 1564 590 Taraxandras,
1581 526 1640 578 et
1666 520 1798 594 ipsa
1812 520 2049 594 scripsit
2075 518 2124 586 Α
2162 536 2300 578 nem
2324 523 2554 594 primus
2587 523 2852 588 invenit;
2885 525 2945 577 et
2965 521 3363 594 proverbium.
3393 521 3593 582 Glauci
3623 540 3732 594 ars,
3750 525 3826 582 de

389 605 648 661 oracula.

457 695 678 766 Sibylla
707 697 969 752 Cumana
992 703 1049 754 et
1068 699 1291 770 Sibylla
1304 701 1786 773 Thesprotica.Et
1807 701 1899 756 ha
1920 717 2049 756 ora-

389 785 523 839 cula
543 787 931 856 scripserunt.

461 874 682 946 Sibylla
713 877 1007 940 Chaldaa.
1045 879 1163 934 sive
1196 879 1443 936 IIebraa
1495 887 1597 935 aut
1626 882 1884 946 Persica,
1917 898 2050 952 pro-

390 965 520 1034 prio
578 966 819 1020 nomine
869 967 1175 1038 Sambethe,
1232 987 1266 1025 a
1312 970 1657 1026 beatissimo
1705 973 1822 1026 Noe
1866 987 2050 1044 genus

389 1053 633 1108 ducens.
671 1056 804 1110 Haec
833 1056 1126 1127 pradixit,
1163 1076 1293 1130 qua
1350 1060 1684 1116 Alexandro
1751 1059 2051 1116 Macedoni

387 1143 706 1215 contigisse
729 1145 1026 1211 dicuntur,
1061 1148 1232 1219 cujus
1283 1150 1557 1204 meminit
1611 1150 1883 1218 Nicanor,
1950 1152 2051 1220 qui

390 1231 581 1286 Vitam
604 1232 924 1289 Alexandri
955 1236 1211 1307 scripsit.
1246 1238 1465 1293 Eadem
1495 1238 1574 1294 ’de
1603 1240 1853 1295 Domino
1885 1239 2050 1293 Chri-

390 1327 479 1376 sto
514 1321 762 1394 ejusque
793 1323 1069 1392 adventu,
1119 1327 1390 1383 Numinis
1439 1329 1752 1395 instinctu,
1793 1329 2054 1400 plurima

385 1411 680 1482 pradixit.
707 1417 854 1468 Cum
873 1413 984 1469 hac
1016 1419 1075 1469 et
1094 1416 1344 1487 reliqua
1383 1417 1620 1489 Sibylla
1643 1419 2050 1478 consentiunt,

382 1499 500 1554 nisi
532 1505 599 1554 ut
629 1501 808 1573 hujus
839 1503 958 1558 sint
1015 1506 1187 1559 XXIV
1245 1506 1381 1560 libri
1409 1507 1480 1562 de
1530 1508 1734 1578 quavis
1775 1513 1950 1580 gente
1997 1508 2055 1560 et

385 1591 626 1660 regione
686 1593 1105 1662 pradictiones
1163 1597 1560 1652 continentes.
1624 1598 1790 1662 Quod
1855 1604 2055 1652 autem

381 1697 589 1734 versus
621 1681 752 1750 ejus
787 1681 1121 1752 imperfecti
1155 1690 1212 1738 et
1260 1685 1444 1740 luxati
1487 1687 1890 1754 inveniantur,
1933 1703 2053 1740 non

387 1775 476 1824 est
502 1770 690 1840 ipsius
721 1771 872 1826 vatis
895 1772 1090 1843 culpa,
1125 1774 1227 1828 sed
1259 1775 1610 1841 scribarum,
1647 1775 1749 1848 qui
1807 1776 1895 1830 vel
1919 1791 2051 1830 ora-

385 1858 568 1913 tionis
599 1859 967 1915 celeritatem
984 1863 1298 1919 scribendo
1311 1868 1547 1936 assequi
1567 1884 1688 1922 non
1711 1873 2051 1940 potuerunt,
2085 1889 2129 1952 Β

383 1947 472 2002 vel
503 1947 681 2002 etiam
707 1948 932 2004 indocti
963 1957 1021 2005 et
1049 1954 1465 2022 grammatices
1493 1956 1750 2027 imperiti
1784 1955 2045 2011 fuerunt.

385 2037 526 2090 Cum
561 2037 767 2092 afﬂatu
799 2041 957 2094 enim
994 2048 1053 2096 et
1083 2058 1291 2098 eorum
1322 2061 1454 2114 qua
1485 2043 1644 2100 dicta
1677 2053 1868 2113 erant,
1918 2061 2045 2100 me-

390 2125 579 2181 moria
610 2127 784 2184 simul
812 2129 1142 2186 desinebat.
1178 2135 1248 2187 Et
1289 2134 1417 2188 hac
1445 2151 1625 2190 causa
1660 2141 1750 2190 est
1778 2153 1960 2206 quare
1992 2140 2051 2190 et

387 2231 590 2270 versus
612 2216 945 2288 imperfecti
976 2221 1372 2290 reperiantur,
1405 2229 1465 2278 et
1493 2225 1790 2280 sententia
1818 2223 2046 2279 claudi-

389 2319 552 2372 cans,
586 2305 706 2360 sive
737 2308 1179 2378 sapientissimo
1230 2311 1332 2364 Dei
1395 2312 1646 2368 consilio
1686 2313 1799 2368 hoc
1828 2314 2049 2369 factum

389 2392 592 2462 fuerit,
617 2412 749 2450 nea
794 2397 998 2452 multis
1033 2398 1248 2470 'iisque
1303 2401 1562 2473 indignis
1620 2403 1864 2458 oracula
1919 2403 2050 2473 ejus

393 2488 1041 2558 cognoscerentur,sive
1073 2489 1314 2560 longum
1340 2493 1694 2562 tempus,uti
1724 2493 2049 2548 multorum

393 2575 669 2643 aliorum,
690 2576 772 2631 ita
794 2576 971 2631 etiam
1003 2577 1182 2649 hujus
1214 2580 1299 2634 rei
1330 2596 1507 2635 causa
1533 2581 1732 2636 fuerit.
1758 2584 2052 2637 Praterea

394 2669 452 2718 et
482 2664 816 2720 obscuritas
845 2681 1052 2722 eorum
1084 2685 1215 2738 qua
1248 2685 1282 2723 a
1310 2669 1533 2741 Sibylla
1564 2670 1937 2740 dicebantur,
1992 2676 2052 2726 et

389 2753 598 2808 crebra
628 2753 916 2809 librorum
945 2756 1074 2826 ejus
1119 2756 1462 2828 descriptio,
1496 2759 1646 2813 nihil
1696 2761 1915 2814 mirum
1959 2765 2051 2815 est

392 2843 439 2897 si
469 2847 527 2897 et
552 2859 764 2899 sensus
796 2849 854 2899 et
877 2846 1049 2900 metri
1071 2847 1485 2903 confusionem
1510 2851 1867 2920 pepererint.

462 2932 700 3004 Sibylla
724 2933 971 2990 diversis
1030 2941 1089 2989 et
1130 2935 1278 2992 locis
1311 2942 1370 2992 et
1417 2939 1784 3010 temporibus
1807 2940 2052 2996 fuerunt

389 3020 616 3075 decem.
649 3022 867 3089 Prima,
901 3024 1196 3090 Chaldaa,
1234 3042 1365 3095 qua
1400 3032 1458 3081 et
1497 3029 1754 3099 Persica,
1807 3029 2048 3100 proprio

385 3111 628 3166 nomine
657 3113 948 3168 Sambethe
977 3113 1152 3169 dicta.
1216 3114 1505 3185 Secunda,
1551 3116 1784 3188 Libyca.
1834 3119 2048 3197 Tertia,

384 3199 690 3270 Delphica,
742 3202 986 3272 Delphis
1044 3209 1202 3259 nata.
1255 3205 1493 3274 Quarta,
1552 3206 1778 3274 Italica,
1817 3225 1948 3278 qua
1985 3209 2046 3264 in

383 3255 564 3343 Italia
595 3255 763 3354 urbe,
787 3255 1107 3347 Ciinmeria
1135 3255 1298 3363 (nata
1325 3301 1452 3362 est).
1478 3255 1715 3360 buinta,
1739 3255 2052 3368 lérythrea,
2082 3255 2128 3324 Ο

383 3395 516 3448 qua
551 3386 688 3434 ante
720 3380 949 3437 bellum
982 3384 1302 3453 Trojanum
1351 3385 1669 3440 vaticinata
1697 3385 1828 3441 fuit.
1864 3387 2057 3446 Sexta.

385 3467 599 3532 Samia,
630 3471 869 3542 proprio
901 3472 1146 3526 nomine
1177 3473 1350 3542 Phyto
1381 3474 1557 3539 dicta,
1583 3474 1656 3529 de
1689 3491 1806 3546 qua
1823 3476 2061 3548 scripsit

387 3559 828 3616 Eratosthenes.
859 3560 1142 3631 Septima,
1176 3563 1462 3631 Cumana,
1495 3581 1628 3634 qua
1661 3566 2055 3646 etAmalthea,

387 3651 447 3700 et
471 3649 786 3719 Hieraphile
817 3649 974 3704 dicta
1021 3650 1151 3707 fuit.
1187 3653 1422 3720 Octava,
1456 3653 1886 3725 Hellespontia,
1916 3662 2057 3712 nata

384 3736 447 3789 in
473 3737 597 3792 vico
649 3739 982 3804 Marmisso,
1042 3756 1226 3811 prope
1286 3741 1638 3811 oppidulum
1670 3744 2055 3816 Gergythium

383 3825 536 3894 (qua
569 3825 701 3881 loca
729 3827 874 3881 olim
911 3827 1132 3883 finibus
1171 3829 1434 3902 regionis
1482 3832 1751 3902 Trojana
1785 3850 2052 3904 compre-

387 3914 576 3968 hensa
599 3915 900 3985 (fuerunt),
918 3918 1286 3988 temporibus
1320 3919 1552 3975 Solonis
1585 3927 1644 3975 et
1673 3923 1829 3994 Cyri.
1864 3925 2050 3979 Nona,

389 4002 662 4075 Phrygia.
716 4005 977 4073 Decima,
1008 4005 1296 4075 Tiburtia,
1331 4009 1622 4066 Albunaa
1660 4011 1838 4067 dicta.
1873 4013 2056 4068 Aiunt

391 4097 614 4160 autem,
649 4093 956 4166 Sibyllam,
1006 4096 1352 4166 Cumanam,
1411 4116 1624 4154 novem
1673 4101 2052 4157 oraculorum

393 4197 634 4236 suorum
667 4183 853 4239 libros
883 4185 1156 4242 attulisse
1195 4187 1270 4242 ad
1326 4189 1716 4259 Tarquinium
1761 4191 2048 4261 Priscum,

389 4277 530 4325 tunc
562 4273 964 4330 Romanorum
995 4292 1195 4348 regem
1230 4294 1244 4331 :
1269 4295 1418 4348 quos
1447 4294 1582 4333 cum
1613 4278 1716 4334 ille
1742 4281 2053 4351 repudias-

387 4365 496 4430 set,
530 4361 647 4417 duo
688 4379 757 4418 ex
789 4363 912 4418 illis
943 4381 1262 4422 cremasse.
1314 4366 1501 4435 (Conf.
1553 4373 1750 4425 tamen
1784 4371 2043 4426 Lactant.

385 4450 466 4506 De
489 4450 638 4508 falsa
659 4453 828 4525 relig.
859 4453 961 4510 lib.
996 4471 1036 4525 ι,
1069 4472 1199 4527 cap.
1235 4459 1289 4526 6,
1320 4457 1347 4524 §
1377 4460 1408 4509 7
1440 4459 1597 4528 sqq.)

455 4541 680 4612 Sibylla
709 4559 821 4598 vox
844 4549 934 4599 est
962 4546 1247 4610 Romana,
1291 4562 1468 4616 quam
1524 4548 1573 4602 si
1614 4548 2045 4621 interpreteris.

2163 611 2235 666 iis
2261 629 2393 682 qua
2413 612 2587 669 facile
2618 613 3038 669 conficiuntur.

2233 702 3063 774 Silvanus,philosophus,qui
3091 709 3306 758 catera
3337 703 3576 775 quidem
3601 705 3831 776 probus

2164 797 2290 846 erat
2311 798 2369 846 et
2400 799 2662 859 sanctus,
2697 792 2801 846 sed
2832 791 3101 846 moribus
3135 793 3389 864 simplex
3445 799 3500 848 et
3557 802 3826 866 apertus.

2235 878 2544 946 Σιλλαίνει,
2571 904 2599 930 ‹‹
2634 881 2807 936 labiis
2854 880 3122 936 distortis
3169 882 3429 953 aliquem
3461 883 3713 951 deridet,
3773 891 3834 939 et

2163 990 2192 1018 «
2217 965 2523 1040 (μυλλίζει)
2554 972 2710 1025 inter
2726 969 3120 1025 deridendum
3137 971 3342 1025 oculos
3359 979 3609 1028 movet.»
3622 971 3833 1033 ΣίλΛος

2161 1058 2321 1113 enim
2354 1065 2443 1112 est
2475 1059 2697 1126 minus,
2732 1059 2821 1112 vel
2860 1058 3077 1114 falsum
3109 1059 3334 1115 dictum
3385 1066 3445 1115 et
3484 1061 3724 1118 derisio.
3761 1064 3836 1116 Et

2162 1147 2262 1217 qui
2297 1147 2466 1203 sillos
2497 1147 2722 1217 scribit,
2756 1147 2974 1203 dicitur
3032 1148 3452 1221 sillographus,
3487 1151 3682 1222 qualis
3714 1151 3836 1206 fuit

2161 1236 2391 1302 Timon,
2424 1237 2744 1304 Phliasius,
2778 1236 3170 1309 phi1030phus
3201 1239 3591 1310 Pyrrhonius.

2233 1326 3270 1396 Simmias,Rhodius,grammaticus.
3295 1329 3543 1401 Scripsit
3565 1352 3592 1380 ‹‹
3613 1331 3832 1388 Glosa-

2167 1436 2188 1463 ι
2215 1431 2348 1469 rum
2371 1414 2648 1470 libroslll
2674 1433 2688 1482 ;
2717 1415 3026 1469 Variorum
3069 1417 3416 1472 Poematum
3463 1417 3646 1474 libros
3670 1421 3762 1472 VI.
3802 1443 3829 1468 υ

2163 1503 2249 1558 ΑΙ)
2274 1503 2442 1558 initio
2474 1503 2586 1558 fuit
2618 1504 2847 1559 Samius
2880 1504 3014 1573 (23),
3051 1510 3257 1575 postea
3287 1522 3424 1562 vero
3456 1524 3589 1562 cum
3629 1508 3830 1563 coloni

2165 1593 2225 1647 in
2258 1592 2539 1660 insulam,
2571 1595 2912 1666 Amorgum,
2971 1594 3372 1662 mitterentur,
3409 1602 3465 1650 et
3510 1598 3636 1668 ipse
3669 1598 3826 1652 colo.

2164 1683 2277 1736 nia
2313 1683 2474 1737 illius
2503 1681 2622 1736 dux
2654 1699 2688 1737 a
2715 1683 2930 1738 Samiis
2963 1699 3029 1737 eo
3064 1684 3284 1739 missus
3305 1685 3433 1741 fuit.
3458 1687 3597 1742 Tres
3627 1694 3832 1742 autem

2163 1771 2342 1827 urbes
2374 1772 2435 1826 in
2469 1779 2721 1844 Amorgo
2771 1772 3058 1836 condidit,
3096 1773 3371 1841 Minoam,
3427 1776 3716 1844 [Egialum
3772 1783 3834 1831 et

2163 1863 2526 1918 Arcesimen.
2586 1862 2736 1916 Vixit
2766 1878 2957 1916 annos
2989 1862 3114 1926 406,
3175 1869 3308 1934 post
3364 1862 3588 1919 bellum
3622 1867 3830 1937 Troja-

2164 1967 2329 2006 num.
2367 1951 2704 2006 Secundum
2737 1951 3027 2021 quosdam
3060 1951 3290 2022 primus
3319 1954 3532 2009 Iambos
3563 1956 3831 2026 scripsit,

2164 2039 2392 2095 diversa
2426 2041 2565 2096 alia.
2597 2041 2746 2095 Item
2779 2039 3033 2110 Origines
3063 2041 3396 2098 Samiorum.

2231 2131 2531 2197 Simmias,
2555 2129 2890 2200 Thebanus,
2925 2130 3342 2202 phi1050phus,
3375 2131 3702 2204 discipulus
3733 2134 3836 2189 So-

2161 2219 2361 2274 cratis.
2388 2219 2675 2290 Scripsit:
2714 2221 2794 2274 De
2827 2219 3232 2291 sapientia,De
3257 2221 3543 2288 amicitia,
3577 2223 3656 2278 De
3687 2223 3837 2278 veri-

2164 2331 2191 2359 ‹‹
2228 2314 2368 2374 tate,
2392 2310 2473 2364 De
2504 2310 2752 2374 musica,
2786 2310 2867 2364 De
2897 2325 2965 2364 eo
2997 2310 3156 2380 quod
3187 2311 3516 2382 optandum
3547 2319 3637 2368 est
3661 2320 3722 2368 et
3747 2313 3837 2368 fu-

2162 2419 2192 2447 «
2217 2397 2520 2470 giendum,
2546 2399 2625 2453 De
2643 2414 2783 2453 cura
2805 2398 3079 2465 anima,»
3105 2399 3247 2454 item
3264 2400 3381 2456 alia
3395 2401 3830 2474 phi1050phica.

2236 2487 2606 2556 Simocattes,
2641 2504 2970 2559 cognomen
3014 2489 3438 2561 Theophylacti
3470 2491 3828 2547 Simocatta.

2236 2576 2596 2643 Simonides,
2632 2577 2946 2649 Leoprepis
2976 2578 3060 2645 F.,
3091 2579 3358 2645 Julietes,
3381 2597 3450 2635 ex
3479 2581 3692 2647 Julide,
3729 2581 3825 2636 Cei

2164 2665 2394 2732 insula,
2428 2666 2687 2733 civitate,
2722 2666 2962 2737 lyricus,
2999 2667 3335 2723 Stesichoro
3393 2671 3707 2740 posterior,
3769 2676 3830 2726 et

2163 2751 2617 2826 cognominatur
2646 2753 2952 2810 Melicertes
2999 2760 3242 2826 propter
3289 2756 3660 2812 suavitatem.
3721 2757 3828 2812 llic

2164 2848 2352 2898 artem
2385 2843 2686 2897 memoria
2721 2842 3240 2914 iuvenit,itemque
3271 2843 3502 2899 litteras
3531 2845 3736 2918 longas
3768 2851 3830 2902 et

2163 2931 2434 3002 duplices
2447 2932 2760 2986 ettertium
2778 2949 2992 2986 sonum
3012 2931 3336 3003 lyra.Vixit
3353 2933 3697 3006 Olympiade
3711 2935 3824 3004 LV,

2165 3022 2434 3092 quamvis
2461 3021 2559 3076 alii
2585 3037 2720 3075 eum
2741 3021 2815 3076 ad
2839 3021 3070 3093 Olymp.
3116 3022 3286 3087 LXII,
3317 3023 3597 3078 referant.
3637 3024 3827 3079 Vitam

2167 3109 2432 3164 extendit
2462 3125 2651 3179 usque
2684 3109 2757 3164 ad
2771 3109 3830 3183 Olympiademl.XXVlII,annumque

2169 3199 2359 3254 atatis
2393 3198 2680 3266 LXXXIX,
2736 3198 2949 3271 attigit.
2993 3199 3205 3255 Dorica
3257 3199 3509 3256 dialecto
3548 3224 3577 3250 «
3605 3203 3831 3274 Regum

2167 3311 2193 3339 α
2211 3288 2517 3358 Cambysis
2532 3294 2590 3341 et
2603 3288 3609 3359 DariindescripsitJtem«Pralium
3623 3291 3832 3346 navale

2165 3399 2193 3427 «
2215 3377 2494 3441 Xerxis,et
2508 3376 2787 3432 Pralium
2803 3378 3013 3432 navale
3026 3377 3098 3432 ad
3117 3378 3548 3446 Artemisium,»
3561 3379 3830 3434 versibus

2165 3466 2442 3538 elegiacis
2467 3485 2481 3532 ;
2510 3467 2774 3523 Pralium
2805 3467 2950 3522 item
2982 3467 3055 3522 ad
3079 3468 3372 3523 Salamina
3397 3469 3668 3525 versibus
3710 3485 3834 3524 me-

2163 3555 2412 3610 licis.Ad
2435 3556 2561 3610 hac
2583 3557 2862 3627 scripsitu
2890 3557 3176 3619 Threnos,
3201 3558 3504 3627 Encomia,
3527 3559 3826 3631 Epigram-

2163 3667 2191 3696 α
2207 3645 3119 3718 mata,Paanes,Tragadias,net
3146 3645 3394 3702 alia.Hic
3413 3647 3826 3716 Simonides,si

2163 3736 2296 3806 quis
2328 3735 2506 3803 alius,
2540 3735 2843 3790 memoria
2876 3735 3173 3806 pollebat:
3208 3736 3259 3790 ei
3291 3753 3427 3792 vero
3460 3737 3675 3793 similis
3699 3744 3829 3792 erat

2160 3825 2725 3895 Apollonius,quiut
2755 3824 3081 3895 plurimum
3113 3824 3354 3896 quidem
3388 3827 3827 3891 silebat,multa

2159 3931 2295 3968 vero
2330 3919 2529 3969 mente
2561 3913 2864 3980 versabat;
2898 3921 2956 3969 et
3011 3931 3146 3970 cum
3205 3917 3598 3971 centesimum
3631 3918 3826 3972 atatis

2159 4019 2382 4058 annum
2414 4008 2634 4072 ageret,
2668 4004 2972 4058 memoria
3023 4003 3303 4058 firmitate
3334 4004 3527 4076 ipsum
3565 4006 3826 4061 Simoni-

2159 4091 2294 4146 dem
2329 4091 2664 4163 superabat.
2696 4092 2858 4146 Idem
2886 4093 3066 4147 etiam
3099 4095 3374 4162 Hymnum
3400 4093 3461 4148 in
3501 4095 3825 4150 Memoriam

2157 4181 2428 4247 canebat,
2462 4181 2526 4236 in
2559 4197 2674 4250 quo
2709 4180 2856 4236 dicit
2883 4181 3087 4236 omnia
3116 4197 3150 4236 a
3208 4187 3475 4253 tempore
3523 4186 3821 4253 consumi,

2154 4273 2353 4343 ipsum
2378 4287 2512 4326 vero
2541 4276 2777 4342 tempus
2797 4269 3091 4326 beneficio
3110 4272 3415 4327 memoria
3437 4289 3647 4344 expers
3669 4274 3822 4328 senii

2155 4367 2213 4417 et
2244 4360 2583 4416 immortale
2610 4376 2762 4416 esse.
2817 4361 2922 4416 Hic
2973 4360 3202 4432 primus
3243 4378 3485 4417 carmen
3546 4363 3822 4418 mercede

2155 4450 2466 4521 scripsisse
2500 4449 2734 4506 dicitur.
2772 4447 3040 4504 Habebat
3069 4449 3232 4504 enim
3264 4449 3410 4505 duas
3441 4467 3820 4516 arcas,unam

2148 4541 2473 4611 gratiarum
2505 4537 3035 4606 vacuam,'alteram
3064 4538 3398 4609 (mercedis)
3412 4539 3675 4610 plenam,
3706 4547 3818 4597 etc.

383 4636 560 4683 vatem
614 4631 924 4702 significat.
977 4633 1215 4704 Sibylla
1245 4615 1444 4706 igitur,
1476 4641 1545 4691 u-t
1585 4637 1756 4693 multi
1777 4615 2038 4709 scripse-

2173 4631 2289 4702 Ejus
2321 4629 2583 4684 dictum:
2617 4627 2850 4700 Ἀνάγκῃ
2885 4621 3011 4680 οὐδὲ
3041 4625 3164 4680 Θεοὶ
3200 4626 3498 4701 μάχονται,
3533 4634 3646 4686 etc.

386 4724 547 4780 runt.
583 4718 828 4776 diversis
861 4722 1006 4778 locis
1035 4730 1090 4778 et
1122 4725 1491 4795 temporibus
1520 4727 1727 4787 decem
1779 4727 2040 4784 fuerunt.

385 4837 455 4847 -—
480 4801 773 4878 Σιϐυλλιᾷ,
807 4813 1154 4868 oraculorum
1185 4831 1370 4870 amore
1408 4823 1460 4870 et
1509 4817 1780 4873 desiderio
1809 4825 2040 4886 tenetur,

384 4897 473 4952 vel
506 4898 711 4955 delirat
744 4907 802 4956 et
831 4903 1136 4958 vaticinari
1159 4904 1362 4975 cupit;
1391 4905 1486 4960 vel
1513 4907 1741 4964 oracula
1768 4910 2043 4973 somniat;

382 4987 473 5042 vel
501 4989 768 5058 superbit,
802 4995 913 5046 etc.

454 5071 740 5139 Σιϐύντιος
799 5079 917 5135 sive
980 5074 1292 5153 Σιϐύρτιος,
1348 5084 1694 5142 Theodecta
1723 5085 2042 5143 Phaselita

381 5165 570 5224 lector
598 5175 659 5225 et
689 5187 912 5239 servus,
945 5173 1045 5244 qui
1099 5174 1329 5244 primus
1353 5192 1382 5229 e
1428 5175 1631 5245 servis,
1670 5183 1857 5242 artem
1909 5195 2043 5234 ora-

383 5259 597 5314 toriam
630 5261 934 5332 professus
966 5268 1072 5319 est.
1104 5263 1351 5335 Scripsit
1386 5267 1578 5320 Artem
1613 5267 1965 5324 rhetoricam.

457 5345 748 5423 Σιδηρείαν
781 5352 991 5426 ψυχήν,
1034 5357 1274 5424 ferreum
1325 5357 1571 5418 animum
1605 5357 1725 5411 sive
1781 5361 2038 5414 inexora-

385 5438 566 5498 bilem.
599 5471 668 5481 —
694 5441 948 5498 Glaucus
979 5442 1244 5514 quidam,
1295 5443 1548 5512 Samius,
1597 5445 2038 5505 ferruminatio-

361 5629 397 5701 ,θ
453 5621 872 5701 ἀφηωοιηοη
922 5621 996 5678 ad
1025 5621 1332 5701 simplum
1385 5621 1489 5701 sed
1531 5621 1604 5678 ad
1647 5624 2035 5701 Simonidem,

383 5688 874 5765 iambOgrapbum
918 5694 1428 5766 antiquissimum,
1462 5696 1872 5770 Amorginum,
1907 5688 2042 5775 spe;

2225 4717 2584 4784 Simonides,
2617 4717 2812 4782 Ceius,
2847 4716 3062 4788 prioris
3095 4733 3165 4772 ex
3206 4717 3333 4773 filia.
3359 4734 3564 4790 nepos,
3599 4737 3820 4790 cogno-

2153 4809 2316 4864 mine
2375 4807 2724 4873 Melicertes,
2789 4805 2932 4860 vixit
2981 4811 3117 4861 ante
3185 4805 3410 4862 bellum
3443 4809 3821 4881 PelOponne-

2155 4898 2404 4952 siacum.
2441 4895 2688 4966 Scripsit
2718 4916 2746 4943 ‹‹
2779 4894 3194 4966 Genealogiam
3228 4894 3414 4951 libros
3468 4897 3569 4965 Ill,
3602 4899 3814 4955 Inven-

2155 5009 2184 5037 «
2211 4986 2443 5040 tionum
2475 4985 2660 5039 libros
2692 4985 2788 5038 III.

2225 5092 2579 5158 Simonides,
2613 5091 2971 5163 Magnesius,
3025 5090 3210 5162 Sipyli
3271 5093 3330 5146 F.
3386 5099 3563 5164 poeta
3593 5095 3817 5172 epicus,

2152 5183 2254 5253 qui
2286 5182 2431 5236 vixit
2460 5180 2828 5252 temporibus
2849 5180 3128 5235 Antiochi
3149 5181 3620 5254 Magni.Scripsit
3640 5183 3821 5255 hujus

2151 5287 2248 5327 res
2276 5276 2492 5344 gestas,
2526 5287 2906 5342 pugnamque
2931 5285 3066 5324 cum
3099 5269 3338 5336 Calatis,
3357 5271 3419 5325 in
3449 5289 3568 5342 qua
3597 5274 3822 5344 equita-

2151 5366 2247 5417 tus
2268 5361 2400 5432 ejus
2429 5377 2538 5431 per
2567 5359 2918 5430 elephantos
2952 5358 3306 5430 proﬂigatus
3335 5358 3467 5416 fuit.

2222 5449 2582 5517 Simonides,
2614 5449 2920 5520 Carystius
2964 5448 3053 5503 vel
3083 5448 3458 5519 Eretriensis,
3489 5456 3664 5521 poeta
3694 5454 3819 5524 epi-

2150 5634 2334 5686 ctant.
2369 5629 2583 5692 Confer
2612 5628 2920 5696 Allatium,
2953 5629 3034 5684 De
3090 5625 3494 5700 Simeonibus,
3523 5645 3655 5702 pag.
3712 5633 3819 5688 296

2152 5717 2278 5772 seq.
