4126 6430
326 416 489 478 1345

1641 420 1745 481 DE
1789 418 2075 491 omaus
2119 403 2436 484 SUIDAS.

3601 411 3758 488 1346

330 567 458 622 cus,
493 551 732 623 scripsit
761 551 1098 609 Graecorum
1151 559 1506 610 conventum
1544 555 1608 610 in
1665 553 1980 623 Aulidem;
2012 557 2065 623 Α
2099 554 2310 620 Citieo,
2363 555 2463 626 qui
2528 557 2784 614 Stoicam
2843 558 3107 614 scholam
3163 559 3447 627 instituit,
3499 559 3759 632 vixitque

329 641 739 696 trimetrorum
771 641 955 697 libros
989 644 1057 711 II,
1093 644 1172 698 De
1203 644 1511 716 Iphigenia
1540 661 1746 700 unum.

405 731 761 786 Simonides.
799 732 902 787 Hic
933 733 1076 805 imp.
1105 735 1328 789 Joviani
1360 735 1729 806 temporibus
1749 733 1911 802 vixit,
1933 737 1994 788 et

329 821 722 894 philosophus
753 821 1121 879 clarissimus
1149 824 1283 879 fuit.

402 910 759 977 Simonides,
841 911 1037 966 Crinei
1097 914 1157 968 F.
1220 914 1597 986 Amorginus,
1656 913 1990 970 iamborum

328 999 602 1070 scriptor,
636 1001 876 1071 scripsit
898 1000 1223 1073 elegiarum
1249 1003 1434 1058 libros
1457 1005 1522 1057 II.
1566 1005 1704 1058 Item
1739 1005 1987 1060 iambos.

330 1087 484 1142 Vixit
505 1093 704 1142 autem
727 1089 872 1159 ipse,
899 1089 1072 1144 annis
1096 1092 1221 1158 490,
1244 1098 1379 1163 post
1398 1091 1624 1147 bellum
1646 1094 1986 1165 Trajanum.

327 1177 665 1232 Secundum
698 1177 987 1248 quosdam
1040 1179 1135 1234 hic
1185 1181 1445 1251 primum
1474 1181 1703 1236 iambos
1733 1181 1989 1253 scripsit.

319 1265 511 1336 (Conf.
543 1266 721 1338 paulo
751 1272 947 1333 antea,
987 1267 1060 1323 de
1093 1269 1359 1336 Simmia,
1391 1269 1642 1336 Rhodio,
1685 1270 1884 1338 dicta.)

397 1355 622 1422 Simon,
657 1356 945 1427 sophista,
979 1357 1079 1428 qui
1111 1358 1412 1429 publicam
1457 1359 1772 1431 pecuniam
1802 1361 1990 1416 inter-

319 1444 602 1499 vertebat.
631 1444 833 1500 Simon
858 1451 918 1500 et
936 1445 1280 1502 Theodorus
1303 1453 1362 1502 et
1381 1448 1739 1520 Cleonymus
1764 1449 1989 1521 perjuri

322 1534 624 1605 Aristoph.

395 1623 766 1694 Simplicius,
799 1623 1216 1696 philosophus.

391 1712 637 1767 Siricius
667 1713 934 1784 Neapoli,
965 1714 1112 1769 urbe
1151 1715 1515 1784 Palaastinaa,
1547 1718 1856 1786 oriundus,
1897 1734 1990 1773 so-

319 1801 538 1873 phista,
587 1801 919 1873 discipulus
968 1803 1395 1872 Andromachi,
1453 1807 1553 1878 qui
1613 1823 1721 1878 per
1747 1807 1991 1878 aliquod

321 1895 558 1985 tempus
606 1889 856 1944 Athenis
901 1889 1124 1960 docuit,
1181 1892 1423 1964 scripsit
1471 1896 1982 1964 Progymnasmata,
2015 1920 2062 1985 B

319 1985 377 2034 et
409 1979 861 2034 Declamationes.

389 2068 706 2137 Sisinnius,
766 2069 1252 2137 Novatianorum,
1323 2071 1658 2143 episcopus,
1715 2077 1828 2128 etc.
1891 2079 1986 2138 (ex

313 2157 590 2222 Socratis,
628 2159 718 2224 Vl,
754 2161 823 2212 22
874 2159 1019 2213 Hist.
1055 2165 1114 2214 et
1143 2159 1260 2215 alia
1307 2159 1381 2214 de
1429 2160 1688 2216 Sisinnio
1720 2163 1982 2218 narratio

311 2263 384 2301 ex
412 2248 732 2302 Sozomeno
760 2247 864 2302 lib.
889 2265 1012 2315 VIII,
1042 2265 1171 2320 cap.
1203 2249 1270 2319 1.)

390 2336 703 2407 Σμηκίθης.
735 2338 800 2392 In
845 2337 1084 2393 tabellis
1135 2339 1382 2394 nomina
1430 2356 1634 2394 eorum
1666 2341 1768 2412 qui
1796 2341 1857 2395 in
1883 2342 1983 2413 jus

309 2426 666 2493 citabantur,
700 2427 946 2482 inscribi
1001 2427 1306 2495 solebant,
1339 2430 1577 2499 Aspasia
1618 2436 1670 2484 et
1707 2429 1984 2501 dominus,

309 2514 371 2568 id
406 2520 496 2568 est
523 2515 773 2570 maritus
805 2515 957 2586 ejus.

379 2604 670 2670 Socrates,
700 2605 1110 2675 Sophronisci,
1147 2608 1440 2675 statuarii,
1479 2613 1537 2661 et
1567 2608 1979 2679 Phaenaretes,

311 2693 666 2760 obstetricis,
692 2697 775 2761 F.,
803 2697 1062 2766 primum
1092 2697 1414 2752 statuarius
1436 2697 1549 2752 fuit
1577 2714 1590 2751 :
1618 2698 1791 2754 aiunt
1819 2701 1978 2754 enim

319 2783 546 2838 Gratias
576 2784 816 2839 vestitas
850 2785 1099 2840 Athenis
1146 2787 1276 2857 ejus
1321 2786 1505 2842 fuisse
1550 2803 1720 2858 opus.
1757 2789 1981 2844 Deinde

311 2874 773 2946 philosophatus
803 2881 912 2941 est,
946 2876 1148 2930 audito
1179 2879 1546 2949 Anaxagora,
1585 2878 1977 2944 Clazomenio,

312 2969 523 3034 postea
582 2966 866 3031 Damone,
926 2965 1066 3021 hinc
1123 2966 1431 3022 Archelao.
1482 2967 1867 3023 Aristoxenus
1901 2970 1983 3024 ait

307 3052 571 3124 primum
603 3053 897 3108 audivisse
950 3055 1325 3122 Archelaum,
1361 3060 1470 3111 etc.
1505 3057 1816 3128 Ingressus
1841 3058 1978 3112 viri-

311 3141 432 3196 lem
463 3148 719 3210 aetatem,
753 3143 826 3197 ad
859 3145 1249 3216 Amphipolin
1277 3149 1337 3200 et
1362 3145 1684 3201 Potidaeam
1706 3147 1982 3203 militavit

311 3237 372 3285 et
397 3232 470 3286 ad
506 3232 759 3287 Delium.
796 3234 950 3288 Duas
991 3233 1199 3314 habuit
1245 3251 1482 3302 uxores,
1513 3235 1913 3308 Xanthippen,
1947 3254 1976 3292 e

310 3337 431 3392 qua
462 3321 836 3392 Lamprocles
867 3329 1044 3378 natus
1075 3330 1183 3391 est,
1218 3329 1276 3378 et
1317 3326 1667 3395 Myrtonem,
1701 3326 1976 3382 Aristidis

308 3411 458 3466 Justi
491 3410 700 3475 ﬁliam,
732 3429 800 3466 ex
835 3429 952 3484 qua
997 3413 1433 3484 Sophroniscus
1476 3419 1536 3468 et
1582 3415 1982 3485 Menedemus,

312 3500 432 3555 sive
446 3502 987 3556 Menexenus.Vixit
1009 3507 1275 3574 tempore
1299 3503 1440 3558 belli
1462 3504 1600 3559 Pelo
1612 3506 1980 3576 ponnesiaci,

313 3594 372 3644 et
423 3589 666 3660 quidem
717 3595 894 3646 natus
957 3591 1304 3663 Olympiade
1355 3593 1618 3647 LXXVII.
1674 3594 1830 3648 Vixit
1871 3612 1979 3651 an-

313 3695 425 3734 nos
483 3678 729 3746 LXXX;
807 3679 1073 3750 obiitque
1160 3681 1567 3752 imprudentia
1619 3683 1713 3738 vel
1783 3685 1982 3755 potius

315 3769 580 3824 amentia
632 3769 1110 3836 Atheniensium,
1162 3777 1405 3826 coactus
1453 3771 1659 3827 bibere
1690 3773 1978 3830 cicutam:

318 3861 535 3926 Hymno
582 3859 640 3911 in
689 3858 998 3928 Apollinem
1045 3865 1096 3913 et
1148 3862 1387 3914 Dianam
1430 3865 1489 3915 et
1515 3863 1748 3931 Esopea
1772 3863 1983 3918 Fabula

315 3946 483 4002 nullo
513 3946 630 4002 alio
663 3947 883 4019 scripto
913 3947 1354 4019 relicto,quam,
1379 3955 1446 4003 ut
1477 3950 1728 4020 quidam
1755 3953 1982 4021 volunt,

313 4035 584 4090 versibus
617 4035 857 4106 scripta.
915 4035 1311 4108 Philosophos
1343 4038 1574 4094 effecit:
1647 4040 1981 4114 Platonem,

315 4125 440 4196 qui,
467 4124 676 4180 relicto
703 4125 911 4196 Lyceo,
941 4126 1208 4182 traduxit
1232 4127 1499 4184 scholam
1521 4129 1585 4184 in
1607 4130 1979 4198 suburbium,

312 4213 472 4284 quod
501 4214 823 4271 Academia
857 4220 1099 4271 vocatur
1117 4217 1394 4288 (ejusque
1417 4223 1740 4275 sectatores
1767 4221 1985 4277 Acade-

316 4303 456 4358 mici
481 4303 620 4358 dicti
649 4320 834 4374 usque
857 4305 930 4360 ad
950 4305 1353 4360 Aristotelem.
1375 4307 1428 4360 Is
1454 4307 1614 4361 enim
1637 4309 1699 4363 in
1721 4309 1980 4380 quodam

317 4392 488 4448 horto
511 4400 648 4450 ante
672 4393 884 4450 urbem
905 4395 1018 4449 sito
1037 4394 1245 4450 ludum
1268 4395 1628 4451 litterarium
1649 4399 1902 4469 aperuit,
1925 4405 1986 4455 et

311 4479 372 4534 ἐκ
418 4484 515 4535 τοῦ
569 4481 686 4536 κατ’
742 4480 904 4535 αὐτὸν
963 4482 1271 4556 περιπάτου
1331 4500 1366 4539 a
1400 4487 1655 4556 peripato
1693 4487 1814 4542 sive
1848 4488 1980 4545 loco

315 4569 839 4634 deambulationis,
868 4573 968 4644 qui
1002 4573 1064 4626 in
1097 4573 1201 4627 illo
1255 4574 1426 4628 horto
1459 4579 1604 4642 erat,
1638 4592 1776 4631 suos
1807 4576 1980 4633 disci-

2095 641 2444 713 Olympiade
2474 641 2684 698 CXXV.
2715 644 2825 698 Alii
2857 645 3179 714 Brysonem
3209 663 3328 701 non
3363 647 3748 717 Socratis,sed

2094 729 2356 784 Euclidis
2386 730 2719 786 auditorem
2751 733 3019 788 scribunt
3049 733 3249 788 fuisse.
3285 736 3607 805 Brysonem
3640 753 3748 792 au-

2095 815 2240 870 divit
2268 817 2515 888 Pyrrho,
2547 834 2581 873 a
2609 834 2726 890 quo
2770 820 3104 890 Pyrrhonii.
3137 851 3204 860 —
3235 822 3527 876 Praaterea
3558 823 3744 879 disci-

2094 902 2267 974 pulos
2305 903 2514 959 habuit
2565 905 2873 961 Socrates:
2925 906 3316 974 Alcibiadem,
3349 907 3742 980 Critobulum,

2094 990 2518 1055 Xenomedem,
2543 992 2991 1063 Apollodorum,
3015 993 3278 1056 Critiam,
3307 996 3705 1053 Athenienses
3732 1015 3745 1066 ;

2097 1083 2220 1130 tum
2251 1078 2573 1144 Critonem,
2633 1081 2956 1146 Simonem,
3013 1082 3327 1136 Eumarem
3377 1083 3744 1153 Phliasium;

2096 1162 2425 1230 Simmiam,
2474 1165 2860 1233 Thebanum;
2911 1167 3318 1238 Terpsionem,
3353 1170 3745 1242 Megaricum;

2094 1250 2376 1316 Evenum,
2406 1250 2920 1323 Chaarephontem.
2954 1253 3296 1309 Theodorus
3322 1255 3750 1330 etiam,cogno-

2094 1342 2297 1391 mento
2329 1337 2888 1402 Atheus,Socratem
2920 1339 3162 1406 audivit,
3187 1339 3526 1412 docensque
3548 1345 3751 1399 omnia

2096 1439 2224 1478 esse
2275 1423 2696 1491 indifferentia,
2759 1431 2981 1481 sectam
3029 1426 3432 1482 Theodoream
3471 1428 3749 1485 instituit.

2095 1511 2236 1564 Eam
2269 1511 2662 1583 philosophiae
2691 1518 2944 1584 partem,
2991 1529 3123 1584 qua
3174 1519 3265 1568 est
3293 1513 3366 1570 de
3396 1517 3664 1572 moribus
3698 1524 3756 1572 et

2094 1597 2430 1665 virtutibus,
2465 1599 2763 1670 praecipue
2791 1599 2980 1654 coluit
3009 1599 3301 1669 Socrates,
3335 1607 3393 1656 et
3413 1602 3541 1673 jam
3572 1620 3754 1660 senex

2095 1683 2324 1739 cithara
2352 1684 2559 1740 ludere
2588 1685 2798 1742 didicit
2821 1686 2980 1757 apud
3008 1685 3334 1754 Cononem,
3368 1694 3428 1744 et
3455 1690 3688 1746 derisus
3719 1708 3755 1747 a

2098 1770 2456 1842 quibusdam
2488 1771 2638 1828 dixit
2665 1773 2816 1828 illud
2848 1773 3122 1829 Solonis:
3173 1774 3486 1845 Ὀψιμαθής
3535 1776 3748 1847 μᾶλλον

2095 1857 2130 1926 ἢ
2162 1857 2380 1929 ἀμαθής
2409 1861 2641 1916 Praestat
2683 1877 2822 1926 sero,
2870 1876 3037 1931 quam
3078 1877 3365 1931 nunquam
3387 1864 3611 1919 discere.
3647 1865 3751 1920 Hic

2092 1947 2456 2003 daamonium
2485 1949 2786 2019 quoddam
2836 1965 3038 2004 secum
3082 1950 3458 2006 familiariter
3486 1953 3750 2026 colloqui

2090 2037 2342 2093 dicebat.
2406 2038 2642 2094 Primus
2702 2039 3132 2110 Aristophanes
3189 2040 3456 2096 Nubibus
3507 2043 3746 2114 scriptis

2088 2126 2286 2198 ipsum
2333 2127 2703 2198 perstrinxit,
2751 2133 2821 2184 ut
2866 2135 3349 2200 corrumpentem
3382 2131 3654 2201 juvenes,
3689 2136 3748 2186 et

2088 2217 2330 2272 atheum
2361 2217 2557 2288 ipsum
2588 2219 2830 2283 vocavit,
2867 2218 3023 2288 quod
3069 2235 3175 2290 per
3218 2235 3426 2274 canem
3459 2225 3518 2275 et
3546 2220 3746 2291 plata-

2088 2322 2232 2360 num
2256 2307 2508 2377 juraret.
2541 2308 2751 2362 Postea
2793 2309 3021 2378 Anytus
3053 2314 3112 2362 et
3141 2309 3372 2364 Melitus
3403 2326 3539 2364 eum
3571 2327 3747 2366 accu-

2086 2401 2300 2451 sarunt
2319 2401 2378 2450 et
2396 2412 2560 2450 reum
2581 2413 2880 2468 peregere.
2899 2398 2965 2451 In
2987 2398 3381 2453 aestimatione
3400 2415 3536 2454 vero
3560 2415 3746 2470 pmnm

2088 2484 2357 2540 Socrates
2390 2501 2450 2540 se
2481 2486 2774 2540 meruisse
2805 2485 2974 2552 dixit,
3007 2492 3074 2540 ut
3120 2487 3308 2542 victus
3341 2487 3402 2542 in
3454 2489 3745 2559 Prytaneo

2085 2573 2323 2644 publice
2351 2574 2463 2629 sibi
2491 2574 2878 2646 praaberetur.
2917 2575 3006 2630 [lli
3038 2592 3176 2631 vero
3203 2577 3416 2648 capitis
3446 2593 3581 2633 eum
3614 2595 3750 2633 con-

2084 2661 2463 2717 demnarunt.
2490 2664 2556 2716 In
2580 2663 2831 2718 vinculis
2858 2663 2958 2718 diu
2981 2664 3111 2729 fuit,
3138 2663 3328 2719 donec
3358 2666 3524 2720 navis
3556 2681 3743 2733 sacra,

2085 2745 2309 2816 Θεωρὶς,
2328 2749 2468 2803 Delo
2490 2748 2732 2804 rediret.
2758 2749 2996 2804 Critone
3020 2750 3306 2805 suadente
3333 2751 3530 2821 fugam
3555 2751 3748 2806 noluit

2083 2837 2285 2907 fugere
2315 2837 2584 2908 dixitque
2613 2838 2771 2910 leges
2797 2854 2919 2892 non
2951 2844 3226 2909 oportere
3261 2839 3491 2894 violari.
3527 2841 3750 2896 Hausta

2083 2924 2223 2978 hinc
2281 2925 2506 2979 circuta
2563 2925 2679 2980 voti
2739 2925 3106 2990 recordatus,
3162 2927 3469 2994 Immolate,
3528 2927 3746 2997 inquit,

2080 3010 2417 3080 Esculapio.
2445 3009 2720 3075 Quidam,
2753 3012 2965 3081 Cyrsas
2998 3011 3264 3078 nomine,
3295 3028 3514 3084 genere
3546 3013 3751 3082 Chius,

2083 3097 2346 3152 Athenas
2373 3098 2534 3152 venit
2565 3113 2701 3152 cum
2725 3098 2961 3153 Socrate
2983 3105 3464 3165 conversaturus,
3495 3100 3589 3155 cui
3619 3099 3753 3154 dor-

2083 3186 2493 3258 mientijuxta
2551 3187 2891 3258 sepulcrum
2945 3186 3222 3255 Socratis,
3274 3188 3335 3241 in
3385 3188 3613 3242 somnis
3646 3188 3747 3243 ille

2008 3288 2051 3356 c
2088 3280 2245 3334 visus
2303 3283 2394 3334 est
2448 3285 2506 3335 et
2562 3295 2700 3334 cum
2753 3295 2822 3334 eo
2881 3280 3232 3335 collocutus.
3269 3310 3337 3321 —
3375 3281 3644 3336 Socrates
3676 3281 3748 3336 ab

2088 3370 2484 3440 Aristophane
2533 3369 2741 3425 Melius
2783 3375 3044 3438 vocatur,
3097 3370 3154 3425 id
3215 3376 3304 3425 est
3343 3371 3576 3437 atheus,
3609 3372 3751 3442 quia

2087 3458 2387 3526 Diagoras,
2424 3457 2652 3523 Melius,
2686 3458 2928 3513 infamis
2956 3463 3083 3513 erat
3128 3463 3196 3513 ut
3236 3459 3484 3514 deorum
3523 3475 3662 3514 osor
3692 3465 3752 3514 et

2088 3545 2296 3601 hostis.
2329 3545 2608 3616 Diagoras
2657 3546 2758 3600 ille
2809 3546 2980 3600 initio
3029 3547 3163 3618 pius
3211 3552 3358 3611 erat,
3408 3552 3614 3617 postea
3644 3547 3750 3601 de-

2087 3633 2280 3704 posito
2329 3632 2660 3702 fraudatus,
2701 3633 2774 3688 ad
2824 3633 3196 3704 impietatem
3229 3634 3544 3705 prolapsus
3577 3639 3666 3688 est
3696 3643 3751 3691 et

2089 3721 2230 3776 deos
2281 3738 2410 3778 esse
2469 3723 2720 3795 negavit.
2783 3724 2974 3788 Quare
3026 3723 3423 3778 Athenienses
3453 3723 3747 3796 indignati

2088 3812 2325 3867 Melium
2357 3812 2532 3868 malis
2561 3814 2906 3868 atTecerunt.
2957 3845 3026 3855 --
3079 3815 3212 3868 Fuit
3259 3820 3314 3868 et
3356 3814 3746 3887 Aristagoras,

2087 3901 2296 3956 Melius
2351 3908 2526 3974 poeta
2577 3901 3069 3974 dithyrambicus,
3129 3904 3231 3974 qui
3272 3902 3434 3974 quod
3467 3905 3751 3976 mysteria

2087 3991 2392 4046 Eleusinia
2421 3991 2772 4062 evulgasset,
2822 3992 2991 4048 valde
3037 3992 3258 4064 impius
3292 3992 3598 4064 judicatus
3637 3999 3747 4048 est.

2088 4077 2175 4134 Ab
2223 4078 2328 4134 illo
2377 4085 2643 4150 tempore
2701 4080 2915 4135 comici
2973 4080 3176 4135 Melios
3229 4085 3296 4134 ut
3352 4081 3566 4152 impios
3614 4097 3752 4152 per-

2089 4169 2401 4225 strinxere.

2161 4305 2362 4370 Solon,
2395 4303 2753 4360 Execestidas
2786 4305 2869 4370 F.,
2894 4303 3300 4370 Atheniensis,
3333 4302 3751 4375 philosophus,

2088 4393 2390 4466 legislator
2412 4399 2470 4447 et
2490 4392 2974 4465 demagogus,qui
3000 4393 3139 4447 vixit
3158 4392 3505 4464 Olympiade
3528 4393 3749 4461 XLVII,

2088 4483 2176 4537 vel
2209 4483 2342 4538 LVI.
2379 4481 2616 4538 lnsidiis
2651 4483 2874 4553 petitus
2926 4499 2961 4536 a
3010 4482 3342 4549 Pisistrato,
3376 4487 3651 4554 tyranno,
3687 4481 3748 4536 in

2086 4571 2352 4626 Ciciliam
2386 4571 2653 4634 secessit,
2677 4576 2736 4625 et
2766 4571 2974 4626 urbem
3005 4570 3296 4640 condidit,
3322 4587 3501 4642 quam
3537 4570 3606 4625 de
3641 4588 3746 4626 suo

314 4661 491 4732 pulos
521 4661 754 4717 vocabit
776 4663 1266 4734 Peripateticos);
1294 4663 1661 4735 Aristippum
1687 4665 1853 4734 item,
1875 4668 1980 4739 Cy-
2011 4659 2061 4726 D
2095 4662 2336 4716 nomine
2369 4661 2536 4716 Solos
2567 4662 2807 4716 vocavit.
2870 4661 2985 4715 Alii
3045 4660 3212 4716 Solos
3258 4661 3435 4716 etiam
3468 4661 3530 4715 in
3557 4663 3746 4733 Cypro

313 4768 598 4816 renaaum,
634 4757 939 4806 auctorem
993 4752 1218 4807 scholae
1270 4759 1568 4824 sectaaque
1597 4755 1974 4826 Cyrenaica;

315 4841 700 4906 Phaedonem,
733 4842 962 4910 Eleum,
1013 4859 1048 4898 a
1097 4859 1214 4913 quo
1265 4848 1427 4898 secta
1457 4843 1674 4907 Eliaca,
1709 4853 1916 4917 postea
1943 4864 1978 4903 a

315 4930 682 4993 Menedemo,
715 4932 954 4987 Eretria:
989 4931 1262 4998 docente,
1297 4933 1458 4988 dicta
1487 4935 1768 4991 Eretrica.
1806 4967 1871 4978 —
1893 4941 1977 4993 Ex

312 5022 424 5078 hac
465 5023 690 5094 Pyrrho
743 5021 1003 5094 prodiit:
1067 5023 1506 5092 Antisthenem,
1565 5025 1666 5095 qui
1698 5026 1978 5098 Cynicam

321 5116 544 5166 sectam
595 5109 902 5178 condidit;
952 5109 1280 5176 Euclidem,
1332 5113 1755 5183 Megarensem,
1795 5131 1830 5169 a
1861 5132 1976 5186 quo

317 5195 626 5267 Megarica,
677 5213 811 5267 quas
863 5195 1071 5252 eadem
1101 5213 1137 5251 a
1165 5196 1573 5262 Clinomacho,
1604 5198 1866 5254 Euclidis
1898 5201 1980 5256 di-

315 5285 568 5356 scipulo,
603 5284 762 5341 dicta
787 5285 1144 5351 Dialectica;
1173 5287 1649 5356 Xenophontem,
1683 5288 1865 5360 Grylli
1893 5291 1978 5358 F.,

317 5375 675 5442 Eschinem,
710 5374 1043 5446 Lysaniam,
1075 5373 1408 5446 Sphettium
1434 5391 1447 5442 ;
1507 5375 1804 5442 Cebetem,
1837 5379 1979 5436 The-

313 5459 539 5515 banum
566 5479 579 5526 ;
609 5461 916 5526 Glaucum,
939 5461 1403 5528 Atheniensem;
1441 5463 1782 5532 Brysonem.
1808 5466 1983 5521 Hera-

313 5548 589 5616 cleotam,
622 5550 724 5620 qui
757 5549 1194 5604 contentiosam
1238 5549 1611 5605 dialecticam
1652 5551 1982 5611 introduxit

311 5653 438 5694 una
467 5655 602 5694 cum
659 5638 931 5704 Eucline,
991 5639 1410 5695 Clinomachus
1467 5639 1670 5694 auxit:
1721 5658 1979 5716 cumque

306 5729 533 5788 multos
600 5733 920 5788 sectatores
987 5729 1312 5799 habuisset,
1364 5729 1541 5786 desiit
1589 5729 1653 5787 in
1715 5732 2016 5812 Zenone,»

2087 4768 2305 4806 nomen
2338 4751 2409 4806 ab
2442 4751 2546 4806 illo
2578 4751 2842 4822 accpisse
2893 4751 3081 4814 aiunt,
3135 4756 3194 4806 et
3240 4751 3434 4823 ipsum
3470 4751 3529 4805 in
3560 4750 3749 4822 Cypro

2087 4840 2436 4896 decessisse.
2469 4841 2717 4912 Scripsit
2744 4843 2910 4910 Leges
2959 4840 3448 4907 Atheniensibus,
3483 4857 3629 4911 quas
3661 4858 3753 4895 vo.

2087 4936 2225 4986 cant
2246 4933 2492 4995 Azonas,
2519 4929 2677 5001 quod
2701 4930 2760 4985 in
2788 4931 2985 4986 axibus
3010 4930 3226 5003 ligneis
3251 4936 3454 4985 essent
3475 4930 3710 5001 scriptm
3737 4948 3750 4997 ;

2086 5020 2230 5075 item
2255 5021 2477 5075 Poema
2506 5019 2856 5092 elegiacum,
2895 5020 3054 5091 quod
3087 5020 3337 5076 Salamis
3369 5018 3752 5086 inscribitur;

2089 5112 2373 5180 Praecepta
2401 5125 2636 5176 morum,
2669 5108 2877 5166 itidem
2911 5109 3178 5166 versibus
3206 5109 3508 5181 elegiacis,
3535 5113 3593 5163 et
3612 5107 3750 5165 alia.

2087 5196 2218 5251 Fuit
2248 5212 2404 5250 unus
2435 5194 2676 5251 illorum
2704 5196 2804 5267 qui
2837 5213 2910 5252 vn
2944 5197 3244 5268 sapientes
3276 5195 3572 5251 dicuntur.
3610 5196 3750 5265 Ejus

2089 5291 2216 5340 est:
2251 5287 2326 5342 Ne
2364 5285 2503 5355 quid
2530 5285 2716 5353 nimis,
2764 5291 2856 5340 et:
2917 5288 3081 5341 Nosce
3131 5292 3183 5340 te
3236 5287 3434 5354 ipsum.
3467 5284 3751 5339 Precibus

2087 5375 2418 5430 amicorum
2442 5391 2556 5430 aere
2579 5391 3000 5446 oppressorum
3019 5373 3468 5434 victus,tabulas
3485 5379 3750 5428 veterum

2087 5466 2424 5522 debitorum
2473 5466 2747 5522 abolevit.
2803 5468 2944 5537 Ejus
3003 5465 3322 5520 consilium
3355 5470 3414 5520 et
3446 5470 3609 5522 astus
3644 5463 3752 5519 ad-

2085 5572 2292 5611 versus
2335 5555 2648 5612 Cirrhaaos.
2703 5557 2809 5625 (Ex
2836 5555 3146 5611 Pausanias
3196 5555 3493 5623 Phoeicis,
3524 5572 3581 5627 p.
3611 5555 3752 5625 684.)

2161 5646 2425 5719 Sopater,
2475 5647 2848 5719 Apamensis,
2899 5647 3166 5718 SOphista
3226 5653 3286 5703 et
3332 5647 3749 5720 philosophus,

2067 5731 2419 5809 idinipulus
2457 5729 2822 5799 ﬂammati.-
2855 5730 3204 5799 interfectus
3246 5731 3289 5796 ἐι
3331 5733 3748 5809 Constantino,
