4126 6422
382 389 539 450 1347

1684 388 1937 452 INDEX
1979 388 2492 453 SCRIPTORUM

3644 389 3805 449 1348

382 522 562 578 ﬁdem
589 524 815 578 facturo
847 523 1146 592 omnibus,
1198 538 1260 577 se
1311 539 1432 578 non
1471 522 1728 595 amplius
1757 523 2031 596 religioni
2064 525 2114 591 Α
2221 523 2562 595 Sophocles,
2590 521 2995 590 Atheniensis,
3030 521 3287 595 tragicus
3340 525 3398 577 et
3449 519 3694 592 lyricus,
3729 519 3805 575 ab

381 613 689 680 gentilium
711 613 1012 668 addictum
1037 629 1200 681 esse;
1223 618 1363 669 ante
1387 615 1546 668 enim
1569 613 1944 668 familiariter
1963 629 2030 667 eo

380 719 524 757 usus
554 704 764 758 fuerat.
799 704 1046 775 Scripsit
1071 705 1146 758 De
1175 705 1548 772 Providentia,
1577 703 1839 772 itemque
1867 705 1942 756 De
1963 704 2032 758 iis

380 796 477 863 qui
507 793 781 849 immerito
809 801 936 850 sunt
965 797 1152 864 felices
1178 797 1263 851 vel
1309 797 1574 866 infelices.
1606 795 2030 851 Constantinus

381 885 691 954 Sapatrum
724 885 863 940 dum
897 885 1222 951 interemit,
1247 901 1398 941 ~non
1446 892 1606 941 recte
1644 885 1786 940 fecit
1806 902 1820 952 ;
1853 900 2028 939 nemo

379 974 541 1028 enim
571 979 812 1030 coactus
844 975 912 1028 ﬁt
939 975 1152 1042 bonus,
1186 975 1290 1030 sed
1323 992 1393 1030 ex
1423 991 1645 1030 amore.

448 1062 712 1134 Sopater,
736 1064 1018 1118 comicus.
1044 1066 1124 1118 Ex
1141 1064 1360 1120 fabulis
1378 1065 1506 1136 ejus
1525 1069 1664 1118 sunt
1680 1058 2026 1128 Ἱππόλυτος,

374 1147 736 1224 Φυσιολόγος,
826 1149 1026 1226 Σιλφία
1109 1152 1144 1219 ἢ
1237 1148 1442 1218 Κνιδία,
1530 1148 1748 1219 Νεκυία,
1826 1146 2026 1216 Πύλαι,

373 1235 655 1307 Ὀρέστης,
689 1243 870 1304 Φακῆ,
901 1243 968 1293 ut
997 1239 1317 1293 Athenaus
1346 1239 1407 1294 in
1444 1236 1937 1309 DipnosOphistis.

444 1325 708 1396 Sopater,
741 1325 1006 1380 Parodus
1036 1330 1238 1398 (quem
1284 1342 1318 1380 a
1364 1326 1590 1381 comico
1622 1325 1777 1380 male
1809 1324 2027 1378 distin-

369 1411 495 1483 guit
526 1413 778 1480 Suidas),
809 1414 980 1484 cujus
1009 1414 1217 1470 drama
1249 1413 1448 1487 βακχίς
1486 1414 1769 1468 Athenao
1801 1428 2026 1467 memo-

368 1506 555 1555 ratur.
591 1502 654 1555 V.
692 1502 938 1568 Stanlei,
973 1501 1046 1557 ad
1076 1501 1335 1573 Eschyli
1365 1502 1565 1572 Caph.
1599 1517 1650 1554 v.
1683 1503 1808 1555 294.

441 1589 706 1661 Sopater,
739 1590 1112 1662 Apamensis,
1156 1591 1246 1645 vel
1302 1591 1500 1662 potius
1557 1587 2024 1653 Alexandrinus,

369 1677 656 1746 sophista.
691 1677 940 1748 Scripsit
970 1677 1365 1749 plurimorum
1396 1677 1686 1732 librorum
1715 1678 2020 1746 Epitomas.

368 1766 618 1830 Quidam
677 1768 854 1823 etiam
912 1765 1196 1841 Ἑκλογίαν
1253 1771 1358 1820 τῶν
1430 1766 1710 1840 ἱστοριῶν,
1761 1774 2025 1836 excerpta

367 1857 625 1911 historica
676 1857 771 1927 (de
825 1857 1041 1928 quibus
1089 1859 1334 1913 Photius
1386 1858 1517 1913 cod.
1589 1857 1795 1927 CLXI),
1845 1857 2024 1928 hujus

367 1959 494 1998 esse
528 1943 712 1998 aiunt.

435 2032 710 2103 Sophilus
737 2033 1046 2105 Sicyonius
1082 2038 1186 2089 aut
1232 2033 1570 2100 Thebanus,
1601 2032 1867 2088 comicus
1895 2047 2020 2086 me-

364 2120 475 2174 dia
508 2121 829 2176 comoedia.
857 2122 997 2192 Ejus
1017 2121 1234 2176 fabula
1259 2126 1400 2176 sunt
1429 2116 1772 2193 Κιθαρῳδὸς,
1798 2117 2019 2191 Φύλαρ-

363 2223 486 2278 χος,
517 2203 837 2280 Τυνδάρεως
868 2205 902 2274 ἢ
936 2203 1102 2276 Λύδα,
1138 2213 1197 2262 et
1226 2205 1422 2276 Δηλία,
1456 2212 1522 2262 ut
1567 2207 1651 2262 ait
1679 2207 2017 2260 Athenaus.

359 2295 507 2349 Item
546 2290 849 2368 Χοιρίδιον,
884 2295 1339 2364 Παρακαταθήκῃ.

434 2379 739 2450 Sophistas
803 2380 1095 2435 vocabant
1158 2397 1387 2446 omnes,
1457 2384 1750 2450 quotquot
1804 2378 2020 2434 litteris

364 2464 580 2519 eruditi
613 2469 819 2520 erant:
855 2465 1032 2520 etiam
1064 2463 1253 2538 σοφίαν
1286 2465 1599 2530 musicam,
1635 2470 1694 2518 et
1723 2464 2019 2534 sophistas

362 2551 622 2606 musices
658 2553 901 2623 peritos,
951 2553 1128 2607 etiam
1161 2553 1457 2607 tibicines.
1511 2551 1699 2616 Plato,
1733 2551 2017 2619 comicus,

362 2640 422 2692 in
457 2639 737 2710 sophistis
771 2639 1152 2710 Bachylidem
1185 2645 1443 2711 poetam.
1469 2639 1793 2710 Opuntium
1826 2639 2017 2709 sophi-

361 2732 509 2780 stam
559 2726 839 2797 appellat.
894 2727 1322 2797 Aristophanes
1369 2728 1480 2781 hoc
1537 2743 1756 2781 nomen
1811 2726 2020 2780 tribuit

359 2814 504 2867 artis
541 2829 952 2884 cujuscunque
976 2814 1200 2884 peritis.
1227 2813 1450 2868 Deinde
1473 2813 1740 2884 sophista
1769 2818 1859 2868 est
1887 2813 2012 2880 ille,

360 2902 458 2972 qui
487 2919 557 2957 ex
581 2902 730 2958 falsa
747 2903 1145 2958 ostentatione
1165 2901 1472 2973 sapientia
1495 2906 1788 2973 quastum
1819 2901 2013 2956 facere

359 2991 537 3044 novit.

420 3078 761 3148 Sophocles,
795 3077 1018 3149 Sophili
1052 3077 1309 3132 Colonai
1340 3077 1424 3144 F.,
1451 3077 1854 3144 Atheniensis,
1889 3082 2009 3132 tra-

348 3165 533 3235 gicus,
567 3171 743 3220 natus
793 3165 1024 3236 Olymp.
1087 3164 1332 3233 LXXIII,
1390 3164 1473 3218 ita
1532 3169 1598 3218 ut
1644 3163 1817 3219 annis
1863 3165 2012 3219 XVII

346 3255 584 3309 Socrate
615 3254 918 3325 antiquior
948 3255 1041 3309 sit.
1077 3254 1182 3308 Hic
1214 3254 1442 3326 primus
1474 3253 1663 3308 tribus
1695 3254 2005 3309 histrioni-
2033 3261 2076 3328 ο

343 3343 453 3398 bus
485 3361 626 3399 usus
659 3350 748 3398 est
767 3349 824 3399 et
850 3344 1222 3414 tritagonista
1253 3343 1376 3398 sive
1409 3343 1716 3398 tertiarum
1748 3344 2008 3415 partium

344 3439 563 3489 actore.
591 3434 856 3489 Primum
882 3435 1060 3489 etiam
1084 3434 1330 3489 chorum
1360 3433 2007 3504 quindecimjuvenurn

342 3523 692 3592 introduxit,
726 3541 861 3579 cum
918 3529 1096 3579 antea
1152 3523 1466 3579 duodecim
1517 3527 1747 3577 tantum
1783 3529 2001 3579 essent.

341 3614 503 3669 Idem
535 3614 729 3669 dictus
786 3615 934 3685 apis,
992 3619 1236 3684 propter
1283 3613 1571 3669 orationis
1613 3614 2000 3669 suavitatem:

340 3701 600 3772 primum
629 3703 810 3757 etiam
841 3701 1091 3774 singulis
1125 3701 1344 3756 fabulis
1393 3707 1623 3756 certare
1652 3702 1848 3772 capit,
1882 3719 2002 3758 non

335 3789 668 3862 tetralogia.
688 3790 937 3860 Scripsit
956 3790 1216 3861 Elegiam
1239 3795 1299 3844 et
1315 3791 1557 3844 Paanas
1579 3795 1638 3842 et
1659 3790 2000 3845 Orationem

338 3876 411 3931 de
441 3877 642 3943 choro,
672 3876 742 3931 de
774 3894 890 3947 quo
923 3893 1057 3931 cum
1082 3876 1373 3948 Thespide
1397 3882 1456 3931 et
1475 3876 1729 3932 Charito
1751 3882 1998 3933 conten-

337 3965 534 4020 debat.
561 3964 693 4020 Filii
717 3966 847 4036 ejus
869 3966 1032 4020 fuere
1053 3966 1304 4035 .Iophon,
1331 3965 1710 4033 Leosthenes,
1737 3967 1995 4035 Ariston,

338 4055 699 4126 Stephanus,
728 4055 1105 4111 Meneclides.
1140 4055 1298 4110 Obiit
1327 4061 1460 4126 post
1488 4055 1995 4126 Euripidem,cum

337 4149 495 4199 esset
549 4161 841 4200 annorum
901 4145 1011 4201 XC.
1073 4145 1284 4199 Docuit
1339 4144 1569 4199 fabulas
1628 4145 1863 4212 CXXIII,
1906 4147 1994 4201 vel

334 4235 512 4288 etiam
563 4234 750 4289 multo
797 4235 1020 4306 plures,
1073 4240 1138 4289 ut
1179 4233 1422 4289 tradunt
1469 4234 1594 4289 alii.
1638 4234 1788 4289 Vicit
1815 4236 1992 4291 vicies

331 4329 560 4396 quater.
592 4325 781 4396 (Conf.
841 4325 1074 4380 Kusteri
1129 4329 1300 4379 notas
1353 4330 1496 4382 tom.
1557 4323 1658 4392 IIl,
1704 4341 1835 4397 pag.
1888 4327 1990 4381 349

332 4413 745 4572 sqSIo)phocles,
773 4501 1064 4556 Aristonis
1085 4503 1168 4568 F.,
1192 4502 1446 4557 senioris
1469 4501 1778 4573 Sophoclis
1800 4520 1987 4575 nepos

2143 611 2388 682 antiquo
2447 612 2551 666 illo
2612 611 2902 682 Sophocle
2960 627 3146 680 genus
3200 609 3424 665 ducens
3479 609 3634 663 Vixit
3670 613 3810 679 post

2142 701 2402 771 pleidem
2437 703 2813 774 tragicorum.
2848 701 3082 756 Fabula
3105 701 3235 772 ejus
3266 704 3409 754 sunt
3435 699 3804 770 quindecim.

2215 790 2396 866 Σοφὸς
2425 792 2783 858 incantator,
2808 791 3283 846 incantationum
3306 788 3554 860 peritus.
3575 787 3800 844 Psalm.

2139 891 2292 944 Lvm,
2325 879 2377 930 5.
2401 877 2722 933 Oraculum
2747 894 2761 932 :

2285 990 2466 1066 Σοοὸς
2501 989 2813 1066 Σοφοκλῆς,
2843 990 3156 1066 σοφώτερος
3185 985 3232 1042 δ’
3265 984 3561 1066 Εὐριπίδης

2286 1009 2362 1044 2.0
2409 1010 2466 1051 ος
2501 1009 2813 1059 ιοωοκΑης,
2843 1009 3156 1066 σοφωτερος
3185 1009 3213 1042 ο
3265 1009 3555 1057 ιςυριπιοης

2286 1009 2523 1136 Ἀνῗδρῶν
2558 1049 2616 1118 δὲ
2644 1063 2860 1117 πάντων
2887 1063 3186 1135 Σωκράτης
3217 1060 3555 1136 σοφώτατος.

2212 1181 2504 1252 S0phron,
2539 1181 2966 1252 Syracusanus.
2989 1177 3328 1250 Agathoclis
3359 1183 3419 1232 et
3451 1175 3800 1246 Damnasyl-

2136 1271 2276 1326 lidis
2307 1273 2365 1326 F.
2400 1271 2502 1342 qui
2534 1272 2676 1326 vixit
2731 1271 3101 1342 temporibus
3151 1269 3359 1324 Xerxis
3391 1271 3449 1322 et
3477 1265 3799 1337 Euripidis.

2137 1361 2385 1432 Scripsit
2407 1364 2599 1417 Mimos
2630 1361 2830 1416 viriles
2862 1366 2920 1415 et
2948 1362 3138 1416 Mimos
3171 1357 3495 1413 muliebres
3526 1356 3798 1411 oratione

2135 1447 2327 1503 soluta
2357 1454 2417 1504 et
2445 1447 2697 1504 dialecto
2730 1447 2959 1514 Dorica,
2992 1463 3140 1518 quos
3171 1445 3501 1509 Platonem,
3525 1443 3798 1515 philoso-

2134 1539 2339 1609 phum,
2374 1553 2612 1608 semper
2643 1537 2942 1592 lectitasse
2968 1536 3190 1602 ferunt,
3219 1533 3366 1590 adeo
3397 1538 3466 1588 ut
3493 1531 3797 1588 interdum

2135 1626 2315 1680 etiam
2347 1625 2419 1680 iis
2450 1625 2825 1680 indormiret.

2205 1717 2498 1788 SOphron,
2547 1717 2809 1771 comicus
2853 1714 3032 1786 (male
3081 1719 3368 1785 tanquam
3412 1711 3714 1766 diversum
3763 1725 3798 1764 a

2131 1801 2328 1872 priore
2361 1803 2570 1857 Suidas
2605 1806 3075 1866 commemorat).
3102 1802 3180 1855 Ex
3213 1799 3392 1870 hujus
3423 1795 3795 1852 dramatibus

2058 1887 2100 1951 Β
2131 1885 2382 1957 πενθερὰ,
2414 1893 2564 1943 teste
2597 1888 2883 1942 Athenaeo
2915 1887 2976 1940 in
3012 1884 3509 1957 Dipnosophistis.

2200 1975 2481 2039 Soranus,
2516 1974 2822 2028 Menandri
2845 1979 2904 2028 et
2924 1972 3170 2028 Phabes
3201 1973 3287 2035 F.,
3319 1969 3632 2042 Ephesius,
3659 1983 3786 2022 me-

2128 2062 2317 2132 dicus,
2349 2065 2450 2134 qui
2500 2063 2870 2119 Alexandria
2920 2065 3322 2118 commoratus
3354 2065 3464 2127 est,
3495 2063 3556 2113 et
3584 2059 3786 2112 Roma

2127 2155 2316 2205 artem
2348 2149 2640 2206 medicam
2673 2149 2935 2205 exercuit
2980 2149 3091 2204 sub
3135 2148 3386 2218 Trajano
3417 2151 3476 2200 et
3504 2143 3787 2209 Adriano,

2128 2238 2312 2308 impp.
2339 2237 2644 2308 librosque
2665 2237 2956 2310 plurimos
2988 2241 3048 2291 et
3077 2233 3512 2307 pulcherrimos
3543 2247 3784 2302 compo-

2128 2325 2264 2381 suit.

2197 2413 2477 2479 Soranus,
2511 2413 2819 2484 Ephesius,
2868 2410 3134 2467 medicus
3150 2409 3380 2481 junior,
3413 2404 3514 2477 qui
3547 2402 3790 2475 scripsit

2131 2521 2156 2552 α
2179 2502 2259 2556 De
2281 2501 2500 2556 morbis
2517 2501 2910 2556 muliebribus
2927 2499 3113 2554 libros
3131 2500 3232 2564 IV;
3253 2495 3612 2552 Medicorum
3635 2492 3785 2548 vitas

2125 2613 2153 2640 ‹‹
2177 2597 2442 2646 etsectas
2465 2597 2522 2646 et
2543 2607 2723 2662 Opera
2740 2590 2910 2645 libris
2933 2590 3001 2656 X,
3031 2611 3050 2637 ι
3079 2592 3139 2642 et
3158 2586 3276 2642 alia
3297 2586 3548 2640 diversa.
3572 2581 3782 2637 Ascle-

2121 2680 2421 2752 piodotus,
2454 2680 2868 2752 philosophus,
2898 2677 3043 2733 artis
3083 2675 3330 2732 medica
3362 2673 3609 2745 peritus,
3642 2671 3784 2725 nul-

2121 2769 2244 2824 lum
2264 2770 2662 2825 recentiorum
2682 2769 3050 2824 medicorum
3075 2765 3272 2837 magni
3294 2763 3551 2820 faciebat
3567 2766 3783 2831 prater

2119 2858 2401 2914 Iacobum
2424 2875 2437 2926 ;
2461 2875 2532 2913 ex
2555 2856 2995 2928 antiquioribus
3015 2871 3151 2909 vero
3175 2858 3309 2924 post
3340 2853 3780 2922 Hippocratem,

2119 2948 2410 3003 Soranum
2437 2947 2704 3011 Cilicem,
2739 2948 3131 3016 cognomento
3163 2941 3480 2997 Mallotem.

2191 3034 2470 3092 Σωσάννα,
2529 3038 2748 3092 Contra
2824 3034 3063 3090 Sextum
3139 3030 3484 3085 Africanum
3543 3025 3785 3098 scripsit

2117 3127 2419 3198 Origenes,
2480 3127 2727 3197 ejusque
2787 3127 3137 3197 argumenta
3204 3119 3506 3190 refutavit,
3564 3116 3782 3189 quibus

2117 3216 2336 3272 librum
2368 3217 2652 3272 Susanna
2684 3213 3069 3287 impugnavit.

2187 3323 2474 3389 Sosibius,
2509 3325 2676 3387 Laco,
2726 3320 3169 3394 grammaticus,
3218 3333 3376 3372 unus
3407 3331 3639 3380 eorum,
3672 3314 3776 3384 qui

2110 3408 2456 3468 Ἐπιλυτικοὶ
2487 3413 2600 3483 (24)
2649 3416 2950 3466 vocantur.
3003 3407 3273 3480 (Scripsit
3317 3405 3502 3471 varia)
3550 3405 3612 3458 in
3643 3403 3780 3474 qui-

2110 3501 2224 3558 bus
2256 3507 2315 3556 et
2343 3503 2455 3557 hoc
2486 3501 2688 3570 tradit,
2723 3515 2854 3554 esse
2891 3497 3192 3569 quoddam
3225 3493 3529 3551 comoedia
3561 3508 3770 3565 genus,

2111 3607 2268 3662 quop
2319 3591 2735 3645 Dicelistarum
2786 3594 2846 3644 et
2895 3586 3267 3642 Mimelorum
3309 3579 3650 3652 Δικηλιστῶν
3682 3580 3774 3633 καὶ

2107 3675 2385 3751 Μιμηλῶν
2419 3680 2723 3752 prOprium
2755 3679 2840 3734 ﬁt.
2874 3679 2955 3732 De
2985 3676 3177 3731 Mimis
3203 3674 3464 3746 antiquis
3495 3673 3556 3728 in
3588 3673 3771 3727 Laco-

2105 3769 2225 3834 nia,
2259 3767 2388 3842 Ηερὶ
2416 3771 2526 3822 τῶν
2577 3765 2857 3840 Μιμηλῶν
2915 3765 2969 3819 ἰν
3025 3765 3311 3827 Δακωνικῆ
3361 3760 3768 3834 ἱστορουμένων

2103 3855 2378 3926 παλαιῶν,
2413 3864 2474 3914 et
2501 3858 2637 3914 alia.

2174 3965 2556 4036 Sosiphanes,
2588 3963 2828 4019 Sosiclis
2861 3963 2944 4026 F.,
2977 3961 3254 4032 tragicus,
3295 3958 3500 4014 docuit
3525 3956 3760 4012 fabulas

2101 4053 2343 4120 LXXIII,
2385 4054 2524 4108 vicit
2555 4053 2795 4124 septies.
2829 4053 2931 4106 Est
2977 4056 3036 4106 et
3083 4050 3208 4120 ipse
3256 4065 3324 4104 ex
3356 4054 3584 4118 septem
3613 4046 3759 4112 illis,

2100 4144 2200 4214 qui
2225 4144 2418 4198 Pleias
2436 4150 2575 4198 sunt
2595 4139 3062 4214 appellati.Vixit
3079 4139 3186 4194 sub
3207 4143 3473 4194 extrema
3493 4143 3762 4206 tempora

2097 4232 2355 4304 Philippi
2385 4232 2475 4287 vel
2499 4231 2816 4286 Alexandri
2845 4229 3204 4285 Macedonis.
3230 4228 3389 4284 Obiit
3409 4223 3759 4299 Olympiade

2095 4323 2214 4378 CXI
2242 4323 2333 4378 vel
2363 4322 2545 4378 CXIV.

2167 4414 2494 4481 Sositheus,
2524 4414 2929 4485 Syracusanus
2960 4415 3063 4466 aut
3090 4407 3496 4476 Atheniensis,
3529 4406 3620 4461 vel
3649 4421 3760 4478 po-

2093 4505 2211 4558 tius
2243 4502 2680 4558 Alexandrinus
2731 4518 2802 4556 ex
2846 4498 3206 4554 Alexandria
3233 4497 3460 4565 Troica,
3493 4511 3649 4551 unus
3683 4511 3757 4550 ex

329 4592 735 4654 Atheniensis,
771 4592 1049 4663 tragicus,
1083 4591 1184 4662 qui
1215 4591 1418 4647 docuit
1451 4591 1721 4646 dramata
1749 4593 1862 4657 XL,
1895 4593 1984 4648 vel
2013 4632 2061 4695 D
2092 4593 2344 4666 pleiade,
2371 4593 2622 4648 amulus
2647 4589 3145 4659 Homeri,tragici,
3172 4587 3276 4642 ﬁlii
3302 4585 3758 4684 Myrus,.Byzan-

329 4687 396 4736 ut
426 4681 552 4745 alii,
584 4682 677 4735 XI.
715 4681 863 4736 Vicit
905 4681 1148 4752 septies.
1188 4681 1351 4736 Idem
1383 4687 1441 4735 et
1471 4681 1690 4754 elegias
1723 4682 1979 4753 scripsit.

323 4770 673 4841 Apollonius
703 4771 1010 4842 (Tyaneus)
1044 4771 1313 4825 castitate
1354 4770 1705 4841 Sophoclem
1739 4789 1978 4842 supera-

321 4861 420 4925 vit,
457 4860 556 4931 qui
593 4875 772 4914 senex
803 4859 1044 4914 demum
1091 4876 1326 4914 amores
1371 4864 1655 4931 tanquam
1685 4860 1980 4916 furiosum

321 4955 380 5004 et
411 4966 625 5003 saevum
659 4948 967 5004 dominum
1008 4949 1282 5020 effugisse
1330 4965 1392 5004 se
1443 4947 1696 5007 dicebat.
1728 4949 1976 5021 Apollo-

318 5039 484 5094 nium
507 5039 774 5094 libidinis
797 5055 872 5094 ne
896 5039 1224 5110 Euphrates
1247 5038 1490 5110 quidem
1521 5039 1731 5111 arguit,
1766 5056 1977 5112 quam-

316 5126 401 5181 vis
432 5127 610 5183 falsas
661 5127 890 5182 litteras
939 5125 1220 5181 adversus
1277 5142 1412 5180 eum
1472 5133 1846 5181 commentus
1877 5127 1973 5196 sit,

316 5215 594 5272 inimicus
627 5216 735 5281 illi,
769 5215 927 5288 quod
960 5215 1341 5286 Euphratem,
1374 5215 1641 5286 pecunia
1681 5231 1860 5272 causa
1888 5216 1972 5271 fa-

2094 4683 2255 4748 tina,
2289 4683 2389 4753 qui
2423 4681 2628 4736 floruit
2666 4678 3013 4751 Olympiade
3063 4677 3297 4740 CLXIV,
3329 4674 3576 4746 Scripsit
3605 4689 3749 4744 poe-

2093 4777 2252 4827 mata
2281 4779 2340 4827 et
2369 4772 2486 4836 alia
2515 4787 2693 4844 prosa
2735 4770 3025 4824 oratione.

2161 4861 2425 4927 Sotades,
2462 4859 2838 4933 Byzantinus,
2874 4855 3288 4929 phiIOSOphus,
3319 4859 3386 4909 ut
3415 4853 3596 4909 tradit
3621 4851 3755 4907 Ari-

2088 4950 2305 5007 stocles
2335 4950 2488 5006 libro
2523 4951 2591 5003 VI
2621 4949 2693 5004 de
2725 4946 3127 5020 philosophia.

2158 5039 2424 5107 Sotades,
2479 5039 2884 5106 Atheniensis,
2946 5035 3209 5092 comicus
3274 5032 3488 5090 media
3534 5047 3752 5089 coma-

2087 5128 2221 5185 dia.

2157 5216 2422 5285 Sotades,
2455 5215 2777 5284 Cretensis,
2811 5214 3118 5282 Maronita,
3161 5207 3536 5282 δαιμονισθεὶς
3565 5225 3600 5263 α
3625 5208 3751 5264 dae-

315 5307 572 5362 cientem
621 5306 842 5375 omnia,
892 5305 1171 5362 deridens
1211 5305 1563 5370 monuisset,
1598 5321 1672 5361 ne
1703 5311 1975 5379 pergeret
2083 5310 2260 5364 monia
2281 5313 2529 5374 vexatus,
2554 5305 2886 5360 iamborum
2911 5303 3181 5375 scriptor.
3208 5300 3456 5373 Scripsit
3473 5295 3749 5375 φλύακας,

315 5396 506 5472 σοφίαν
534 5395 892 5466 καπηλεύειν,
926 5398 1234 5467 cauponari
1261 5397 1612 5466 sapientiam.

2079 5413 2251 5468 augas
2279 5397 2400 5452 sive
2439 5390 2736 5462 κιναίδους,
2799 5393 2998 5448 Ionica
3053 5392 3277 5466 lingua,
3335 5388 3494 5444 unde
3529 5384 3748 5439 ΐωνικοὶ

393 5713 508 5784 (2b)
535 5713 646 5779 Qui
693 5711 971 5770 difﬁciles
1013 5712 1378 5786 quastiones
1425 5713 1763 5788 propositas
1808 5713 2162 5774 dissolvunt.
