4126 6416
324 368 352 430 l
367 368 484 430 εις)

1648 364 1749 426 DE
1791 364 2079 437 QUIBUS
2125 371 2436 436 SUIDAS.

3591 384 3749 447 I350

318 496 482 575 λόγοι
509 501 987 574 appellabantur.
1013 501 1132 556 Hoc
1153 497 1444 572 poematis
1463 513 1682 572 genere
1711 499 1805 554 usi
1838 505 1978 554 sunt
2008 510 2054 575 Α
2163 503 2462 577 Στάσιμον,
2491 522 2678 581 genus
2709 512 3014 579 carminis,
3048 512 3210 584 quod
3242 513 3493 571 saltores
3519 519 3746 573 stantes

323 591 505 646 etiam
536 591 874 647 Alexander
903 588 1149 656 Aitolus,
1182 588 1443 660 Pyrrhus
1470 587 1753 654 Milesius,
1786 589 1980 644 Theo-

318 681 519 753 doras,
547 681 994 738 Timocharidas
1025 686 1084 737 et
1112 680 1481 735 Xenarchus.
1514 681 1661 734 Sunt
1689 679 1820 750 ejus
1851 697 1981 735 car-

319 772 486 826 mina
539 771 818 842 plurima,
878 770 1057 825 veluti
1119 768 1275 824 «Ad
1335 768 1559 822 inferos
1616 768 1981 836 descensus;

318 884 346 911 «
383 860 631 932 Priapus
657 877 670 918 :
701 862 768 914 In
802 859 1175 914 Belostichen
1195 874 1209 925 ;
1245 860 1501 912 Amazon
1524 878 1552 906 »
1585 861 1644 912 et
1667 857 1803 912 alia.
1837 858 1982 913 Item

318 947 734 1022 Ἐγκλειόμεναι
769 954 828 1004 et
858 943 1406 1021 Παραυλτρούμενος,
1444 951 1510 1001 ut
1556 947 1640 1001 ait
1662 946 1984 1002 Athenaeus

317 1040 380 1094 in
414 1039 896 1111 Dipnosophistis
919 1039 1053 1108 (25).

392 1145 656 1211 Sotades,
708 1144 1114 1214 Atheniensis,
1161 1143 1576 1215 philosophus,
1628 1143 1729 1215 qui
1758 1144 1984 1200 Librum

316 1236 384 1290 de
416 1234 690 1305 mysteriis
722 1234 978 1301 scripsit.

392 1351 748 1419 Sotericbus,
794 1351 979 1406 Asites
1027 1351 1157 1421 (26),
1208 1349 1484 1405 heroicus
1516 1354 1710 1421 poeta,
1743 1349 1844 1420 qui
1872 1349 1985 1405 fuit

317 1441 427 1498 sub
461 1440 847 1495 Diocletiano.
883 1439 1130 1510 Scripsit
1153 1461 1181 1488 ‹‹
1210 1438 1560 1494 Encomium
1594 1439 1979 1494 Diocletiani:

319 1553 347 1582 ‹‹
374 1529 683 1586 Bassarica
705 1531 816 1584 sive
840 1529 1129 1585 Bacchica
1149 1529 1321 1584 libris
1343 1530 1412 1583 IV
1438 1545 1452 1596 ;
1478 1529 1559 1584 De
1583 1529 1848 1584 Panthea
1868 1530 1978 1584 Ba-

317 1620 655 1692 «bylonia;
695 1620 776 1674 De
809 1618 1105 1686 Ariadne;
1158 1619 1350 1674 Vitam
1392 1618 1688 1690 Apollonii
1727 1620 1978 1691 Tyanei;

317 1731 346 1760 «
362 1710 594 1780 Python
604 1725 696 1764 em
707 1711 819 1764 sive
835 1707 1501 1764 Alexandriacum.»Est
1516 1714 1713 1763 autem
1730 1708 1982 1763 Alexan-

315 1799 410 1854 dri
431 1798 768 1854 Macedonis
792 1798 1211 1865 Historia,cum
1229 1796 1456 1852 Thebas
1474 1797 1647 1868 cepit.
1673 1799 1817 1853 Item
1840 1797 1977 1852 alia.

387 1886 1316 1958 Soteridas,grammaticus,mari
1327 1893 1418 1941 tus
1435 1886 1760 1957 Pamphila
1777 1887 1982 1958 (supra

314 1979 378 2033 in
403 1978 738 2049 Pamphila,
774 1977 1154 2047 Socratidas),
1179 1977 1274 2032 cui
1299 1976 1479 2031 etiam
1511 1976 1791 2032 historias
1814 1977 1985 2031 attri-

315 2068 465 2124 buit.
497 2068 746 2139 Scripsit
771 2091 797 2117 «
828 2067 1324 2139 Orthographiam
1349 2083 1362 2133 ;
1386 2067 1753 2131 Quastiones
1776 2067 1983 2121 Home-

321 2181 350 2208 ς(
382 2157 573 2223 ricas;
607 2157 1070 2214 Commentarium
1116 2157 1180 2211 in
1239 2155 1667 2223 Menandrum;
1728 2156 1808 2210 De
1855 2172 1981 2211 me-

320 2268 349 2296 «
383 2246 530 2314 tris;
566 2247 646 2301 De
672 2246 1000 2314 comadia;
1035 2247 1100 2300 In
1131 2244 1496 2316 Euripidem.
1529 2266 1550 2292 ι

393 2335 712 2403 Soteridas,
764 2335 1140 2406 Epidaurius,
1187 2338 1358 2405 pater
1405 2332 1751 2405 Pamphila,
1784 2333 1879 2388 cui
1911 2331 1986 2386 li-

308 2425 451 2480 bros
483 2431 603 2480 tres
633 2425 1207 2480 Commentariorum
1261 2424 1586 2494 inscripsit,
1618 2428 1686 2478 ut
1731 2422 1816 2478 ait
1844 2423 1978 2478 Dio-

316 2514 527 2586 nysius
559 2513 711 2569 libro
742 2515 892 2568 ΧΧΧ
927 2513 1199 2567 Historia
1231 2513 1498 2568 musica.

388 2604 771 2674 Speusippus,
803 2601 1263 2674 Eurymedontis
1286 2602 1344 2655 F.
1374 2601 1638 2656 Platonis
1661 2617 1732 2655 ex
1754 2617 1979 2669 sorore,

319 2695 562 2758 Potone,
595 2709 804 2763 nepos,
841 2691 1078 2746 auditor
1107 2696 1163 2745 et
1205 2691 1267 2744 in
1300 2690 1620 2745 Academia
1650 2706 1978 2746 successor.

323 2783 473 2837 Vixit
501 2780 851 2853 Olympiade
881 2781 1070 2849 CVIII,
1097 2781 1345 2851 Scripsit
1375 2779 1477 2851 plu

314 2871 751 2944 philosophica.
813 2871 946 2925 Fuit
1001 2869 1244 2941 ingenio
1291 2873 1554 2937 austero,
1601 2869 1979 2940 maximeque

321 2959 630 3016 iracundo.

387 3080 617 3152 Σφαῖρα.
669 3078 795 3132 Pila
847 3077 993 3132 lusit
1041 3076 1412 3131 Aristonicus
1469 3075 1791 3146 Carystius,
1844 3073 1978 3129 Ale-

313 3167 549 3234 xandri,
582 3167 759 3239 regis,
791 3167 853 3221 in
898 3165 1039 3222 ludo
1091 3166 1229 3237 pila
1282 3165 1564 3221 collusor.
1597 3164 1738 3219 Pila
1768 3164 1978 3220 inven-

313 3255 545 3312 tionem
577 3255 808 3311 Alcioni
843 3255 1000 3324 ﬁlia,
1034 3255 1326 3311 attribuit.

397 3371 696 3450 Σφυράδες,
755 3395 777 3423 ι
812 3391 1125 3447 caprarum
1177 3380 1235 3429 et
1277 3374 1473 3429 ovium
1522 3378 1919 3430 excrementa.
1954 3395 1983 3423 »

314 3465 598 3521 Carcinus
617 3469 792 3535 poeta
808 3464 939 3530 fuit,
964 3465 1137 3535 cujus
1163 3463 1318 3518 filios
1341 3479 1533 3535 parva
1559 3468 1801 3518 statura
1823 3464 1988 3518 Aris—

317 3553 608 3624 tophanes
630 3553 999 3625 perstringit,
1033 3558 1100 3606 ut
1138 3546 1370 3625 ὄρτυγας
1407 3549 1724 3624 οἷκογενεῖς,
1755 3548 1984 3624 γυλιαύ-

320 3661 483 3717 χενας
515 3641 815 3715 ὀρχηστὰς,
867 3644 1203 3717 ναννοφυεῖς,
1255 3637 1541 3717 σφυράδων
1582 3639 1984 3712 ἀποκνίσματα,

325 3727 736 3806 μηχανοδίφας,
791 3736 903 3786 etc.
950 3731 1226 3796 Xenocles,
1277 3731 1508 3786 Carcini
1553 3730 1736 3797 filius,
1770 3731 1988 3785 multas

317 3836 540 3892 easque
571 3820 844 3875 insolitas
876 3821 1185 3876 machinas
1209 3820 1283 3875 ad
1310 3819 1724 3891 percellendos
1755 3825 1990 3892 specta-

315 3915 478 3964 tores
537 3910 598 3965 in
647 3909 866 3964 fabulis
926 3911 1049 3964 suis
1100 3908 1500 3963 introduxisse
1549 3908 1786 3976 dicitur,
1823 3908 1986 3964 Plato

317 3999 452 4054 ideo
475 3994 944 4072 δωδεκαμήχανον
963 3998 1405 4070 appellat.Deos
1423 3999 1582 4054 enim
1598 3998 1988 4054 ascendentes

321 4093 382 4142 et
407 4086 840 4142 descendentes
870 4087 1237 4143 imitabatur.

399 4202 776 4274 Spintharus,
828 4203 1228 4269 Heracleotes,
1281 4207 1456 4275 poeta
1503 4204 1779 4275 tragicus,
1819 4203 1992 4275 cujus

315 4291 536 4347 fabula
569 4297 711 4346 sunt
740 4291 1187 4362 ΙΙερικαιόμενος,
1217 4289 1520 4360 Ἡρακλῆς,
1547 4287 1766 4362 Σεμὲλη
1798 4309 1995 4363 κεραυ-

322 4379 586 4451 νουμένη.
614 4381 763 4436 Hinc
792 4386 859 4436 ut
879 4380 1173 4437 Barbarus
1205 4385 1264 4434 et
1293 4380 1488 4452 Phryx
1518 4396 1554 4435 a
1581 4380 1826 4436 comicis
1854 4397 1990 4452 per-

323 4470 655 4542 stringitur.

399 4585 711 4657 Spittalus,
775 4585 1044 4642 medicus
1098 4585 1257 4656 apud
1305 4584 1725 4641 Athenienses.
1769 4583 1992 4641 Aristo-

322 4675 589 4746 phanes:
622 4671 866 4736 Ἀπελθε
896 4672 1030 4745 πρὸς
1061 4676 1159 4726 τοῦ
1194 4670 1527 4740 Σπιττάλου,
1557 4695 1585 4723 ‹‹
1610 4673 1718 4728 Abi
1741 4674 1815 4729 ad
1836 4674 1990 4746 Spit-

325 4786 354 4814 «
392 4763 599 4819 talum.
626 4766 708 4819 Tu
731 4781 868 4820 vero
890 4768 1116 4837 guttam
1141 4763 1305 4835 pacis
1327 4779 1509 4818 unam
1531 4762 1762 4819 instilla
1790 4764 1935 4818 mihi
1961 4785 1989 4814 ›ι

326 4853 391 4908 in
419 4853 718 4909 calamum
750 4854 932 4909 istum
965 4870 1187 4909 areum
1219 4857 1323 4909 aut
1362 4859 1732 4926 argenteum,
1783 4853 1992 4924 quales

329 4942 552 4998 habent
583 4941 823 4999 medici.

404 5060 721 5132 Spyridon,
753 5059 1192 5128 Trimithuntis,
1224 5059 1286 5114 in
1336 5058 1524 5132 Cypro
1561 5059 1837 5130 civitatis,
1869 5062 1990 5133 epi-

330 5165 547 5221 scopus
578 5149 768 5204 multa
798 5149 950 5204 mira
974 5148 1118 5204 fecit
1147 5154 1206 5204 et
1251 5148 1505 5204 concilio
1539 5149 1774 5206 Nicano
1806 5150 1994 5207 inter-

324 5237 460 5294 fuit.
492 5238 731 5308 (Confer
759 5239 1082 5306 Socratem,
1114 5237 1217 5294 lib.
1253 5255 1272 5294 ι
1295 5238 1441 5293 Hist.
1475 5255 1525 5294 ο.
1561 5238 1666 5309 l2).

398 5419 512 5491 (25)
545 5419 693 5502 M-ale
734 5420 842 5508 (ait
881 5421 1082 5508 ‘Kuster
1129 5418 1204 5508 ad
1231 5421 1307 5508 χι,
1359 5421 1406 5508 Ιζ
1453 5423 1598 5476 tom.
1641 5421 1741 5508 III,
1774 5438 1830 5492 p.
1865 5423 1989 5508 {357:

326 5487 461 5564 Hac
494 5487 694 5564 :enim,
741 5487 1068 5564 Ἐγκλειομ.
1123 5499 1181 5547 et
1229 5487 1540 5564 Παραλυτρ.
1582 5487 1890 5562 pertinent
1918 5494 1992 5549 ad

328 5562 958 5636 S9tadem,comicum,
1011 5568 1083 5636 ut
1119 5562 1620 5636 expressengcet
1648 5564 1991 5636 Athenaus,

323 5632 432 5709 lib.
472 5652 582 5709 vn,
630 5653 690 5709 p.
730 5636 860 5709 293,
910 5639 971 5690 et
1022 5635 1128 5709 lib.
1179 5632 1256 5706 fx,
1300 5653 1357 5708 p.
1408 5635 1535 5690 368.
1583 5635 1748 5692 Conf.
1788 5632 1990 5709 supra,

317 5704 436 5762 vol.
469 5706 541 5776 II,
573 5704 708 5781 pag.
741 5708 869 5777 495,
902 5723 994 5779 sq.
1022 5707 1198 5763 Hau.

2092 594 2405 651 canebant.

2164 682 2426 757 Σταυρός.
2453 691 2518 742 In
2551 691 3001 760 septentrionali
3023 698 3188 763 parte
3210 692 3321 748 fori
3349 693 3639 751 collocata
3659 701 3750 752 est

2090 787 2253 840 crux,
2289 774 2480 831 instar
2511 777 2696 846 illius,
2730 797 2909 850 quam
2941 783 3362 838 Constantinus
3403 801 3651 857 magnus
3682 787 3745 842 in

2091 861 2237 917 calo
2259 864 2421 934 vidit,
2447 883 2591 922 auro
2614 867 2888 938 obducta,
2911 871 3256 943 habensque
3277 874 3341 929 in
3361 876 3629 946 apicibus
3647 895 3745 933 ro-

2092 952 2280 1009 tunda
2310 955 2488 1011 mala.
2541 957 2767 1014 Ibidem
2819 960 3080 1016 ﬁliorum
3131 963 3260 1033 ejus
3291 969 3500 1020 statua
3525 972 3746 1022 aurata

2088 1042 2634 1112 conspiciebantur.
2670 1047 2786 1102 Sub
2819 1049 3148 1106 Theodosio
3181 1067 3416 1124 magno,
3444 1054 3587 1126 imp.
3612 1072 3749 1111 cum

2086 1131 2400 1202 gentilium
2425 1135 2649 1206 templa
2669 1141 3184 1205 everterentur,-in
3206 1141 3503 1213 Serapidis
3527 1145 3748 1216 templo

2087 1222 2342 1278 inventa
2365 1231 2504 1280 sunt
2531 1226 2990 1300 hieroglyphica
3023 1230 3258 1301 littera,
3281 1234 3473 1288 crucis
3496 1234 3746 1305 ﬁguram

2085 1310 2395 1368 habentes.
2428 1316 2582 1380 Quas
2611 1332 2745 1371 cum
2794 1317 2906 1384 illi,
2959 1320 3061 1390 qui
3111 1336 3182 1374 ex
3226 1322 3551 1393 gentilibus
3580 1325 3746 1378 Chri-

2086 1400 2262 1456 stiani
2282 1401 2422 1458 facti
2445 1404 2703 1473 fuerant,
2722 1409 3193 1479 conspexissent,
3212 1409 3744 1482 dixerunt,Crucem

2085 1490 2242 1560 apud
2272 1491 2607 1548 litterarum
2638 1495 3222 1568 hieroglyphicarum
3261 1500 3484 1570 peritos
3515 1501 3746 1573 signifi-

2087 1595 2220 1634 care
2251 1581 2434 1637 vitam
2465 1583 2750 1639 futuram.

2158 1669 2550 1739 Stesichorus,
2579 1673 2880 1744 Euphorbi
2900 1675 2991 1730 vel
3013 1677 3329 1749 Euphemi,
3352 1679 3443 1733 vel
3464 1680 3745 1748 Euclidis,

2082 1761 2173 1811 vel
2205 1759 2442 1814 Hesiodi
2465 1761 2548 1826 F.,
2575 1778 2646 1816 ex
2672 1763 2926 1831 Himera,
2955 1765 3102 1820 urbe
3124 1766 3364 1832 Sicilia,
3398 1769 3743 1832 Himeraus,

2011 1877 2058 1942 B
2082 1847 2528 1942 Alii-Matauria,
2563 1851 2748 1906 Italia
2797 1853 3055 1920 civitate,
3087 1861 3284 1909 ortum
3331 1857 3594 1915 tradunt.
3629 1861 3745 1914 Alii

2091 1936 2405 1993 Pallantio.
2439 1939 2704 1996 Arcadia
2738 1943 2905 2010 urbe,
2956 1945 3291 2017 profugum,
3317 1947 3601 2003 Catanam
3635 1951 3744 2004 mi-

2089 2041 2289 2098 grasse
2311 2027 2512 2099 ibique
2535 2029 2755 2085 obiisse
2777 2037 2837 2086 et
2855 2033 3154 2104 sepultum
3176 2040 3315 2090 ante
3337 2042 3590 2107 portam,
3616 2056 3745 2110 qua

2089 2114 2161 2170 ab
2193 2132 2260 2170 eo
2294 2117 2668 2174 Stesichorea
2698 2119 2856 2176 dicta
2883 2121 3082 2177 fuerit.
3115 2125 3323 2178 Junior
3354 2125 3750 2199 Alemane,1y-

2087 2207 2234 2274 rico,
2280 2212 2457 2264 natus
2516 2215 2607 2264 est
2663 2210 3011 2283 Olympiade
3069 2214 3342 2270 XXXVII.
3403 2217 3749 2290 Olympiade

2090 2297 2223 2352 LVI.
2256 2298 2520 2353 Fratrem
2553 2299 2760 2354 habuit
2807 2303 3246 2372 Mamertinum,
3281 2307 3620 2377 geometria
3654 2325 3752 2380 pe—

2088 2385 2289 2452 ritum,
2317 2392 2375 2441 et
2395 2387 2825 2456 Helianaetem,
2847 2390 3271 2463 legislatorem.
3296 2395 3429 2448 Fuit
3447 2401 3647 2451 autem
3670 2398 3751 2468 1y-

2088 2474 2268 2542 ricus,
2296 2476 2545 2547 ejusque
2566 2479 3070 2546 Poemata,Dorica
3090 2480 3344 2537 dialecto
3365 2485 3753 2555 scripta,sunt

2089 2565 2246 2622 libris
2287 2569 2482 2622 XXVI.
2538 2569 2762 2624 Dicitur
2811 2571 3030 2642 scripta
3077 2575 3486 2642 vituperatione
3532 2579 3751 2632 Helena

2086 2656 2280 2710 visum
2304 2657 2820 2721 amisisse.deinde
2853 2660 2915 2714 in
2947 2663 3174 2715 somnis
3206 2664 3753 2738 monitus,propter

1483 2779 1978 2850 rima’pm’cipue
2079 2745 2446 2814 palimodiam
2475 2747 2667 2801 visum
2717 2749 3034 2818 recepisse.
3088 2751 3230 2804 Cum
3281 2752 3541 2822 primum
3578 2757 3753 2810 Tisias

2085 2839 2414 2901 vocaretur,
2449 2836 2680 2906 accepit
2721 2853 2942 2891 nomen
2993 2838 3313 2905 Stesichori,
3347 2835 3437 2893 διὰ
3465 2842 3527 2894 τὸ
3559 2848 3750 2910 στῆναι

2085 2921 2279 2995 χορὸν,
2305 2923 2463 2993 quod
2485 2924 2716 2995 primus
2747 2926 2995 2981 chorum
3028 2926 3378 2997 instituerit,
3402 2947 3539 2986 cum
3570 2938 3747 2988 cantu

2085 3010 2327 3066 cithara
2359 3013 2771 3083 conjunctum.

2155 3101 2360 3172 Stilpo,
2385 3104 2765 3174 Megarensis,
2787 3105 3198 3177 philosophus,
3223 3107 3322 3178 qui
3347 3107 3459 3164 fuit
3480 3109 3588 3165 sub
3610 3113 3744 3167 Pto-

2087 3188 2298 3244 lemao
2327 3191 2518 3261 primo
2549 3191 2880 3263 discipulus
2913 3194 3174 3264 pasiclis,
3207 3195 3492 3265 Thebani,
3516 3200 3616 3269 qui
3641 3217 3747 3257 au-

2092 3277 2282 3332 dierat
2296 3278 2949 3352 fratrem,Cratetem,et
2969 3283 3753 3358 Dioclidem,Megarensem;

2090 3366 2140 3421 is
2193 3383 2328 3421 vero
2380 3367 2708 3436 Euclidem,
2762 3369 3122 3442 discipulum
3175 3372 3459 3429 Platonis.
3514 3377 3756 3433 Prafuit

2091 3456 2392 3527 Megarica
2425 3456 2666 3524 schola,
2701 3464 2760 3513 et
2788 3459 3052 3532 dialogos
3086 3461 3324 3532 scripsit
3355 3479 3476 3517 non
3510 3467 3752 3535 paucio-

2091 3559 2187 3598 res
2217 3544 2446 3616 viginti.

2166 3648 2331 3718 Στοὰ,
2356 3649 2620 3722 porticus,
2654 3651 2716 3707 in
2769 3670 2887 3724 qua
2917 3655 3118 3721 Stoici,
3155 3655 3418 3725 Στωϊκοὶ,
3447 3659 3549 3730 qui
3580 3667 3758 3718 antea

2092 3739 2356 3803 Zenonii,
2383 3739 2624 3794 Athenis
2647 3739 2959 3798 docebant.
2986 3745 3120 3799 Hac
3142 3745 3558 3817 appellabatur
3583 3755 3758 3804 antea

2092 3823 2547 3894 πεισιανάκτειος,
2576 3828 2792 3884 deinde
2823 3846 2858 3884 a
2887 3831 3197 3904 Polygnoti
3221 3833 3454 3905 pictura
3483 3835 3641 3892 dicta
3670 3844 3759 3893 est

2092 3911 2346 3984 ποικίλη.
2380 3915 2444 3970 In
2475 3915 2583 3970 illa
2631 3916 3013 3974 inambulans
3056 3921 3233 3988 Zeno,
3283 3923 3524 3992 Citieus,
3569 3925 3762 3981 disse-

2093 4004 2279 4059 rebat.
2306 4004 2423 4060 Sub
2447 4004 2583 4060 XXX
2607 4008 2877 4078 tyrannis
2904 4014 3104 4065 autem
3137 4011 3303 4066 mille
3337 4012 3757 4088 quadringenti

2096 4093 2251 4148 cives
2281 4093 2363 4148 ibi
2395 4093 2694 4151 interfecti
2727 4103 2886 4154 sunt.

2168 4181 2399 4249 Strabo,
2429 4185 2785 4256 Amasenus,
2818 4185 3212 4258 philosophus
3259 4193 3318 4243 et
3363 4192 3755 4263 geographus,

2097 4271 2298 4340 (Infra,
2331 4271 2569 4343 Strato.)

2170 4358 2384 4424 Strato,
2416 4359 2681 4414 comicus
2709 4359 2921 4416 media
2962 4362 3286 4420 comadia.
3314 4367 3396 4421 Ex
3426 4366 3556 4438 ejus
3579 4366 3759 4438 jabu—

2097 4445 2172 4500 lis
2213 4451 2340 4500 erat
2369 4444 2566 4520 φοῖνιξ.

2170 4534 2384 4600 Strato,
2417 4535 2876 4607 Lampsacenus,
2921 4538 3336 4611 philosophus,
3369 4543 3757 4615 TheOphrasti

2082 4620 2414 4692 discipulus
2448 4627 2507 4678 et
2535 4639 2868 4692 successor,
2896 4626 3056 4682 filius
3080 4630 3368 4684 Arcesitai
3394 4632 3486 4686 vel
3512 4635 3758 4701 Arcesii,

2099 4711 2452 4781 cognomine
2485 4711 2792 4782 Physicus.
2827 4715 2986 4785 quod
3036 4733 3157 4787 pra
3210 4720 3441 4774 cateris
3482 4722 3761 4778 omnibus

2100 4797 2358 4869 physica
2411 4801 2900 4871 contemplationi
2951 4802 3189 4860 deditus
3241 4813 3433 4876 esset;
3479 4811 3762 4882 magister

2099 4885 2404 4941 Ptolemai
2435 4887 2832 4960 Philadelphi,
2856 4891 3078 4947 multos
3100 4892 3286 4949 libros
3318 4897 3576 4968 scripsit.

2176 4974 2388 5040 Strato,
2421 4975 2774 5046 Amasenus,
2834 4979 3246 5053 philosophus,
3307 4984 3406 5054 qui
3468 4985 3612 5038 vixit
3650 4986 3758 5041 sub

2100 5061 2353 5129 Tiberio,
2395 5063 2644 5120 Casare.
2698 5065 2946 5138 Scripsit
2991 5071 3363 5143 geographia
3412 5071 3598 5128 libros
3640 5074 3758 5129 VII.

2101 5150 2244 5222 (Imo
2273 5150 2502 5220 Strabo,
2534 5152 2719 5209 libros
2750 5157 2906 5227 xvu.)

2172 5239 2426 5310 Strattis,
2451 5241 2856 5310 Atheniensis,
2883 5245 3157 5318 tragicus.
3185 5248 3326 5320 Ejus
3345 5247 3564 5304 fabula
3589 5256 3757 5306 sunt:

2173 5419 2283 5542 $26)
2314 5418 2551 5500 Rectius
2581 5420 2830 5485 Oasites,
2865 5427 3031 5477 ortus
3081 5439 3152 5478 ex
3198 5425 3345 5481 urbe
3388 5426 3591 5496 Ὀασις,
3626 5446 3759 5500 qua

2173 5506 2273 5542 ,ΩΟ
2329 5490 2660 5542 dlcebatur-
2719 5492 2921 5542 Ὓασιε-
2986 5493 3199 5542 lydiae-
3265 5498 3326 5542 ν-
3387 5498 3585 5542 Sinni],
3649 5501 3759 5542 ην-

2101 5490 2273 5574 vulgo
2329 5490 2682 5574 dicebatur,‘
2719 5492 2921 5574 “Iactis,
2984 5490 3588 5574 Lydia.__V.___Steph.
3644 5490 3761 5574 By-

2101 5567 2259 5690 218.1131;
2296 5579 2349 5617 v.
2379 5562 2589 5630 Ὕασις,
2631 5567 2692 5619 et
2730 5564 2944 5622 Kﬁster
2988 5562 3062 5621 ad
3112 5566 3276 5627 Suid.
3329 5569 3427 5640 Ill,
3465 5562 3599 5646 pag.
3634 5562 3758 5630 35"].
