4126 6420
427 381 578 443 1351

1734 369 1979 438 INDEX
2015 371 2538 441 SCIlIP‘l‘ORUM

3673 363 3810 446 1352

427 509 939 587 ’Λνθρωπορὲστης,
992 505 1314 579 Ἀταλάντη,
1371 507 1587 582 Ἀγαθοὶ
1630 510 1750 565 sive
1780 509 2079 585 Ἀργυρίου

2198 487 3816 588 est,oriundus,philo50phus,episcopusPtolemaidis,ex

429 601 754 673 ἀφανισμὸς,
811 599 1115 676 Ἰφιγὲρων,
1173 595 1543 669 Καλλιπίδης,
1600 597 1879 668 Κινησίας,
1941 606 2084 672 Λιμ-

430 689 701 764 νομὲδων,
762 686 1094 756 Μακεδόνες,
1155 685 1388 758 Μήδεια,
1444 685 1724 763 Τρωΐλος,
1777 689 2081 758 Φοίνισσαι,

429 780 806 850 Φιλοκτήτης,
865 777 1204 852 Χρύσιππος,
1263 782 1587 845 Παυσανιας,
1647 777 1960 853 Ψυχασταὶ,
2019 783 2086 834 ut

428 874 596 930 testis
633 873 952 927 Athenaeus
978 870 1043 924 in
1075 869 1576 941 Dipnosophistis.

498 962 764 1024 Studius,
792 960 1062 1032 dynasta,
1091 959 1190 1030 qui
1215 958 1672 1014 celeberrimum
1697 957 1847 1013 illud
1879 973 2082 1013 mona-

426 1054 672 1109 sterium
699 1050 914 1121 (CPoli)
947 1047 1236 1104 condidit.
1268 1048 1401 1102 Fuit
1420 1048 1562 1102 olim
1591 1048 1855 1102 Ecclesia
1883 1048 2086 1102 Catho-

425 1144 700 1209 licorum,
722 1147 929 1213 postea
948 1144 1241 1193 mutatum
1266 1144 1355 1192 est
1374 1139 1435 1192 in
1461 1137 2082 1193 monasterium.ldem

425 1233 662 1288 Studius
685 1231 965 1302 princeps
985 1227 1173 1283 sedem
1192 1227 1556 1298 archangeli,
1581 1226 2085 1294 Michaelis,Naco-

418 1324 538 1389 liae,
573 1322 858 1392 condidit,
885 1321 946 1374 in
977 1336 1157 1390 quem
1187 1325 1246 1373 et
1276 1335 1479 1374 versus
1511 1318 1734 1373 heroici
1767 1322 2080 1374 teruntur:

425 1489 685 1566 Στούδιον
720 1489 924 1566 ἀγλα-ὸν
958 1489 1104 1544 οἷκον
1140 1485 1425 1566 ἐδείματο,
1455 1486 1820 1566 uenalium:

418 1567 515 1620 Ὧν
571 1553 778 1638 κάμεν,’
816 1563 1007 1640 εὕρατο
1068 1553 1280 1634 μισθὸν,
1335 1553 1475 1615 ἑλὼν
1527 1553 1805 1631 ’ὑπατηῗδα
1857 1553 2080 1636 ῥάϐδον.

491 1741 806 1797 Suetonius
839 1736 1230 1810 (Σιυητόνιος),
1258 1737 1454 1793 dictus
1480 1736 2083 1809 Tranquillus,gram-

419 1831 674 1885 maticus
704 1831 1026 1885 Romanus.

493 1920 873 1990 Superianus,
917 1917 1202 1988 sophista,
1234 1933 1450 1987 genere
1481 1917 1738 1982 Isaurus,
1777 1914 2077 1970 Lachiaris

421 2008 768 2079 discipulus,
804 2004 1103 2078 ὀψιμαθὴς,
1163 2006 1266 2077 qui
1323 2022 1514 2060 annos
1545 2004 1803 2075 amplius
1837 2003 2080 2075 triginta

419 2104 593 2152 natus
625 2097 867 2151 demum
901 2095 1078 2166 coepit
1106 2099 1408 2149 oratorum
1461 2094 1647 2148 libros
1680 2093 1876 2165 legere
1914 2098 1973 2146 et
2003 2089 2077 2146 ad

420 2186 767 2256 disciplinas
787 2184 1067 2239 liberales
1080 2184 1350 2239 animum
1364 2183 1855 2254 adjicere,tamen
1873 2181 2080 2240 labore

414 2274 689 2345 improbo
713 2279 772 2328 et
793 2272 993 2344 ﬂagris
1022 2272 1222 2337 etiam,
1256 2271 1472 2342 quibus
1504 2287 1567 2326 se
1599 2271 1725 2342 ipse
1759 2270 1817 2325 in
1851 2271 2081 2328 balneis

411 2361 693 2423 concidit,
720 2377 789 2416 ea
809 2359 1213 2430 edidicit,qua3
1236 2375 1270 2414 a
1293 2359 1492 2429 pueris
1521 2358 1784 2430 magistri
1813 2359 2074 2430 exigunt.

417 2451 622 2520 Itaque
653 2450 716 2503 in
747 2447 968 2503 celebri
1000 2448 1366 2502 Athenarum
1400 2447 1544 2502 urbe
1577 2447 1761 2502 evasit
1792 2449 2083 2518 sophista,

425 2539 683 2592 Lachare
713 2537 903 2609 gloria
933 2552 1052 2590 non
1086 2535 1274 2590 multo
1297 2535 1714 2591 inferior.Nam
1747 2538 1958 2601 scio,et
1977 2537 2084 2592 La-

423 2628 667 2682 charem
699 2625 1028 2696 sophistam
1059 2624 1280 2679 factum
1323 2624 1633 2696 diligentia
1665 2626 1874 2698 magis,
1906 2643 2087 2698 quam

430 2715 690 2787 ingenio.
726 2716 866 2783 Ejus
899 2714 1060 2768 enim
1111 2713 1410 2768 orationes
1443 2713 1576 2785 legi,
1611 2730 1641 2769 e
1674 2714 1890 2785 quibus
1921 2715 2088 2772 valde

428 2808 738 2859 accuratus
764 2803 934 2872 mihi,
964 2803 1067 2858 sed
1089 2803 1326 2874 ingenio
1353 2803 1612 2858 tardiore
1642 2804 1804 2859 visus
1825 2811 1932 2859 est.
1957 2806 2091 2862 Effi-

425 2894 548 2965 gies
572 2909 810 2964 quoque
833 2892 962 2963 ejus
982 2891 1278 2947 referebat
1298 2892 1509 2958 virum,
1533 2891 1608 2946 ad
1632 2893 1828 2948 studia
1848 2894 2090 2964 quidem

428 2982 774 3048 tardiorem,
809 2981 911 3036 sed
942 2981 1111 3035 vultu
1142 2980 1390 3052 pulchro
1425 2987 1483 3036 et
1516 2981 1642 3047 tali,
1679 2981 1780 3052 qui
1813 2981 2091 3038 virtutem

427 3073 830 3143 polliceretur,
859 3075 916 3125 et
945 3069 1158 3142 dignus
1180 3074 1328 3135 erat,
1350 3070 1453 3140 qui
1475 3070 1868 3142 philosophus
1895 3073 2092 3142 potius

430 3177 608 3230 quam
641 3158 908 3229 sophista
954 3164 1280 3214 vocaretur.
1337 3161 1482 3214 Nam
1530 3159 1755 3231 alioqui
1801 3161 2094 3216 Lachares

2188 603 2396 658 ordine
2421 603 3051 678 sacerdotali.Scripsit
3075 605 3260 660 libros
3287 605 3547 662 diversos
3567 612 3623 662 et
3639 625 3815 680 gram-

2188 693 2438 748 maticos
2461 699 2518 748 et
2539 693 3009 767 phi1050phicos,
3029 694 3296 766 itemque
3329 696 3627 751 Orationes
3647 697 3714 752 de
3734 713 3818 753 re-

2187 798 2326 854 gno,
2351 787 2408 838 et
2431 783 2740 839 Orationes
2765 785 3152 857 panegyricas
3183 785 3303 840 sive
3333 785 3562 857 generis
3591 785 3815 842 demonv

2189 871 2435 926 strativi.
2475 873 2617 927 ltem
2640 873 2988 929 Encomium
3013 873 3356 941 calvitiei,et
3380 875 3706 929 Orationem
3727 875 3817 930 ad-

2189 960 2523 1016 mirabilem
2555 961 2626 1017 de
2654 962 3048 1029 Providentia,
3089 978 3305 1035 genere
3348 961 3581 1016 dicendi
3608 963 3819 1018 Graeca-

2188 1052 2354 1119 nico;
2400 1052 2668 1124 aliosque
2714 1054 3005 1125 plurimos
3051 1059 3109 1109 et
3164 1053 3424 1108 diversos
3481 1052 3725 1118 libellos,
3772 1057 3823 1108 et

2189 1148 2478 1214 praeterea
2522 1143 2837 1214 Epistolas,
2889 1160 3022 1214 quaa
3072 1142 3229 1215 apud
3279 1158 3486 1198 omnes
3532 1142 3592 1197 in
3630 1158 3820 1214 magno

2188 1231 2378 1302 pretio
2405 1231 2720 1286 habentur.

2262 1320 2668 1392 Συντακτήριος
2739 1320 3023 1392 Origenes
3101 1320 3436 1392 appellatus
3490 1319 3619 1386 fuit,
3683 1319 3824 1390 quod

2187 1410 2409 1466 multos
2440 1410 2626 1466 libros
2665 1410 3121 1481 conscripsisset
3149 1412 3285 1483 (27).

2261 1499 2430 1572 Σύρα,
2462 1501 2606 1572 Syra
2648 1500 2761 1570 (28)
2810 1499 2966 1571 apud
2999 1501 3300 1556 Romanos
3345 1499 3542 1554 divina
3573 1497 3822 1570 epistola.

2260 1591 2564 1661 Syrianus,
2599 1589 3058 1658 Alexandrinus,
3092 1589 3507 1660 philosophus,
3543 1587 3638 1658 qui
3671 1586 3824 1641 Athe-

2187 1681 2384 1736 niensi
2407 1679 2625 1736 schola)
2649 1686 2707 1734 et
2729 1679 3004 1735 Diatribaa
3029 1679 3304 1750 praafuit;
3330 1678 3609 1749 magister
3628 1675 3824 1744 Procli,

2187 1771 2288 1843 qui
2319 1772 2432 1826 fuit
2455 1771 2644 1842 ipsius
2675 1786 3003 1826 successor.
3039 1770 3292 1842 Scripsit
3334 1769 3396 1824 in
3430 1774 3616 1824 totum
3645 1768 3827 1821 Home-

2109 1877 2154 1944 Β
2184 1878 2308 1916 rum
2357 1861 2824 1916 Commentarium
2871 1858 3009 1914 libri
3056 1859 3192 1926 VII;
3243 1860 3309 1914 In
3354 1861 3544 1927 Remp.
3599 1855 3827 1911 Platonis

2184 1949 2369 2006 libros
2398 1951 2470 2004 IV
2495 1967 2508 2015 ;
2536 1951 2601 2004 In
2623 1949 2828 2018 Orphei
2861 1949 3209 2016 Theologiam
3241 1946 3428 2002 libros
3457 1947 3543 2011 Il;
3598 1947 3659 1999 In
3700 1945 3829 1999 Pro-

2186 2040 2352 2105 clum,
2387 2035 2482 2097 Εἷς
2508 2035 2576 2090 τὰ
2623 2033 2880 2106 Πρόκλου
2932 2035 3053 2108 περῖ
3096 2038 3208 2089 τῶν
3253 2036 3381 2109 παρ’
3420 2034 3650 2106 Ὁμήρῳ
3688 2034 3829 2097 θεῶν,

2188 2128 2261 2184 de
2313 2127 2426 2182 diis
2471 2127 2837 2193 Homericis;
2889 2126 3217 2183 Consensum
3263 2125 3490 2196 Orphei,
3522 2122 3828 2192 Pythagora

2189 2224 2239 2273 et
2271 2217 2555 2279 Platonis;
2586 2219 2663 2271 De
2693 2215 2951 2283 oraculis,
2976 2215 3182 2282 libros,
3209 2215 3272 2284 X,
3302 2220 3359 2270 et
3381 2214 3530 2270 alias
3561 2209 3830 2283 quasdam

2191 2305 2618 2362 enarrationes.
2651 2304 2937 2371 Isidorus,
2967 2304 3384 2376 philosophus,
3415 2309 3481 2358 ut
3511 2299 3835 2357 Damascius

2192 2395 2504 2457 ait,omnia
2524 2399 2790 2449 veterum
2808 2395 3030 2465 scripta
3046 2393 3497 2448 accuratissime
3519 2389 3836 2446 examinare

2194 2501 2314 2539 non
2341 2483 2689 2548 desinebat;
2725 2482 2829 2538 sed
2877 2487 3014 2554 post
3065 2482 3398 2550 Platonem,
3439 2476 3759 2536 Jamblicho
3787 2479 3838 2528 et

2191 2572 2505 2630 Jamblichi
2553 2572 2762 2627 amicis
2817 2587 2886 2627 ac
2936 2571 3255 2626 comitibus
3313 2585 3556 2643 Operam
3599 2563 3835 2622 maxime

2194 2661 2394 2726 dabat,
2427 2676 2682 2732 quorum
2738 2660 3034 2732 optimum
3093 2675 3224 2715 esse
3281 2657 3620 2715 afﬁrmabat
3670 2653 3836 2709 civem

2197 2767 2370 2806 suum
2392 2750 2728 2822 Syrianum,
2753 2749 2944 2804 Procli
2969 2749 3341 2821 magistrum.
3369 2747 3676 2804 Neminem
3695 2756 3834 2807 νει-ο,

2198 2839 2357 2912 quod
2387 2839 2629 2911 quidem
2661 2837 2735 2894 ad
2767 2855 2915 2893 verm
2957 2838 3220 2893 scientia:
3273 2835 3689 2893 collectionem
3718 2829 3835 2886 atti-

2198 2935 2357 2996 neat,
2391 2927 2900 2983 contemnendum
2923 2943 3061 3007 esse
3086 2926 3393 2982 censebat.

3046 3039 3088 3092 T

2271 3149 2463 3212 Τάϐλα
2512 3155 2718 3209 tabula.
2773 3155 2998 3210 Nomen
3046 3153 3237 3219 lusus,
3287 3170 3469 3222 quem
3515 3145 3838 3207 Palamedes

426 3250 514 3302 vir
559 3249 672 3303 fuit
721 3250 836 3302 Deo
888 3248 1122 3316 charus,
1178 3249 1279 3319 qui
1332 3249 1526 3304 visum
1574 3251 1864 3305 amissum
1905 3252 2084 3307 etiam
2115 3244 2158 3310 C
2197 3243 3838 3318 magnacumsapientiainvenit,utexercitusGraacorum

427 3338 592 3392 illius
622 3337 912 3392 beneficio
945 3338 1188 3409 recepit.
1221 3339 1326 3406 (Ex
1358 3339 1712 3406 Damascio.)

500 3426 827 3497 Sybaritica
873 3427 1392 3499 apOphthegmata,
1442 3427 1598 3498 apud
1643 3427 2086 3500 Epicharmum.

427 3515 769 3586 Sybaritigee
792 3515 1034 3580 fabula),
1059 3515 1118 3569 id
1142 3520 1232 3569 est
1246 3515 1550 3586 Aisopicaa.
1579 3515 1644 3569 Et
1668 3516 2087 3587 proverbium:

426 3605 696 3675 Sybarita
724 3621 830 3676 per
859 3604 1207 3675 plateam,in
1239 3620 1340 3659 eos
1371 3605 1472 3676 qui
1505 3604 1761 3676 superbo
1791 3605 1976 3678 gradu
2006 3606 2094 3660 in-

426 3694 682 3760 cedunt;
711 3694 992 3766 Sybaritaa
1017 3693 1327 3759 luxuriosi,
1351 3695 1644 3768 praecipue
1679 3695 1780 3750 ille
1813 3695 2091 3767 Mindyri-

425 3781 551 3851 des,
586 3789 699 3840 etc.
781 3828 786 3833 .

489 3868 993 3942 Συγχρωτίζεσθαι,
1053 3871 1126 3926 ad
1174 3869 1419 3939 aliquem
1470 3871 1748 3934 accedere,
1807 3871 1920 3926 hoc
1975 3877 2083 3940 est,

2193 3335 2462 3400 haberet,
2485 3351 2602 3405 quo
2627 3338 2861 3405 tempus
2883 3332 3135 3388 falleret.
3167 3334 3231 3387 In
3253 3333 3366 3388 hoc
3393 3333 3528 3388 lusu
3550 3326 3743 3386 tabula
3761 3327 3839 3376 est

2193 3425 2454 3481 mundus
2487 3423 2803 3478 terrestris.
2858 3422 3179 3478 Duodecim
3238 3419 3398 3475 κάσοι
3451 3421 3570 3476 sive
3617 3415 3838 3484 scripta,

2195 3514 2452 3570 circulus
2479 3513 2772 3568 zodiacus.
2798 3511 3061 3567 Fritillus
3090 3518 3148 3567 et
3168 3513 3228 3567 in
3253 3528 3319 3566 eo
3340 3517 3568 3585 septem
3595 3514 3835 3563 tessera»

2195 3611 2421 3678 septem
2449 3603 2636 3659 stella
2667 3602 3044 3674 planetarum
3069 3619 3083 3671 ;
3118 3602 3411 3658 turricula
3441 3589 3836 3667 vero,altitudo

2194 3695 2346 3760 coeli,
2382 3711 2452 3750 ex
2483 3709 2598 3765 quo
2628 3691 2818 3748 multa
2846 3691 3004 3748 bona
3046 3697 3106 3747 et
3148 3692 3306 3747 mala
3327 3691 3610 3748 omnibus
3641 3697 3836 3756 repen-

2194 3784 2436 3840 duntur.

2261 3874 2336 3927 Τὰ
2366 3873 2412 3926 δ’
2444 3871 2502 3925 ἐκ
2528 3866 2807 3944 τρίποδος,
2863 3887 2932 3926 ea:
2982 3871 3198 3942 tripode
3246 3871 3417 3938 dicta,
3452 3869 3524 3925 de
3554 3865 3726 3923 rebus
3747 3876 3834 3914 ve—

406 3959 778 4026 familiariter
838 3976 960 4014 cum
1027 3961 1217 4029 aliquo
1275 3961 1502 4013 versari.
1564 3961 1809 4027 Zenoni,
1872 3961 2083 4028 Citieo,
2190 3964 2487 4020 rissimus.
2511 3963 2654 4016 Cum
2677 3959 3025 4026 Aristoclea,
3046 3977 3177 4031 qua)
3200 3965 3328 4015 erat
3347 3959 3579 4032 Pythia,
3605 3969 3723 4010 rem
3747 3950 3834 4004 ha-

405 4049 721 4103 oraculum
739 4048 1224 4119 consulenti,quo
1240 4053 1409 4118 pacto
1425 4046 1660 4103 beatam
1677 4048 1855 4104 vitam
1870 4049 2083 4123 degere

406 4143 655 4209 posset:
717 4139 863 4193 deus
941 4137 1288 4208 respondit:
1347 4135 1410 4190 Εἰ
1469 4135 1906 4211 συγχρωτίζοιτο
1964 4142 2083 4200 τοῖς

409 4230 644 4299 νεκροῖς,
696 4229 758 4283 Si
799 4227 1164 4294 familiariter
1219 4243 1340 4281 cum
1395 4229 1625 4282 mortuis
1655 4234 1990 4297 versaretur,
2019 4229 2080 4284 id

411 4322 502 4371 est
531 4335 667 4372 cum
699 4317 936 4389 scriptis
970 4323 1028 4372 et
1058 4316 1226 4371 libris
1259 4317 1666 4387 antiquorum.

484 4407 759 4478 Symeon,
792 4405 1086 4460 mirabilis
1118 4405 1220 4462 ille
1246 4406 1332 4458 vir
1361 4406 1485 4475 (qui
1518 4405 1687 4476 vulgo
1714 4404 1936 4460 dicitur
1959 4408 2080 4479 Sty-

406 4497 572 4566 lites).
601 4497 679 4550 De
709 4497 822 4551 hoc
842 4511 978 4550 cum
1000 4495 1230 4566 Egypti
1252 4494 1528 4550 monachi
1554 4494 1918 4550 audivissent
1941 4513 2078 4551 eum

406 4585 467 4638 in
503 4584 783 4639 columna
814 4590 994 4647 stare,
1025 4601 1154 4638 rem
1188 4583 1492 4639 insolitam
1535 4582 1893 4640 damnantes
1926 4585 2075 4656 (ipse

406 4674 568 4730 enim
600 4674 827 4744 primus
848 4674 960 4728 hoc
990 4673 1255 4741 fecerat).
1281 4689 1417 4727 eum
1450 4689 1518 4728 ex
1551 4679 1704 4728 ccetu
1729 4689 1834 4728 suo
1865 4674 2068 4728 exclu-

409 4767 633 4817 serunt.
659 4763 872 4816 Postea
896 4779 1053 4829 vero,
1079 4762 1315 4834 cognita
1339 4762 1446 4815 viri
1471 4761 1634 4816 illius
1659 4761 1773 4817 vita
1800 4769 1858 4816 et
1882 4762 2067 4818 animi

409 4850 722 4916 modestia,
755 4867 960 4905 rursus
991 4867 1126 4905 eum
1149 4849 1210 4905 in
1233 4857 1449 4907 coetum
1483 4866 1656 4905 suum
1688 4857 2063 4923 receperunt.

406 4940 494 4994 Ad
527 4941 686 4994 hunc
715 4939 1063 5006 Marcianus,
1100 4939 1244 5011 imp.
1301 4939 1563 4995 hominis
1617 4939 1826 5010 privati
1857 4939 2066 4996 habitu

405 5029 564 5084 clam
597 5030 774 5085 venit.

476 5117 580 5170 Σὺι
617 5115 674 5171 δὲ
703 5117 828 5172 Θεοὶ
865 5115 1125 5190 μάκαρες.
1160 5118 1280 5172 Hoc
1332 5118 1634 5188 Rhapsodi
1665 5117 1940 5174 accinere
1967 5135 2067 5174 so-

402 5208 645 5264 lebant:
680 5215 745 5266 ut
774 5207 1109 5276 citharmdi,
1140 5203 1298 5261 Ἀλλ’
1331 5202 1478 5274 ἅναξ,
1523 5209 1706 5280 χαῖρε.
1742 5209 1875 5263 Haec
1901 5208 2063 5263 enim

407 5298 862 5369 epiphonemata
890 5297 1048 5369 apud
1076 5302 1300 5352 veteres
1331 5302 1536 5366 poetas
1569 5295 1758 5350 obvia.

479 5387 782 5460 Synesius,
813 5385 1120 5457 Pentapoli
1147 5383 1483 5452 Thebaidis,
1509 5400 1640 5455 quas
1662 5384 1727 5440 in
1753 5383 1932 5456 Libya
1952 5385 2067 5442 sita

475 5569 587 5636 (27)
620 5566 766 5636 Falli
795 5566 1054 5633 Suidam,
1082 5581 1217 5619 cum
1244 5563 1526 5635 Origenes
1546 5567 1787 5618 auctore
1808 5563 2064 5636 Epipha-

405 5635 526 5706 nio,
561 5635 896 5706 Συντάκτης,
931 5654 1050 5692 non
1100 5635 1503 5706 Συνταιιτήριος
1555 5639 1792 5706 vocatus
1829 5635 2070 5705 fuisset-,-

407 5705 610 5766 monet
638 5705 852 5766 Kuster
881 5709 954 5765 ad
985 5709 1043 5763 h.
1079 5711 1124 5765 l.
1156 5713 1296 5764 tom.
1329 5705 1429 5778 IlI,
1460 5724 1518 5780 p.
1549 5707 1676 5762 408.
1706 5705 1880 5762 Hann.

2190 4053 2392 4109 buisse
2434 4051 2617 4106 frater
2663 4050 2898 4119 dicitur,
2952 4055 3010 4104 et
3061 4049 3304 4105 oracula
3335 4067 3469 4120 quas
3503 4044 3708 4118 Apollo
3738 4053 3832 4111 per

2190 4158 2322 4198 eam
2371 4139 2678 4203 edidisset,
2727 4143 2794 4194 ut
2840 4155 2974 4194 vera
3025 4138 3362 4195 adnotasse.
3399 4141 3478 4194 De
3511 4129 3826 4207 Apollonio,

2187 4229 2872 4304 Tyraneo,Philostratus
2892 4245 2906 4282 :
2930 4229 3054 4283 Non
3079 4235 3206 4283 erat
3225 4229 3502 4300 copiosus
3519 4228 3578 4281 in
3596 4217 3828 4278 dicendo

2186 4336 2383 4391 neque
2414 4319 2635 4373 ironice
2667 4318 3012 4390 loquentem
3046 4317 3364 4388 quisquam
3388 4315 3628 4381 audivit,
3652 4319 3827 4378 neque

2185 4427 2386 4466 coram
2418 4407 2792 4464 auditoribus
2841 4422 2903 4462 se
2941 4407 3293 4478 jactantem,
3328 4407 3433 4463 sed
3465 4411 3741 4475 tanquam
3768 4409 3828 4450 ea:

2186 4499 2423 4570 tripode,
2451 4499 2581 4552 novi
2610 4496 2828 4561 aiebat,
2856 4503 2915 4551 et
2943 4496 3174 4552 videtur
3205 4496 3377 4551 mihi.

2255 4587 2333 4643 Τὰ
2362 4586 2422 4641 ὲκ
2449 4582 2753 4644 Τπιποδος.
2773 4585 2984 4657 Apollo
3007 4585 3335 4641 vaticinans
3358 4585 3548 4639 utitur
3584 4575 3824 4649 Tripode.

2179 4684 2423 4750 propter
2453 4677 2566 4731 tria
2597 4691 2796 4730 rerum
2851 4681 3138 4746 tempora.
3189 4675 3502 4741 Homerus,
3534 4671 3606 4730 Ος
3634 4667 3682 4741 γ’
3709 4658 3822 4738 ἤδει

2176 4765 2240 4820 τά
2268 4764 2473 4820 τέόντα
2500 4762 2567 4819 τά
2592 4764 2641 4816 τ’
2693 4762 2980 4833 ἐσσόμενα,
3015 4762 3122 4834 πρό
3167 4763 3214 4816 τ’
3260 4760 3438 4818 ἐόντα.
3473 4759 3582 4827 Qui
3609 4755 3756 4812 novit
3777 4755 3825 4805 et

2168 4858 2472 4928 praesentia
2482 4861 2535 4910 et
2545 4857 2746 4924 futura
2757 4860 2812 4908 et
2819 4855 3114 4923 praeterita
3125 4897 3132 4906 .
3145 4851 3406 4924 Apollini
3421 4852 3609 4922 tripus
3625 4854 3822 4902 aureus

2175 4942 3071 5016 cessit,apiscatoribusoblatus
3088 4942 3348 5014 primum
3367 4959 3444 4996 vn
3465 4933 3819 5020 sabientihuﬁ

2174 5027 2300 5094 sed,
2334 5014 2468 5081 cum
2490 5025 2552 5080 hi
2585 5024 2756 5080 illum
2785 5023 3190 5094 repudiarent,
3218 5023 3392 5078 datus
3411 5021 3528 5078 fuit
3553 5014 3818 5090 Apollini,

2171 5117 2334 5172 velut
2361 5113 2824 5187 sapientissimo,
2875 5113 2970 5168 cui
3020 5113 3160 5168 dare
3211 5112 3520 5168 oraculum
3544 5104 3814 5181 jusserat.

2245 5206 2330 5262 Τὰ
2366 5203 2534 5258 ἐκτῶν
2576 5201 2794 5276 ἁμαξῶν
2824 5203 3153 5274 σκώμματα,
3201 5205 3290 5258 Ex
3335 5201 3604 5273 plaustris
3658 5195 3822 5249 dicto-

2171 5299 2281 5352 ria.
2307 5294 2552 5349 Athenis
2573 5294 2635 5348 in
2657 5293 2807 5348 festo
2831 5294 3079 5357 Choum,
3098 5292 3199 5363 qui
3222 5295 3617 5347 comessatum
3642 5283 3817 5341 ibant,

2172 5385 2457 5460 plaustris
2485 5383 2578 5440 vel
2607 5382 2813 5439 obvios
2842 5382 3108 5438 dicteriis
3156 5387 3218 5439 et
3265 5380 3538 5437 convitiis
3576 5375 3820 5432 insecta-

2243 5564 2350 5630 (28.
2383 5560 2630 5616 Videtur
2684 5560 2896 5617 Suidas
2953 5559 3108 5615 male
3171 5559 3482 5630 scripsisse
3524 5551 3667 5624 Σύρα
3718 5561 3816 5619 pro

2175 5634 2384 5708 Σάκρα,
2418 5634 2616 5689 Sacra.
