4126 6440
330 431 488 495 i353

1641 431 1744 492 DE
1787 428 2074 504 QUIBUS
2118 428 2399 493 SUIDAS

3591 436 3754 499 135‘

325 566 569 622 bantur.
602 563 768 621 Idem
799 565 862 621 in
894 564 1120 621 Lenaeis
1136 570 1343 638 postea
1362 564 1680 621 faciebant.
1704 565 1983 620 Mulieres
2013 566 2068 633 Α
2099 566 2285 620 monii
2306 551 2799 633 retrocesserunt,
2833 568 3003 636 turpe
3034 563 3321 621 ducentes
3351 582 3488 623 cum
3535 569 3757 624 mulie-

324 656 812 725 Atheniensium,
871 655 1137 727 plaustro
1190 659 1390 723 vectus,
1451 671 1588 710 cum
1646 655 1991 710 Eleusinem

329 745 505 800 ibant
534 745 608 800 ad
638 761 853 817 magna
882 745 1188 817 mysteria,
1222 745 1285 799 in
1315 745 1409 798 via
1439 761 1500 800 se
1532 745 1757 799 mutuis
1788 743 1990 798 convi-

336 835 445 889 ciis
488 834 954 890 insectabantur.
1017 834 1403 889 Alexandrini
1454 834 1597 888 olim
1655 834 1991 888 animarum

336 924 757 979 lustrationem
779 923 1291 978 faciebant.Certis
1308 923 1470 977 enim
1493 922 1705 977 diebus
1717 922 1991 977 homines

332 1012 605 1068 curribus
638 1013 809 1079 vecti,
844 1012 1061 1083 quibus
1091 1012 1202 1066 hoc
1230 1013 1429 1083 ipsum
1485 1028 1706 1066 munus
1749 1010 1993 1066 manda-

332 1105 459 1157 tum
494 1107 639 1169 erat,
674 1118 782 1173 per
812 1106 995 1156 totam
1016 1100 1225 1156 urbem
1248 1100 1433 1171 ibant,
1488 1106 1548 1155 et
1596 1104 1844 1164 stantes,
1887 1098 1991 1154 ubi

332 1190 578 1257 vellent,
604 1196 663 1244 et
687 1189 761 1244 ad
780 1190 1020 1244 domum
1045 1190 1462 1255 subsistentes,
1488 1189 1831 1259 ubicunque
1864 1188 1992 1259 pla-

331 1279 575 1348 cuisset,
598 1279 670 1335 de
694 1280 959 1351 plaustro
976 1280 1395 1350 loquebantur,
1421 1296 1541 1334 non
1553 1278 1704 1334 falsa
1724 1280 1993 1334 convicia

322 1368 643 1441 jactantes,
679 1369 782 1423 sed
812 1385 953 1424 vera
977 1370 1232 1424 crimina
1261 1369 1706 1441 exprobrantes,
1742 1374 1851 1425 etc.

402 1457 485 1512 Τὰ
512 1452 602 1509 ἐπὶ
632 1454 909 1523 κοσκίνου,
937 1458 1013 1512 ad
1059 1458 1301 1512 cribrum
1352 1457 1525 1524 dicta,
1580 1456 1653 1512 de
1703 1456 1845 1523 illis,
1889 1456 1990 1526 qui

328 1563 437 1619 per
464 1547 729 1603 cribrum
761 1554 818 1603 et
850 1547 1143 1618 tripodem
1174 1552 1278 1603 aut
1302 1563 1513 1603 aurum
1572 1538 1986 1602 vaticinantur.

404 1635 479 1688 Τὰ
507 1636 809 1704 Ναννάκου,
847 1654 1047 1708 supra,
1082 1638 1416 1692 Nannacus.

408 1723 715 1795 Ταντάλου,
750 1742 932 1798 supra
958 1728 1162 1782 Isaaus.

404 1814 484 1870 Τὰ
507 1814 754 1887 Σαμίων.
788 1816 998 1888 Supra,
1033 1814 1281 1888 Σαμίων.

2099 656 2264 710 ribus
2295 671 2576 728 pugnare.
2616 656 2707 711 Sic
2739 655 3102 727 completum
3136 660 3225 710 est
3255 656 3589 726 oraculum,
3640 663 3752 714 etc.

2171 744 2451 809 Telestes,
2485 744 2769 800 comicus.
2804 745 2994 816 Hujus
3027 744 3296 802 dramata
3328 745 3505 820 ’Λργὼ
3534 752 3594 803 et
3628 747 3754 803 Ἀσ-

2098 830 2363 900 κληπιός,
2398 839 2464 887 ut
2495 840 2745 889 testatur
2777 834 3121 898 Athenaeus,
3152 835 3275 890 XIV
3306 834 3671 908 Dipnosoph.

2171 922 2252 976 De
2266 922 2360 977 Tel
2372 923 2588 978 messia
2609 924 2781 994 vulpe
2794 938 2993 978 rerum
3005 924 3087 978 Th
3096 924 3420 979 ebanarum
3434 925 3654 997 scripto
3662 942 3757 982 res

2100 1013 2339 1083 copiose
2371 1013 2764 1081 tradiderunt,
2797 1020 2863 1069 ut
2890 1013 3321 1081 Aristodemus,
3370 1021 3479 1071 etc.
3532 1016 3756 1073 Fabula

2100 1100 2415 1173 desumpta
2444 1120 2512 1158 ex
2540 1102 2714 1174 Cyclo
2742 1104 2930 1175 epico.

2170 1189 2513 1258 Telmissus,
2548 1191 2688 1246 urbs
2721 1191 2930 1262 Lyciae,
2964 1207 2998 1247 a
3029 1191 3336 1264 Telmisso,
3368 1194 3493 1249 filio
3526 1194 3755 1265 Apolli-

2098 1278 2193 1333 nis
2222 1285 2280 1333 et
2300 1281 2477 1335 unius
2500 1280 2757 1335 ﬁliarum
2781 1281 3120 1350 Antenoris,
3151 1299 3331 1353 quam
3348 1283 3755 1357 prodigiorum

2099 1367 2488 1440 interpretem
2517 1368 2915 1442 τερατοσκόπον
2944 1369 3103 1438 fecit,
3126 1376 3195 1427 ut
3213 1377 3419 1427 auctor
3439 1373 3755 1445 Dionysius

2097 1452 2150 1509 ἐν
2185 1455 2399 1512 Κτίσεσι
2433 1459 2552 1514 sive
2582 1460 2922 1529 Originibus.

2168 1544 2359 1609 Τέλος.
2394 1548 2592 1617 Solon,
2626 1555 2985 1621 praesentem
3037 1551 3219 1606 Craasi
3266 1551 3564 1607 fortunam
3610 1568 3755 1608 con-

2102 1640 2396 1706 temnens,
2422 1637 2606 1709 jussit
2635 1655 2772 1695 eum
2806 1639 2987 1696 totius
3019 1641 3150 1696 vitae
3182 1640 3365 1696 ﬁnem
3386 1645 3753 1713 exspectare,

2099 1731 2207 1781 etc.

2170 1816 2389 1885 Aristo,
2417 1816 2618 1883 Chius,
2640 1816 2823 1887 τέλος,
2854 1822 3038 1887 ﬁnem,
3062 1834 3193 1874 esse
3212 1819 3379 1886 dixit,
3408 1819 3754 1876 indifferen-

409 1905 708 2007 Tatianus.
743 1905 846 1959 Hic
904 1905 1013 2009 sub
1068 1905 1302 2009 Juliano
1361 1906 1646 1961 Parabate
1705 1905 1987 2009 martyrio
2022 1946 2066 2009 Β
2099 1909 2188 1959 ter
2216 1922 2281 2009 se
2310 1904 2526 1961 habere
2553 1905 2627 1961 ad
2660 1922 2729 1961 ea
2762 1923 2892 1978 quas
2926 1908 3084 1962 inter
3133 1908 3408 1965 virtutem
3445 1914 3504 1963 et
3548 1909 3754 1965 vitium

335 1996 485 2051 obiit
523 1999 667 2067 (una
724 2012 861 2051 cum
918 1995 1264 2065 Theodulo),
1323 2001 1389 2050 ut
1444 2002 1649 2052 narrat
1705 1995 1868 2051 Suid.
1927 1996 1990 2049 in

332 2086 631 2159 Ἀμάχιος.

406 2171 783 2251 Ταυροφάγος,
810 2175 1093 2245 Bacchus,
1116 2175 1275 2246 quod
1305 2174 1429 2230 illis
1460 2175 1560 2247 qui
1610 2173 1990 2247 dithyrambo

331 2266 615 2333 vicerant,
650 2265 757 2320 bos
801 2267 1045 2337 praemio
1104 2266 1363 2321 daretur.
1424 2267 1539 2321 Alii
1584 2266 1989 2322 Aristarchum

329 2354 458 2410 falli
482 2355 1289 2425 dic'2nt,putantem,taurum
1309 2356 1430 2410 illis
1452 2355 1633 2412 fuisse
1655 2355 1989 2428 prmmium.

329 2446 760 2517 Aristophanes
795 2446 1097 2500 Cratinum
1153 2446 1301 2501 dixit
1357 2445 1721 2523 ταυροφάγον,
1779 2446 1869 2502 vel
1925 2454 1995 2503 ut

331 2534 731 2601 crudivorum,
765 2534 856 2589 vel
884 2541 950 2589 ut
979 2535 1097 2589 vini
1152 2540 1473 2602 amantem,
1527 2536 1796 2607 adeoque
1850 2537 1991 2593 Bac-

331 2625 530 2689 chum,
555 2624 646 2678 vel
670 2623 826 2695 quod
848 2630 1039 2678 mater
1059 2624 1281 2679 Cratini
1314 2624 1497 2680 sacris
1528 2625 1739 2680 Bacchi
1775 2637 1994 2699 μοσχο-

336 2711 514 2789 φάγον)
543 2717 701 2766 esset
730 2712 983 2778 tnitiata,
1020 2716 1130 2766 etc.

406 2802 655 2867 Taurus,
689 2801 980 2873 Berytius,
1025 2801 1419 2872 philosophus
1472 2800 1836 2873 Platonicus,
1890 2803 1992 2874 qui

334 2892 449 2946 fuit
478 2891 586 2945 sub
620 2892 923 2946 Antonino
982 2893 1107 2945 Pio.
1159 2891 1407 2962 Scripsit
1455 2913 1481 2941 ‹‹
1519 2893 1594 2947 De
1654 2891 1992 2949 differentia

332 3004 360 3031 «
396 2981 738 3053 dogmatum
770 2981 1033 3036 Platonis
1058 2988 1114 3034 et
1141 2981 1474 3036 Aristotelis
1500 2998 1513 3049 ;
1540 2983 1619 3037 De
1642 2981 1991 3053 corporibus

330 3094 357 3122 α
394 3077 452 3127 et
481 3072 851 3143 incorporeis
882 3071 1081 3138 rebus,
1118 3093 1145 3120 »
1182 3077 1240 3125 et
1267 3071 1386 3127 alia
1414 3072 1693 3143 plurima.

406 3162 689 3235 Telauges
722 3162 998 3235 (genitivo
1041 3159 1411 3234 Τηλαυγοῦς),
1470 3162 1722 3223 Samius.
1772 3162 1989 3234 Pytha-

326 3268 483 3324 goreo
517 3251 715 3323 magni
749 3251 911 3307 illius
941 3256 999 3305 et
1024 3251 1372 3322 discipulus,
1399 3252 1680 3323 magister
1701 3251 1986 3323 Empedo-

328 3341 456 3397 clis.
478 3340 723 3412 Scripsit
743 3341 815 3394 De
845 3342 1122 3409 Tetracty,
1149 3339 1268 3394 sive
1297 3341 1668 3404 Quaternione
1694 3341 1859 3395 libros
1879 3342 1984 3396 1V-

399 3429 728 3501 Telegonus
758 3429 988 3501 primus
1019 3434 1209 3484 artem
1242 3429 1544 3484 divinandi
1579 3428 1824 3501 invenit,
1858 3447 1909 3487 e.
1935 3447 1990 3503 g.

332 3520 381 3575 si
414 3519 475 3573 in
503 3524 656 3573 tecto
688 3518 946 3574 mustela
976 3518 1067 3572 vel
1098 3535 1343 3590 serpens
1374 3520 1737 3591 apparuerit,
1758 3521 1868 3575 hoc
1900 3520 1994 3575 vel

333 3609 483 3665 illud
514 3608 828 3681 significat.
859 3608 1067 3679 Supra,
1102 3609 1163 3663 in
1196 3606 1548 3677 Οἶωνιστική.

405 3698 719 3769 Telephus,
770 3701 1195 3771 Pergamenus,
1252 3700 1695 3772 grammaticus,
1758 3700 1997 3772 scripsit

334 3810 364 3839 «
399 3789 552 3853 Quot
581 3805 677 3844 res
707 3790 1159 3861 grammaticum
1191 3790 1342 3845 scire
1374 3795 1682 3861 oporteat;
1717 3792 1796 3846 De
1846 3791 1991 3863 figu-

321 3899 371 3951 ,α
402 3878 484 3931 ris
515 3877 831 3933 rhetoricis
862 3877 1017 3949 apud
1052 3879 1373 3933 Homerum
1397 3879 1580 3934 libros
1608 3880 1657 3933 II
1686 3896 1699 3946 ;
1736 3880 1814 3933 De
1865 3895 1991 3934 ser-

335 3990 364 4017 ι(
399 3966 593 4021 monis
620 3967 794 4021 Attici
817 3968 1261 4023 constructione
1284 3968 1466 4023 libros
1488 3970 1527 4022 V
1552 3970 1663 4035 ;De
1687 3968 1997 4024 Homerica

340 4076 362 4104 α
397 4056 732 4122 rhetorica;
790 4058 869 4111 De
927 4058 1161 4112 Homeri
1215 4064 1275 4113 et
1332 4058 1597 4114 Platonis
1650 4075 1993 4124 consensu;

339 4168 367 4195 α
406 4146 591 4201 Varia:
625 4145 980 4201 eruditionis
1011 4144 1271 4217 ποικίλης
1322 4146 1653 4223 φιλομαθεας
1695 4147 1877 4203 libros
1907 4149 1953 4201 Il
1982 4165 1997 4213 ;

334 4258 365 4286 α
398 4237 779 4309 Tragicorum
838 4243 897 4291 et
974 4238 1340 4293 comicorum
1427 4240 1607 4295 Vitas.
1693 4232 1996 4306 Βιϐλιακῆς

335 4347 364 4376 ‹‹
406 4322 713 4399 ἐμπειρίας,
746 4327 824 4381 De
887 4327 1100 4381 notitia
1148 4327 1439 4383 librorum
1488 4327 1674 4384 libros
1725 4330 1823 4399 IIl,
1856 4352 1884 4379 »
1936 4327 1997 4384 in

343 4414 560 4485 quibus
592 4413 783 4484 docet,
814 4416 914 4486 qui
949 4416 1083 4471 libri
1118 4422 1258 4471 sunt
1279 4423 1622 4489 comparatu
1645 4417 1827 4490 digni.
1850 4419 1998 4473 Item

342 4524 372 4554 ι(
402 4505 721 4559 Homerum
748 4504 942 4559 solum
975 4522 1042 4561 ex
1075 4507 1336 4577 antiquis
1363 4524 1510 4578 puro
1543 4522 1820 4562 sermone
1843 4507 1998 4561 Gre-

339 4615 368 4644 ‹‹
403 4610 471 4648 co
512 4594 637 4661 uti;
690 4595 1162 4666 Descriptionem
1212 4597 1516 4668 Pergami;
1562 4598 1642 4651 De
1692 4595 1998 4669 Augustali

2097 1997 2295 2052 media
2318 2002 2475 2064 sunt,
2500 2015 2611 2054 nec
2628 1998 2717 2053 vel
2743 1999 3059 2055 minimum
3085 2000 3145 2055 in
3159 1999 3505 2057 alterutram
3524 2006 3755 2073 partem

2098 2086 2171 2141 ab
2196 2087 2360 2143 hisce
2385 2088 2606 2144 moveri
2633 2106 2646 2156 ;
2682 2088 2784 2143 sed
2806 2088 2866 2143 in
2891 2088 3170 2145 omnibus
3192 2089 3370 2146 rebus
3393 2090 3609 2161 aequali
3625 2106 3754 2146 esse

2098 2176 2321 2231 animo.
2355 2178 2693 2248 Sapientem
2726 2178 2886 2232 enim
2926 2178 3187 2234 similem
3237 2196 3366 2235 esse
3398 2178 3587 2253 ἀγαθῷ
3620 2178 3753 2233 ὕπο-

2099 2268 2281 2339 κριτῇ,
2316 2266 2589 2323 idoneam
2618 2284 2934 2339 personam
2964 2267 3024 2322 in
3056 2284 3235 2323 scena
3263 2270 3480 2341 agenti.

2170 2356 2530 2427 Terpander,
2562 2359 2831 2426 Arnaaus,
2866 2362 2968 2413 aut
2991 2373 3127 2412 vero
3160 2374 3230 2412 ex
3274 2357 3443 2412 Lesbi
3494 2358 3749 2426 civitate,

2101 2444 2362 2513 Antissa,
2395 2446 2486 2500 vel
2516 2446 2835 2502 Cumanus.
2868 2446 2982 2501 Alii
3012 2445 3085 2501 ab
3108 2446 3384 2516 Hesiodo,
3406 2446 3478 2502 ab
3502 2447 3754 2502 Homero

2102 2533 2201 2588 alii
2226 2550 2411 2603 genus
2434 2551 2567 2590 eum
2604 2536 2772 2591 aiunt
2792 2535 3364 2607 duxisse,fuisseque
3388 2536 3577 2591 lilium
3595 2535 3757 2604 Boei,

2102 2624 2203 2694 qui
2236 2624 2396 2679 ﬁlius
2426 2625 2664 2693 Phocei,
2693 2620 2879 2697 nepos
2906 2625 3327 2696 Euryphontis,
3361 2625 3599 2680 Homeri
3620 2641 3759 2698 pro-

2100 2728 2287 2784 nepos
2311 2714 2621 2770 exstiterit.
2657 2714 2898 2786 Lyricus
2929 2714 3032 2769 ille
3063 2714 3254 2785 lyram
3285 2715 3514 2786 primus
3529 2720 3758 2787 septem

2102 2801 2342 2857 chordis
2364 2802 2668 2870 instruxit,
2693 2807 2751 2858 et
2778 2804 2973 2871 lyricos
3001 2818 3189 2858 nomos
3218 2804 3447 2874 primus
3498 2803 3757 2875 scripsit,

2102 2891 2374 2962 quamvis
2407 2892 2650 2963 quidam
2678 2891 2752 2946 ad
2782 2891 3259 2947 Philammonem
3288 2891 3401 2947 hoc
3430 2892 3720 2948 referunt.

2172 2980 2850 3052 Tetractys.Pythagorei
2874 2997 3113 3035 omnem
3139 2997 3456 3036 numerum
3471 2980 3761 3037 vocabant

2102 3071 2579 3141 quaternionem.
2614 3071 2820 3126 Omnis
2878 3071 3036 3125 enim
3088 3087 3375 3125 numerus
3423 3070 3761 3142 completur

2100 3159 2386 3227 denario;
2421 3159 2701 3215 denarius
2732 3175 2864 3214 vero
2899 3175 2969 3215 ex
3000 3160 3306 3230 quaternis
3357 3160 3754 3232 componitur.

2102 3249 2290 3321 Magni
2323 3250 2501 3304 etiam
2532 3248 2830 3304 faciebant
2858 3249 3307 3320 quaternarium
3332 3247 3406 3304 ob
3432 3255 3756 3321 quaternas

2098 3338 2256 3394 luna:
2287 3339 2527 3407 formas,
2562 3345 2674 3394 etc.

2168 3429 2516 3501 Tetralogia.
2542 3428 2879 3484 Secundum
2895 3429 3178 3500 tragicam
3193 3428 3564 3500 tetralogiam
3589 3428 3755 3483 Plato

2098 3518 2361 3589 dialogos
2404 3517 2609 3573 edidit.
2671 3518 2896 3591 Tragici
2951 3519 3113 3572 enim
3174 3518 3482 3589 quaternis
3537 3516 3758 3572 fabulis

2099 3609 2426 3677 certabant,
2462 3608 2780 3680 Dionysiis,
2817 3608 3060 3677 Lenmis,
3086 3607 3471 3677 Parthenasis,
3501 3605 3756 3678 Chytris,

2099 3714 2350 3769 quarum
2384 3702 2597 3769 quarta
2626 3702 2753 3753 erat
2782 3697 3057 3769 satyrica.
3092 3697 3315 3770 Dialogi
3346 3696 3609 3752 Platonis
3631 3712 3757 3750 om-

2100 3804 2206 3843 nes
2239 3788 2373 3852 LVI,
2407 3787 2469 3841 in
2502 3787 2751 3859 singulis
2783 3786 3091 3858 inscriptio
3152 3785 3390 3858 duplex,
3442 3801 3562 3841 una
3587 3802 3622 3841 a
3652 3802 3757 3840 no-

2100 3878 2285 3940 mine,
2327 3876 2690 3932 alteraare.
2741 3879 2807 3932 In
2858 3876 3169 3948 tetralogia
3219 3876 3410 3948 prima
3466 3874 3756 3931 familiam

2103 3967 2266 4021 ducit
2294 3967 2660 4038 Eutyphron,
2696 3966 2817 4021 sive
2849 3965 2922 4021 de
2953 3966 3291 4033 sanctitate,
3323 3964 3593 4037 dialogus
3640 3982 3757 4018 πει-

2103 4056 2375 4129 ραστικός,
2413 4057 2531 4110 sive
2560 4054 2910 4127 explorandi
2943 4070 3123 4110 causa
3151 4054 3482 4111 institutus.
3536 4054 3760 4109 Secun-

2105 4143 2237 4203 dus.
2270 4144 2557 4216 Apologia
2589 4143 2866 4207 Socratis,
2902 4142 3002 4213 qui
3054 4146 3144 4197 est
3191 4142 3455 4197 moralis.
3506 4142 3757 4207 Tertius,

2104 4233 2325 4301 Criton,
2359 4232 2477 4287 sive
2508 4231 2580 4286 de
2614 4247 2681 4287 eo
2712 4228 2870 4301 quod
2900 4234 2990 4283 est
3012 4228 3372 4296 faciendum,
3408 4227 3614 4282 itidem
3637 4244 3759 4282 mo-

2104 4323 2263 4378 ralis.
2302 4323 2576 4387 Quartus,
2613 4319 2897 4385 Phaedon,
2930 4318 3049 4371 sive
3072 4317 3144 4373 de
3176 4318 3395 4387 anima,
3420 4317 3522 4387 qui
3554 4316 3759 4387 etipsc

2105 4410 2348 4466 moralis
2380 4414 2487 4465 est.
2522 4410 2604 4463 De
2637 4406 2898 4463 secunda
2927 4406 3241 4479 tetralogia
3270 4411 3329 4461 et
3371 4404 3762 4477 sequentibus

2105 4500 2359 4555 habetur
2388 4498 2450 4553 in
2478 4497 2629 4552 libro
2691 4496 2968 4568 Diogenis
3018 4495 3231 4550 Laertii
3280 4494 3353 4551 De
3399 4495 3525 4549 vitis
3574 4493 3767 4564 philo-

2104 4590 2423 4660 saphorum.

341 4703 371 4733 (ι
392 4684 759 4755 Pergameno
777 4684 961 4740 libros
980 4686 1156 4753 II;De
1173 4686 1506 4741 dicasteriis
1523 4685 1996 4753 Atheniensium;
2028 4681 2079 4746 D
2176 4676 2524 4733 Tetrametri
2556 4675 2841 4731 carminis
2870 4675 3145 4730 inventor
3174 4674 3288 4729 fuit
3337 4673 3769 4745 Aristophanes

339 4793 370 4822 ς(
401 4772 480 4826 De
504 4773 956 4828 Atheniensium
977 4773 1206 4846 legibus
1227 4781 1286 4830 et
1305 4774 1601 4843 moribus;
1627 4780 1704 4829 De
1727 4774 1998 4847 Pergami

339 4882 369 4912 ‹‹
393 4860 629 4934 regibus
652 4862 839 4917 libros
866 4864 1039 4930 V;De
1066 4880 1199 4932 usu,
1227 4886 1256 4916 κ
1285 4865 1407 4920 sive
1432 4863 1503 4919 de
1526 4863 2000 4920 nominibusves-

342 4949 489 5005 titus
520 4955 580 5004 et
608 4951 862 5006 aliarum
893 4969 1115 5021 rerum,
1149 4953 1365 5024 quibus
1422 4954 1662 5009 utimur.
1725 4975 1753 5003 ‹‹
1789 4953 2000 5009 ordine

344 5060 375 5088 «
409 5039 784 5111 alphabetico
814 5059 827 5109 ;
864 5043 942 5096 De
978 5042 1203 5113 Ulyssis
1235 5060 1435 5099 errore
1467 5061 1481 5110 ;
1515 5044 1857 5115 Ocytocion,
1889 5043 2003 5099 sive

344 5148 373 5177 ‹‹
408 5128 692 5185 Collectio
726 5131 1351 5201 epithetorum,eidem
1382 5134 1468 5188 rei
1496 5133 2000 5201 convenientium,

343 5239 372 5267 «
389 5217 460 5272 ad
477 5219 812 5289 expeditam
829 5218 1105 5276 dictionis
1122 5222 1340 5293 copiam
1353 5220 1948 5293 parandamJibrisX.
1974 5243 2002 5271 »

415 5305 713 5374 Telesilla,
774 5310 1023 5379 poetria.
1082 5310 1227 5365 Huic
1267 5317 1463 5367 statua
1509 5312 1702 5383 posita
1759 5317 1870 5380 est,
1931 5310 2005 5367 ad

340 5394 514 5465 cujus
546 5396 727 5466 pedes
759 5397 899 5452 libri
921 5398 1149 5467 jacent,
1183 5401 1352 5473 galea
1380 5418 1515 5456 vero
1540 5401 1718 5473 capiti
1745 5401 1874 5473 ejus
1900 5401 2007 5456 im-

338 5484 537 5555 posita
568 5492 676 5543 est.
715 5488 859 5543 Nam
892 5504 1026 5542 cum
1054 5490 1507 5560 Lacedaemonii,
1568 5491 1899 5546 interfectis
1931 5491 2005 5547 iis

341 5572 446 5643 qui
477 5573 539 5628 in
572 5575 864 5647 templum
895 5578 1305 5652 confugerant,
1330 5580 1676 5654 Argivorum
1700 5580 1774 5635 ad
1795 5581 2006 5637 urbem

339 5662 694 5733 capiendam
716 5665 892 5735 irent,
916 5667 1192 5724 Telesilla
1212 5671 1498 5726 mulieres
1528 5671 1777 5726 armavit
1808 5675 1867 5725 et
1894 5671 2006 5726 ho-

341 5750 536 5808 stibus
566 5752 803 5811 obviam
833 5758 1145 5828 processit.
1175 5760 1341 5825 Quod
1373 5760 1701 5833 conspicati
1733 5760 2004 5818 Lacedas-

671 5883 934 5945 PATROL.
984 5885 1094 5945 Gn.
1131 5886 1362 5948 CXVII.

2152 4774 2304 4825 oeta.

2152 4788 2304 4825 Οθιᾶ.

2110 4788 2146 4842 p
2180 4860 2422 4925 Teucer,
2455 4855 2795 4928 Cyzicenus,
2816 4855 2916 4926 qui
2941 4854 3228 4925 scripsit«
3260 4855 3340 4910 De
3363 4853 3621 4911 aurifera
3648 4857 3771 4908 ter-

2116 4974 2136 4999 α
2164 4966 2259 5016 ra;
2287 4948 2365 5004 De
2390 4945 2694 5018 Byzantio;
2719 4944 3253 5000 Mithridaticarum
3277 4960 3477 4999 rerum
3494 4943 3769 5010 librosV;

2118 5060 2138 5088 ι
2180 5040 2258 5093 De
2289 5038 2438 5109 Tyro
2467 5034 2656 5090 libros
2687 5036 2730 5088 V
2757 5051 2771 5099 ;
2798 5033 2880 5089 De
2927 5034 3107 5089 rebus
3160 5033 3430 5089 Arabicis
3474 5031 3658 5087 libros
3690 5032 3768 5099 V;

2115 5126 2477 5183 «Iudaicam
2538 5123 2857 5178 Historiam
2915 5122 3087 5177 libris
3146 5124 3261 5189 VI;
3309 5120 3769 5176 Adolescentum

2116 5241 2143 5268 ‹‹
2166 5216 2585 5289 Cyzicenorum
2615 5212 3115 5267 Exercitationem
3149 5211 3319 5266 libris
3348 5211 3444 5277 IlI,
3478 5229 3509 5262 ι)
3542 5214 3601 5264 et
3629 5209 3769 5265 alia.

2187 5306 2420 5370 Thales,
2456 5302 2682 5358 Examii
2714 5307 2774 5357 et
2799 5301 3162 5356 Cleobulinaa
3220 5300 3280 5356 F.
3330 5298 3613 5366 Milesius,
3657 5296 3770 5365 vel,

2114 5404 2184 5456 ut
2211 5395 2503 5453 Herodoto
2534 5393 2785 5459 videtur,
2817 5391 3082 5454 thnix,
3116 5394 3293 5445 natus
3332 5395 3468 5445 ante
3512 5396 3775 5445 Craasum

2118 5489 2339 5561 olymp.
2375 5485 2601 5549 XXXV,
2658 5480 2986 5536 secundum
3034 5479 3421 5550 Phlegontem
3471 5494 3607 5534 vero
3646 5479 3777 5550 jam

2118 5571 2688 5647 claruitolympiadc
2713 5570 2827 5625 Vll.
2856 5568 3134 5624 Versibus
3161 5567 3523 5623 hexametris
3541 5567 3784 5638 scripsit

2117 5671 2191 5727 De
2222 5667 2514 5729 meteoris;
2546 5663 2618 5717 De
2673 5661 3025 5732 aequinoctio,
3079 5662 3138 5714 et
3185 5658 3305 5715 alia
3357 5657 3566 5714 multa.
3625 5656 3785 5714 Obiit

2123 5773 2325 5825 senex,
2356 5771 2391 5809 a
2421 5750 2594 5807 turba
2614 5749 2801 5805 elisus
2822 5754 2880 5804 et
2899 5752 3048 5803 aestu
3070 5747 3370 5805 resolutus
3392 5764 3528 5804 cum
3548 5745 3783 5821 gymni-

3459 5877 3536 5935 43
