4126 6434
332 427 487 488 i357

1642 428 1745 489 DE
1789 426 2075 499 QUIBUS
2118 423 2407 489 SUIDAS
2421 470 2435 485 .

3600 438 3759 502 1358

333 562 600 617 Mortuus
623 564 713 616 est
741 559 991 616 Athenis
1012 560 1203 617 aetatis
1234 577 1392 617 anno
1423 562 1568 632 XLI,
1601 568 1767 635 patre
1798 562 1989 635 ipsius
2020 562 2074 630 Α
2104 561 2214 617 bus
2234 561 2313 616 De
2341 578 2465 618 vere
2496 563 2750 635 scripsit,
2802 570 2863 620 et
2914 565 3034 623 alia
3083 566 3338 625 diversa.
3391 571 3533 628 Erat
3557 577 3758 631 autem

329 652 522 708 adhuc
550 652 890 724 superstite.
939 652 1187 723 Scripsit
1216 653 1395 708 etiam
1424 656 1620 709 Artem
1656 654 1991 710 rhetoricam

330 741 622 808 versibus,
658 747 716 795 et
749 741 868 796 alia
899 741 1171 812 quaedam
1204 743 1474 798 oratione
1506 744 1720 801 soluta.

404 830 788 903 Theodectes,
841 831 1165 902 superioris
1224 832 1405 899 filius,
1465 838 1686 902 orator,
1748 833 1990 904 scripsit

330 943 358 972 «
394 921 744 975 Encomium
776 919 1121 986 Alexandri,
1142 919 1435 990 Epirotm;
1470 920 1794 975 Historicos
1821 936 1985 975 com-

331 1034 360 1062 α
393 1011 721 1065 mentarios
746 1010 1055 1077 ;Instituta
1084 1008 1393 1064 barbarica
1416 1027 1430 1075 ;
1451 1012 1652 1065 Artem
1666 1010 1986 1065 oratoriam

340 1122 361 1149 ι
389 1098 561 1154 libris
598 1100 711 1165 VII,
744 1120 772 1149 »
810 1104 868 1152 et
898 1098 1048 1153 alios
1100 1098 1391 1169 quosdam
1421 1099 1916 1156 Commentarios.

400 1187 824 1254 Theodericus,
855 1187 997 1241 Afer
1025 1188 1151 1258 (rex
1180 1188 1505 1243 Gothorum
1538 1194 1597 1242 et
1651 1188 1984 1257 Italorum),

328 1275 647 1333 diaconum
672 1275 933 1331 habebat
958 1276 1561 1347 orthodoxum,quem
1584 1276 1752 1330 valde
1773 1275 1985 1347 dilige-

325 1365 430 1422 bat
458 1370 517 1421 et
543 1365 798 1421 fovebat.
831 1366 933 1420 Hic
985 1366 1334 1421 existimans
1369 1382 1432 1421 se
1462 1365 1823 1421 Theodorico
1852 1381 1984 1437 gra-

326 1456 713 1522 tiﬁcaturum,
746 1454 819 1511 ab
850 1454 1169 1510 homousia
1202 1453 1318 1510 ﬁde
1351 1454 1658 1523 deficiens,
1692 1454 1813 1509 Arii
1848 1470 1987 1508 sen-

324 1544 574 1599 tentiam
607 1542 777 1613 sequi
810 1542 1007 1613 erepit.
1040 1541 1439 1597 Theodericus
1470 1547 1693 1608 autem,
1725 1541 1838 1597 hoc
1892 1556 1986 1597 co-

323 1631 823 1706 gnito,hominem
858 1636 976 1687 tam
1000 1631 1245 1686 charum
1280 1631 1478 1686 statim
1505 1631 1696 1701 capite
1719 1630 1982 1702 plecten-

325 1720 468 1776 dum
486 1717 963 1787 curavit,dicens:
978 1718 1065 1773 «Si
1090 1720 1205 1773 Deo
1230 1718 1409 1774 ﬁdem
1431 1734 1552 1773 non
1566 1719 1982 1789 servasti,quo-

324 1830 352 1865 α
369 1811 547 1867 modo
566 1826 799 1867 sacram
847 1810 1279 1866 conscientiam
1300 1826 1438 1881 erga
1460 1809 1768 1866 hominem
1784 1826 1978 1865 serva-

323 1918 353 1948 «
395 1896 487 1951 bis
513 1900 536 1952 Ρ
557 1919 584 1947 ››

394 1981 808 2050 Theodoritus,
840 1998 1062 2038 nomen
1088 1982 1440 2054 proprium;
1472 1976 1848 2056 Θεοδώρητος,
1880 1982 1981 2037 do-

323 2087 455 2125 num
482 2072 602 2125 Dei.

395 2160 759 2229 Theodorus,
793 2160 1168 2232 Byzantinus,
1200 2159 1486 2232 sophista,
1519 2159 1620 2230 qui
1669 2175 1705 2215 a
1733 2158 1979 2213 Platone

322 2242 720 2322 λογοδπίδαλος
744 2254 835 2303 est
855 2252 1135 2302 vocatus:
1171 2245 1411 2318 scripsit
1440 2248 1645 2301 Contra
1666 2245 1979 2315 Thrasybu-

322 2334 458 2401 lum,
490 2336 696 2390 Contra
717 2335 1058 2391 Andocidem
1098 2339 1157 2389 et
1186 2334 1303 2390 alia
1335 2333 1628 2405 quaedam.

390 2423 754 2491 Theodorus,
789 2423 1002 2478 atheus
1031 2426 1448 2493 cognomento,
1508 2421 1610 2492 qui
1656 2421 1975 2487 Zenonem,

318 2512 594 2580 Citieum,
610 2514 935 2583 Brysonem
959 2516 1018 2566 et
1038 2511 1408 2582 Pyrrhonem
1431 2508 1799 2581 ephecticum
1817 2507 1979 2564 audi-

317 2600 419 2668 vit,
451 2605 511 2654 et
540 2601 745 2655 omnia
789 2599 1199 2654 indifferentia
1260 2615 1387 2653 esse
1450 2601 1718 2652 statuens
1750 2601 1974 2651 sectam

316 2690 721 2746 Theodoream
752 2689 1154 2745 condiditllic
1183 2688 1373 2744 multa
1404 2685 1731 2757 scripsitad
1752 2692 1974 2741 sectam

315 2780 504 2852 ipsius
538 2780 955 2852 spectantia,et
973 2779 1092 2834 alia
1123 2777 1591 2850 qumdanrldem
1613 2774 1688 2830 ad
1720 2775 1971 2846 Hippar-

316 2866 790 2934 chiam,Cratetis
804 2864 1227 2932 uxorem,dixit
1245 2869 1341 2933 (ex
1366 2861 1663 2935 Euripidis
1684 2862 1971 2930 Bacchis),

319 2953 445 3009 haec
475 2954 617 3021 esti)
649 2952 743 3013 τὰς
776 2952 912 3026 πρὸς
945 2950 1128 3014 ἱστοὺς
1158 2948 1457 3005 ἐκλιποῦσα
1477 2944 1756 3019 κερκίδας,
1787 2971 1814 2999 ‹‹
1841 2964 1972 3019 ῳιω

316 3065 344 3093 (ι
368 3041 553 3097 radiis
576 3042 734 3113 apud
762 3041 909 3096 telas
944 3040 1169 3095 relictis
1201 3040 1450 3112 pallium
1483 3042 1692 3112 gestat.
1728 3059 1756 3087 ››

386 3132 748 3201 Theodorus,
786 3131 1149 3199 Gadarenus,
1193 3129 1479 3201 SOphista,
1542 3127 1738 3184 servili
1796 3130 1972 3182 natus

311 3238 528 3295 genere
560 3221 841 3293 magister
869 3219 1087 3274 Tiberii
1135 3218 1404 3274 Caasaris.
1466 3216 1691 3272 Deinde
1732 3215 1803 3271 de
1837 3232 1970 3287 pro-

2097 652 2519 724 Tripolitanus.

2168 742 2223 799 S.
2255 744 2639 808 Theodosius.
2662 745 3097 816 cmnobiarcha,
3131 749 3274 806 vixit
3306 751 3416 806 sub
3431 753 3743 811 Anastasio

2096 834 2325 902 Dicoro,
2355 834 2657 890 hwretico.

2165 941 2523 1008 Theodulus,
2558 943 2667 999 sub
2694 944 2928 1000 Iuliano
2971 948 3272 1018 Apostata,
3334 955 3559 1022 martyr
3587 951 3748 1021 (cum

2092 1032 2336 1086 Tatiano
2369 1038 2427 1086 et
2458 1034 2893 1101 Macedonio,ut
2922 1036 3069 1090 dixit
3099 1037 3307 1092 Suidas
3341 1039 3401 1093 in
3430 1039 3484 1093 Ἀ
3502 1040 3744 1112 μάχιος).

2163 1121 2485 1191 Theogiton
2518 1123 2921 1194 Demostheni,
2955 1141 3134 1195 quem
3165 1126 3495 1183 Dinarchus
3553 1134 3612 1183 et
3635 1129 3740 1185 alii

2093 1210 2465 1283 Theogenem
2495 1211 2819 1283 appellant.

2164 1317 2928 1389 Theognetus,comicus,ex
2958 1321 3133 1393 cujus
3155 1320 3372 1378 fabulis
3399 1323 3748 1395 διιῐιιψάσμα

2094 1408 2212 1462 sive
2234 1404 2610 1482 Φιλάργυρος,
2643 1405 3080 1482 Φιλοδέσποτος,
3114 1412 3438 1486 Κένταυρος,
3466 1420 3531 1470 ut
3562 1416 3746 1471 Athe-

2092 1513 2258 1552 1183115
2290 1497 2354 1552 in
2386 1499 2871 1571 Dymnosophist.

2162 1586 2478 1659 Theognis,
2522 1587 2882 1659 Megarensis
2930 1606 2999 1644 ex
3067 1590 3332 1663 Megaris,
3359 1591 3571 1647 Siciliae
3604 1592 3748 1648 civi~

2092 1679 2233 1745 tate,
2264 1681 2440 1731 natus
2471 1675 2809 1749 Olympiade
2869 1678 3006 1735 LIX.
3068 1679 3317 1751 Scripsit
3361 1680 3623 1753 Elegiam
3682 1682 3746 1736 in

2093 1765 2516 1838 Syracusanos,
2577 1766 2640 1822 in
2688 1765 3000 1823 obsidione
3060 1774 3368 1837 servatos;
3402 1769 3740 1826 Sententiae

2090 1856 2357 1911 versibus
2379 1856 2657 1929 elegiacis
2696 1856 2770 1912 ad
2828 1873 3103 1913 versuum
3164 1859 3451 1914 MMDCCC
3499 1859 3572 1915 ad
3603 1860 3746 1932 Cyr-

2011 1930 2057 1995 B
2089 1962 2255 2014 num,
2288 1946 2580 2002 amasium
2604 1962 2819 2013 suum;
2865 1947 3311 2019 Gnomologiam
3369 1930 3690 2020 elegiacam
3726 1965 3741 2017 ;

2089 2042 2387 2109 praecepta
2417 2037 2668 2092 moralia
2700 2055 2715 2105 ;
2741 2053 2927 2108 eaque
2960 2038 3162 2093 omnia
3210 2037 3476 2093 versibus
3500 2040 3740 2111 scripta.

2090 2128 2189 2183 His
2213 2132 2411 2182 tamen
2443 2128 2641 2199 turpia
2672 2126 2945 2198 quaedam
2976 2132 3035 2182 et
3063 2144 3386 2199 puerorum
3417 2145 3651 2184 amores
3684 2132 3745 2184 et

2090 2218 2225 2286 alia,
2259 2233 2390 2288 quae
2429 2218 2661 2271 virtutis
2719 2223 2988 2273 amantes
3059 2222 3427 2288 aversantur,
3478 2218 3743 2274 immista

2088 2312 2246 2363 sunt.

2158 2414 2469 2487 Theognis,
2517 2420 2693 2486 poeta
2749 2414 3009 2487 tragicus
3062 2414 3233 2470 valde
3290 2413 3562 2487 frigidus,
3610 2414 3742 2471 ideo

2087 2504 2283 2560 dictus
2310 2506 2439 2568 Nix,
2470 2521 2627 2559 unus
2660 2520 2689 2559 e
2721 2504 2869 2559 XXX
2902 2504 3191 2576 tyrannis.

2158 2594 2379 2658 Theon,
2415 2593 2872 2663 Alexandri-nus,
2906 2594 3297 2666 philosophus
3358 2594 3607 2663 Stoicus,
3641 2594 3742 2665 qui

2087 2683 2197 2739 sub
2228 2686 2490 2756 Augusto
2513 2688 2649 2754 post
2678 2686 2887 2739 Arium
2921 2684 3342 2755 vixit.Scripsit
3376 2706 3402 2733 ‹‹
3426 2684 3741 2738 Commen-

2091 2796 2111 2822 α
2140 2772 2438 2827 tariumin
2468 2770 2815 2843 Apollodori
2873 2771 3385 2827 Introductionem
3434 2771 3737 2844 physiolo-

2084 2884 2112 2912 «
2144 2861 2355 2933 gicam,
2388 2864 2627 2931 itemque
2657 2861 2812 2915 Artis
2842 2859 3155 2917 rhetoricae
3177 2861 3363 2916 libros
3393 2862 3489 2916 IIl.
3527 2883 3554 2910 ››

2154 2950 2334 3017 Theo,
2367 2950 2728 3021 Smyrnmus,
2758 2948 3172 3021 philosophus.

2151 3040 2374 3107 Theon,
2407 3055 2477 3094 ex
2507 3038 2841 3109 Antiochia,
2897 3056 3028 3111 qua)
3089 3039 3203 3094 sita
3228 3044 3318 3094 est
3374 3039 3436 3095 in
3467 3039 3735 3111 Daphne,

2081 3130 2478 3203 philOSOphus
2524 3129 2776 3198 Stoicus,
2835 3129 3076 3201 scripsit
3114 3130 3439 3200 Apologiam
3469 3130 3735 3186 Socratis.

2153 3219 2375 3288 Theon,
2437 3234 2467 3272 e
2529 3220 2724 3273 Museo
2784 3217 2865 3289 (n.
2925 3217 3373 3290 Alexandrino).
3432 3217 3736 3291 Egyptius

307 3312 569 3367 fessione
603 3309 928 3381 sophistica
948 3312 1147 3385 Romae
1181 3325 1316 3363 cum
1357 3308 1677 3363 Polemone
1711 3310 1768 3361 et
1796 3305 1963 3361 Anti-
2010 3302 2053 3370 C
2086 3307 2501 3380 philosophus,
2535 3307 2732 3362 eodem
2790 3312 3056 3380 tempore
3114 3307 3258 3363 vixit
3314 3324 3430 3379 quo
3473 3310 3735 3380 Pappus,

309 3406 477 3473 patre
509 3400 774 3455 certavit.
807 3399 925 3453 Sub
982 3397 1242 3453 Adriano
1294 3396 1437 3468 imp.
1491 3396 1681 3451 tilium
1715 3395 1843 3466 ejus
1875 3410 1966 3449 se-

2078 3398 2490 3470 philosophus,
2522 3396 2621 3468 qui
2657 3402 2715 3451 et
2767 3396 2893 3469 ipse
2950 3397 3391 3453 Alexandrinus
3429 3396 3560 3461 fuit,
3621 3396 3732 3451 sub

308 3494 583 3545 natorem
615 3488 744 3543 ﬁeri
772 3487 1036 3559 contigit.
1104 3485 1353 3557 Scripsit
1378 3508 1406 3536 ‹‹
1459 3484 1645 3538 libros
1676 3484 1752 3538 Ill
1782 3486 1863 3538 De
1893 3482 1967 3537 iis
2077 3486 2404 3542 Theodosio
2423 3487 2659 3556 Majore.
2679 3486 2926 3557 Scripsit
2947 3486 3736 3547 «Mathematica.Arithme-

312 3599 340 3629 ‹‹
375 3595 505 3650 quae
534 3579 597 3633 in
629 3576 870 3633 vocibus
904 3580 1293 3647 quaeruntur;
1327 3575 1407 3629 De
1439 3573 1689 3628 historia
1747 3572 1964 3627 librum

311 3691 341 3721 «
366 3685 554 3723 unum
588 3685 601 3735 ;
637 3672 714 3722 De
748 3666 921 3734 thesi,
945 3682 1174 3733 unum;
1208 3666 1288 3719 De
1320 3663 1715 3718 dialectorum
1754 3660 1970 3717 simili-

2079 3601 2105 3627 ‹‹
2143 3578 2290 3644 tica;
2318 3578 2394 3630 De
2419 3576 2702 3646 auspiciis
2719 3583 2926 3631 etvoce
2949 3593 3257 3630 corvorum
3282 3594 3295 3641 ;
3317 3577 3395 3630 De
3416 3582 3547 3629 ortu
3566 3576 3731 3630 cani-

2080 3665 2315 3731 aculze;
2352 3669 2428 3718 De
2461 3665 2572 3719 Nili
2606 3680 2893 3732 ascensu;
2930 3671 2990 3719 in
3018 3665 3323 3720 Ptolemaei
3386 3664 3729 3736 expeditum

315 3780 346 3811 ‹‹
374 3759 579 3814 tudine
611 3763 670 3815 et
700 3757 1213 3814 demonstratione
1244 3754 1492 3810 librosll
1515 3755 1626 3821 ;De
1642 3752 1968 3825 republica,
2078 3777 2107 3807 ι(
2132 3760 2452 3819 Canonem,
2484 3761 2536 3809 et
2567 3755 3072 3811 Commentarium
3106 3755 3167 3810 in
3197 3771 3441 3826 parvum
3474 3753 3727 3809 astrola-

315 3870 345 3899 ‹‹
375 3848 522 3905 duos
547 3865 562 3917 ;
591 3850 672 3904 De
703 3847 1042 3919 C(elesyria,
1077 3861 1305 3912 unum;
1339 3846 1418 3900 De
1458 3843 1739 3899 facultate
1771 3847 1968 3899 orato.

317 3960 346 3991 «
380 3938 488 4007 ria,
521 3955 731 4009 unum,
766 3960 794 3988 ››
826 3943 886 3993 et
913 3937 1051 3993 alia.

390 4027 755 4097 Theodorus,
786 4033 982 4100 poeta,
1017 4027 1120 4099 qui
1151 4026 1423 4082 versibus
1453 4024 1615 4081 varia
1646 4022 1889 4096 scripsit
1918 4028 1977 4077 et

317 4119 381 4172 in
411 4118 785 4189 Cleopatram
817 4133 1081 4173 carmen.

388 4208 749 4275 Theodorus,
784 4207 971 4263 lector
1000 4208 1219 4279 Magnae
1246 4204 1524 4261 Ecclesia:
1552 4202 1979 4275 CPol.Scripsit

315 4296 622 4353 Historiam
652 4298 1074 4352 ecclesiasticam
1115 4313 1150 4351 a
1181 4294 1558 4351 Constantini
1586 4292 1975 4366 temporibus,

316 4405 509 4460 usque
540 4388 615 4443 ad
643 4387 960 4444 Iustiniani
994 4386 1333 4459 imperium.

392 4477 755 4547 Theodorus,
816 4477 919 4548 qui
948 4482 1084 4548 post
1142 4474 1550 4547 Apollinarem
1585 4472 1886 4528 Laodicea;
1918 4470 1981 4526 in

322 4567 490 4639 Syria
519 4568 909 4640 (episcopum)
940 4566 1164 4621 exstitit
1197 4573 1254 4620 et
1286 4564 1655 4636 Mopsuestia)
1692 4563 1753 4616 in
1776 4560 1983 4616 Cilicia

2079 3867 2107 3895 α
2141 3843 2307 3899 bium
2333 3866 2354 3896 ι
2392 3843 2524 3913 (32).

2152 3935 2354 3991 Theon
2383 3934 2593 3999 Elius,
2628 3933 3086 4001 Alexandrinus,
3149 3933 3438 4005 sophista,
3496 3932 3737 4005 scripsit

2090 4050 2110 4077 ι
2142 4028 2344 4080 Artem
2375 4023 2736 4079 rethoricam
2773 4041 2786 4093 ;
2819 4025 3385 4097 Progymnasmata;
3422 4026 3739 4079 Commen-

2086 4141 2113 4169 ‹‹
2152 4116 2371 4171 tarium
2402 4114 2464 4168 in
2495 4113 2975 4184 Xenophontem,
3028 4113 3351 4168 Isocratem
3383 4117 3442 4168 et
3500 4114 3745 4168 [Demos-

2089 4227 2116 4255 «
2144 4204 2386 4258 thenem
2420 4217 2432 4267 ;
2467 4202 2833 4272 Argumenta
2872 4199 3209 4266 rhetorica;
3271 4199 3642 4264 Quas-stiones
3675 4198 3747 4253 de

2090 4315 2115 4343 «
2153 4295 2450 4347 structura
2479 4288 2792 4357 orationis,
2826 4309 2853 4336 »
2881 4291 2939 4341 et
2964 4287 3081 4341 alia
3111 4287 3282 4358 plura
3302 4288 3438 4357 (33).

2162 4380 2363 4433 Theon
2402 4374 2691 4444 Valerius,
2752 4374 3039 4445 sophista,
3100 4374 3341 4446 scripsit
3397 4374 3744 4430 Commenta-

2089 4471 2235 4523 rium
2268 4469 2322 4520 in
2354 4464 2707 4519 Andocidem.

2160 4558 2378 4619 Theon,
2411 4553 2735 4625 Gymnasii,
2773 4553 3075 4624 sophistae,
3112 4555 3194 4621 F.,
3230 4553 3509 4609 Sidonius
3541 4554 3748 4625 sophi-

324 4656 735 4729 episcopatum
758 4658 1010 4729 adeptus
1043 4661 1152 4711 est.
1189 4655 1290 4710 Hic
1314 4652 1643 4725 Apollinari
1667 4669 1738 4707 ex
1760 4650 1986 4705 diame-
2016 4681 2063 4745 υ
2096 4652 2204 4713 sta,
2232 4647 2303 4745 in.
2350 4644 2568 4745 patria“
2599 4643 2834 4745 docuit,
2885 4648 2944 4698 et
2992 4643 3100 4698 sub
3155 4644 3298 4716 imp.
3359 4645 3749 4700 Constantino

324 4752 416 4802 tro
442 4748 779 4803 contrarius
810 4752 918 4813 est,
945 4751 1057 4801 etc.

397 4829 1986 4908 Theodosius,philosophus,scripsit«Sphaaricalibris

329 4927 448 4981 «ΙΙΙ
473 4945 488 4993 ;
509 4927 1016 4983 Commentarium
1039 4926 1103 4980 in
1132 4924 1386 4981 Thcudm
1427 4922 1621 4995 capita
1645 4922 1754 4989 ;De
1776 4919 1985 4976 diebus

329 5036 355 5069 ι
373 5017 717 5072 etnoctibus
732 5017 916 5072 libros
933 5014 1521 5085 II,Commentarium
1536 5014 1596 5068 in
1612 5009 1986 5068 Archimedis

328 5128 358 5157 ‹‹
376 5103 626 5181 Ἐφόδιον
664 5126 678 5176 ;
712 5107 1155 5179 Descriptiones
1171 5104 1664 5160 azdiumlibrisIII
1690 5100 1989 5172 ;Sceptica

334 5221 356 5249 ιι
384 5200 617 5270 capita;
652 5200 1054 5273 Astrologica:
1095 5198 1175 5252 De
1208 5194 1706 5253 habitationibus.
1742 5214 1769 5243 ››
1794 5191 1988 5246 Versi-

546 5363 791 5419 Videtur
818 5361 1139 5435 legendum
1173 5357 1364 5435 eum
1392 5357 1585 5435 μικρὸγ
1612 5351 1988 5435 ,Ἀστρελόγον

333 5428 660 5507 ὑπὸμῆημα,
694 5452 815 5490 non
848 5428 925 5496 εἷς
952 5433 1042 5487 τὸν
1109 5432 1301 5507 μικρὸγ
1351 5428 1747 5507 Ἀστρτξλάοον.
1786 5428 1988 5507 Dese-

378 5501 496 5561 tein
529 5501 767 5578 scriptis
800 5523 931 5578 qum
951 5507 1012 5561 in
1026 5501 1773 5578 parvo'Alexandriuorum
1788 5502 1989 5578 Astro-

357 5594 467 5651 ego
496 5572 1181 5651 comprehendebantur,
1240 5575 1359 5651 dixi
1419 5573 1731 5651 libro__I[I,
1772 5588 1899 5651 cap.
1934 5572 1989 5638 5,

334 5645 450 5723 §f2
488 5667 614 5723 seq.
633 5645 762 5721 '(ed.
795 5655 907 5707 vet.
944 5650 1047 5705 sed
1079 5666 1205 5720 cap.
1236 5650 1320 5712 18,
1356 5652 1498 5701 tom.
1546 5645 1639 5710 IV,
1673 5660 1730 5715 p.
1788 5645 1852 5696 16
1899 5657 1989 5711 sq.

332 5721 698 5866 ed(3§)0iii1ic
728 5792 950 5852 Theoni
980 5796 1150 5865 putat
1170 5791 1404 5862 Kuster,
1437 5789 1499 5845 in
1525 5785 1740 5844 notat5
1770 5783 1842 5842 ad
1864 5786 1925 5841 h.
1952 5785 1989 5840 l.

2099 4735 2308 4793 consul
2336 4740 2395 4790 et
2420 4733 2735 4806 praefectus
2755 4732 2887 4789 fuit.

2171 4827 2393 4892 Theon,
2428 4824 2696 4895 sophista
2746 4824 2951 4879 rhetor
2982 4824 3283 4900 (Σοφιστὴς
3315 4821 3496 4900 λόγων
3530 4823 3754 4900 ῥητορι-

2099 4916 2253 4984 κῶν),
2277 4932 2313 4969 a
2342 4914 2396 4968 S.
2430 4912 2726 4982 Marcella,
2762 4912 2809 4967 si
2870 4912 3160 4986 originem
3208 4914 3445 4987 longius
3493 4920 3757 4987 repetas,

2104 5007 2151 5062 si
2184 5005 2514 5078 proximam
2548 5008 2606 5057 et
2636 5020 2823 5076 genus
2855 5010 3191 5076 paternum,
3216 5006 3289 5061 ab
3335 5005 3596 5072 Ecdicio,
3628 5021 3757 5060 ma-

2102 5097 2304 5169 gistro,
2339 5093 2648 5149 oriundus.
2687 5093 2935 5164 Scripsit
2963 5096 3159 5150 Artem
3208 5095 3544 5150 rhetoricam
3575 5093 3756 5148 homo

2104 5202 2225 5241 non
2257 5184 2360 5239 ille
2385 5182 2625 5255 quidem
2654 5182 3352 5258 admodum'ingeniosus
3408 5188 3468 5238 et
3518 5188 3753 5249 acutus,

2101 5354 2237 5427 (vol.
2274 5352 2346 5407 II.
2371 5367 2429 5422 p.
2466 5349 2589 5419 182)
2621 5349 3002 5427 attribuenda
3031 5366 3160 5405 esse
3193 5348 3421 5427 scholia
3477 5349 3539 5403 in
3593 5346 3758 5427 Arati

2104 5421 2502 5500 phmnom’ena
2560 5426 2620 5475 et
2661 5422 3005 5500 diosermeia,
3065 5438 3195 5492 quas
3237 5421 3434 5500 .hodie
3487 5424 3759 5500 exstant;

2107 5492 2503 5564 eumdemque
2534 5510 2664 5547 esse
2689 5493 3008 5561 existimat,
3032 5510 3209 5563 quem
3232 5492 3392 5549 inter
3408 5498 3553 5564 vett.)
3581 5507 3760 5564 enar-

2105 5577 2334 5626 ratores
2366 5562 2666 5635 Apollonii
2699 5564 2911 5619 Rhodii
2941 5562 3214 5619 recenset
3242 5564 3430 5621 schol.
3460 5562 3763 5635 Aristoph.

2108 5642 2181 5698 ad
2201 5634 2571 5701 Nubeszuaa
2602 5635 2674 5690 de
2708 5635 2959 5709 singulis
2995 5637 3123 5709 jam
3157 5637 3280 5693 suis
3308 5637 3458 5692 locis
3483 5634 3768 5692 adnotata

2108 5718 2271 5780 sunt,
2303 5710 2401 5765 hic
2428 5712 2700 5780 repetere
2730 5709 3030 5765 nolumus.
3066 5709 3240 5765 ΒΑΜ..
