4126 6412
431 421 587 481 1359

1737 415 1981 477 INDEX
2035 409 2551 478 SCRIPTORUM

3694 413 3859 473 1360

435 553 541 608 sed
555 550 820 607 discendi
837 549 1085 623 cupidus
1102 548 1390 605 etlaboris
1404 565 1583 621 supra
1599 548 1841 603 modum
1857 563 2085 603 amans.
2118 551 2171 614 Α
2201 548 2362 618 phon
2385 548 2688 615 desinunt,
2722 545 3271 618 etcomplectuntur
3288 560 3358 600 ea
3387 560 3519 617 quas
3531 549 3701 617 gesta
3713 550 3858 600 sunt

438 641 836 707 Quamobrem
861 640 1019 695 brevi
1045 640 1329 710 temporis
1378 638 1567 709 spatio
1605 638 1921 691 maximam
1958 653 2090 691 eru-

440 730 729 785 ditionem
760 729 872 785 sibi
896 729 1278 800 comparavit,
1315 734 1374 782 et
1404 734 1517 781 tam
1555 728 1937 797 antiquarum
1989 742 2091 780 re-

437 836 569 874 rum
603 836 779 890 quam
804 819 1136 873 recentium
1170 817 1484 873 scientiam
1515 816 1715 871 animo
1747 815 2093 886 complexus

435 915 544 964 est.
578 912 643 979 (E
678 910 1030 976 Damascio.)

507 998 891 1071 Theophilus,
951 997 1234 1053 comicus.
1297 999 1377 1051 Ex
1451 996 1582 1067 ejus
1656 996 1875 1051 fabulis
1954 999 2093 1050 sunt

435 1087 665 1158 Ἰατρὸς,
747 1082 1098 1160 Ἐπίδαυρος,
1161 1085 1501 1158 Παγκράτεια
1580 1086 1882 1157 (Athenaeo
1952 1088 2094 1158 Παγ-

433 1175 808 1251 κρατιαστὴς),
842 1174 1101 1241 Βοιωτία,
1127 1172 1427 1247 Προιτίδες,
1464 1171 1872 1244 Νεοπτόλεμος.

508 1266 889 1337 Theophilus,
920 1266 1088 1336 imp.,
1145 1263 1448 1319 Michaelis
1505 1264 1791 1318 Amorraei
1851 1264 1934 1330 F.,
1985 1264 2091 1318 Min

434 1356 657 1411 chaelis
689 1359 879 1427 pater,
912 1354 1270 1426 Copronymi
1329 1353 1606 1407 haeresim
1638 1354 1718 1423 (n.
1759 1368 2083 1407 uconoma-

430 1445 648 1515 chiam)
705 1443 1036 1515 amplexus,
1086 1444 1336 1515 ipsoque
1414 1442 1580 1497 nulla
1629 1442 1689 1496 in
1732 1458 1793 1497 re
1848 1442 2082 1498 melior.

428 1535 572 1590 Cum
606 1533 785 1605 igitur
814 1533 1023 1588 eadem
1055 1533 1336 1595 amentia,
1400 1549 1529 1601 quae.
1590 1531 1978 1586 Manichamm
2029 1537 2088 1586 et

426 1623 636 1678 Arium
668 1622 835 1689 olim,
860 1622 1129 1677 animum
1161 1622 1292 1692 ejus
1346 1621 1679 1688 invasisset,
1717 1621 2086 1692 persecutio-

429 1730 569 1769 nem
601 1718 659 1768 et
716 1712 842 1783 ipse
896 1718 1102 1767 contra
1157 1711 1480 1767 Ecclesiam
1511 1712 1688 1782 coepit
1746 1710 2079 1782 instituere,

426 1802 578 1858 alter
607 1801 964 1870 Nectanebo,
998 1800 1331 1873 adjutorem
1365 1806 1577 1856 nactus
1605 1802 1915 1866 Joannem,
1972 1816 2075 1871 pa-

2200 643 2335 707 post
2362 637 2585 692 bellum
2619 636 3215 708 Peloponnesiacum,
3250 640 3308 690 et
3337 640 3572 691 caetera.
3605 634 3859 705 Scripsit

2199 730 2257 779 et
2286 726 2403 781 alia
2435 728 2712 798 plurima.

2267 816 2703 888 Theopompus,
2759 815 3106 871 Theodectis
3165 815 3284 869 sive
3342 813 3632 869 Theodori
3666 813 3851 880 ﬁlius,

2197 905 2605 972 Atheniensis,
2624 907 2907 973 comicus,
2939 905 3125 959 edidit
3153 904 3387 959 fabulas
3414 904 3562 957 XXII
3586 920 3599 967 ;
3621 903 3857 974 fuitque

2198 996 2459 1066 antiqua;
2488 997 2790 1051 commdize
2816 1002 2993 1067 poeta
3018 994 3348 1050 secundum
3363 993 3815 1064 Aristophanem
3837 1010 3854 1060 ;

2198 1085 2553 1157 scripsitque
2582 1086 2784 1157 plures
2812 1085 2959 1140 alias
2985 1084 3237 1148 fabulas,
3272 1089 3381 1137 etc.

2267 1172 2549 1247 Θεώρηκα.
2585 1173 3392 1245 Arcesilaus,philosophus,
3452 1177 3579 1227 erat
3638 1176 3859 1228 natura

2194 1264 2401 1319 tardus
2433 1272 2490 1319 et
2520 1266 2801 1333 oscitans,
2860 1263 2912 1317 ἐν
2974 1264 3032 1317 δὲ
3082 1266 3151 1335 τῇ
3181 1264 3353 1336 τέχνῃ
3413 1262 3856 1335 τεθεωρημένος,

2193 1352 2296 1407 sed
2331 1355 2475 1409 artis
2500 1360 2697 1410 tamen
2728 1354 2911 1425 probe
2942 1354 3190 1425 peritus.
3219 1353 3321 1407 Hic
3345 1352 3493 1407 dixit
3513 1352 3702 1406 hianti
3733 1352 3854 1408 sibi

2190 1443 2577 1514 geometriam
2628 1444 2689 1498 in
2747 1445 2855 1499 hos
2930 1444 3250 1498 involasse.
3312 1444 3479 1499 FABR.
3532 1445 3852 1499 Enimvero

2189 1533 2533 1600 (Pearsonio
2563 1538 2622 1587 et
2652 1535 2899 1588 Kustero
2929 1533 3004 1588 ad
3035 1532 3093 1587 h.
3129 1533 3169 1587 Ι.
3206 1538 3347 1588 tom.
3403 1535 3477 1604 II,
3526 1550 3658 1604 pag.
3724 1535 3852 1604 183,

2187 1625 2309 1675 not.
2343 1624 2394 1691 5,
2429 1621 3062 1692 animadvertentibus)
3082 1622 3436 1693 compilator
3456 1623 3759 1677 Arcesilae
3779 1638 3855 1678 ea

2188 1710 2415 1778 tribuit,
2449 1728 2580 1782 qum
2612 1712 2768 1784 apud
2816 1714 3116 1779 Laertium,
3178 1710 3281 1767 lib.
3316 1712 3409 1778 IV,
3442 1728 3503 1765 n.
3539 1714 3646 1778 32;
3685 1712 3851 1767 unde

2186 1798 2284 1855 hic
2314 1800 2481 1855 locus
2515 1806 2828 1872 excerptas
2854 1806 2963 1870 est,
2986 1800 3058 1856 ab
3084 1800 3384 1856 Arcesilae
3403 1801 3475 1856 de
3507 1802 3850 1871 Hipponico,

423 1892 765 1959 triarcham,
788 1891 877 1945 vel
899 1891 1096 1962 potius
1116 1891 1563 1955 Mantiarcham,
1589 1894 1693 1945 aut
1716 1889 2080 1944 Darmoniar-
2112 1915 2157 1981 Β
2186 1895 2509 1960 geometra,
2545 1890 2845 1947 dicuntur.
2878 1891 3116 1945 HARLES.

422 1985 614 2053 cham,
643 1998 864 2037 novum
892 1997 1097 2037 revera
1126 1981 1477 2053 Apollonius
1505 1986 1607 2036 aut
1636 1980 1875 2036 Balaam
1890 1981 2079 2035 nostri

424 2073 730 2144 temporis,
764 2072 1259 2127 lecanomantem.
1294 2070 1381 2125 Ab
1442 2070 1552 2124 hoc
1614 2070 1794 2125 etiam
1847 2069 2078 2125 litteras

424 2162 688 2229 edoctus,
721 2162 899 2216 homo
926 2161 1120 2215 varius
1153 2166 1211 2213 et
1242 2159 1588 2226 sceleratus,
1623 2165 1733 2214 etc.

492 2252 874 2323 Theophilus.
936 2251 1040 2306 Hic
1094 2267 1163 2305 ex
1204 2250 1374 2305 India
1432 2266 1705 2305 reversus
1750 2250 2076 2305 Antiochiae

421 2342 585 2407 vixit,
618 2346 677 2396 et
704 2340 1016 2397 ecclesiam
1048 2338 1290 2410 quidem
1314 2339 1541 2393 nullam
1578 2339 1937 2411 assignatam
1972 2339 2074 2395 ha-

420 2433 549 2488 buit
580 2448 593 2497 ;
628 2429 732 2486 sed
763 2429 931 2500 quasi
982 2429 1318 2484 communis
1346 2428 1589 2499 quidam
1619 2428 1731 2483 fuit
1758 2427 1990 2499 (doctor
2019 2434 2078 2483 et

418 2520 957 2592 episcopus),quem
993 2516 1316 2588 imperator
1345 2517 1509 2571 omni
1541 2516 1764 2571 honore
1789 2522 1847 2570 et
1867 2516 2075 2572 obser-

415 2608 619 2665 vantia
653 2607 894 2662 coleret.
923 2608 1061 2661 Erat
1104 2606 1206 2660 ille
1240 2607 1509 2676 quaedam
1571 2606 1737 2676 quasi
1772 2607 2071 2677 apostolo-

413 2718 548 2756 rum
583 2700 800 2769 imago,
836 2714 1014 2768 quem
1045 2697 1386 2752 Thalassius
1416 2713 1534 2751 non
1570 2697 1777 2765 exiguo
1807 2703 2073 2769 tempore

415 2807 550 2845 cum
576 2789 680 2843 illo
704 2793 991 2854 versatus,
1023 2792 1080 2841 et
1111 2786 1172 2839 in
1198 2785 1543 2857 hujusmodi
1571 2785 1746 2839 rebus
1776 2786 2071 2841 mendacii

415 2879 663 2935 minime
697 2882 1029 2948 suspectus,
1064 2875 1167 2941 ait,
1209 2875 1474 2929 Iudaeam
1537 2875 1857 2946 quamdam
1899 2876 2070 2932 femi-

417 2984 556 3024 nam
588 2972 889 3022 mortuam
922 2964 996 3020 ad
1030 2964 1207 3019 vitam
1240 2981 1567 3020 revocasse.

487 3056 948 3128 Theophrastus,
985 3053 1535 3121 Melanti,fullonis,
1592 3053 1677 3108 vel
1738 3055 1949 3109 Leonis
2008 3055 2069 3111 F.

417 3146 711 3209 Eressius,
744 3143 981 3199 auditor
1011 3141 1366 3210 Aristotelis,
1412 3148 1470 3197 et
1519 3160 1826 3198 successor
1852 3143 2069 3199 scholaa

415 3234 843 3305 Peripatetica),
878 3232 949 3287 ab
982 3249 1071 3297 eo.
1098 3231 1437 3287 Chalcidem
1472 3233 1786 3304 migrante,
1820 3233 2063 3288 relictas.

2257 1980 2519 2049 Theoris,
2553 1981 2815 2050 fatidica,
2841 1980 2914 2036 ob
2948 1981 3272 2053 impietatis
3304 1982 3532 2036 crimen
3591 1980 3850 2037 multata

2184 2076 2394 2125 morte.
2428 2071 2859 2126 Demosthenes
2890 2077 3100 2125 contra
3128 2072 3605 2143 Aristogitonem.

2254 2158 2485 2230 Θεωροί,
2520 2160 2620 2231 qui
2654 2160 2726 2215 ad
2755 2160 3065 2215 oraculum
3099 2160 3511 2229 mittebantur,
3546 2166 3603 2213 et
3631 2175 3847 2215 omnes

2180 2263 2381 2302 rerum
2428 2248 2762 2304 divinarum
2805 2248 3081 2306 custodes
3177 2254 3234 2305 et
3277 2255 3627 2317 curatores;
3688 2246 3838 2322 ὥρην

2183 2336 2342 2390 enim
2368 2353 2555 2391 curam
2590 2338 2904 2409 signiﬁcat.

2252 2423 2775 2494 636:.Philo,cum
2806 2427 2984 2483 verba
3039 2426 3171 2488 Θεὸς
3227 2425 3432 2497 Κύριος
3480 2428 3841 2499 interpreta-

2180 2520 2363 2583 retur,
2392 2533 2641 2571 summaa
2671 2516 2976 2572 Trinitatis
3017 2519 3327 2573 notionem
3390 2517 3614 2572 habuit.
3651 2518 3841 2573 Graeci

2179 2610 2448 2659 statuunt
2503 2607 2688 2661 Deum
2748 2623 2877 2661 esse
2926 2608 3149 2663 animal
3207 2607 3567 2675 immortale,
3601 2608 3837 2662 ratione

2177 2694 2515 2766 praeditum,
2540 2697 2889 2767 perfectum,
2922 2697 3288 2769 intelligens,
3323 2696 3655 2764 beatum,in
3678 2695 3845 2767 quod

2178 2782 2406 2837 malum
2429 2800 2549 2838 non
2581 2784 2759 2851 cadit,
2792 2801 2997 2840 curam
3027 2801 3239 2857 gerens
3270 2784 3477 2839 mundi
3508 2790 3567 2838 et
3618 2801 3829 2840 eorum

2179 2889 2310 2943 quaa
2340 2874 2399 2927 in
2432 2874 2654 2928 mundo
2697 2880 2855 2942 sunt,
2891 2891 3010 2929 non
3070 2880 3270 2929 tamen
3333 2874 3594 2928 humana
3643 2874 3841 2929 forma

2179 2961 2497 3033 praaditum
2531 2979 2545 3027 ;
2578 2963 2866 3033 Opiﬁcem
2926 2964 3104 3035 hujus
3163 2962 3424 3017 universi
3459 2967 3518 3017 et
3549 2967 3835 3032 tanquam

2176 3052 2410 3105 Patrem
2437 3052 2702 3106 omnium
2732 3070 2746 3118 ;
2778 3058 3129 3123 partemque
3154 3053 3284 3123 ejus
3307 3069 3413 3124 per
3433 3052 3634 3106 omnia
3647 3068 3837 3122 pene-

2173 3145 2430 3195 trantem
2455 3142 2631 3196 variis
2661 3142 3005 3197 nominibus
3035 3158 3141 3213 pro
3165 3142 3411 3196 diversis
3441 3140 3831 3197 facultatibus

2180 3230 2490 3301 appellari.

412 3323 515 3378 Hic
546 3282 681 3379 ante
714 3282 954 3377 vocatus
1012 3282 1101 3376 est
1150 3323 1461 3393 Tyrtamus
1492 3342 1506 3387 ;
1542 3282 1643 3376 sla
1676 3322 1749 3377 ob
1775 3282 2065 3378 'divinam
2099 3282 2141 3349 ρ
2216 3282 2379 3379 ‘éab;
2410 3321 2445 3386 ἡ
2475 3316 2734 3375 ἀναίδεια.
2788 3320 3104 3376 Colebatur
3142 3321 3390 3375 Athenis
3447 3320 3828 3391 Impudentia,

409 3412 813 3484 eloquentiam
846 3410 919 3467 ab
973 3410 1288 3465 Aristotele
1334 3411 1699 3482 Euphrastus
1730 3411 1925 3467 dictus
1958 3418 2065 3481 est,

407 3508 465 3557 et
494 3508 699 3575 postea
728 3501 1193 3573 Theophrastus,
1228 3500 1381 3555 sicut
1411 3501 1576 3555 Plato
1617 3497 1706 3553 διὰ
1751 3501 1812 3553 τὸ
1866 3499 1920 3554 ἐν
1949 3505 2067 3562 τοῖς

408 3589 598 3665 λόγοις
641 3588 847 3651 πλάτος
908 3595 1152 3662 propter
1218 3590 1478 3661 amplam
1538 3589 1773 3645 dicendi
1832 3592 2065 3663 copiam

406 3682 565 3736 Plato
597 3681 709 3735 fuit
739 3685 997 3745 vocatus,
1027 3695 1162 3734 cum
1181 3684 1357 3733 antea
1381 3678 1700 3733 Aristocles
1733 3685 2060 3736 vocaretur.

408 3770 744 3842 Discipulos
773 3768 983 3823 habuit
1015 3768 1214 3838 plures
1247 3784 1427 3837 quam
1453 3767 1543 3821 bis
1569 3768 1773 3835 mille;
1800 3770 2066 3825 amasius

407 3859 536 3930 ejus
566 3859 679 3912 fuit
703 3857 1115 3922 Nicomachus,
1149 3855 1486 3911 Aristotelis
1514 3857 1571 3910 F.
1597 3874 1610 3921 ;
1645 3874 1678 3912 a
1706 3857 2064 3928 Cassandro,

406 3946 701 4019 Antipatri
725 3946 784 4000 F.
820 3946 881 3999 in
915 3944 1140 3999 honore
1169 3944 1407 3999 habitus
1440 3951 1549 3998 est.
1613 3946 1880 4001 Decessit
1909 3949 2060 4003 assi-

407 4036 523 4091 dua
554 4035 875 4106 scriptione
905 4033 1214 4105 fatigatus,
1245 4050 1381 4087 cum
1417 4033 1490 4087 ob
1525 4034 1800 4106 discipuli
1823 4039 2061 4109 nuptias

406 4124 478 4181 ad
509 4140 729 4197 paucos
762 4121 889 4177 dies
941 4122 1209 4176 animum
1271 4120 1613 4179 relaxasset.
1668 4124 1898 4195 Scripta
1929 4127 2060 4197 ejus

406 4221 544 4271 sunt
566 4213 844 4286 plurima,
882 4212 940 4265 in
974 4211 1067 4265 his
1094 4233 1121 4260 ‹‹
1171 4211 1621 4281 Analyticorum
1657 4216 1923 4284 priorum
1961 4216 2058 4281 III,

403 4326 429 4354 ‹‹
448 4303 845 4359 Posteriorum
864 4302 957 4355 VII
985 4300 1290 4371 ;Analysis
1324 4300 2055 4377 syllogismorum;Analy-

405 4416 427 4446 α
454 4394 706 4449 ticorum
728 4393 1016 4464 Epitome.
1049 4390 1400 4463 Ἀνηγμένων
1429 4390 1610 4443 τόπων
1660 4396 1770 4449 sive
1803 4395 1935 4450 Loci
1970 4413 2058 4452 re-

404 4507 429 4533 ‹‹
468 4482 663 4548 ducti;
699 4484 778 4535 De
811 4479 1143 4551 lapidibus;
1184 4480 1259 4532 De
1292 4479 1551 4549 plantis;
1606 4481 1683 4536 De
1744 4484 2005 4540 metallis
2038 4502 2053 4553 ;

404 4597 431 4624 «
462 4575 541 4629 De
572 4573 851 4628 odoribus
886 4589 899 4638 ;
933 4570 1317 4625 Charactcres
1344 4594 1370 4619 ››
1398 4577 1454 4624 et
1485 4571 1619 4626 alia.

403 4664 477 4730 Δῆ
511 4663 613 4736 γὰρ
647 4657 1133 4736 καὶ-Θεόφραστος,
1160 4653 1261 4736 ἔρος
1292 4657 1473 4736 ἐπᾴνει
1508 4660 1627 4729 μὲν,
1665 4660 1877 4732 ἄπηρος

609 4734 707 4786 Ἦν
741 4728 931 4803 ὃέμαξζ
966 4733 1067 4785 εἴτ’
1088 4730 1289 4791 ἀνεθεὶς
1328 4728 1556 4793 κάτθαὺε
1586 4728 1939 4805 πηρομελής.

396 4873 617 4940 Integer
641 4884 759 4923 ϐενε
789 4867 931 4922 valet
969 4866 1387 4940 Theophrastus,
1426 4867 1557 4921 dum
1586 4867 1741 4923 labor
1770 4878 1949 4939 urget.

537 4944 781 4997 Lucratus
811 4940 995 4993 studio
1015 4938 1246 4992 solvitur
1276 4944 1326 4991 et
1357 4941 1612 4993 moritur.

465 5029 961 5103 Theophylactus,
1042 5027 1325 5098 sophista,
1378 5027 1469 5081 cui
1539 5045 1867 5100 cognomen
1919 5037 2045 5089 erat

392 5123 731 5187 Simocatta,

459 5211 895 5281 Theopompus.
954 5207 1156 5273 Chius,
1225 5210 1441 5267 orator,
1503 5206 1913 5264 Damasistrati
1976 5213 2035 5267 F.

383 5301 527 5355 vixit
580 5306 846 5371 tempore
906 5295 1233 5364 interregni
1311 5294 1791 5364 Atheniensium,
1855 5300 2039 5371 olym-

380 5389 554 5459 piade
586 5390 773 5451 XCIII,
808 5385 1045 5457 quando
1071 5389 1128 5439 et
1162 5383 1439 5454 ephorus,
1472 5383 1747 5439 Iscoratis
1779 5388 2035 5458 auditor,

378 5477 854 5547 ﬂoruit.Scripsit
881 5474 1105 5545 pariter
1135 5489 1203 5526 ac
1238 5473 1495 5543 ephorus
1527 5473 1825 5542 epitomen
1852 5480 2032 5534 Histo-

374 5571 586 5624 riarum
618 5566 884 5623 Herodoti
916 5565 1083 5618 libros
1106 5565 1200 5625 ll;
1235 5562 1555 5631 Philippica
1589 5563 1744 5619 libris
1785 5569 1980 5624 LXXII
2010 5589 2031 5635 ;

376 5659 645 5711 Historias
676 5657 917 5723 Graccus,
952 5669 1082 5723 qum
1155 5652 1311 5705 libris
1342 5652 1409 5703 XI
1453 5658 1746 5722 constant,
1784 5663 1842 5710 et
1890 5659 2027 5715 inde

379 5745 785 5801 narrationem
825 5741 1161 5809 ordiuntur,
1195 5740 1296 5794 ubi
1327 5740 1696 5810 Thucydides
1728 5752 1786 5799 et
1834 5749 2026 5804 Xeno-

2173 3407 2346 3478 eique
2380 3409 2665 3480 templum
2690 3416 2837 3476 erat,
2872 3416 2937 3464 ut
2960 3410 3139 3466 tradit
3167 3412 3316 3465 Ister
3346 3410 3498 3464 libro
3534 3411 3678 3465 XIV.

2240 3498 2658 3565 Theramenes,
2694 3500 3078 3554 Atheniensis
3110 3504 3329 3566 orator,
3391 3499 3648 3567 Prodici,
3680 3499 3829 3569 Ceii,

2169 3586 2522 3659 discipulus,
2558 3590 3007 3661 cognominatus
3056 3590 3372 3644 cothurnus.
3427 3589 3675 3659 Scripsit
3732 3591 3832 3643 de-

2170 3677 2525 3733 clamationes
2547 3680 2871 3747 rhetoricus,
2903 3686 2962 3735 et
2991 3680 3107 3735 alia
3138 3680 3431 3750 quadam.

2239 3767 2646 3838 Therapeutze.
2682 3768 3095 3824 Philoinlihro
3113 3770 3191 3824 De
3226 3770 3342 3823 vita
3370 3768 3835 3839 contemplativa

2171 3857 2410 3927 scripsit
2445 3857 2516 3911 de
2557 3858 2774 3913 ascetis
2808 3859 3209 3925 llebrteorum,
3246 3866 3357 3915 etc.

2239 3946 3124 4019 Theseus,historicus,scripsit
3145 3972 3171 3999 «
3210 3949 3827 4004 Virorumillustrium

2167 4038 2376 4092 «Vitas
2402 4038 2568 4092 libris
2593 4041 2652 4105 V,
2678 4040 3194 4096 Corinthiacorum
3228 4040 3413 4096 libros
3446 4043 3540 4106 III,
3564 4064 3588 4089 ››
3611 4041 3667 4095 in
3703 4058 3824 4111 quo

2165 4142 2341 4197 opere
2369 4127 2441 4181 de
2462 4129 2882 4183 Isthmicorum
2904 4130 3183 4185 ludorum
3210 4130 3583 4185 institutione
3605 4132 3744 4201 agit.

2235 4214 2753 4285 Géctq,secundum
2774 4220 3153 4275 Aristotelem
3181 4227 3272 4275 est
3304 4222 3603 4292 paradoxa
3620 4221 3825 4291 opinio

2164 4305 2417 4377 alicujus
2448 4308 2577 4375 viri,
2608 4309 2666 4362 in
2702 4309 3085 4381 philosophia
3123 4310 3289 4377 clari,
3331 4312 3454 4365 sive
3489 4310 3823 4381 problema.

2166 4396 2380 4462 Veluti,
2416 4403 2612 4452 utrum
2647 4399 2849 4453 omnia
2902 4401 3187 4454 continuo
3220 4399 3432 4468 ﬂuant,
3490 4406 3549 4454 et
3584 4417 3826 4471 semper

2162 4486 2498 4557 gignantur,
2534 4493 2590 4541 et
2618 4487 2764 4540 nihil
2791 4504 3054 4558 unquam
3085 4490 3178 4554 sit,
3206 4489 3532 4544 secundum
3560 4488 3825 4543 Heracli-

2164 4580 2286 4629 tum
2318 4594 2331 4640 ;
2367 4575 2452 4629 vel
2489 4582 2683 4630 utrum
2720 4576 2779 4629 id
2812 4578 2970 4647 quod
3002 4584 3093 4632 est
3121 4594 3332 4645 unum,
3365 4579 3442 4633 sit
3501 4585 3557 4633 et
3604 4579 3825 4633 immo-

2091 4659 2131 4724 D
2163 4664 2304 4734 bile,
2328 4672 2395 4719 ut
2424 4665 2765 4719 Parmenidi
2799 4666 3063 4732 videtur;
3097 4667 3187 4721 vel
3219 4674 3419 4722 utrum
3468 4674 3665 4722 motus
3720 4667 3817 4734 sit,

2158 4770 2232 4809 an
2262 4771 2404 4823 non,
2428 4760 2488 4808 ut
2509 4755 2727 4809 Zenoni
2757 4755 2943 4811 visum
2971 4756 3091 4821 ;vel
3121 4762 3320 4811 utrum
3355 4756 3820 4812 sanitasbonum

2159 4844 2253 4911 sit,
2288 4860 2364 4898 an
2398 4861 2538 4911 non,
2574 4850 2640 4898 ut
2694 4844 2890 4916 placet
2920 4846 3247 4917 Chrysippo
3283 4863 3295 4911 ;
3334 4852 3389 4900 et
3420 4853 3621 4901 utrum
3671 4863 3818 4901 con-

2156 4933 2445 4988 tradicere
2502 4933 2698 4993 liceat.
2732 4950 2806 4988 an
2838 4951 2981 5002 non,
3021 4941 3089 4990 ut
3143 4936 3483 4990 Antistheni
3508 4936 3814 5007 probatur.

2155 5023 2486 5094 Opponitur
2516 5023 2597 5091 id,
2644 5024 2801 5094 quod
2834 5023 2975 5076 Οέσει
3019 5032 3107 5079 est
3159 5031 3217 5079 et
3263 5024 3423 5095 quod
3480 5024 3631 5096 φύσει
3694 5025 3815 5079 sive

2154 5119 2387 5168 natura.
2418 5114 2605 5168 Etiam
2640 5114 2939 5168 rhetorica
2970 5114 3339 5185 problemata
3355 5115 3597 5186 quidam
3615 5115 3815 5169 theses

2151 5209 2393 5269 vocant;
2429 5203 2778 5258 Aristoteles
2810 5204 3189 5275 hypotheses.

2221 5293 2676 5359 Thesmothetaa,
2712 5292 3095 5362 magistratus
3119 5295 3388 5359 Athenis,
3417 5296 3525 5349 viri
3559 5312 3681 5361 sex,
3745 5312 3821 5350 ex

2148 5402 2357 5441 novem
2391 5382 2923 5438 archontibusllos
2952 5384 3110 5452 leges
3124 5387 3446 5455 quotannis
3462 5386 3819 5442 correxisse.

2145 5475 2319 5529 docet
2348 5474 2657 5529 .i-lschines
2688 5478 2897 5527 contra
2930 5473 3399 5545 Ctesiphontem.

2213 5564 2482 5635 Thespis,
2521 5562 2833 5629 exicario,
2869 5563 3079 5619 Atticae
3121 5565 3361 5636 populo,
3396 5565 3679 5633 tragicus,
3711 5563 3818 5619 de-

2140 5655 2331 5710 cimus
2365 5659 2563 5709 sextus
2586 5652 2658 5707 ab
2692 5653 2953 5723 Epigene
2982 5653 3280 5727 Sicyonio,
3314 5657 3509 5728 primo
3546 5658 3814 5730 tragico;

2120 5732 2240 5798 lalii
2272 5744 2600 5799 secundum
2633 5742 2704 5796 ab
2728 5759 2793 5797 eo
2829 5743 3074 5815 faciunt,
3108 5746 3207 5802 alii
3240 5748 3499 5819 primum
3517 5747 3806 5819 tragicum
