4126 6434
327 434 477 498 I361

1635 435 1738 495 DE
1781 435 2071 507 QUIBUS
2116 439 2423 505 SUIDAS.

3597 441 3751 503 I362

319 569 504 625 fuisse
538 569 858 626 afﬁrmant.
916 572 1017 627 Hic
1052 572 1311 643 primum
1376 588 1617 628 cerussa
1649 572 1798 627 facie
1830 571 1983 628 illita
2016 577 2071 644 Α
2101 576 2260 647 quod
2291 577 2440 634 alios
2496 580 2707 635 acerbe
2764 582 3115 639 criminetur
3141 584 3214 639 ob
3249 599 3337 649 ea,
3373 578 3590 653 quibus
3622 579 3749 650 ipse

322 659 639 731 tragmdias
662 661 801 732 egit,
824 660 1038 715 deinde
1061 661 1269 716 faciem
1293 662 1639 717 andrachna
1670 662 1729 716 in
1762 661 1979 717 docen-

324 749 417 804 dis
443 749 659 804 fabulis
688 750 831 803 texit
855 766 867 814 ;
903 756 1107 821 postea
1132 751 1427 806 larvarum
1455 752 1774 806 Iintearum
1803 768 1978 807 usum

323 837 670 893 introduxit.
702 840 909 893 Docuit
936 840 1167 896 fabulas
1199 841 1535 912 Olympiade
1571 843 1704 907 LXI,
1740 847 1799 895 et
1823 842 1979 897 inter

325 927 641 1000 tragmdias
699 930 828 999 ejus
881 936 1427 985 commemorantur
1478 927 1655 992 *Αολα
1704 926 1908 985 Πελίου
1939 930 1974 999 ἢ

325 1011 569 1090 Φορϐὰς,
601 1016 815 1091 Ἱερεὺς,
852 1015 1074 1087 Ἠΐθεοι,
1111 1017 1357 1080 Πενθεύς.

390 1108 657 1179 Thespis,
689 1108 1071 1176 citharmdus,
1097 1109 1169 1164 de
1202 1127 1318 1180 quo
1349 1110 1650 1182 Aristoph.

389 1196 782 1268 Thucydides,
843 1197 1003 1252 Olori
1062 1200 1119 1253 F.
1182 1199 1588 1267 Atheniensis,
1643 1200 1834 1255 ﬁlium
1864 1200 1971 1254 ha-

319 1284 449 1341 buit
468 1286 862 1341 Timotheum.
894 1289 1223 1343 Maternum
1251 1305 1437 1361 genus
1454 1305 1488 1344 a
1511 1289 1767 1344 Miltiade
1800 1288 1969 1359 duce,

316 1380 635 1447 paternum
654 1375 728 1431 ab
751 1376 950 1442 Oloro,
967 1377 1257 1433 Thracum
1283 1395 1418 1449 rege
1442 1379 1627 1448 duxit,
1648 1378 1975 1450 Antiphon-

313 1466 390 1519 tis
419 1464 770 1537 discipulus,
803 1465 998 1521 clarus
1026 1467 1185 1522 circa
1223 1467 1623 1539 Olympiadem
1656 1468 1968 1525 LXXXVII.

318 1555 565 1626 Scripsit
603 1556 1125 1625 Peloponnesiorum
1172 1563 1222 1611 et
1281 1558 1689 1612 Atheniensium
1748 1558 1969 1613 bellum.

320 1645 423 1699 Hic
479 1662 630 1716 puer
682 1645 873 1700 adhuc
933 1646 1314 1715 Herodotum,
1376 1647 1651 1719 olympiae
1692 1647 1971 1703 historias

321 1749 458 1789 suas
490 1735 863 1802 recitantem,
924 1752 1059 1791 eum
1117 1737 1438 1791 audivisset
1489 1737 1656 1807 quasi
1708 1737 1971 1792 numinis

316 1824 573 1895 alicujus
594 1825 882 1879 instinctu
904 1825 1426 1897 lacrymaricmpit.
1443 1827 1772 1882 llerodotus
1794 1827 1974 1899 igitur

2096 669 2541 739 constringitur,
2577 676 2701 725 tum
2733 672 2889 742 quod
2943 672 3142 727 animo
3174 676 3449 743 corrupto
3484 669 3663 724 fuerit
3692 672 3751 722 et

2090 753 2394 826 improbas
2426 760 2755 815 sententias
2788 760 2954 816 libris
2987 762 3109 816 suis
3140 760 3479 816 inseruerit.
3504 756 3671 823 Quod
3694 757 3743 811 si

2089 844 2482 903 Callisthenes
2512 850 2725 904 merito
2776 867 2979 921 pmnas
3036 851 3259 922 pendit,
3297 849 3454 921 quod
3486 847 3743 901 Alexan~

2090 934 2263 991 drum
2294 935 2355 991 in
2416 937 2663 994 deorum
2723 956 3042 995 numerum
3096 940 3319 996 referre
3360 937 3566 1004 voluit,
3603 935 3744 1006 quid

2089 1025 2309 1079 meruit
2338 1026 2590 1081 Timaaus
2621 1028 2722 1098 qui
2753 1029 3182 1084 Timoleontem
3229 1026 3400 1099 μείζω
3457 1027 3607 1078 ποιεῖ
3635 1026 3743 1076 τῶν

2086 1111 2522 1195 ἐπιφανεστάτωγ
2583 1116 2742 1185 θεῶν,
2803 1134 2984 1190 supra
3038 1115 3555 1190 splendidissimos
3598 1114 3744 1169 deos

2087 1203 2337 1269 extollit,
2373 1209 2482 1260 etc.
2536 1206 2783 1277 Scripsit
2840 1209 2910 1262 De
2965 1208 3131 1278 Syria
3160 1208 3383 1277 ejusque
3411 1204 3657 1271 urbibus,
3692 1209 3742 1258 et

2086 1294 2308 1362 regibus
2338 1295 2507 1349 libros
2535 1297 2635 1351 Ill.

2156 1383 2428 1450 Timaeus,
2518 1386 2753 1454 Locrus,
2840 1386 3231 1458 philosophus
3315 1385 3739 1456 Pythagoreus.

2084 1472 2333 1543 Scripsit
2372 1474 2801 1530 Mathematica:
2859 1477 2931 1531 De
2981 1483 3227 1540 natura;
3280 1476 3354 1530 De
3409 1473 3741 1543 Pythagorae

2083 1564 2220 1616 vita.

2157 1669 2430 1739 Timaaus,
2460 1671 2853 1727 Andromachi
2872 1674 2959 1740 F.,
2981 1672 3449 1736 Tauromenites,
3471 1668 3735 1733 Philisci,

2086 1758 2677 1832 Milesii.discipulus,
2709 1763 2936 1818 multus
2985 1763 3046 1819 in
3100 1763 3236 1818 aliis
3284 1760 3736 1833 reprehenden-

2086 1847 2197 1912 dis,
2233 1848 2390 1904 unde
2422 1850 2616 1906 dictus
2649 1857 2738 1907 est
2769 1850 3139 1923 Ἐπιτίμαιος,
3174 1852 3353 1907 etiam
3393 1845 3735 1919 Γραοσυλλέ-

315 1914 473 1986 patri
504 1913 835 1986 gratulatus
857 1920 947 1969 est
971 1914 1042 1969 de
1077 1915 1182 1969 ﬁlii
1206 1915 1427 1969 indole.
1463 1916 1674 1987 (Supra
1700 1917 1761 1970 in
1792 1915 1961 1990 ὀργῶ-

2087 1956 2257 2008 ιιτρια,
2293 1940 2451 2010 quod
2474 1942 2695 2011 quaevis
2717 1942 2845 1997 sine
2876 1913 3109 1997 delectu
3128 1913 3199 1996 in
3221 1913 3444 2011 scripta
3461 1938 3730 1994 referret.

314 2006 452 2073 σαν),
485 2019 595 2057 nec
645 2018 782 2058 eum
824 2002 1121 2075 judicium
1181 2020 1355 2059 suum
1410 2005 1639 2059 fefellit.
1675 2006 1777 2060 Hic
1808 2006 1960 2060 Thu-

311 2091 555 2163 cydides
602 2092 822 2147 artium
877 2097 1175 2164 praecepta
1221 2094 1404 2165 probe
1444 2093 1717 2163 callebat,
1753 2099 1811 2148 et
1838 2093 1961 2149 ele-

309 2182 509 2251 gantia
535 2181 845 2249 orationis,
877 2186 1154 2237 accurata
1206 2198 1407 2237 rerum
1464 2184 1694 2249 notitia,
1737 2182 1963 2238 artibus

310 2270 711 2342 imperatoriis
768 2270 1155 2341 consiliisque
1210 2271 1558 2339 excellebat,
1593 2276 1647 2326 et
1698 2272 1759 2326 in
1789 2286 1965 2343 argu-

308 2360 528 2415 mentis
558 2360 950 2431 panegyricis.
1013 2360 1174 2415 Solet
1217 2376 1254 2415 a
1294 2377 1510 2432 genere
1569 2360 1861 2416 feminino
1889 2359 1963 2415 ad

307 2455 587 2505 neutrum
641 2449 918 2517 transire,
976 2454 1077 2504 ut:
1138 2448 1436 2521 Τρέπονται
1492 2447 1568 2509 εἰς
1624 2446 1962 2504 Μακεδονίαν

310 2537 391 2616 ἐφ’
419 2538 548 2611 ὅπερ
574 2538 704 2610 (pro
735 2536 814 2613 ἐφ’
845 2538 1059 2611 ἥνπερ.)

381 2629 858 2684 Thuriomantes.
887 2629 1281 2685 Athenienses
1311 2629 1385 2684 ad
1415 2629 1646 2695 urbem,
1679 2631 1964 2686 Thurium

314 2718 686 2774 condendam
717 2718 924 2773 decem
954 2719 1108 2773 viros
1139 2719 1454 2786 miserunt,
1487 2719 1645 2773 inter
1674 2735 1822 2789 quos
1852 2718 1966 2774 fuit

312 2812 577 2878 Lampon,
610 2812 789 2876 vates,
851 2808 952 2878 qui
1006 2807 1170 2862 urbis
1226 2806 1549 2863 condendae
1580 2807 1874 2863 rationem
1905 2813 1964 2863 et

304 2896 551 2951 modum
582 2896 732 2951 alios
764 2896 1024 2951 doceret.

377 2985 562 3052 eam,
598 3002 669 3040 ex
730 2984 935 3056 thyino
993 2984 1154 3057 ligno
1210 2984 1499 3040 confecta.
1558 2984 1674 3039 Sub
1705 2986 1958 3052 Zenone,

306 3073 449 3146 imp.
492 3076 554 3129 in
611 3075 801 3145 Cypro
860 3074 1113 3129 inventae
1167 3079 1307 3128 sunt
1352 3073 1621 3145 reliquiae
1655 3073 1957 3141 Barnabas,

304 3164 580 3236 apostoli,
601 3164 702 3235 qui
726 3162 907 3218 Paulo
937 3162 1051 3217 fuit
1078 3163 1506 3235 peregrationis
1529 3180 1748 3220 comes.
1773 3163 1959 3235 Hujus

302 3254 587 3309 Barnabm
620 3253 845 3325 pectori
887 3253 1235 3324 impositum
1287 3259 1413 3308 erat
1454 3252 1835 3324 Evangelium
1866 3269 1957 3307 sc-

300 3342 563 3397 cundum
597 3342 959 3408 Mattheeum,
1003 3341 1209 3411 thyina
1266 3341 1492 3396 habens
1548 3342 1711 3397 folia.
1775 3341 1955 3413 (Conf.

301 3431 534 3485 Kusteri
562 3435 686 3486 not.
719 3433 772 3494 2,
808 3436 952 3485 tom.
986 3430 1055 3497 ll,
1088 3447 1219 3502 pag.
1250 3431 1401 3495 210.)

374 3520 662 3590 Tiberius,
694 3519 914 3577 Octavii
948 3519 1128 3588 ﬁlius,
1162 3521 1566 3576 Romanorum
1606 3519 1748 3591 imp.
1783 3520 1960 3576 homo

301 3609 587 3676 crudelis,
617 3606 914 3676 versutus,
949 3615 1061 3665 etc.
1114 3610 1411 3679 (Attamen
1444 3609 1672 3665 litteras
1703 3609 1957 3666 amabat.

309 3700 371 3755 V.
405 3700 627 3769 Sigism.
658 3701 804 3755 Jusli
852 3699 1161 3754 Ehrhardti
1208 3704 1589 3754 commentat.
1625 3698 1706 3753 De
1738 3700 1960 3756 Claudii

304 3787 516 3842 Tiberii
553 3789 801 3843 Neronis
859 3788 922 3842 in
979 3788 1326 3843 litterarum
1347 3788 1543 3843 studia
1572 3788 1821 3856 meritis,
1855 3790 1961 3844 Co-

304 3877 472 3950 burgi
508 3878 665 3942 I733,
692 3877 771 3949 8.)

375 3963 834 4037 Θυρεπανοίκτης.
869 3967 1076 4037 Supra,
1109 3968 1332 4032 Crates,
1372 3965 1707 4022 Thebanus.

375 4056 663 4126 Tiberius,
696 4055 1088 4128 philosophus
1122 4061 1180 4111 et
1227 4057 1513 4128 sophista,
1547 4057 1787 4129 scripsit
1816 4080 1842 4107 (ι
1878 4058 1959 4113 De

308 4167 335 4198 οι
356 4145 563 4201 formis
587 4146 874 4201 orationis
905 4145 1089 4200 libros
1110 4147 1224 4212 III;
1253 4148 1332 4200 De
1356 4147 1854 4215 commutatione;
1882 4148 1959 4201 De

304 4236 694 4303 «historia;De
710 4236 1100 4307 dispositione
1124 4242 1181 4290 et
1202 4236 1630 4308 compositione
1649 4238 1957 4305 orationis;

301 4347 329 4373 «
359 4325 435 4380 De
460 4326 648 4381 civilis
667 4326 954 4380 orationis
976 4324 1333 4389 mutatione;
1363 4326 1438 4378 De
1457 4325 1957 4396 demonstrativis;

302 4436 329 4462 «
355 4415 764 4479 orationibus;
800 4415 877 4471 De
926 4413 1376 4486 praifationibus
1408 4419 1467 4467 et
1498 4415 1843 4482 Prommiis;
1880 4417 1957 4471 De

303 4523 330 4555 α
355 4505 753 4577 argumentis;
788 4506 867 4560 De
900 4504 1296 4559 Demosthene
1330 4508 1387 4557 et
1416 4502 1842 4574 chOphonte;
1878 4506 1957 4560 De

303 4615 324 4642 ι
356 4593 648 4649 Herodoto
681 4599 738 4649 et
763 4591 1123 4664 Thucydide.
1164 4614 1184 4641 ι

374 4688 695 4761 Θυμελικοί.
732 4691 1058 4746 llistriones
1090 4690 1330 4746 scenici.

373 4774 766 4853 Timachidas,
819 4787 1102 4855 Rhodius,
1153 4804 1352 4855 canas,
1400 4788 1519 4842 sive
1559 4786 1797 4842 Δείπνων
1831 4788 1960 4845 ἀνα-

298 4876 512 4950 γραφὰς
544 4877 784 4949 scripsit
831 4876 1094 4932 carmine
1150 4876 1388 4931 heroico
1432 4877 1586 4931 libris
1616 4880 1706 4934 XI.
1740 4881 1809 4933 Et
1838 4883 1957 4936 Nu-

300 4967 537 5023 menius
570 4967 1000 5040 Ὀψαρτυτικῶν,
1062 4966 1203 5033 sive,
1265 4968 1336 5020 Ue
1387 4968 1600 5021 ratione
1648 4969 1791 5024 cibos
1828 4986 1955 5025 con-

296 5056 489 5111 diendi
521 5056 710 5121 libros,
733 5054 1070 5126 composuit
1098 5060 1158 5108 et
1187 5056 1465 5109 Mastreas
1498 5054 1775 5129 (Μητρὲας
1800 5060 1956 5129 apud

295 5145 650 5201 Athenaeum
681 5147 725 5215 Ι,
758 5162 887 5217 pag.
922 5144 997 5214 5).
1032 5145 1349 5210 Pitanazus,
1383 5149 1442 5198 et
1473 5145 1953 5217 Hegemon,Tha-

296 5235 440 5302 sius,
475 5234 828 5307 cognomine
862 5232 1042 5301 Φακή,
1076 5233 1199 5287 sive
1242 5235 1399 5302 Lens,
1433 5238 1490 5288 et
1522 5236 1953 5306 Artemidorus,

292 5323 525 5379 Pseudo
549 5323 1023 5394 Aristophanius,
1046 5322 1147 5393 qui
1178 5321 1455 5376 culinaria
1483 5325 1746 5379 vocabula
1773 5326 1952 5381 colle-

290 5413 394 5485 git,
442 5419 497 5469 et
550 5413 932 5479 Philoxenus,
984 5410 1213 5467 Claudii
1272 5412 1331 5465 F.
1384 5412 1563 5482 (apud
1603 5414 1951 5471 Athenaaum

288 5498 608 5572 Λευκάδιος)
637 5520 673 5558 a
701 5519 819 5573 quo
873 5501 1052 5558 etiam
1101 5500 1463 5555 Philoxeniaa
1518 5501 1810 5572 placenta:
1840 5522 1952 5559 no-

288 5608 429 5647 men
456 5592 698 5648 habent.

362 5682 636 5751 Timeeus,
672 5681 1012 5747 historicus,
1044 5679 1346 5751 Ephorum
1378 5680 1762 5737 vehementer
1793 5684 1944 5740 inse-

288 5776 482 5829 ctatus
542 5777 654 5843 est,
713 5771 945 5828 duobus
1002 5770 1130 5842 ipse
1188 5770 1447 5841 peccatis
1478 5770 1793 5844 obnoxius,
1825 5779 1948 5832 tum

2081 2027 2326 2099 Scripsit
2355 2031 2552 2085 Italica
2590 2038 2643 2085 et
2696 2031 2887 2087 Sicula
2944 2031 3099 2087 libris
3135 2032 3263 2086 VIII
3283 2046 3302 2090 .'
3334 2030 3529 2085 Graeca
3557 2033 3609 2082 et
3640 2028 3728 2083 Si-

2070 2116 2235 2183 cula;
2291 2118 2666 2174 Collectionem
2694 2124 3139 2190 argumentorum
3189 2120 3610 2179 rhetoricorum,
3646 2116 3715 2171 li-

2074 2206 2195 2261 bros
2249 2209 2517 2273 LXVIII;
2572 2211 2998 2280 Olympionicas,
3060 2210 3179 2265 sive
3234 2207 3467 2281 Χρονικᾶ
3523 2202 3723 2279 Πραξί-

2072 2289 2183 2363 δια,
2214 2296 2358 2351 Acta
2413 2298 2691 2353 chronica.
2752 2300 2856 2354 Hic
2911 2299 3186 2365 Timaeus,
3216 2298 3320 2368 qui
3357 2295 3721 2352 anteriorum

2072 2383 2337 2439 historia)
2359 2387 2714 2458 scriptorum
2738 2404 2973 2443 errores
2993 2388 3375 2443 acerbissime
3402 2384 3726 2451 castigavit,

2070 2474 2184 2530 fuit
2212 2475 2457 2546 quidem
2484 2478 2545 2531 in
2576 2478 2806 2532 cwteris
2838 2478 3099 2533 historiae
3129 2476 3397 2549 partibus
3427 2473 3734 2530 studiosis-

2076 2564 2264 2619 simus
2295 2566 2439 2631 veri,
2464 2566 2568 2621 sed
2595 2566 2655 2621 in
2676 2567 2943 2638 quinque
2972 2566 3141 2621 libris
3170 2562 3733 2637 postremis,quibus

2072 2670 2168 2709 res
2202 2655 2533 2727 Agathoclis
2580 2657 2926 2728 complexus
2975 2662 3084 2725 est,
3118 2660 3439 2727 tyrannum
3471 2653 3666 2721 illum,
3698 2668 3733 2707 a

2073 2759 2189 2814 quo
2221 2744 2281 2797 in
2315 2744 2591 2799 exsilium
2635 2745 2844 2815 pulsus
2891 2744 3104 2810 fuerat,
3137 2743 3416 2799 omnibus
3448 2741 3726 2797 conviciis

2071 2838 2299 2898 onerat,
2323 2832 2750 2903 hominemque
2774 2833 3221 2903 ignavissimum
3242 2831 3424 2887 fuisse
3446 2831 3508 2886 af
3509 2831 3726 2898 ﬁrmat,

2070 2920 2240 2975 illum
2298 2921 2805 2991 Syracusanorum
2860 2922 3163 2987 victorem,
3222 2937 3479 2992 quorum
3523 2923 3725 2975 tamen

2066 3009 2479 3065 fortitudinem
2511 3011 2789 3066 omnibus
2821 3012 2992 3066 effert
3016 3012 3269 3083 paginis,
3303 3016 3413 3066 etc.

2139 3101 2506 3171 Timagenes.
2568 3103 2714 3174 regii
2764 3103 3080 3175 argentarii
3128 3104 3213 3169 F.,
3265 3101 3726 3172 Alexandrinus,

2068 3190 2309 3257 rhetor;
2336 3190 2450 3257 vel,
2510 3194 2575 3245 ut
2622 3188 2886 3262 quidam,
2918 3192 3240 3265 Egyptius,
3274 3192 3375 3262 qui
3406 3191 3517 3247 sub
3550 3194 3726 3247 Pom-

1992 3323 2034 3387 Ο
2072 3280 2206 3351 peio
2238 3282 2443 3353 Magno
2475 3283 2721 3337 Romam
2752 3297 2787 3336 a
2817 3282 3063 3336 Gabinio
3111 3282 3375 3352 captivus
3405 3281 3639 3350 ductus,
3672 3285 3731 3334 et

2071 3385 2105 3424 a
2133 3370 2369 3435 Fausto,
2403 3370 2576 3440 Syllae
2608 3370 2691 3437 F.,
2716 3370 3061 3442 redemptus
3093 3373 3292 3426 Romae
3326 3370 3730 3441 eloquentiam

2069 3457 2290 3527 docuit,
2331 3475 2465 3515 cum
2523 3459 2631 3513 sub
2691 3459 2818 3530 ipso
2876 3460 3178 3531 Pompeio,
3212 3464 3334 3514 tum
3370 3465 3503 3530 post
3534 3460 3731 3530 ipsum

2071 3547 2181 3603 sub
2213 3548 2442 3602 Caesare
2474 3551 2736 3620 Augusto
2768 3554 2828 3603 et
2870 3554 3099 3620 postea,
3132 3547 3362 3611 eodem,
3397 3564 3512 3618 quo
3544 3547 3730 3602 Caeci-

2070 3636 2208 3705 lius,
2244 3643 2529 3708 tempore.
2564 3638 2711 3692 Cum
2751 3643 2949 3692 autem
2999 3636 3073 3692 ob
3122 3636 3358 3691 dicendi
3390 3635 3727 3690 libertatem

2070 3726 2275 3782 schola
2294 3726 2629 3791 excidisset,
2659 3727 2719 3781 in
2742 3728 2963 3799 praedio
2984 3726 3317 3781 Tusculano
3335 3726 3510 3781 vitam
3534 3731 3727 3780 trans-

2071 3817 2207 3889 egit.
2265 3816 2423 3871 Obiit
2474 3816 2697 3871 Dabani
2756 3822 2891 3888 post
2946 3832 3197 3880 caenam,
3257 3831 3394 3870 cum
3424 3814 3605 3869 vellet
3631 3832 3727 3870 vo-

2070 3922 2253 3973 mere,
2286 3904 2614 3981 σφηνωθείς,
2648 3905 2778 3961 cibo
2811 3907 3037 3961 exitum
3080 3922 3201 3961 non
3231 3904 3571 3960 inveniente
3602 3903 3724 3958 suf-

2068 3996 2316 4052 focatus.
2350 3995 2563 4051 Multos
2594 3995 2779 4051 libros
2810 3995 3067 4067 scripsit.

2140 4122 2509 4193 Timagenes,
2568 4120 2906 4187 historicus,
2968 4122 3135 4174 totius
3220 4120 3390 4173 maris
3445 4118 3726 4188 periplum

2070 4210 2309 4281 scripsit
2331 4210 2484 4265 libris
2518 4211 2582 4265 V.

2138 4300 2505 4371 Timagenes,
2541 4300 2658 4353 sive
2690 4300 3057 4370 Timagenes,
3093 4298 3374 4362 Milesius,
3408 4296 3727 4351 historicus

2070 4394 2129 4443 et
2185 4389 2406 4454 rhetor,
2470 4387 2706 4458 scripsit
2762 4388 2833 4442 De
2888 4386 3156 4441 Heraclea
3217 4387 3439 4440 Pontica
3482 4391 3532 4438 et
3559 4383 3730 4439 claris

2068 4479 2184 4546 ejus
2217 4476 2352 4531 viris
2380 4477 2545 4529 libros
2573 4475 2840 4546 quinque.
2872 4477 3019 4529 Item
3049 4474 3345 4545 Epistolas.

2140 4564 2506 4630 Timarchus,
2532 4563 2741 4618 Arizeli
2767 4565 2821 4617 F.
2837 4606 2850 4631 ,
2872 4562 3150 4635 prodigus
3173 4568 3230 4616 et
3251 4560 3726 4632 cinaadus,quem

2073 4653 2376 4708 .Eschines
2410 4669 2606 4707 rerum
2640 4654 2887 4724 peregit,
2923 4659 3032 4707 etc.
3222 4658 3227 4663 ’

2139 4745 2461 4810 Timasion,
2490 4744 2837 4799 adolescens
2893 4744 3216 4817 Egyptius,
3274 4761 3452 4817 quem
3484 4744 3728 4817 Apollo-

2068 4833 2225 4901 nius,
2245 4835 2532 4904 Tyaneus.
2560 4850 2694 4888 cum
2722 4839 2993 4888 moneret
3022 4838 3087 4887 ut
3117 4851 3318 4889 secum
3342 4835 3721 4906 philosopha-

2065 4927 2267 4976 retur:
2324 4924 2366 4977 Ο
2417 4922 2520 4991 dii,
2576 4922 2791 4993 inquit,
2854 4923 3091 4993 qualem
3150 4940 3244 4978 me
3292 4923 3536 4979 dicam?
3579 4926 3723 4978 Nam

2067 5010 2260 5065 malus
2291 5011 2532 5081 quidem
2581 5028 2704 5065 non
2753 5028 2905 5077 sum,
2956 5011 3181 5067 bonum
3226 5028 3362 5066 vero
3402 5018 3601 5066 utrum
3628 5028 3724 5067 me

2068 5098 2395 5154 existimari
2450 5104 2721 5171 Oporteat
2776 5100 3000 5167 nescio,
3061 5106 3170 5155 etc.
3222 5102 3314 5171 (ex
3344 5099 3723 5170 Philostrato,

2065 5187 2168 5243 lib.
2204 5205 2255 5243 v1
2287 5190 2366 5244 De
2397 5189 2511 5244 vita
2542 5189 2735 5260 Apoll.
2769 5206 2896 5261 cap.
2932 5193 2985 5243 2.

2134 5332 2549 5397 Timasitheus,
2587 5333 2862 5403 tragicus,
2888 5332 3018 5401 ejus
3043 5332 3314 5387 dramata
3343 5337 3504 5399 sunt,
3537 5330 3726 5400 Δαναΐ,

2064 5417 2149 5481 δες
2183 5420 2251 5494 β’,
2281 5420 2546 5493 Ἕκτορος
2603 5418 2794 5494 λύτρα,
2843 5418 3145 5490 ’[Ιρακλῆς,
3200 5419 3392 5491 Ἰξίων,
3429 5419 3728 5491 Καπανεὺς,

2062 5508 2317 5582 Μέμνων,
2375 5515 2718 5582 Μνηστῆρες,
2774 5509 2941 5577 Ζηνὸς
2999 5508 3177 5582 γοναὶ,
3232 5507 3460 5578 Ἑλένης
3487 5509 3719 5581 ἀπαίτη-

2062 5619 2167 5665 σις,
2202 5598 2484 5672 Ὀρέστης,
2519 5594 2797 5669 uuida-qq,
2828 5597 3052 5669 Κάστωρ
3080 5598 3167 5652 καὶ
3199 5594 3576 5670 Πολυδεύκης.

2129 5688 2441 5757 Timocles,
2476 5688 2879 5757 Atheniensis,
2914 5687 3198 5743 comicus.
3226 5690 3305 5744 Ex
3335 5706 3467 5761 ejus
3497 5689 3717 5747 fabulis

2061 5785 2236 5836 sunt:
2292 5778 2698 5851 Δημοσάτυροι,
2771 5776 3089 5852 Κένταυρος,
3167 5776 3415 5849 Καύνιοι,
3469 5779 3721 5837 Ἐπιστο-
