4126 6422
356 450 511 514 1363

1664 442 1900 504 INDEX
1944 443 2468 508 SCRIPTORUM

3627 435 3783 498 1364

356 585 471 655 λαὶ,
504 576 984 657 Ἑπιχαιρέκακος,
1034 572 1467 642 Φιλοδικαστής,
1518 573 1755 644 Πῦκτης.
1790 578 2011 632 Memo-

2150 580 2463 648 DPOSIIII‘et;
2495 580 2871 636 Timotheum
2931 580 3129 632 autem
3191 573 3432 642 dixisse,
3480 571 3623 628 talia
3653 588 3783 627 esse

354 683 448 733 rat
480 676 797 730 Athenaeus
830 671 891 725 in
921 669 1094 724 libris
1126 667 1745 739 Dipn050phistarum.

426 762 718 820 Timocles
749 760 921 823 alter,
956 764 1014 813 et
1042 758 1169 829 ipse
1202 756 1466 811 comicus
1497 772 1568 810 ex
1598 757 1771 828 cujus
1800 756 2019 811 fabulis

357 861 423 911 ut
454 854 625 909 testis
655 850 813 906 idem
849 849 1186 915 Athenaus,
1221 852 1355 901 svnt
1403 845 1873 913 Διονυσιάζουσαι,
1908 850 2021 899 Πο-

359 944 722 1017 Αυπράγμων,
761 940 1009 1012 Ἰκάριοι,
1071 935 1275 1004 Δῆλος,
1335 936 1490 1004 Λήθη
1548 933 1825 998 Διόνυσος,
1860 934 2021 991 Κονίο

360 1030 546 1099 σαλος,
582 1027 842 1106 Πορφύρα
872 1029 1026 1101 (quae
1076 1026 1210 1082 aliis
1260 1027 1548 1081 Xenarchi
1580 1042 1709 1081 esse
1740 1025 2020 1097 videtur,)

359 1124 591 1197 Ἥρωες,
627 1115 977 1193 Δραάόντιον,
1002 1116 1207 1189 Νέαιρα
1229 1115 1582 1187 (meretricis
1610 1116 1718 1171 hoc
1749 1115 2021 1185 nomen),

360 1211 640 1287 Ὀρέστης,
674 1204 1044 1281 Μαραθώνιοι.
1079 1206 1227 1260 Sunt
1257 1209 1315 1259 ot
1374 1204 1504 1260 alia?
1538 1204 1831 1275 quaedam.
1866 1203 2021 1275 [Sed

360 1303 648 1368 Meursius,
681 1299 742 1353 in
775 1297 923 1352 Bibl.
956 1296 1149 1351 Attica
1180 1301 1238 1350 et
1267 1294 1497 1361 Suidas,
1523 1293 1597 1349 ad
1630 1294 1687 1348 h.
1714 1294 1752 1348 l.
1779 1294 1894 1349 vol.
1920 1294 2017 1362 III,

358 1409 489 1465 pag.
524 1393 648 1457 475,
683 1390 929 1443 censent
960 1383 1204 1440 Suidam
1254 1382 1408 1438 male
1441 1384 1599 1438 hunc
1629 1384 2018 1454 posteriorem

357 1481 570 1536 fecisse
601 1478 898 1533 diversum
930 1491 965 1529 a
995 1474 1214 1545 priore.
1247 1489 1379 1528 cum
1415 1471 1571 1526 idem
1603 1473 1681 1526 sit
1709 1472 2019 1543 comicus]

429 1570 798 1629 Timocreon,
833 1563 1118 1619 Rhodius.
1178 1562 1441 1617 comicus
1498 1568 1557 1617 et
1622 1563 1747 1633 ipse
1803 1562 2018 1616 veteris

356 1657 679 1714 comaediaa.
720 1654 862 1709 lluic
894 1652 1224 1707 inimicitiae
1256 1653 1728 1707 intercesserunt
1757 1668 1891 1707 cum
1928 1651 2016 1706 Si-

356 1747 597 1804 monide
623 1744 827 1799 Melico
852 1749 910 1797 et
928 1741 1321 1797 Themistocle
1345 1741 1719 1807 Atheniensi,
1745 1741 1807 1795 in
1841 1758 2018 1811 quem

358 1838 537 1893 etiam
567 1834 833 1891 carmine
864 1828 958 1901 (3U
1006 1829 1289 1902 ἐμμελοῦς
1320 1850 1469 1892 τινος
1500 1832 1839 1901 ποιήματος)
1870 1832 2018 1885 vitu-

2126 669 2343 726 debere
2374 670 2644 726 carmina
2690 669 2870 741 regia.
2925 668 3029 723 Hic
3085 671 3246 729 tunc,
3280 664 3479 719 missis
3510 663 3787 718 celeriter

2127 761 2378 827 nuntiis,
2414 765 2541 815 erat
2569 760 2642 814 ab
2688 758 3024 814 Alexandro
3071 755 3410 812 arcessitus.
3445 753 3632 824 (Conf.
3666 754 3787 807 Ku-

2128 850 2269 904 steri
2301 856 2424 907 not.
2463 855 2602 904 tom.
2641 850 2736 914 III,
2760 865 2890 921 pag.
2919 849 3024 901 474
3056 846 3211 917 sqq.)

2196 940 2559 1008 Timotheus,
2595 940 2849 1007 Gazzeus,
2912 935 3357 1010 grammaticus,
3417 932 3787 1004 temporibus

2126 1029 2441 1099 Anastasii,
2474 1029 2617 1101 imp.
2651 1029 2711 1082 in
2747 1042 2925 1098 quem
2958 1026 3135 1080 etiam
3164 1022 3504 1096 tragmdiam
3539 1021 3681 1076 fecit
3711 1020 3786 1076 de

2125 1118 2397 1190 vectigali
2418 1116 2849 1189 publico,quod
2873 1116 3327 1187 chrysargyrum
3350 1111 3807 1184 appellabatur.

2126 1209 2372 1279 Scripsit
2391 1208 2570 1262 etiam
2594 1206 2861 1262 versibus
2886 1204 2961 1259 de
2983 1202 3342 1259 animalibus
3383 1199 3788 1272 quadrupedis

2127 1303 2188 1353 et
2214 1297 2357 1352 feris
2388 1314 2520 1368 quae
2552 1300 2692 1351 sunt
2734 1295 2890 1367 apud
2936 1294 3135 1361 Indos,
3165 1291 3387 1348 Arabes
3419 1296 3477 1345 et
3505 1290 3788 1362 Egytios,

2127 1402 2395 1457 quasque
2429 1385 2623 1441 Africa
2652 1385 2795 1451 alit;
2830 1384 3091 1454 itemque
3121 1381 3195 1437 de
3226 1380 3431 1436 avibus
3457 1379 3791 1452 peregrinis

2127 1480 2185 1530 et
2217 1474 2287 1529 de
2319 1474 2700 1546 serpentibus
2730 1473 2917 1527 libros
2948 1474 3040 1527 IV.

2196 1562 2573 1635 Τιθύμαλλος.
2608 1565 3054 1619 Consueverunt
3107 1560 3322 1615 medici
3368 1558 3791 1614 ostentationis

2125 1655 2314 1726 gratia
2344 1654 2566 1726 patrias
2598 1653 2918 1709 herbarum
2968 1651 3302 1717 nominare,
3335 1667 3385 1702 v.
3420 1665 3472 1721 g.
3508 1648 3658 1703 lafer
3684 1649 3794 1719 Cy-

2126 1744 2456 1810 renaicum,
2493 1742 2842 1814 tithymalus
2874 1741 3219 1807 Laconicus,
3254 1744 3365 1794 etc.

2195 1829 2417 1891 Τίτλος.
2451 1831 2680 1887 Titulus
2711 1848 2744 1886 a
2775 1831 2967 1902 capite
3024 1830 3246 1884 diﬂ‘ert.
3307 1830 3452 1883 Nam
3480 1828 3791 1882 Matthaaus

355 1925 729 1999 perationem
756 1920 1078 1977 contexuit.
1117 1919 1362 1991 Scripsit
1386 1936 1522 1975 vero
1552 1919 1902 1975 comoediam
1955 1920 2016 1974 in
2049 1953 2096 2018 Β
2124 1921 2305 1977 habet
2326 1921 2528 1976 titulos
2552 1921 2788 1988 LXVIII,
2823 1919 3017 1989 capita
3037 1917 3291 1984 CCCLV;
3326 1916 3793 1983 Marcus,titulos

355 2012 812 2073 Themistoclem
846 2016 903 2066 et
933 2009 1320 2079 Simonidem,
1357 2009 1613 2081 aliaque.

428 2103 750 2169 Timolaus,
780 2101 1122 2169 Larissaeus,
1155 2099 1411 2167 Macedo,
1445 2099 1669 2166 rhetor,
1704 2100 2018 2155 Anaxime-

358 2196 455 2251 nis
487 2189 875 2264 Lampsaceni
924 2187 1276 2260 discipulus,
1309 2189 1411 2259 qui
1443 2205 1578 2243 cum
1610 2189 1849 2261 ingenio
1880 2206 2019 2260 poe-

358 2285 476 2340 tico
491 2288 650 2339 esset
664 2278 1230 2353 praaditus,singulis
1246 2277 1452 2333 Iliadis
1468 2278 1735 2333 versibus
1756 2279 2021 2350 singulos

358 2389 565 2429 versus
596 2368 960 2436 interseruit,
1009 2373 1068 2424 et
1122 2366 1184 2420 id
1239 2382 1388 2437 Opus
1418 2365 1661 2439 Τρωϊκὸν
1696 2368 2018 2438 inscripsit,

361 2463 475 2517 hoc
503 2459 679 2516 modo
706 2476 718 2513 :

359 2562 537 2625 Μῆνιν
570 2549 734 2617 ἄειδε,
769 2551 893 2625 Θεά,
926 2545 1260 2625 Πηλῃϊάδξω
1289 2549 1584 2625 Ἀχιλῆος,

359 2618 461 2686 “Hii
494 2625 641 2682 ἔθετο
670 2618 887 2697 Χρύσοο
916 2618 1519 2697 ηρχολωμένοςᾼέῖἶι-ειεᾳ
1547 2618 1773 2697 κούρης,

365 2688 777 2771 Οὐλομένηνζῆ
808 2692 963 2771 ,μυρὲ
986 2688 1247 2771 ’Ἄχαίρῖς
1279 2688 1431 2771 ἄλγέ
1450 2689 1622 2771 ,ἔθηκε

361 2762 777 2844 Μαρνὰμὲςῶοέςέ
800 2762 889 2844 δτε
920 2762 1128 2844 Τρῳάῖγ
1164 2765 1287 2844 disp
1325 2762 1634 2844 πόλᾷμιζον
1667 2763 1913 2837 ἄνακτος,

361 2782 766 2844 Μαρναμὲνοις,
801 2782 889 2821 οτε
920 2782 1128 2836 ἰ’ρωσιν
1164 2782 1287 2891 ate;
1325 2782 1619 2837 ﬁOAEthOt

357 2843 580 2903 Πολλὰς
614 2838 670 2916 δ’.
696 2838 951 2916 ἰφθίμους
981 2836 1170 2916 ψυχὰς
1194 2833 1304 2916 ἄϊιι
1335 2838 1619 2916 προΐαψεὶι,

358 2919 625 2989 ’Έκτορος
654 2911 707 2968 ἐν
730 2906 1025 2983 malatia.ch
1049 2906 1386 2983 Sa'CCouévwv
1422 2906 1527 2964 ὑπὸ
1558 2906 1735 2983 δουρί.

363 3006 608 3078 Scripsit
641 3008 699 3059 et
728 3002 849 3059 alia
878 3001 1175 3073 quadam.

433 3095 664 3161 Timon,
696 3091 1164 3162 misanthropus,
1213 3089 1629 3162 philosophus,
1664 3089 1763 3161 qui
1794 3093 2022 3144 sectam

366 3200 607 3240 omnem
639 3181 1041 3245 aversabatur,
1074 3183 1141 3234 ut
1178 3179 1404 3235 invisus
1454 3179 1734 3233 omnibus
1765 3178 1861 3250 (ab
1894 3179 2026 3233 Ari-

366 3273 657 3344 stophane
688 3271 749 3325 in
781 3268 1123 3342 Lysistrata)
1170 3268 1608 3341 perstringitur.
1645 3269 1810 3323 Hunc
1841 3270 2024 3323 Nean-

366 3364 499 3418 thes
529 3362 631 3429 ait,
653 3376 787 3416 cum
820 3359 891 3414 de
924 3375 1069 3431 pyro
1098 3358 1352 3413 silvestri
1380 3357 1716 3425 cecidisset,
1742 3358 2021 3413 claudum

362 3453 586 3508 factum
619 3466 787 3506 esse:
821 3464 1077 3519 cumque
1126 3448 1424 3503 medicum
1464 3448 1654 3503 nollet
1682 3447 2019 3517 admittere,

366 3541 683 3615 putredine
704 3543 1126 3609 consumptum
1148 3537 1351 3593 fuisse.
1379 3539 1517 3592 Post
1538 3543 1792 3593 mortem
1821 3543 2021 3593 autem

367 3632 515 3704 ejus,
548 3629 913 3701 sepulcrum,
947 3628 1009 3682 in
1042 3643 1157 3698 quo
1188 3626 1465 3681 conditus
1496 3632 1644 3692 erat,
1668 3627 1839 3698 juxta
1868 3627 2020 3682 viam

360 3720 642 3795 ﬂuctibus
671 3717 924 3774 marinis
951 3733 987 3772 a
1013 3716 1249 3787 reliqua
1277 3721 1449 3771 terra}
1481 3720 1647 3786 parte
1679 3716 1931 3771 divisum
1966 3720 2024 3771 et

362 3812 736 3866 inaccessum
759 3807 982 3862 factum
1014 3821 1167 3859 esse.

431 3899 662 3962 Timon,
695 3895 1012 3958 Phliasius,
1047 3899 1106 3949 et
1134 3893 1261 3963 ipse
1292 3894 1708 3965 phi1050phus,
1742 3895 1842 3965 qui
1875 3894 2024 3949 scri-

362 3986 485 4058 psit
517 3984 704 4053 Sillos,
736 3983 848 4037 hoc
879 3986 969 4036 est
995 3981 1464 4052 vituperationes
1503 3982 2023 4055 philosophorum,

364 4067 521 4129 libris
548 4074 651 4128 111.

436 4162 801 4228 Timotheus,
833 4159 1237 4226 Atheniensis,
1272 4159 1534 4215 comicus
1580 4160 1790 4215 medim
1817 4170 2030 4216 c‘omoa-

369 4253 611 4309 diae.Ex
642 4251 771 4323 ejus
825 4249 1044 4306 fabulis
1102 4254 1278 4305 sunt:
1346 4246 1581 4318 ῐιύκτης,
1642 4249 2028 4323 “apameae-:5.

368 4363 462 4412 κη,
520 4332 1021 4410 Μεταϐαλλόμενος
1081 4336 1115 4407 ἢ
1178 4337 1649 4414 Μεταφερόμενος.
1693 4342 1795 4395 Est
1849 4340 2030 4396 etiam

372 4430 657 4504 Κυνάριον.
716 4429 1008 4484 Timothei
1062 4427 1374 4495 commdia,
1438 4433 1585 4484 teste
1643 4431 1927 4485 Athenaeo
1968 4430 2031 4485 in

372 4518 871 4593 Dipnosophistis,
907 4517 1028 4586 (lib.
1062 4519 1153 4583 VI,
1188 4534 1241 4589 p.
1277 4517 1427 4588 243.)

444 4609 810 4673 Timotheus,
855 4606 1235 4676 Thersandri,
1294 4607 1384 4661 vel
1442 4608 1740 4681 Neomysi,
1772 4609 1862 4663 vel
1894 4609 2031 4663 Phi-

2129 2012 2369 2080 XLVIII,
2404 2011 2598 2082 capita
2623 2009 2939 2064 CCXXXVI
2964 2025 2976 2075 ;
3012 2009 3215 2075 Lucas,
3243 2007 3447 2061 titulos
3471 2007 3748 2061 LXXXIII
3775 2022 3789 2071 ;

2128 2101 2324 2172 capita
2353 2099 2738 2164 CCCXLVIII;
2797 2100 3078 2163 Joannes,
3136 2097 3341 2151 titulos
3398 2096 3596 2161 XVIII,
3630 2095 3794 2166 capi-

2131 2195 2190 2245 ta
2217 2189 2521 2244 CCXXXII.
2572 2189 2643 2241 Et
2695 2184 2999 2261 τιτλάριον,
3060 2186 3411 2253 titularium,
3446 2185 3792 2257 pugillares,

2128 2278 2371 2333 tabella.

2199 2368 2381 2422 Titus.
2418 2369 2819 2421 Romanorum
2851 2366 2994 2437 imp.
3031 2366 3373 2436 Vespasiani
3405 2367 3488 2429 F.,
3511 2364 3599 2418 vir
3626 2364 3796 2419 omni

2130 2456 2362 2511 virtutis
2393 2472 2611 2528 genere
2642 2461 2906 2522 ornatus,
2942 2460 3007 2509 ut
3053 2455 3125 2509 ab
3180 2454 3458 2511 omnibus
3487 2454 3671 2527 Ἔρως
3700 2452 3794 2506 καὶ

2129 2545 2331 2621 τρυφή,
2365 2562 2520 2600 amor
2550 2552 2603 2599 et
2656 2546 2868 2600 delicia!
2927 2547 3142 2615 generis
3198 2546 3426 2600 humani
3456 2550 3792 2600 vocaretur.

2131 2639 2275 2691 Nam
2307 2640 2366 2690 et
2397 2634 2929 2705 eloquentissimus
2953 2639 3095 2697 erat,
3125 2639 3184 2688 et
3214 2633 3799 2698 bellicosissimus,et

2131 2723 2672 2779 moderatissimus-
2703 2726 2772 2777 Et
2797 2724 3003 2778 Latina
3026 2723 3229 2795 lingua
3251 2723 3492 2794 quidem
3517 2723 3577 2777 in
3608 2722 3798 2777 admi-

2131 2813 2459 2869 nistrandis
2484 2813 2743 2884 publicis
2773 2812 3025 2885 negotiis
3048 2829 3190 2868 usus
3221 2818 3329 2881 est,
3355 2819 3625 2884 poemata
3656 2828 3794 2867 vero

2132 2908 2191 2959 et
2219 2903 2534 2975 tragmdias
2567 2904 2764 2958 Graece
2814 2902 3166 2974 composuit.
3203 2902 3560 2975 Expugnatis
3590 2907 3794 2957 autem

2133 2992 2557 3063 Hierosolymis
2588 3007 2863 3059 coronas,
2888 3008 2922 3047 a
2943 2991 3150 3063 legatis
3180 2992 3571 3047 ﬁnitimarum
3604 2991 3791 3047 Palas-

2133 3082 2304 3137 stinae
2335 3082 2603 3155 gentium
2634 3081 2869 3150 missas,
2928 3081 3280 3152 repudiavit,
3314 3081 3636 3153 professus,
3671 3099 3794 3138 non

2133 3189 2194 3228 se
2227 3188 2297 3227 ea
2348 3171 2581 3238 fecisse,
2644 3171 2746 3227 sed
2807 3172 2946 3239 Deo,
3003 3170 3221 3226 Iudaeis
3288 3172 3544 3243 infenso,
3580 3188 3795 3227 manus

2133 3260 2625 3327 commodavisse,
2663 3266 2773 3316 etc.

2200 3350 2272 3406 Τὸ
2305 3346 2509 3410 Δίωνος
2538 3348 2663 3422 γρύ.
2720 3352 2877 3414 Dion,
2929 3352 3368 3417 Alexandrinus,
3402 3352 3795 3424 philosophus

2131 3439 2405 3507 celebris,
2440 3455 2574 3494 cum
2604 3456 2638 3494 a
2669 3439 3026 3510 quibusdam
3057 3439 3417 3496 adversariis
3447 3441 3646 3497 fratris
3679 3444 3794 3512 sui,

2132 3529 2350 3601 Topsii,
2380 3528 2710 3597 Iuctatoris,
2740 3529 3076 3585 maledictis
3102 3530 3607 3601 proscinderetur,
3642 3531 3793 3587 nihil

2132 3619 2463 3691 respondit,
2496 3623 2675 3689 atque
2708 3619 2769 3672 in
2801 3619 2957 3673 aedes
3012 3636 3151 3675 suas
3190 3636 3462 3675 reversus
3493 3621 3645 3675 nihil
3676 3623 3799 3677 ira—

2133 3708 2365 3764 cundia)
2397 3724 2518 3778 prae
2572 3722 2634 3761 se
2684 3707 2883 3762 ferens
2914 3706 3277 3763 adolescenti
3301 3709 3555 3781 (Topsio)
3589 3726 3664 3764 ne
3693 3707 3795 3782 γρὺ

2135 3796 2378 3868 quidem
2411 3795 2579 3850 dixit.
2614 3792 2743 3868 Γρύ,
2778 3795 2984 3851 sordes
3015 3798 3326 3867 unguium.

2206 3884 2278 3940 Τὸ
2333 3878 2638 3938 Ἠσιὸδειον
2696 3889 2888 3958 γῆρας,
2947 3886 3215 3941 Hesiodea
3271 3893 3531 3954 senectus,
3594 3887 3667 3942 de
3725 3888 3800 3944 iis

2135 3974 2236 4047 qui
2270 3977 2559 4045 provectae
2595 3972 2918 4028 admodum
2978 3979 3119 4029 sunt
3176 3976 3520 4032 senectutis.
3557 3976 3803 4032 Pindari

2141 4064 2511 4136 epigramma
2535 4078 2548 4115 :

2137 4172 2340 4247 Χαῖρε-ζ
2387 4165 2488 4247 οἷς⁸
2529 4165 2744 4247 ἡϐήσᾳς
2798 4168 2891 4223 καὶ
2943 4166 3031 4247 δὶς
3091 4172 3263 4247 τοξφου
3322 4166 3714 4247 ἀντιϐολήσας,

2278 4236 2511 4307 Ἡσίοδ’,
2542 4236 2856 4316 ἀνθρώποις
2893 4241 3087 4317 μέτρον
3143 4236 3288 4318 ἔχων
3324 4245 3547 4322 σοφίης.

2142 4371 2302 4426 Salve
2334 4369 2412 4423 bis
2429 4369 2673 4442 juvenis,
2704 4369 2850 4424 sal-ve
2878 4371 2958 4426 bis
2987 4375 3146 4442 nacte
3182 4372 3514 4442 sepulcrum,

2282 4443 2540 4497 Mensura
2572 4440 2819 4508 humani,
2854 4459 2885 4496 0
2911 4441 3164 4509 Hesiode,
3198 4440 3434 4513 ingenii.

2214 4530 2343 4589 Τοῖς
2374 4527 2776 4601 Ἱπποκράτους
2808 4526 2976 4582 υἱέσιν
3028 4527 3203 4599 εἴξεις.
3240 4533 3610 4604 Hippocratis
3639 4538 3805 4604 (non,

2146 4617 2413 4687 medici,)
2450 4617 2603 4672 ﬁlios
2636 4619 3047 4691 perstringunt
3076 4621 3309 4687 comici,
3343 4627 3407 4676 ut
3448 4623 3717 4679 indoctos
3751 4630 3811 4679 et

372 4697 654 4771 lopolidis
684 4698 772 4762 F.,
802 4696 1046 4769 lyricus,
1082 4696 1183 4767 qui
1215 4696 1499 4753 decimam
1531 4704 1590 4754 et
1632 4697 2024 4754 mndecimam

2150 4708 2375 4780 spurcis
2406 4708 2692 4762 moribus.
2727 4709 2941 4763 Eerum
2975 4710 3255 4765 nomina:
3290 4711 3661 4784 Telesippus,
3695 4715 3811 4769 De-

375 4786 659 4843 chordam
693 4784 876 4856 (lyrze)
908 4784 1157 4850 addidit,
1191 4791 1249 4841 et
1298 4782 1928 4858 antiquam’musicam
1962 4789 2035 4844 ad

371 4875 706 4934 molliorem
730 4872 971 4928 modum
996 4874 1273 4929 traduxit.
1294 4876 1426 4930 Fuit
1449 4882 1647 4931 autem
1672 4877 2036 4949 temporibus

376 4964 698 5037 Euripidis,
732 4963 957 5032 tragici,
994 4963 1209 5034 quibus
1236 4970 1296 5018 et
1324 4965 1634 5038 Philippus
1675 4967 1910 5023 Macedo
1943 4984 2038 5022 re-

381 5056 617 5130 gnabat.
651 5053 809 5110 Obiit
846 5054 1035 5107 aatatis
1093 5069 1252 5107 anno
1312 5055 1525 5111 XCVII.
1583 5056 1829 5128 Scripsit
1856 5059 2040 5113 versi-

383 5147 496 5201 bus
527 5161 739 5199 nomos
772 5143 1032 5197 musicos
1077 5141 1230 5209 XIX,
1272 5145 1561 5214 prooemia
1590 5145 1850 5213 XXXVI;
1905 5149 2042 5203 Dia-

385 5251 562 5301 nam;
618 5233 925 5288 Diascevas
986 5233 1147 5299 VIII;
1206 5234 1596 5302 Encomium;
1653 5237 1863 5291 Persas
1922 5240 2041 5293 sive

387 5322 734 5395 Nauplium;
758 5321 1072 5387 Phinidas;
1100 5322 1395 5389 Laertem;
1421 5323 1829 5394 dithyrambos
1846 5329 2043 5397 XVIII;

386 5415 644 5486 hymnos
684 5414 829 5477 XXI,
863 5418 921 5466 et
945 5412 1063 5467 alia
1092 5412 1384 5483 quaedam.
1424 5413 1760 5469 Alexander
1791 5419 2046 5475 musico-

389 5527 522 5566 rum
546 5505 1002 5571 audiendorum,
1028 5506 1075 5561 si
1101 5507 1417 5577 quisquam
1442 5507 1616 5573 alius,
1641 5510 1892 5581 cupidus
1914 5512 2048 5584 fuit,

392 5600 769 5657 Timotheum
802 5597 985 5662 enim,
1019 5597 1345 5667 tibicinem,
1379 5599 1565 5667 aiunt,
1600 5616 1734 5655 cum
1773 5603 2049 5674 aliquan-

399 5689 472 5742 do
506 5688 778 5741 Minervas
801 5680 983 5757 ὃρθιον
1011 5683 1181 5757 νόμον
1204 5686 1347 5742 tibia
1368 5693 1624 5754 caneret,
1654 5692 2054 5748 Alexandrum

2146 4798 2434 4868 mophon,
2466 4797 2748 4853 Pericles.

2217 4886 2319 4941 Τὸν
2353 4883 2655 4962 Κολοφῶνα
2711 4884 2910 4953 ἐπίθες,
2972 4888 3335 4959 Colophonem
3375 4891 3536 4947 adde.
3574 4894 3808 4949 Duode-

2147 4975 2265 5032 oim
2297 4976 2560 5031 civitates
2592 4977 2771 5031 Ionico
2794 4977 2854 5030 in
2886 4978 3228 5044 concilium,
3260 4980 3418 5051 quod
3444 4983 3805 5039 Panionium

2153 5065 2482 5132 dicebatur,
2516 5065 2587 5120 de
2622 5066 3038 5122 communibus
3087 5070 3341 5141 negotiis
3372 5069 3794 5129 deliberatum!)

2151 5155 2467 5212 convenire
2490 5153 2780 5209 solebant.
2806 5155 2972 5220 Quod
2995 5157 3043 5211 si
3068 5157 3245 5229 igitur
3268 5161 3551 5231 suffragia
3580 5169 3816 5220 esssent

2152 5246 2339 5318 paria,
2366 5244 2715 5315 Colophonii
2741 5244 3035 5300 calculum
3063 5247 3353 5319 imparem
3385 5251 3818 5326 addebant,qui

2156 5340 2401 5391 caeteros
2441 5333 2731 5399 vincebat,
2767 5339 2875 5389 etc.

2227 5425 2349 5479 Τῶν
2382 5421 2459 5481 εἷς
2509 5421 2609 5489 τήν
2660 5419 2943 5494 φαρέτραν.
3007 5424 3205 5492 Aiunt,
3241 5428 3509 5499 Scythas,
3551 5430 3821 5488 cubitum

2161 5515 2371 5578 ituros,
2427 5512 2487 5565 in
2537 5517 2815 5581 promptu
2857 5512 3076 5568 habere
3128 5516 3507 5585 pharetram:
3561 5526 3737 5591 atque
3773 5523 3823 5577 si

2164 5603 2319 5658 diem
2344 5601 2515 5655 illum
2544 5600 2769 5671 absque
2794 5601 3058 5656 molestis
3081 5608 3495 5678 transegerint,
3520 5610 3822 5667 calculum

2167 5692 2365 5748 album
2398 5691 2457 5745 in
2492 5690 2829 5761 pharetram
2878 5692 3210 5763 conjicere;
3254 5695 3301 5750 si
3335 5713 3524 5768 secus,
3558 5700 3817 5773 nigrum.

402 5776 548 5830 adeo
593 5774 1002 5842 commovisse,
1064 5779 1130 5829 ut
1183 5776 1339 5831 inter
1394 5778 1757 5837 audiendum
1788 5782 1861 5837 ad
1894 5798 2058 5838 arma
2165 5784 2308 5837 Cum
2333 5779 3823 5859 igituraliquismoreretur,prolatispharetris,cal-
