4126 6440
307 447 464 511 I365

1630 445 1727 506 DE
1772 442 2058 516 QUIBUS
2102 442 2411 505 SUIDAS.

3571 431 3731 492 I366

309 581 475 639 culos
494 581 908 647 numerabant,
926 583 1264 654 etpluribus
1283 582 1431 638 albis
1454 580 1705 652 repertis
1721 578 1959 635 felicem
1989 577 2042 644 Α
2074 575 2256 629 Deum
2280 573 2587 645 praeditus.
2613 576 2654 625 A
2688 570 3024 627 Iustiniano
3047 565 3385 639 impetravit
3413 564 3724 654 Chosroes,

307 670 1098 745 prazdicabantdefunctum.
1131 673 1278 727 Hinc
1306 673 1433 727 dies
1460 672 1633 727 albus
1656 687 1760 742 pro
1780 668 1962 723 felici.

2071 668 2139 719 ut
2168 664 2325 736 apud
2358 680 2421 718 se
2447 679 2568 717 uno
2614 678 2771 716 anno
2825 675 3068 715 manere
3124 657 3296 711 illum
3353 654 3597 711 sineret.
3620 653 3728 707 Illo

379 761 580 822 Τόπος.
617 763 952 817 Aristotelis
977 763 1193 834 Tepica
1221 762 1570 818 inscribitur
1602 777 1771 832 opus,
1805 756 1965 831 quod
2073 751 2274 824 elapso
2300 751 2481 823 jussit
2507 756 2706 822 petere
2738 767 2772 805 a
2803 765 2863 804 se
2895 747 3185 820 quidquid
3216 745 3414 801 vellet.
3446 745 3553 800 Ille
3574 743 3728 799 nihil

311 852 497 908 lociin
534 851 656 907 illis
686 852 1022 919 traduntur,
1046 852 1284 922 qmibus
1307 851 1583 905 instructi
1609 850 1680 905 de
1704 848 1970 919 qualibet
2072 841 2258 911 aliud,
2292 858 2471 913 quam
2511 840 2872 911 captivorum
2925 837 3154 908 aliquot
3184 838 3588 890 Romanorum
3618 851 3728 905 po.

308 959 375 998 re
406 942 712 1013 proposita
742 941 1132 1013 probabiliter
1175 941 1575 1010 argumentari
1625 953 1965 1010 possumus.

316 1031 567 1098 Quidam
585 1036 834 1086 censent
854 1032 1074 1086 librum
1098 1032 1351 1103 primum
1374 1048 1514 1096 non,
1539 1031 1842 1101 'I‘opicum,
1864 1025 1968 1083 sed

314 1120 430 1194 Πρὸ
459 1124 567 1173 τῶν
595 1118 779 1173 τόπων
810 1127 940 1175 ante
972 1122 1131 1189 locos,
1181 1120 1626 1175 inscribendum
1669 1134 1819 1183 esse,
1853 1122 1963 1173 etc.

389 1210 872 1283 Tragiamborum
922 1211 1150 1282 primus
1224 1212 1497 1266 inventor
1548 1208 1968 1281 Apollodorus,

316 1300 683 1371 Asclepiadis
706 1300 791 1370 F,,
827 1302 1260 1372 grammaticus.
1286 1302 1497 1371 (Supra
1528 1296 1970 1370 Apollodorus.)

387 1390 698 1462 Trajanus;
731 1389 1037 1460 patricius.
1074 1390 1176 1445 Hic
1208 1390 1316 1445 sub
1337 1389 1695 1455 Justiniano,
1737 1387 1973 1442 rhinot-

316 1485 498 1547 meto,
523 1478 745 1544 floruit,
770 1478 1251 1551 Chronicumque
1297 1479 1468 1535 breve
1499 1495 1566 1533 ac
1598 1476 1971 1549 praestantis-

322 1570 539 1625 simum
598 1565 879 1638 Σύντομον
935 1566 1074 1621 πάνυ
1130 1566 1429 1639 θαυμάσιον
1491 1567 1776 1638 scripsit.
1835 1568 1974 1620 Erat

322 1660 480 1716 idem
512 1658 1055 1715 Christianissimus
1087 1664 1144 1714 et
1172 1660 1427 1715 maxime
1461 1658 1842 1713 orthodoxus.

393 1766 1147 1838 Suetonius,Tranquillus,
1194 1767 1615 1839 grammaticus
1646 1768 1970 1834 Romanus,

323 1858 563 1929 scripsit
587 1878 613 1904 ‹‹
639 1858 716 1911 De
741 1857 1073 1911 Graacorum
1096 1857 1252 1912 ludis
1269 1858 1557 1924 librumI;
1583 1857 1662 1910 De
1682 1859 1975 1912 Romano-

2076 930 2316 986 stulavit
2370 930 2728 999 libertatem,
2763 927 2978 999 quibus
3032 925 3182 980 alios
3226 930 3315 979 ter
3345 924 3510 979 mille
3542 924 3727 978 Chos-

2076 1039 2210 1077 roes
2241 1021 2491 1076 addidit.

2148 1110 2537 1183 Triphyllius,
2591 1109 2927 1181 episcopus,
2973 1105 3303 1177 discipulus
3360 1103 3731 1176 Spyridonis,

2078 1216 2295 1289 Cyprii,
2324 1215 2748 1287 thaumaturgi,
2782 1213 2953 1285 cujus
2997 1210 3287 1266 miracula
3318 1208 3531 1264 litteris
3563 1225 3735 1264 man-

2079 1305 2254 1361 davit.
2288 1305 2470 1360 Multa
2501 1305 2661 1359 enim
2719 1303 2859 1357 fecit
2891 1300 3205 1373 Spyridon,
3258 1304 3324 1354 ut
3352 1298 3415 1353 in
3450 1298 3577 1354 Vita
3607 1298 3737 1370 ejus

2077 1395 2345 1451 versibus
2376 1393 2647 1449 iambicis
2680 1392 2899 1463 scripta
2929 1389 3204 1455 traditur,
3239 1405 3369 1459 qua:
3414 1388 3740 1459 quaarenda

2079 1487 2236 1553 sunt,
2267 1488 2333 1539 ut
2376 1482 2542 1538 valde
2575 1481 2767 1537 utilia.

2149 1588 2615 1664 Τριταγωνιστής.
2639 1587 3041 1643 ᾸίειίοΙιθηθῐῐι
3071 1584 3277 1639 multis
3329 1584 3391 1638 in
3424 1583 3568 1639 locis
3600 1600 3736 1655 per-

2080 1679 2315 1751 stringit
2345 1678 2774 1733 Demosthenes
2800 1679 2865 1730 ut
2895 1675 3251 1731 histrionem
3274 1673 3564 1744 tragicum
3579 1672 3736 1727 vilis-

2082 1770 2300 1825 simum
2339 1768 2399 1822 in
2430 1767 2605 1821 tertio
2664 1765 2872 1820 ordine
2934 1780 3068 1818 eum
3128 1778 3474 1818 numerans.
3508 1761 3741 1817 Primus

2082 1858 2403 1931 Sophocles
2429 1873 2571 1911 usus
2605 1860 2693 1910 est
2751 1853 2939 1909 tribus
2981 1852 3375 1908 histrionibus
3405 1856 3464 1906 et
3494 1851 3733 1924 tritago-

326 1959 497 1998 «rum
519 1943 874 2015 spectaculis
890 1943 1315 1999 etludislibros
1336 1945 1387 1997 II
1407 1961 1419 2010 ;
1442 1945 1520 1999 De
1543 1958 1698 1997 anno
1712 1944 1977 1997 Romano
2013 1952 2057 2018 Β
2087 1948 2264 2004 nista.
2300 1948 2510 2017 (Supra
2531 1946 2593 1999 in
2618 1943 2955 2015 Sophocle.)

325 2054 353 2082 «
387 2033 606 2088 librum
630 2034 652 2087 Ι
673 2051 695 2098 ,ο
720 2033 792 2088 de
816 2032 994 2101 notis,
1021 2050 1274 2104 quarum
1288 2050 1431 2088 usus
1455 2037 1544 2088 est
1564 2031 1625 2086 in
1648 2031 1819 2086 libris
1847 2027 1978 2104 Περὶ

329 2143 355 2175 α
377 2125 483 2175 τῶν
517 2120 570 2175 ἐν
587 2126 704 2183 τοῖς
734 2116 978 2196 βιϐλίοις
997 2118 1241 2194 σημείων
1256 2122 1477 2177 librum
1499 2123 1523 2176 Ι
1542 2140 1555 2191 ;
1576 2124 1654 2177 De
1678 2120 1979 2177 Ciceronis

326 2233 355 2262 «
370 2213 514 2283 Rep.
539 2212 753 2266 librum
772 2213 814 2280 Ι,
830 2210 889 2266 in
911 2228 1017 2281 quo
1040 2212 1372 2266 contradicit
1395 2213 1620 2281 Dydimo
1643 2229 1665 2275 ;
1686 2213 1764 2265 De
1787 2210 1979 2265 nomi-

330 2322 353 2351 «
380 2301 555 2356 nibus
578 2296 918 2372 propriis‘et
945 2300 1153 2355 formis
1184 2301 1436 2356 vestium
1460 2306 1520 2356 et
1540 2301 1899 2368 calceorum,
1925 2303 1984 2353 et

326 2412 356 2441 ‹‹
384 2390 753 2462 reliquorum
777 2388 991 2461 quibus
1016 2389 1149 2461 quis
1181 2390 1467 2457 vestitur;
1517 2388 1644 2461 Περῖ
1676 2385 1850 2457 Summi
1863 2407 1978 2459 μων

327 2500 355 2531 ‹‹
379 2474 574 2548 λέξεων
602 2481 679 2534 De
699 2479 888 2535 verbis
922 2478 1062 2534 mali
1089 2479 1326 2547 ominis,
1351 2483 1464 2534 sive
1483 2481 1560 2534 De
1582 2479 1903 2545 maledictis,
1931 2482 1981 2531 et

326 2588 357 2619 «
383 2569 575 2623 horum
597 2568 871 2638 quodque.
894 2569 971 2622 De
996 2570 1181 2623 Roma
1202 2568 1451 2639 ejusque
1469 2567 1762 2622 institutis
1787 2571 1846 2622 et
1860 2583 1985 2621 mo-

328 2681 357 2709 ‹‹
373 2659 538 2714 ribus
560 2658 743 2714 libros
762 2660 844 2725 II;
874 2657 1195 2732 Συγγενικὸν
1214 2656 1521 2731 Καισάρων,
1538 2658 1847 2713 Familiam
1868 2660 1988 2712 Cm—

331 2770 360 2798 ‹‹
387 2764 608 2814 sarum,
640 2771 658 2796 η
688 2747 845 2819 quod
867 2765 1017 2820 opus
1039 2747 1307 2802 continet
1333 2763 1536 2801 eorum
1571 2747 1730 2801 Vitas
1758 2752 1815 2801 et
1841 2763 1983 2802 suc-

327 2838 628 2893 cessiones
650 2836 851 2892 aJulio
870 2853 1061 2908 usque
1084 2838 1153 2891 ad
1175 2836 1580 2891 Domitianum
1605 2835 1820 2890 «libris
1841 2836 1986 2902 VIII;

335 2949 356 2976 ι
393 2927 654 2981 Stemma
684 2925 1011 2981 illustrium
1042 2926 1302 2981 virorum
1333 2927 1756 2981 Romanorum.
1793 2945 1821 2975 »

399 3034 536 3105 Τρία
571 3031 942 3107 Στησιχόρου,
979 3036 1091 3089 tria
1120 3034 1436 3099 Stesichori,
1465 3032 1525 3088 id
1549 3037 1638 3087 est.
1668 3032 1987 3104 Strophen,

333 3124 785 3195 Antistrophen,
805 3123 1067 3195 Epodon.
1098 3124 1243 3179 Tota
1264 3123 1427 3179 enim
1474 3123 1826 3178 Stesichoris
1848 3139 1989 3194 poe-

335 3214 417 3269 sis
450 3218 540 3269 est
572 3213 819 3284 epodica
874 3216 942 3268 Et
980 3212 1288 3268 hominem
1344 3230 1588 3285 prorsus
1648 3212 1992 3284 imperitum

2162 2036 2423 2100 Troilus,
2485 2034 2773 2105 sophista,
2821 2033 2922 2103 qui
2983 2030 3155 2086 CPoli
3216 2029 3435 2086 docuit.
3496 2028 3745 2101 Scripsit

2092 2149 2120 2178 «
2156 2126 2465 2182 Orationes
2494 2124 2739 2189 civiles;
2771 2121 3171 2193 Epistolarum
3201 2119 3386 2174 libros
3424 2120 3537 2174 VII.
3572 2140 3601 2168 »

2161 2213 2473 2289 Τρόμητος.
2537 2214 2966 2283 Dcmostpenes
3035 2209 3370 2266 Eschinem
3429 2208 3586 2264 inter
3630 2207 3749 2262 alia

2092 2306 2342 2362 dicteria
2400 2308 2567 2359 vocat
2615 2303 2792 2357 etiam
2869 2297 3391 2375 γραμματοκύφωνα
3443 2303 3500 2353 et
3557 2297 3748 2352 filium

2094 2395 2405 2468 cujusdem
2469 2395 2752 2459 Trometis,
2815 2389 3183 2459 litteratoris,
3243 2388 3362 2442 sive
3419 2388 3749 2459 primorum

2095 2487 2531 2542 elementorum
2573 2481 2857 2538 doctoris.

2163 2573 2428 2647 Τρόπαια.
2462 2572 2706 2643 Antiqui
2734 2571 2912 2626 Attici
2945 2568 3423 2625 circumﬂectunt
3452 2568 3514 2621 in
3545 2565 3753 2639 penul-

2096 2665 2261 2733 tima,
2289 2664 2578 2733 τροπαῖον,
2613 2661 2977 2715 recentiores
3018 2659 3080 2713 in
3130 2657 3605 2729 antepenultima
3656 2672 3752 2710 ac-

2097 2759 2304 2824 cuunt,
2336 2749 2621 2825 τρόπαιον.
2653 2751 2913 2821 Antiqua
2969 2765 3104 2803 vero
3158 2748 3363 2819 lingua
3419 2747 3613 2801 Attica
3664 2749 3755 2799 est

2098 2844 2222 2908 illa,
2243 2842 2413 2914 cujus
2434 2840 2735 2912 principes
2767 2839 2931 2893 fuere
2961 2836 3227 2908 Eupolis,
3258 2835 3554 2899 Cratinus,
3589 2834 3751 2889 Aris-

2101 2932 2412 3003 tophanes,
2435 2928 2838 3000 Thucydides;
2862 2928 3018 2981 Nova
3046 2942 3203 2991 vero,
3238 2923 3408 2995 cujus
3440 2921 3760 2978 Menander

2106 3026 2166 3077 et
2193 3020 2317 3076 alii.

2172 3107 2508 3185 Τροφώνιος.
2590 3103 2688 3159 Καὶ
2766 3102 3086 3179 Τροφωνίου
3170 3101 3307 3157 κατᾶ
3354 3107 3457 3169 τῆς
3511 3098 3762 3176 παίγνια.

2107 3197 2468 3259 ιθῦδάὶωιὶη
2500 3195 2864 3265 Macedonia)
2907 3194 3023 3249 fuit
3047 3192 3376 3259 oraculum,
3410 3190 3568 3263 quod
3599 3207 3634 3245 a
3665 3190 3769 3245 de-

326 3303 730 3375 perstringere
754 3303 1018 3358 volentes
1045 3319 1180 3358 eum
1204 3319 1279 3357 ne
1304 3304 1415 3357 tria
1433 3302 1674 3373 quidem
1696 3302 1996 3359 Stesichori
2027 3322 2070 3388 C
2107 3304 2322 3345 50311511
2356 3286 2578 3342 diCtum
2636 3278 2984 3338 καταδάσιον-
3034 3284 3216 3337 Eram
3243 3298 3378 3336 νθΓο
3424 3280 3506 3335 ibi
3556 3279 3759 3379 Ῡᾶυϐίξε

334 3409 512 3448 nosse
545 3392 842 3447 dicebant.

401 3473 816 3541 Tribonanius,
878 3473 1378 3541 Macedoniani‘F.
1413 3490 1481 3527 ex
1513 3473 1777 3529 causidis
1833 3490 1986 3544 prie-

334 3561 627 3617 fectorum
651 3562 947 3635 praetorio,
971 3562 1211 3634 gentilis
1233 3562 1545 3634 etimpius,
1566 3579 1602 3617 a
1622 3562 1990 3617 Christiano-

335 3670 473 3708 rum
509 3652 621 3708 lide
644 3668 888 3723 prorsus
917 3651 1173 3719 alienus,
1198 3651 1475 3723 idemque
1495 3652 1769 3707 adulator
1798 3658 1855 3707 et
1880 3653 1989 3707 im-

338 3746 564 3813 postor,
598 3740 700 3811 qui
730 3740 1086 3809 Iustiniano,
1120 3741 1289 3812 cujus
1321 3747 1447 3796 erat
1495 3747 1774 3811 quaestor,
1810 3758 1989 3797 cona-

336 3830 515 3884 batur
556 3830 917 3901 persuadere
952 3872 966 3895 ,
1053 3845 1189 3884 eum
1272 3847 1392 3884 non
1445 3830 1826 3897 moriturum,
1887 3831 1991 3886 sed

332 3920 531 3974 vivum
555 3921 616 3974 in
647 3920 862 3975 coelum
890 3919 1245 3975 translatum
1276 3919 1371 3974 iri.
1405 3920 1630 3992 Ingenii
1676 3921 1802 3976 acie
1832 3920 1990 3976 vale-

335 4008 439 4064 bat
469 4014 527 4064 et
556 4010 787 4081 apicem
838 4008 1192 4064 eruditionis
1224 4010 1517 4082 attigerat,
1553 4011 1635 4065 ita
1664 4016 1731 4065 ut
1754 4010 1991 4065 nullum

340 4098 530 4154 astatis
562 4115 683 4153 suae
714 4097 1057 4153 mortalium
1076 4099 1185 4153 hac
1206 4099 1379 4154 laude
1413 4100 1781 4171 superiorem
1813 4099 1992 4155 habe-

337 4195 450 4246 ret.
485 4190 598 4245 Sed
630 4190 825 4262 legum
856 4189 1278 4245 nundinationi
1303 4195 1429 4245 erat
1455 4190 1713 4259 deditus,
1740 4196 1798 4245 et
1826 4192 1991 4246 inex-

338 4280 544 4351 plebili
578 4280 842 4350 avaritia,
877 4295 1055 4350 quam
1080 4278 1397 4349 splendore
1430 4296 1677 4334 summae
1710 4280 1993 4335 eruditio-

341 4370 438 4426 nis
476 4369 848 4425 obscurabat.

414 4460 828 4526 Tribonianus,
844 4458 1094 4526 Sidetes,
1109 4475 1180 4513 ex
1201 4458 1549 4514 caussidicis
1579 4458 1996 4529 praefectorum

342 4550 641 4624 praetorio,
675 4555 734 4604 et
762 4548 888 4620 ipse
918 4548 1005 4602 vir
1051 4547 1392 4603 multifaria:
1425 4547 1797 4603 eruditionis.
1832 4549 1996 4602 Scri-

344 4639 466 4713 psit
492 4638 762 4695 versibus
787 4658 809 4689 a
837 4636 1348 4692 Commentarium
1371 4636 1435 4690 in
1465 4636 1769 4691 Ptolemaei
1809 4636 2000 4691 Cano-

2106 3377 2400 3451 quasdam,
2434 3392 2565 3445 quae
2599 3377 2829 3428 tantum
2888 3378 3183 3427 extremas
3241 3370 3461 3443 pedum
3494 3368 3756 3423 hominis

2100 3471 2300 3539 partes
2332 3479 2543 3535 capere
2566 3466 2859 3535 poterant.
2886 3461 3071 3516 Deum
3095 3459 3275 3529 igitur
3294 3457 3761 3528 consulturi,per

2101 3560 2296 3612 certos
2327 3554 2492 3625 prius
2523 3552 2649 3608 dies
2683 3556 2912 3606 servata
2943 3549 3234 3615 castitate,
3269 3552 3327 3602 et
3357 3563 3523 3602 sacro
3548 3546 3759 3601 habitu

2102 3642 2295 3699 ornati
2324 3641 2611 3697 ambabus
2637 3639 2912 3695 manibus
2937 3636 3265 3693 melittutas
3288 3636 3405 3690 sive
3426 3635 3757 3707 placentas,

2101 3733 2281 3790 melle
2312 3747 2685 3802 conspersas,
2719 3732 3012 3793 tenentes,
3048 3725 3121 3780 ad
3171 3723 3371 3779 fauces
3418 3723 3553 3779 illas
3586 3722 3757 3777 sede-

2103 3823 2265 3889 bant,
2292 3825 2351 3875 et
2370 3823 2613 3891 repente
2637 3817 2745 3872 sub
2770 3821 2990 3871 terram
3012 3813 3478 3886 abripiebantur.
3501 3812 3761 3883 Trophor

2104 3913 2240 3968 nius
2271 3915 2470 3966 autem
2504 3908 2617 3963 fuit
2644 3906 2875 3961 Eresini
2899 3902 3757 3976 lilius,fratrisAgamedis,etc.

2174 3993 2649 4074 Τρυγοκωμῳδία,
2670 3997 2754 4052 sic
2777 3996 2955 4064 dicta,
2988 3993 3149 4066 quod
3168 3993 3422 4048 victores
3450 3991 3763 4064 prwmium

2107 4090 2446 4161 acciperent
2474 4087 2574 4154 τὴν
2600 4086 2791 4159 τρύγα,
2824 4086 2937 4139 hoc
2971 4089 3080 4150 est,
3140 4085 3324 4138 vivum
3379 4098 3617 4147 novum;
3651 4079 3761 4147 vel,

2107 4179 2266 4253 quod
2297 4178 2464 4245 olim,
2507 4193 2641 4231 cum
2696 4175 2876 4229 larvas
2932 4171 3201 4226 nondum
3251 4171 3505 4225 inventaa
3538 4173 3761 4237 essent,

2106 4266 2285 4345 τρυγί,
2312 4266 2560 4321 faucibus
2587 4280 2691 4318 ora
2715 4264 3121 4334 perungerent

2175 4352 2626 4429 Τρυγοδαίμονες.
2658 4351 2849 4406 Veluti
2875 4348 3334 4405 Cacodaemones
3360 4345 3502 4401 dicti
3525 4345 3762 4417 (comici

2107 4448 2321 4504 veteris
2343 4444 2693 4513 comuediaa,)
2724 4441 2883 4514 quod
2913 4441 3154 4496 obsceni
3185 4443 3386 4494 essent
3417 4444 3475 4494 et
3507 4438 3676 4511 impii
3706 4442 3765 4494 et

2109 4535 2424 4593 cavillandi
2457 4532 2651 4589 studio
2683 4535 2839 4586 totos
2871 4546 2931 4585 se
2965 4528 3272 4584 dederent.

2178 4623 2638 4698 Tryphiodorus,
2672 4619 2998 4693 :Egyptius,
3025 4617 3473 4690 grammaticus,
3507 4621 3567 4672 et
3586 4620 3763 4688 poeta

355 4697 935 4795 :(nem;conceni,um
951 4726 1240 4782 mundani
1259 4726 2002 4781 etharmouicidiamema.
2031 4697 2077 4760 Ῐ)
2108 4715 2403 4771 heroicus.
2438 4710 2685 4782 Scripsit
2727 4732 2755 4759 ‹‹
2806 4708 3245 4774 Marethonica;
3286 4706 3380 4761 Ilii
3425 4705 3762 4774 excidium;

351 4819 469 4874 «tis
490 4836 503 4885 ;
524 4816 622 4878 Εἷς
649 4815 740 4870 τὸν
774 4812 1133 4870 πολιτεύοντα
1152 4814 1242 4869 καὶ
1271 4811 1548 4885 διέποντα,
1582 4817 1647 4870 In
1665 4815 1998 4888 gubernat]-

352 4915 511 4963 atem
531 4913 588 4963 et
604 4908 1124 4963 administrantem
1141 4923 1153 4973 ;
1168 4907 1234 4960 In
1247 4906 1620 4976 planetarum
1634 4904 1937 4959 domicilia
1949 4911 2002 4960 et

346 5020 377 5047 «
407 5014 504 5053 cur
530 4997 763 5066 singulis
784 4995 1129 5051 domicilium
1151 4996 1247 5049 hoc
1268 4994 1351 5049 vel
1368 4994 1513 5049 iliud
1530 4994 1859 5048 attributum
1880 4995 1952 5048 sit
1975 5036 1989 5061 ,

347 5111 376 5141 ιι
401 5089 480 5143 De
492 5089 666 5144 XXIV
688 5086 938 5159 pedibus
959 5084 1224 5140 metricis
1237 5085 1592 5155 rhythmicis
1621 5084 1990 5154 ;Metaphra-

348 5198 379 5229 ‹‹
398 5176 492 5232 sin
516 5175 812 5231 Homerici
844 5175 1083 5230 navium
1106 5172 1385 5244 catalogi;
1411 5173 1717 5244 Dialogum
1744 5172 2003 5227 Macedo-

352 5286 380 5319 ι
410 5266 580 5321 nium
602 5267 711 5320 sive
742 5264 820 5320 De
839 5263 1152 5328 felicitate;
1179 5263 1367 5317 Vitam
1399 5261 1704 5330 Theodoti,
1738 5260 2002 5332 philoso-

350 5377 383 5408 «
411 5357 539 5429 phi,
574 5355 741 5410 libris
762 5355 838 5409 IIl
864 5371 877 5421 ;
913 5353 1252 5410 Orationem
1284 5351 1699 5416 consularem;
1725 5351 2001 5422 prosaice,

351 5466 380 5501 α
406 5446 468 5501 in
487 5448 884 5514 Justinianum,
908 5445 1042 5513 imp.
1067 5442 1407 5498 Orationem
1432 5441 1502 5496 de
1530 5443 1748 5513 Regno,
1773 5443 1830 5494 in
1852 5455 2005 5495 cum-

351 5556 381 5588 ‹‹
408 5536 567 5603 dem;
603 5537 682 5590 De
714 5534 1013 5589 mensium
1046 5532 1504 5604 permutatione,
1542 5553 1570 5579 ››
1600 5531 1862 5585 versibus.

420 5625 734 5680 Tribunus.
799 5623 903 5678 Hic
943 5628 1208 5693 tempore
1266 5621 1542 5675 Chosrois
1591 5620 1752 5685 vixit,
1786 5634 2003 5692 genere

349 5717 725 5781 Palaestinus,
752 5716 838 5770 vir
860 5713 1128 5771 eruditus
1152 5717 1210 5767 et
1228 5717 1351 5767 arte
1377 5711 1606 5767 medica
1622 5711 1773 5765 nulli
1792 5725 2001 5765 secun-

352 5806 510 5879 dus;
544 5806 832 5879 singulari
891 5804 1048 5859 idem
1097 5802 1503 5858 moderatione
1572 5806 1631 5857 et
1676 5802 1895 5873 pietate
1940 5798 2003 5853 in

2114 4829 2135 4858 (ι
2162 4808 2242 4860 De
2262 4803 2652 4876 Hippodamia
2676 4819 2688 4868 ;
2715 4799 3037 4870 Odysseam
3068 4797 3371 4869 littera(2)
3397 4802 3703 4852 carentem
3730 4818 3757 4846 ››

2109 4898 2329 4951 Poema
2359 4894 2431 4948 de
2464 4889 2769 4947 laboribus
2807 4887 3052 4959 Ulyssis,
3086 4891 3145 4941 et
3176 4886 3250 4941 iis
3282 4902 3414 4957 qua)
3443 4886 3659 4941 fabulae
3693 4883 3765 4939 de

2114 4984 2217 5040 illo
2252 4982 2514 5038 tradunt.

2181 5073 2476 5147 Tryphod,
2507 5070 2807 5127 Ammonii
2834 5070 2919 5137 F,.
2943 5067 3399 5136 Alexandrinus,
3423 5066 3766 5136 grammati-

2111 5182 2215 5222 cus
2246 5170 2305 5220 et
2334 5167 2526 5236 poeta,
2561 5160 2662 5232 qui
2692 5160 2836 5213 vixit
2864 5157 3111 5231 Augusti
3138 5154 3499 5227 temporibus
3528 5160 3587 5208 et
3606 5159 3764 5209 ante.

2114 5255 2411 5327 Scripsit«
2437 5254 2516 5307 De
2538 5251 2886 5323 pleonasmo
2919 5247 3333 5312 dialectorum,
3367 5260 3499 5313 quae
3532 5249 3675 5299 sunt
3703 5243 3766 5298 in

2112 5370 2139 5397 ‹‹
2174 5343 2631 5414 Ᾰεῖοιὶοιιιίῐιςιιδ,
2655 5339 2840 5393 libros
2862 5337 2991 5401 XII;
3026 5337 3104 5390 De
3140 5332 3429 5398 dialectis,
3460 5349 3591 5403 qua
3631 5338 3772 5388 sunt

2117 5459 2143 5487 ‹‹
2159 5434 2317 5507 apud
2331 5435 2653 5487 Homerum
2671 5434 2730 5483 et
2752 5424 3117 5481 Simonidem
3138 5427 3198 5477 et
3212 5421 3536 5476 Pindarum
3555 5425 3616 5475 et
3632 5420 3769 5476 Ale-

2117 5540 2417 5580 «manem
2470 5521 2737 5589 aliosque
2796 5515 3043 5587 lyricos;
3093 5513 3173 5566 De
3219 5509 3585 5565 Hellenismo
3614 5508 3771 5581 (Περί

2115 5639 2142 5665 ‹‹
2173 5620 2273 5682 τῆς
2301 5609 2587 5680 Ἑλλήνων
2637 5604 2948 5676 διαλέκτου)
3000 5607 3057 5656 et
3113 5601 3368 5657 dialecto
3400 5599 3767 5672 Argivorum,

2116 5727 2142 5755 ‹‹
2177 5704 2653 5774 Himerogorum,
2688 5695 3110 5769 Rheginorum,
3164 5688 3543 5746 Doriensium
3578 5694 3637 5743 et
3662 5690 3768 5762 Sy-

2118 5816 2144 5849 ι
2176 5806 2525 5851 racusorum
2555 5807 2569 5857 ;
2604 5790 2684 5843 De
2714 5785 3109 5842 inﬂexionum
3141 5778 3418 5853 analogia
3436 5777 3656 5834 librum
3689 5780 3713 5833 Ι
3750 5802 3766 5849 ;
