4126 6432
414 432 576 495 1367

1731 425 1971 489 INDEX
2017 422 2528 488 SCRIPTORUM

3690 426 3837 487 i368

423 586 444 615 ι
478 568 560 622 De
590 565 735 621 recti
766 582 937 621 casus
969 564 1243 637 analogia
1271 583 1283 632 ;
1319 566 1401 621 De
1434 562 1783 619 nominibus
1835 574 2073 631 compa-

2219 560 2460 628 temque
2486 555 2641 627 Μὲλη
2674 559 3105 631 πολεμιστήρια,
3139 560 3403 615 Carmina
3436 556 3654 626 bellica,
3678 558 3837 615 libris

419 679 446 706 ‹‹
482 656 683 711 rativis
709 655 931 709 librum
962 656 986 708 Ι
1012 672 1025 723 ;
1057 656 1139 709 De
1169 654 1724 726 monosyllaborum
1764 648 2076 720 analogia;

432 768 458 795 «
495 747 574 801 De
608 744 919 799 nominum
952 744 1395 799 characteribus
1427 743 1649 798 librum
1680 744 1701 796 Ι
1728 760 1741 809 ;
1775 742 1853 795 De
1886 739 2083 793 verbo-

427 858 455 887 «
485 853 620 891 rum
650 835 1089 908 gravitonorum
1115 835 1406 907 analogia,
1437 834 1653 888 librum
1685 834 1745 897 I;
1779 832 1857 885 De
1889 828 2081 883 verbis

428 950 456 979 «
489 927 805 992 encliticis,
838 928 1169 993 inﬁnitivis,
1196 927 1579 999 imperativis,
1605 926 1897 995 optativis,
1923 925 2086 981 deni-

428 1040 453 1067 α
486 1033 602 1088 que
632 1015 910 1072 omnibus
938 1034 952 1084 ;
980 1018 1059 1071 De
1092 1017 1512 1089 orthographia
1543 1022 1601 1071 et
1630 1017 1703 1071 iis
1750 1033 1882 1087 qum
1924 1016 1985 1070 in
2016 1031 2085 1069 ea

432 1129 457 1158 ι
490 1111 877 1177 quaeruntur;
912 1107 993 1161 De
1016 1106 1325 1178 spiritibus
1348 1113 1407 1162 et
1428 1106 1611 1179 tropis
1637 1124 1649 1174 ;
1678 1129 1705 1156 ››
1732 1112 1789 1161 et
1814 1105 1929 1161 alia
1953 1122 2083 1176 quas

428 1199 741 1250 enumerat
769 1197 1002 1249 Kuster.
1037 1195 1100 1249 in
1130 1201 1271 1251 nota
1301 1198 1356 1263 3,
1388 1201 1533 1252 tom.
1570 1196 1665 1256 IlI.
1698 1214 1754 1267 p.
1789 1197 1912 1250 513.

496 1284 818 1357 Tyrannio,
850 1284 1205 1355 Epicratidis
1249 1290 1308 1340 et
1351 1285 1594 1351 Lindim,
1648 1284 2083 1351 Alexandrina),

426 1374 511 1441 F.,
534 1373 984 1443 Amisenus,qui
1007 1373 1281 1445 Corymbi
1305 1374 1775 1445 nuncupabatur.
1802 1374 1957 1428 Vixit
1978 1373 2085 1427 sub

429 1461 712 1533 Pompeio
744 1463 950 1534 Magno
982 1467 1041 1517 et
1072 1468 1231 1530 ante,
1255 1463 1582 1534 discipulos
1639 1481 1773 1518 cum
1806 1463 2085 1531 aliorum,

432 1556 557 1604 tum
590 1551 767 1605 etiam
791 1550 1068 1616 Haestiaai,
1092 1553 1378 1615 Amiseni,
1400 1569 1433 1606 a
1452 1570 1567 1623 quo
1587 1553 1765 1607 etiam
1787 1554 2085 1625 Tyrannio

435 1638 629 1694 dictus
661 1645 768 1705 est,
800 1639 959 1710 quod
986 1641 1427 1712 condiscipulos
1451 1642 1793 1714 exagitaret,
1819 1659 1953 1696 cum
1980 1659 2087 1696 an-

440 1734 536 1782 tea
563 1727 1004 1798 Theophrastus
1036 1729 1351 1784 diceretur.
1387 1733 1598 1785 Postea
1629 1731 1805 1785 etiam
1859 1731 2083 1802 Diony-

439 1816 618 1879 sium,
650 1817 955 1879 Thracem,
991 1819 1178 1873 Rhodi
1201 1820 1390 1874 audiit
1415 1820 1784 1891 azmulusque
1826 1820 1938 1874 fuit
1968 1821 2087 1875 De-

436 1906 633 1961 metrii
665 1907 975 1977 Erythraei.
1012 1908 1173 1963 Idem
1205 1911 1450 1964 Romam
1483 1910 1748 1982 captivus
1779 1928 1814 1965 a
1845 1910 2087 1965 Lucullo

435 1997 645 2051 ductus
678 2002 788 2061 est,
814 2014 948 2052 cum
982 1999 1399 2061 Mithridatem,
1426 2000 1802 2054 Ponticarum
1824 2002 2090 2072 gentium

433 2101 655 2156 regem.
690 2085 792 2139 ille
828 2084 1206 2140 debellasset.
1238 2089 1436 2141 Romae
1472 2104 1603 2142 vere
1635 2087 1831 2141 clarus
1855 2087 2094 2143 etdives

432 2172 643 2240 factus,
679 2174 967 2229 librorum
1021 2176 1194 2230 etiam
1247 2177 1404 2231 ultra
1454 2177 1695 2249 triginta
1746 2177 1934 2231 millia
1981 2176 2094 2230 sibi

436 2268 812 2338 comparavit.
850 2268 1038 2323 Senex
1061 2268 1229 2335 obiit,
1254 2268 1514 2341 podagra
1539 2268 2091 2340 confectus,olymp.

436 2357 598 2423 CXX,
632 2373 790 2411 anno
823 2357 1015 2411 tertio.
1050 2358 1221 2412 ern.
1251 2360 1464 2412 Kuster
1487 2358 1548 2412 in
1582 2364 1724 2413 nota
1752 2362 1802 2427 1,
1838 2363 1879 2412 t.
1913 2360 2009 2426 ΙΙΙ,
2035 2375 2091 2429 p.

436 2444 565 2513 518,
600 2446 859 2516 primum
892 2450 1079 2513 notat,
1121 2462 1403 2502 numeros
1462 2463 1589 2502 esse
1635 2447 1951 2502 manifesto
2012 2447 2097 2500 vi-

438 2534 639 2601 tiatos,
663 2534 803 2603 quia
818 2533 919 2588 diu
942 2540 1075 2605 post
1093 2534 1262 2589 illam
1280 2534 1682 2606 Olympiadem
1705 2536 2021 2607 Pompeius
2041 2540 2098 2590 et

444 2622 744 2693 Lucullus,
779 2622 886 2678 sub
919 2640 1034 2694 quo
1060 2624 1355 2696 Tyrannio
1385 2625 1547 2694 vixit,
1580 2625 2097 2681 iloruissentﬂinc

443 2712 684 2784 corrigit
738 2708 1078 2783 Ὀλυμπιάδι
1139 2714 1252 2786 ρπ’,
1321 2713 1382 2768 id
1439 2720 1529 2769 est
1580 2714 1782 2785 olymp.
1847 2717 2093 2771 CLXXX.

442 2801 667 2856 Deinde
726 2801 999 2857 observat
1053 2803 1213 2858 hunc
1271 2804 1709 2876 Tyrannionem
1787 2805 2097 2876 scripsisse

442 2888 569 2962 Περὶ
628 2893 725 2944 τοῦ
781 2888 1009 2944 σκολιοῦ
1072 2889 1300 2966 μέτρου,
1360 2889 1391 2944 ὅ
1448 2891 1719 2965 προύτέοη
1783 2891 1927 2965 αὐτῷ
1994 2892 2097 2947 ὑπὸ

438 2978 604 3033 Γαὶου
635 2978 930 3054 Καίσαρος,
982 2985 1132 3036 teste
1185 2982 1508 3038 scholiasta
1559 2983 1973 3055 Aristophanis
2021 2983 2095 3040 ad

440 3072 654 3137 Ranas,
687 3087 739 3125 v.
780 3072 933 3124 1337.
968 3073 1118 3126 Num
1148 3086 1284 3125 vero
1300 3070 1397 3126 hic
1412 3072 1700 3143 Tyannio,
1720 3089 1796 3127 an
1823 3074 1973 3128 alter
1998 3073 2095 3139 sit,

438 3158 610 3230 cujus
640 3159 865 3213 mentio
909 3164 1098 3214 exstat
1154 3160 1309 3231 apud
1359 3160 1747 3216 sclioliastam
1797 3161 2097 3229 Nicandri,

441 3247 706 3304 eruditos
734 3247 1035 3319 inquirere
1061 3248 1250 3320 jubet.
1292 3250 1454 3305 Adde
1481 3267 1660 3322 supra
1711 3251 1774 3305 in
1817 3251 2092 3324 Catalogo

441 3338 965 3409 grammaticorum
998 3339 1333 3394 Graecorum
1364 3340 1423 3394 h.
1456 3358 1507 3393 v.
1544 3342 1718 3397 HARL.

515 3427 814 3499 Tyrannio
838 3427 1064 3500 junior,
1101 3428 1367 3498 Phoenix,
1402 3430 1759 3485 Artemidori
1793 3433 1878 3496 F.,
1919 3432 2098 3487 disci-

445 3515 623 3587 pulus
651 3517 1045 3587 Tyrannionis
1085 3518 1360 3586 senioris,
1422 3519 1578 3574 unde
1639 3520 1817 3576 etiam
1879 3538 2099 3577 nomen

445 3604 601 3669 tulit,
630 3622 764 3660 cum
796 3611 971 3661 antea
1001 3606 1233 3662 Diocles
1259 3614 1584 3663 vocaretur.
1641 3608 1889 3681 Captum
1942 3610 2099 3665 bello

448 3693 606 3748 inter
634 3695 957 3750 Antonium
992 3700 1049 3751 et
1095 3697 1408 3764 Caesarem,
1466 3698 1784 3769 Dymantes
1832 3699 2097 3770 quidam,

448 3783 696 3837 Caesaris
724 3783 998 3853 libertus,
1032 3783 1302 3839 redemit.
1337 3787 1548 3841 Postea
1577 3789 1887 3855 Terentiae,
1937 3789 2096 3843 Cice-

445 3871 613 3925 ronis
643 3871 833 3940 uxori,
867 3871 1121 3926 donatus
1145 3877 1253 3939 est,
1273 3890 1307 3928 a
1329 3890 1445 3944 qua
1467 3877 2098 3944 manumissusﬂtomw

446 3958 651 4014 docuit
679 3963 737 4014 et
766 3959 950 4015 libros
983 3961 1221 4032 scripsit
1252 3962 1495 4029 LXVIII,
1542 3980 1613 4017 ex
1644 3965 1861 4035 quibus
1921 3972 2096 4022 sunt:

448 4048 520 4102 De
558 4049 840 4103 Homerica
892 4050 1202 4119 prosodia;
1259 4051 1328 4104 De
1379 4054 1637 4121 partibus
1693 4057 1978 4123 orationis,
2038 4056 2099 4110 in

449 4154 564 4209 quo
596 4138 741 4192 dicit
766 4138 1009 4193 nomina
1048 4140 1289 4211 propria
1321 4156 1449 4196 esse
1504 4142 1829 4209 individua,
1880 4148 2099 4214 ’Άτομα

449 4224 580 4279 εἶναι
610 4224 677 4280 τὰ
707 4229 864 4299 κῦρια
896 4227 1154 4299 ὀνόματα,
1189 4230 1544 4301 appellativa
1572 4249 1732 4300 vero,
1766 4233 2097 4304 primitiva;

450 4321 508 4371 et
532 4317 946 4389 participialia,
982 4318 1299 4375 derivativa
1322 4338 1335 4388 ;
1362 4322 1433 4376 De
1456 4321 1650 4391 lingua
1676 4325 1940 4391 Romana,
1968 4341 2099 4380 eam

448 4423 483 4462 a
508 4407 709 4462 Grmca
738 4407 1055 4462 oriundam
1088 4425 1238 4465 esse.
1277 4429 1299 4457 ι
1333 4410 1640 4483 Antigenis
1672 4412 1961 4468 dialectus
1983 4415 2100 4469 Ro-

450 4518 478 4547 «ι
511 4515 688 4553 mana
711 4515 724 4564 ;
756 4499 1137 4554 Recentiores
1158 4501 1463 4572 poetaszab
1482 4502 1734 4558 Homero
1753 4503 2097 4572 dissentire;

451 4608 480 4637 ‹‹
513 4588 967 4643 Enarrationem
1000 4589 1336 4659 partitionis
1368 4592 1761 4661 Tyrannionis
1791 4593 2100 4665 (senioris);

454 4695 482 4724 ‹‹
514 4677 953 4731 Correctionem
982 4678 1351 4734 Homericam
1377 4697 1389 4746 ;
1424 4681 1936 4754 Orthographiam.

521 4764 842 4833 Tyrannio,
888 4767 1232 4833 Messenius,
1284 4768 1695 4841 philosophus.
1746 4771 1992 4842 Scripsit
2038 4772 2104 4826 li-

455 4852 578 4907 bros
606 4854 704 4917 III,
739 4854 810 4908 De
835 4855 1108 4924 auguriis.
1134 4858 1379 4913 Exstant
1401 4865 1459 4914 et
1474 4860 1575 4914 alii
1596 4861 1724 4930 ejus
1742 4859 1879 4914 libri
1904 4861 2099 4916 utiles.

526 4944 856 5015 Tyrannus,
892 4946 1175 5016 sophista,
1209 4948 1449 5019 scripsit
1477 4972 1504 4998 «
1542 4950 1621 5003 De
1682 4949 1931 5004 statibus
1962 4966 2102 5005 cau-

456 5054 482 5082 «ι
518 5050 721 5089 sarum
752 5040 811 5088 et
838 5034 1126 5090 divisione
1157 5037 1463 5103 orationis,
1504 5037 1688 5093 libros
1720 5042 1789 5094 X.
1820 5059 1848 5091 ι

526 5124 810 5193 Tyrtaeus,
852 5124 1251 5179 Archimbroti
1300 5126 1385 5189 F.,
1433 5127 1623 5181 Lacon
1674 5132 1777 5181 aut
1820 5128 2102 5196 Milesius,

453 5217 628 5285 poeta
659 5212 952 5283 elegiacus
984 5219 1043 5268 et
1072 5213 1311 5281 tibicen,
1346 5231 1524 5285 quem
1545 5215 1746 5269 ferunt
1772 5218 2105 5273 carminum

457 5319 700 5357 suorum
730 5309 907 5357 cantu
928 5303 1406 5359 Lacedaemonios
1419 5305 1492 5359 ad
1514 5305 2105 5378 praeliumincitasse,

456 5397 516 5446 et
546 5392 629 5447 sic
658 5393 949 5459 aiTecisse,
982 5398 1048 5447 ut
1084 5392 1240 5447 bello
1274 5399 1482 5449 contra
1513 5396 1833 5451 Messenios
1865 5397 2109 5452 victoria

458 5482 811 5552 potirentur.
844 5483 945 5536 Est
975 5487 1174 5536 autem
1206 5483 1682 5554 antiquissimus,
1716 5485 1961 5557 mqualis
2012 5502 2106 5541 se-

457 5576 620 5640 ptem
652 5569 913 5639 illorum,
948 5571 1049 5641 qui
1082 5571 1381 5641 sapientes
1427 5579 1732 5639 vocantur,
1780 5581 1882 5629 aut
1928 5575 2107 5630 etiam

459 5658 781 5727 antiquior.
802 5658 1028 5713 Floruit
1047 5659 1383 5731 Olympiade
1402 5662 1620 5716 XXXV.
1647 5663 1890 5734 Scripsit
1922 5666 2106 5733 Itcmp.

463 5748 881 5818 Lacedaemonis,
913 5753 972 5803 et
1001 5749 1291 5820 Praecepta
1318 5752 1445 5807 vita:
1496 5751 1762 5809 versibus
1810 5753 2107 5826 elegiacis,

2190 645 2250 699 V.
2286 646 2718 703 Lacedaemonii
2744 649 3191 720 juraverant,se
3210 648 3297 703 vel
3331 650 3666 702 Messenam
3698 666 3828 721 cap-

2188 737 2374 804 turos,
2406 737 2498 791 vel
2528 742 2782 793 mortem
2814 739 3009 810 oppeti
3022 744 3201 792 turos.
3231 738 3379 792 Cum
3404 742 3605 791 autem
3637 755 3837 792 oracu-

2188 822 2311 878 lum
2348 826 2633 896 jussisset
2688 827 2900 882 ducem
2959 827 3031 881 ab
3090 825 3561 881 Atheniensibus
3622 832 3836 897 petere,

2188 915 2501 984 Tyrtaeum,
2534 922 2794 987 poetam,
2827 916 3135 971 hominem
3164 916 3447 971 claudum
3472 915 3545 970 ab
3577 916 3651 971 iis
3681 933 3842 971 acce-

2188 1008 2426 1073 perunt,
2461 1005 2561 1075 qui
2597 1004 2669 1060 ad
2700 1006 2975 1059 virtutem
3007 1023 3108 1060 eos
3140 1004 3539 1074 cohortando,
3571 1005 3839 1060 vicesimo

2190 1108 2347 1147 anno
2382 1094 2711 1149 Messenam
2753 1095 2951 1165 cepit:
2987 1111 3166 1166 quam
3226 1093 3666 1150 Lacedazmonii
3726 1094 3843 1148 solo

2191 1188 2523 1252 mquarunt,
2557 1188 2615 1238 et
2643 1183 2903 1255 captivos
2935 1184 3093 1239 inter
3114 1182 3353 1238 Helotas
3384 1182 3742 1238 retulerunt.

2267 1368 2577 1440 Ulpianus,
2611 1372 2958 1436 Emesenus,
2986 1371 3274 1443 sophista.
3311 1370 3570 1441 Scripsit
3598 1393 3625 1419 .‹
3652 1371 3730 1426 De
3756 1386 3848 1441 pa-

2193 1480 2221 1507 ‹‹
2258 1459 2393 1526 tria,
2425 1461 2637 1515 Emesa
2663 1477 2675 1527 ;
2710 1461 2790 1515 De
2823 1460 3115 1531 Heliopoli
3141 1461 3255 1525 ;De
3287 1459 3621 1530 Bosporitis
3652 1465 3703 1513 et
3732 1459 3848 1514 aliis

2194 1549 2518 1617 «plurimis.
2552 1551 3117 1620 Progymnasmata:
3169 1552 3372 1604 Artem
3408 1549 3788 1604 rhetoricam.
3818 1570 3844 1599 ››

2267 1637 2575 1708 Ulpianus,
2599 1640 3007 1694 Antiochenus
3031 1641 3230 1709 Syrus.
3257 1638 3550 1709 sophista,
3572 1639 3672 1709 qui
3695 1639 3845 1709 prius

2194 1727 2418 1780 Emesa:
2439 1727 2640 1782 docuit
2666 1728 3032 1800 temporibus
3065 1729 3208 1799 imp.
3229 1727 3629 1782 Constantini.
3659 1726 3844 1781 Varias

2198 1815 2434 1886 scripsit
2490 1816 2811 1884 orationes,
2863 1816 3350 1884 declamationes,
3396 1816 3844 1887 disputationes,

2121 1928 2167 1992 B
2199 1898 2417 1975 λόγους,
2479 1902 2732 1975 μελέτας,
2778 1902 3061 1977 διαλέξεις,
3097 1912 3157 1962 et
3183 1906 3301 1961 alia
3332 1906 3633 1977 qumdam.
3670 1906 3846 1973 [Hunc

2203 1994 2521 2065 Ulpianum
2556 2000 2762 2051 Kuster
2792 1996 2853 2050 in
2888 2002 3030 2051 tom.
3064 1997 3114 2050 lI
3151 2039 3165 2064 ,
3222 2012 3356 2068 pag.
3393 1997 3521 2063 738,
3556 2001 3848 2050 auctorem

2202 2099 2330 2138 esse
2383 2085 2662 2155 opinatur
2717 2086 3290 2141 Commentariorum
3324 2086 3389 2140 in
3421 2085 3722 2140 Demosth.
3757 2083 3846 2154 qui

2202 2173 2395 2227 adhuc
2428 2180 2679 2228 exstant.
2711 2175 2727 2246 ]

2275 2263 2580 2333 Ulpianus,
2615 2265 2882 2320 Calwus.

2277 2351 2560 2421 Ulpianus
2597 2394 2609 2417 ,
2666 2351 2850 2407 frater
2906 2352 3142 2417 Isidori,
3201 2354 3570 2425 philosophi,
3623 2353 3846 2425 ingenio

2204 2440 2428 2510 optimo
2459 2441 2743 2511 praeditus
2776 2443 2849 2497 ad
2873 2443 3325 2498 mathematicas
3369 2443 3673 2508 scientias,
3706 2441 3849 2496 unde

2204 2545 2424 2583 nomen
2470 2531 2597 2601 ejus
2642 2531 2890 2586 Athenis
2950 2532 3184 2587 celebre
3241 2533 3377 2588 fuit.
3437 2535 3508 2587 Et
3559 2533 3846 2603 Syr-ianus,

2204 2617 2509 2673 admirans
2541 2620 2671 2689 ejus
2697 2620 3024 2693 ingenium,
3060 2621 3265 2676 multis
3316 2623 3604 2685 narravit,
3636 2620 3848 2675 nullam

2204 2706 2315 2777 ipsi
2349 2706 2552 2762 claven
2582 2708 2728 2763 adeo
2761 2709 3098 2764 intricatam
3124 2716 3183 2765 et
3211 2711 3538 2766 artiﬁciose
3569 2708 3844 2779 composi-

2205 2800 2325 2850 tam
2359 2797 2557 2851 offerri
2588 2799 2873 2868 potuisse,
2907 2815 3087 2869 quam
3145 2816 3267 2854 non
3328 2800 3508 2855 facile
3567 2798 3849 2869 aperiret;

2206 2885 2309 2940 sed
2340 2886 2401 2940 in
2421 2886 2654 2957 reliqua
2674 2888 3052 2959 philosophia
3079 2888 3231 2943 nihil
3253 2894 3592 2944 memoratu
3623 2888 3847 2959 dignum

2206 2974 2485 3030 edidisse.
2519 2976 2757 3031 Juvenis
2780 2982 2839 3031 et
2867 2977 3082 3033 cazlebs
3100 2978 3171 3033 de
3194 2979 3311 3033 vita
3342 2978 3621 3043 decessit,
3656 2990 3850 3047 magna

2207 3081 2329 3118 suae
2370 3063 2654 3120 bonitatis
2684 3065 2861 3121 laude
2921 3066 3077 3137 apud
3129 3067 3406 3122 homines
3465 3066 3692 3133 relicta,
3746 3068 3848 3118 etc.

2207 3152 2310 3224 (Ex
2342 3154 2698 3226 Damascio.)

2288 3242 2557 3309 Uranius,
2592 3243 2792 3315 Syrus,
2834 3244 3003 3298 CPoli
3036 3244 3374 3311 oberrabat,
3406 3251 3595 3301 artem
3640 3242 3850 3315 profes-

2211 3346 2310 3385 sus
2350 3329 2664 3397 medicam,
2717 3332 2817 3402 qui
2849 3349 2985 3387 cum
3026 3350 3094 3387 ex
3129 3334 3466 3389 Aristotelis
3497 3330 3849 3404 dogmatibus

2207 3419 2441 3474 nullum
2474 3419 2735 3491 perfecte
2767 3427 2990 3489 nosset,
3022 3422 3187 3477 inani
3224 3424 3401 3478 varia;
3437 3423 3703 3478 doctrina
3728 3417 3846 3489 epi-

2209 3509 2387 3565 nione
2421 3510 2709 3583 turgebat.
2754 3496 2873 3568 illic
2931 3529 3066 3567 cum
3124 3513 3489 3579 Areobindo,
3544 3513 3749 3584 legato,
3779 3505 3843 3562 ad

2207 3600 2420 3654 Persas
2448 3599 2751 3670 profectus
2773 3608 2881 3669 est,
2908 3607 3018 3657 etc.
3054 3604 3155 3672 (Ex
3176 3603 3455 3675 Agathia,
3493 3603 3561 3669 Il,
3594 3617 3718 3673 pag.
3743 3595 3846 3665 67.)

3014 3701 3055 3752 V

2282 3784 2753 3855 Valentinianus,
2788 3787 2929 3859 imp.
2964 3790 3132 3845 Rom.
3171 3790 3565 3855 Christianus,
3598 3782 3845 3858 quamvis

2207 3874 2505 3929 Christum
2527 3876 2794 3947 ejusdem
2819 3894 2951 3931 cum
2970 3879 3139 3933 Patre
3163 3884 3395 3934 natura;
3415 3895 3544 3934 esse
3568 3875 3802 3931 sentiret
3832 3885 3843 3933 ;

2211 3968 2409 4019 tamen
2443 3964 2674 4019 diverso
2708 3965 2893 4019 cultui
2925 3965 3157 4022 deditos
3189 3968 3358 4022 nulla
3390 3986 3451 4022 re
3486 3965 3720 4021 vexavit.
3754 3961 3846 4012 νας

2208 4051 2339 4107 lens
2369 4059 2589 4122 autem,
2627 4054 2843 4109 Ariana
2883 4054 3137 4110 infectus
3176 4056 3328 4122 labe,
3365 4057 3585 4111 multos
3616 4054 3674 4107 in
3705 4046 3845 4105 exsi-

2207 4140 2353 4195 lium
2379 4142 2626 4213 pepulit,
2652 4160 2768 4213 quo
2794 4149 3058 4215 tempore
3084 4146 3361 4201 Ecclesiae
3388 4149 3664 4202 Romana)
3688 4137 3842 4194 Libe-

2208 4230 2334 4285 rius
2365 4230 2620 4301 praafuit,
2652 4232 3069 4289 Alexandrinae
3111 4236 3495 4305 Athanasius,
3529 4230 3840 4290 Cl’olitanaa

2206 4320 2527 4385 Eudoxius,
2564 4322 2794 4377 Arianae
2847 4322 3173 4393 impietatis
3208 4326 3514 4397 magister,
3573 4327 3681 4377 etc.

2283 4409 2515 4478 Valens,
2551 4413 2951 4467 Romanorum
2984 4413 3127 4484 imp.
3163 4414 3472 4487 episcopos
3495 4414 3556 4467 in
3588 4407 3839 4464 exsilium

2209 4499 2376 4555 misit
2406 4505 2465 4554 et
2493 4500 2869 4572 presbyteros
2928 4507 2987 4557 et
3042 4504 3393 4570 monachos,
3452 4503 3687 4558 Tatiano
3715 4502 3839 4549 tunc

2210 4589 2673 4645 Alexandrinam
2698 4591 3025 4647 Ecclesiam
3051 4599 3313 4666 regente,
3338 4595 3671 4662 multosque
3691 4581 3838 4640 Chri-

2131 4670 2177 4732 D
2218 4680 2441 4734 stianos
2472 4680 2847 4749 excruciavit,
2881 4682 3250 4752 etquosdam
3283 4684 3461 4739 etiam
3508 4680 3625 4753 igni
3679 4669 3840 4731 tradi-

2213 4767 2317 4822 dit.
2353 4770 2485 4823 Hmc
2507 4776 2702 4825 autem
2729 4771 2931 4825 omnia
2956 4777 3091 4842 post
3109 4773 3413 4828 Athanasii
3448 4772 3667 4827 obitum
3695 4759 3836 4818 fecit.

2215 4858 2535 4913 Orthodoxi
2569 4876 2637 4913 ex
2660 4860 2828 4914 CPoli
2862 4860 3219 4932 legationem
3250 4861 3325 4917 ad
3359 4862 3656 4918 Valentem
3688 4852 3838 4909 Nico-

2214 4947 2474 5003 mediam
2511 4948 2823 5014 miserunt,
2861 4949 3013 5004 viros
3045 4968 3113 5006 ex
3148 4951 3356 5006 ordine
3413 4967 3577 5007 sacro
3633 4939 3837 5000 LXXX:

2215 5053 2464 5107 qaorum
2512 5037 2814 5109 principes
2860 5044 3030 5093 erant
3085 5040 3446 5108 Theodorus,
3477 5036 3763 5104 Curbagus
3790 5025 3840 5077 et

2216 5126 2616 5192 Menedemus,
2651 5142 2798 5197 quos
2857 5128 3163 5183 universos
3204 5146 3339 5184 cum
3397 5130 3524 5200 ipsa
3554 5138 3691 5179 nave
3720 5128 3836 5172 suc-

2217 5217 2387 5271 cendi
2412 5215 2613 5286 jussit,
2639 5233 2771 5286 qua}
2802 5216 3090 5289 Dacibyza
3114 5235 3304 5289 usque
3321 5236 3456 5274 cum
3481 5204 3835 5288 pervenisset,

2220 5306 2296 5360 ibi
2341 5305 2632 5361 dissoluta
2663 5310 2771 5361 est.
2816 5307 3001 5378 Hujus
3035 5313 3301 5379 tempore
3358 5307 3567 5363 Lucius
3610 5299 3837 5355 Arianus

2218 5395 2545 5451 Ecclesiam
2569 5395 3071 5467 (Alexandrinam)
3112 5401 3398 5468 tanquam
3425 5397 3596 5466 lupus
3625 5380 3835 5445 invasit:

2219 5486 2391 5539 Petro
2423 5487 2668 5539 Romam
2707 5485 2989 5556 fugiente,
3052 5484 3311 5556 taliaque
3370 5484 3551 5541 edidit
3576 5477 3835 5533 facinora,

2221 5574 2420 5645 qualia
2442 5591 2515 5627 ne.
2540 5574 2598 5628 in
2619 5573 2932 5645 gentilium
2957 5572 3196 5643 quidem
3221 5567 3716 5645 persecutionibus
3746 5571 3833 5651 pa:

2220 5670 2373 5719 trata
2394 5664 2654 5718 fuerunt.
2690 5665 2832 5717 Nam
2861 5662 3292 5717 triahominum
3316 5663 3502 5719 millia
3524 5652 3725 5713 emisit,
3747 5658 3834 5716 qm

2224 5754 2374 5809 viros
2402 5754 2533 5826 pios
2559 5752 2623 5808 in
2649 5753 2883 5809 deserto
2917 5752 3283 5810 trucidarent
3312 5759 3369 5810 et
3397 5743 3759 5820 dissiparem.
