4126 6474
289 427 442 493 1371

1613 432 1865 493 INDEX
1913 427 2415 491 SCHIPTORUM

3551 436 3707 496 1372

290 562 541 632 nenlior,
575 565 826 633 Ζήνωνος
860 563 1299 639 ἐγκρατέστερος.
1334 567 1437 622 Hic
1467 583 1632 622 novaa
1674 566 1937 638 philoso-

2069 562 2337 634 thoIogiae
2369 562 2861 636 epigrammatum
2897 567 3231 621 Graecorum
3262 566 3513 622 obviam.
3534 568 3702 625 Conf.

288 655 446 727 phim
476 654 586 709 fuit
614 661 838 711 auctor.
874 658 1095 711 Revera
1119 657 1276 711 enim
1300 673 1508 712 omnes
1531 658 1727 728 specie
1748 656 1944 711 vultus

292 749 350 799 et
378 745 659 810 gravitate
687 750 746 800 et
783 746 1047 816 profecto
1088 746 1269 801 etiam
1331 744 1714 821 μακαριότητι,
1765 746 1946 802 beati-

291 838 409 888 tate
442 833 622 904 (apud
653 835 947 889 Laertium
978 836 1093 903 VII,
1128 837 1217 903 28,
1254 829 1651 908 μακροϐιότητι
1677 835 1941 905 longaevi-

292 928 422 989 tate,
458 924 802 995 superavit.)
832 924 989 979 Obiit
1018 942 1227 996 expers
1258 926 1602 982 morborum
1633 931 1692 981 et
1722 927 1948 998 optima

293 1028 530 1083 semper
560 1013 897 1069 valetudine
926 1020 1120 1070 utens.

361 1103 537 1170 Zeno,
570 1103 930 1158 Dioscorides
961 1105 1045 1172 F.,
1077 1105 1406 1173 Tarsensis,
1440 1105 1550 1173 vel,
1583 1111 1648 1160 ut
1677 1106 1778 1161 alii
1826 1111 1943 1163 tra-

291 1190 462 1259 dunt,
493 1191 799 1258 Sidonius,
823 1193 1238 1264 philosophus,
1259 1194 1588 1266 discipulus
1610 1195 1944 1267 Chrysippi,

289 1281 613 1348 Tarsensis,
648 1282 993 1353 philosophi
1019 1283 1199 1338 Stoici
1231 1288 1289 1338 et
1318 1300 1645 1340 successor.

362 1370 524 1438 Zino,
556 1370 799 1437 Citieus,
832 1372 1057 1439 rhetor,
1090 1389 1165 1427 an
1194 1373 1606 1445 philosophus,
1631 1374 1946 1430 incertum.

293 1459 541 1530 Scripsit
577 1478 597 1508 α
634 1461 714 1514 De
746 1460 999 1516 statibus
1031 1478 1382 1528 causarum;
1407 1464 1485 1518 De
1510 1464 1750 1535 figuris;
1780 1465 1948 1519 Com-

292 1568 323 1599 ‹‹
356 1548 718 1603 mentarium
745 1549 807 1604 in
837 1550 1312 1621 Xenophontem,
1346 1552 1408 1606 in
1466 1552 1718 1624 Lysiam,
1746 1552 1808 1607 in
1840 1554 1948 1609 De-

298 1658 327 1687 «
355 1638 732 1693 mosthenem
759 1656 773 1704 ;
811 1640 886 1694 De
917 1643 1282 1712 argumentis
1313 1642 1608 1697 oratoriis.

366 1726 541 1795 Zeno,
566 1726 1022 1798 Alexandrinus,
1046 1729 1304 1799 Iudaeus,
1328 1730 1433 1785 sed
1454 1747 1589 1786 cum
1610 1731 1949 1787 Iudaeorum

291 1816 452 1888 genti
486 1816 762 1871 nuntium
794 1817 1031 1888 publice
1064 1820 1414 1884 remisisset,
1468 1825 1534 1874 ut
1585 1821 1743 1893 apud
1788 1823 1948 1893 ipsos

2048 654 2280 707 Kuster.
2315 658 2436 709 not.
2471 656 2524 719 6,
2558 654 2598 710 1.
2635 672 2683 711 c.
2719 673 2776 725 p.
2811 657 2888 727 8.)

2119 742 2348 808 Zeuxis,
2384 759 2562 813 quem
2592 744 2939 800 Aristoteles
2970 746 3245 801 Isocratis
3278 752 3543 818 tempore
3575 748 3702 820 pic-

2052 832 2241 884 torem
2271 828 2455 885 fuisse
2482 831 2681 897 tradit,
2716 832 2778 886 in
2812 833 3056 888 Veneris
3080 831 3302 905 templo
3325 834 3699 905 Cupidinem,

2050 918 2522 989 pulcherrimum
2554 921 2707 974 rosis
2739 926 3109 987 coronatum,
3142 922 3354 993 pinxit.

2121 1012 2290 1074 Ζῆσαι
2322 1002 2428 1075 δὶς,
2462 1010 2541 1063 bis
2569 1010 2770 1066 vixisse
2802 1015 2862 1065 et
2891 1011 3173 1066 revixisse
3230 1010 3437 1065 dicunt
3485 1013 3710 1067 Hercu-

2050 1095 2191 1164 lem,
2223 1097 2596 1168 Tyndareum
2629 1103 2688 1153 et
2716 1098 3000 1155 Glaucum
3028 1117 3040 1153 :
3071 1099 3314 1170 quidam
3339 1101 3517 1155 etiam
3544 1104 3707 1157 Αἰδο-

2052 1201 2216 1258 pum.
3378 1177 3382 1181 ’
3708 1238 3721 1243 -

2123 1275 2319 1331 Zoilus
2349 1293 2420 1331 ex
2451 1278 2813 1350 Amphipoli,
2868 1278 3219 1333 Macedaniae
3270 1279 3526 1346 civitate,
3577 1297 3708 1351 qum

2053 1364 2199 1419 olim
2231 1365 2550 1421 voeabatur
2584 1367 2769 1422 Ἐννέα
2799 1363 2941 1434 ὁδοί,
2975 1369 3094 1423 sive
3119 1385 3307 1423 novem
3338 1371 3458 1438 viae,
3493 1386 3711 1442 cogno-

2052 1455 2314 1510 minatus
2346 1457 2837 1527 Homeromastix,
2890 1458 3048 1528 quod
3103 1459 3423 1513 Homerum
3473 1460 3707 1515 deride-

2053 1549 2164 1612 ret,
2199 1551 2560 1617 quapropter
2588 1546 2875 1618 Olympia:
2918 1547 3093 1615 cives,
3142 1548 3336 1619 ipsum
3388 1549 3707 1620 persecuti,

2056 1635 2128 1691 de
2160 1635 2442 1690 Scironiis
2474 1636 2630 1690 saxis
2688 1636 3167 1707 praecipitarunt.
3215 1638 3348 1691 Fuit
3402 1638 3608 1693 rhetor
3653 1646 3713 1694 et

2054 1724 2467 1797 philosophus.
2502 1725 2750 1796 Scripsit
2779 1732 2837 1780 et
2859 1726 3131 1796 quaedam
3162 1729 3570 1799 grammatica,
3593 1750 3621 1777 ‹‹
3645 1734 3713 1783 ut

2056 1836 2083 1864 ‹‹
2116 1813 2335 1869 Contra
2384 1814 2622 1869 Homeri
2679 1815 2888 1886 poesin
2939 1815 3123 1871 libros
3169 1818 3277 1883 IX;
3328 1818 3646 1873 Historiam
3678 1836 3712 1874 a

287 1910 595 1975 receptum
618 1911 707 1960 est
729 1908 1302 1998 more,peripsorum
1317 1925 1675 1981 synagogam
1698 1910 1793 1965 die
1807 1911 1940 1966 Sab-
1974 1933 2019 1998 Β
2056 1926 2084 1955 α
2114 1905 2632 1998 Τὴθίέοηὶξιᾼυεςίᾼιιθ
2664 1906 2738 1960 ad
2769 1907 3036 1998 Philippi,
3062 1912 3315 1962 mortem
3341 1925 3355 1973 ;
3387 1908 3585 1977 libros
3610 1911 3710 1979 IlI,

282 1992 404 2047 bati
431 1994 664 2048 asinum
688 1995 889 2049 album
914 1996 1197 2051 traduxit.
1230 1996 1332 2051 Hic
1359 1999 1514 2052 Zeno
1546 2004 1762 2053 natura
1806 2000 1936 2070 qui-

285 2079 421 2135 dem
447 2099 652 2153 aaquus
675 2086 733 2137 et
753 2083 1079 2148 bonus,sed
1096 2086 1157 2140 in
1178 2085 1522 2156 eloquentia
1534 2087 1943 2158 etdisciplinis

286 2169 534 2241 tardior,
570 2187 806 2242 semper
834 2172 1063 2228 discere
1091 2174 1339 2245 cupiens
1398 2179 1456 2228 et
1502 2176 1785 2247 rogitans,
1839 2175 1941 2231 sed

286 2263 490 2317 omnia
519 2264 953 2334 propemodum
984 2264 1283 2335 ignorans,
1317 2271 1429 2321 etc.

354 2356 530 2424 Zeno,
562 2354 739 2425 alius,
780 2356 973 2410 Procli
1032 2356 1301 2426 aaqualis,
1356 2373 1573 2428 genere
1629 2359 1942 2431 Pergame-

286 2459 421 2510 nus,
456 2448 515 2497 et
543 2444 669 2515 ipse
700 2448 917 2499 natura
947 2444 1021 2499 ad
1053 2444 1404 2500 discendum
1439 2446 1717 2515 tardiore,
1749 2447 1945 2503 bonus

282 2538 485 2588 tamen
521 2538 579 2586 et
609 2531 875 2587 moribus
906 2533 1273 2604 compositis.
1306 2534 1448 2589 Uter
1493 2551 1629 2590 vero
1678 2536 1945 2606 ipsorum

286 2622 567 2677 Sallustio
626 2638 867 2676 causam
899 2639 933 2678 a
963 2622 1170 2677 Proclo
1221 2622 1550 2680 dissidendi
1602 2626 1944 2697 prmbuerit,

287 2710 489 2766 dicere
515 2727 638 2765 non
668 2727 934 2783 possum.

356 2803 670 2869 Zenobius,
705 2803 993 2874 sophista,
1027 2805 1125 2875 qui
1159 2807 1359 2860 Romaa
1383 2807 1584 2861 docuit
1610 2808 1719 2861 snb
1745 2808 1945 2863 Adria-

287 2909 366 2948 no
399 2893 647 2948 Caasare.
685 2893 932 2964 Scripsit
965 2915 986 2945 ι
1022 2895 1453 2966 Compendium
1493 2898 1945 2968 proverbiorum

290 3001 319 3028 ‹‹
353 2978 587 3049 Didymi
620 2983 679 3034 et
707 2980 1030 3046 Tharrhaai,
1064 2980 1234 3035 libris
1265 2983 1341 3036 III
1396 2984 1527 3054 (37).
1568 2986 1707 3039 Item
1765 2985 1945 3042 Graece

293 3086 317 3117 ι
350 3068 913 3138 Interpretationem
944 3069 1335 3125 historiarum
1368 3070 1652 3141 Sallustii,
1691 3072 1948 3129 historici

287 3178 318 3207 α
350 3158 586 3211 Romani
642 3162 693 3211 et
750 3156 922 3228 ipsius
1009 3158 1315 3224 bellorum;
1373 3160 1823 3216 Genethliacum
1882 3163 1943 3218 in

288 3264 317 3296 «
348 3244 681 3300 Adrianum
712 3246 1025 3315 Caesarem,
1059 3269 1084 3295 ι)
1114 3253 1172 3302 et
1200 3248 1337 3304 alia.

358 3334 714 3403 Zenodotus,
783 3335 1240 3407 Alexandrinus,
1327 3341 1748 3407 grammaticus
1806 3340 1834 3394 ὁ
1891 3340 1944 3395 ὲν

290 3418 438 3476 ἄστει
468 3430 727 3479 vocatus.
759 3425 1028 3497 Scripsit,
1062 3452 1083 3478 ι
1120 3427 1417 3483 Adversus
1447 3445 1518 3484 ea
1538 3446 1669 3501 quae
1688 3431 1943 3487 Aristar-

291 3530 320 3565 ι
352 3510 500 3566 chus
525 3516 591 3566 ut
619 3512 823 3583 spuria
853 3514 913 3568 in
946 3515 1208 3591 Homero
1228 3516 1438 3588 rejecit
1467 3534 1481 3583 ;
1506 3518 1800 3574 Adversus
1821 3521 1948 3576 Pla-

2054 2015 2082 2045 «
2114 1996 2194 2050 De
2227 1996 2590 2066 Amphipoli.
2618 1997 2753 2050 Item
2783 1997 3000 2052 Contra
3020 1997 3360 2063 Isocratem,
3386 2005 3704 2067 oratorem,

2052 2104 2080 2133 «
2112 2083 2336 2152 aliaque
2360 2082 2627 2153 plurima,
2661 2082 2722 2137 in
2751 2084 2951 2153 quibus
2977 2086 3092 2153 fuit
3121 2091 3172 2139 et
3203 2085 3436 2139 Homeri
3470 2086 3713 2158 Vitupe-

2053 2192 2082 2223 «
2114 2172 2286 2227 ratio.
2323 2195 2345 2224 ι

2120 2263 2366 2317 Zonaaus
2399 2262 2637 2333 scripsit
2680 2266 2981 2319 amatorias
3029 2265 3306 2335 epistolas,
3360 2271 3420 2321 et
3468 2269 3534 2321 de
3586 2268 3712 2323 (udo

2045 2353 2199 2423 pilae.
2233 2352 2745 2408 Circumferuntur
2790 2359 2848 2409 et
2895 2355 3025 2410 alia}
3072 2356 3202 2427 ejus
3251 2356 3494 2426 epistolae
3542 2361 3709 2413 rusti-

2052 2456 2245 2507 canae;
2286 2441 2390 2497 sed
2420 2441 2492 2498 ab
2523 2442 2713 2514 ipsius
2740 2444 2892 2516 stylo
2923 2444 3229 2501 recedunt.

2121 2531 2481 2598 Zoroastres,
2544 2531 2958 2601 Persomedus,
3019 2538 3259 2589 ceteros
3334 2539 3709 2591 astronomos

2052 2618 2346 2689 sapientia
2402 2635 2693 2690 superans
2747 2624 2806 2675 et
2860 2620 3090 2692 primus
3146 2629 3353 2678 auctor
3408 2626 3706 2695 Magorum

2052 2709 2337 2775 nominis,
2364 2709 2523 2780 apud
2552 2709 2714 2781 ipsos
2735 2711 2980 2781 recepti.
3011 2712 3143 2765 Fuit
3161 2713 3338 2767 annis
3360 2713 3703 2786 quingentis

2051 2803 2188 2853 ante
2215 2798 2440 2854 bellum
2454 2800 3319 2871 Trojanum.Circumferuntur
3331 2803 3460 2873 ejus
3477 2824 3499 2854 ι
3519 2803 3707 2859 libelli

2052 2910 2081 2939 ‹‹
2098 2894 2352 2960 quatuor
2363 2889 2436 2944 de
2453 2894 2697 2956 natura;
2727 2889 2800 2944 de
2822 2891 3100 2963 pretiosis
3118 2890 3704 2964 lapillis,unus;prae-

2059 2995 2082 3025 ι
2102 2977 2392 3033 dictiones
2410 2978 2719 3034 stellarum
2744 2996 2757 3045 ;
2782 2979 3403 3050 apotelesmaticorum
3426 2981 3563 3036 libri
3590 2983 3651 3036 V.
3678 3004 3706 3033 »

2121 3069 2479 3136 Zoroastres,
2514 3074 2892 3123 astronomus
2922 3068 3032 3124 sub
3065 3068 3237 3137 Nino,
3264 3086 3403 3143 rege
3436 3070 3707 3141 Assyrio-

2053 3172 2206 3224 rum,
2263 3157 2364 3228 qui
2395 3157 2635 3229 optavit,
2693 3163 2761 3212 ut
2812 3157 2944 3230 igne
2993 3158 3219 3213 caelesti
3287 3158 3705 3232 conﬂagraret,

2052 3248 2403 3317 monutique
2435 3247 2730 3319 Assyrios,
2777 3253 2845 3302 ut
2887 3248 3119 3303 cineres
3167 3265 3307 3305 suos
3361 3257 3701 3317 servarent;

2058 3337 2143 3393 sic
2174 3337 2334 3391 enim
2364 3335 2488 3391 fore
2521 3341 2587 3391 ut
2616 3353 2796 3409 regno
2829 3353 3139 3409 nunquam
3163 3338 3524 3411 exciderent,
3551 3340 3712 3412 quod

2056 3428 2236 3485 etiam
2264 3443 2425 3483 nunc
2453 3427 2565 3499 (38)
2595 3427 2752 3498 apud
2782 3428 2943 3499 ipsos
2974 3427 3321 3485 observatur
3347 3447 3359 3484 :

2117 3518 2555 3584 Zoromasdres,
2579 3518 2891 3573 Chaldaeus
2914 3518 3173 3589 sapiens,
3209 3520 3449 3591 scripsit
3479 3522 3706 3577 mathe-

289 3621 320 3652 ‹‹
354 3604 556 3656 tonem
587 3601 660 3657 de
692 3602 804 3658 diis
831 3621 844 3671 ;
877 3605 958 3659 De
990 3606 1303 3661 Homerica
1332 3609 1800 3677 consuetudine;
1832 3614 1947 3666 So-
2046 3608 2265 3663 matica
2293 3614 2353 3663 et
2382 3607 2645 3679 physica.

291 3710 316 3743 ι
350 3691 610 3747 lutiones
643 3694 1090 3750 Homericarum
1120 3695 1557 3753 dubitationum
1583 3716 1597 3765 ;
1621 3699 1686 3754 In
1707 3700 1946 3757 Hesiodi

293 3803 322 3832 «
356 3782 775 3855 Theogoniam,
812 3807 841 3834 ››
873 3790 934 3841 et
961 3785 1079 3841 alia
1107 3787 1316 3843 multa.

356 3873 716 3940 Zenodotus,
767 3874 1080 3944 Ephesius,
1133 3882 1309 3946 poeta
1369 3878 1572 3949 epicus
1633 3884 1692 3935 et
1749 3896 1946 3953 gram-

2116 3697 2405 3763 Zosimus,
2463 3696 2922 3763 Alexandrinus,
2992 3697 3408 3770 philosophus,
3468 3700 3709 3770 scripsit

2048 3787 2397 3856 Chymeutica
2427 3787 2497 3843 ad
2530 3786 2942 3856 Theosebiam,
2977 3804 3265 3855 sororem,
3298 3788 3477 3860 idque
3533 3806 3704 3860 opus,

2048 3878 2258 3933 ordine
2283 3878 2660 3949 alphabetico
2694 3879 3006 3949 scriptum,
3060 3878 3228 3934 libris
3278 3880 3522 3947 XXVIII,
3573 3897 3709 3936 con-

287 3961 563 4026 maticus,
597 3962 843 4017 Philetas
870 3963 1223 4035 discipulus.
1272 3966 1426 4022 Vixit
1468 3969 1577 4024 sub
1625 3971 1944 4027 Ptolemaeo
2050 3973 2185 4024 stat.
2220 3971 2266 4023 A
2289 3969 2647 4040 quibusdam
2683 3969 2744 4025 id
2777 3969 3131 4024 inscribitur
3158 3968 3526 4044 χειρόκμητα,
3559 3972 3704 4026 Item

298 4049 493 4119 primo
524 4056 584 4104 et
611 4051 843 4121 primus
870 4050 985 4106 fuit
1014 4054 1251 4109 Homeri
1294 4062 1611 4112 corrector.
1667 4061 1751 4119 (V.
1797 4061 1949 4115 Kus-

290 4137 402 4191 teri
436 4143 559 4195 not.
593 4140 639 4207 I,
675 4144 817 4196 tom.
851 4141 921 4208 II,
980 4159 1113 4214 pag.
1177 4144 1251 4216 8.)
1312 4145 1473 4202 Idem
1529 4148 1949 4204 Alexandrinis

287 4225 528 4297 praefuit
556 4227 934 4286 bibliothecis
968 4236 1025 4286 et
1053 4232 1361 4289 Ptolemaei
1392 4235 1615 4293 liberos
1665 4238 1948 4308 instituit_

2055 4060 2239 4114 Vitam
2267 4059 2537 4114 Platonis.

2119 4147 2408 4214 Zosimus,
2470 4149 2704 4203 Gazaius
2761 4149 2851 4203 vel
2934 4149 3332 4217 Ascalonites,
3420 4150 3708 4222 sophista,

2043 4236 2415 4307 temporibus
2449 4237 2591 4309 imp.
2626 4238 2944 4294 Anastasii.
2980 4238 3228 4311 Scripsit
3257 4263 3277 4287 ι
3316 4239 3549 4295 lexicon
3576 4241 3711 4295 rhe-

362 4317 713 4389 Zeuxippus.
746 4319 1185 4392 Christodorus,
1218 4324 1495 4383 haroicus
1548 4334 1741 4400 poeta,
1798 4329 1949 4385 scri-
2048 4349 2077 4377 «
2114 4326 2391 4393 toricum,
2425 4331 2485 4381 et
2514 4328 3015 4383 commentarium
3049 4328 3109 4382 in
3161 4329 3621 4385 Demosthenem
3654 4335 3713 4385 et

288 4405 409 4476 psit
436 4408 765 4478 Ecphrasin
814 4414 1146 4467 statuarum
1190 4414 1492 4487 Zeuxippi.
1542 4417 1734 4487 (Libro
1765 4436 1797 4473 v
1826 4421 1945 4474 An-

359 4586 478 4678 ρλλ
500 4589 563 4678 ΥΥ.
598 4589 829 4678 Kuster..
863 4595 987 4646 not.
1022 4595 1075 4660 7,
1114 4595 1365 4678 tomb“,
1388 4601 1603 4678 pagg.
1640 4598 1705 4678 H_.

366 4656 480 4727 (38)
510 4659 636 4713 Non
667 4661 854 4733 magis
883 4656 1085 4718 verum
1118 4663 1230 4720 hoc
1259 4656 1373 4720 fuit
1388 4656 1597 4724 ‘Su‘i'daa
1627 4673 1820 4736 aetate,

2050 4438 2079 4467 ‹‹
2113 4415 2369 4487 Lysiam.
2403 4436 2431 4465 »

2048 4611 2230 4671 quam
2261 4597 2658 4671 Zoroastreos,
2691 4613 2842 4669 quos
2870 4602 3164 4653 memorat
3182 4598 3367 4654 libros
3389 4604 3531 4655 tunc
3551 4599 3710 4671 apud

2051 4669 2282 4724 Graacos
2309 4669 2693 4740 superfuisse.

292 4811 3707 4846 —.—-—___.__.______________________________________________

936 4947 1593 5105 INDEX
1724 4955 3057 5109 SCRIPTORUM

600 5200 659 5289 Α
709 5200 953 5269 SUIDA
1003 5204 1593 5295 LAUDATORUM,
1647 5213 2109 5284 NONNULLIS
2158 5215 2381 5283 LOCIS
2434 5216 2989 5283 KUSTERIANIO
3037 5215 3397 5283 PLENIOR

289 5538 558 5607 Acasius,
596 5542 879 5614 SOphista.
915 5565 965 5602 v.
1002 5461 1284 5610 Λιϐἒνιος.

290 5629 511 5772 Acaciil,
545 5632 823 5776 gmsarfae
854 5638 1136 5712 episcopi,
1166 5640 1321 5697 liber
1349 5643 1422 5699 de
1454 5644 1779 5703 orthodoxa
1804 5647 1940 5707 fide.

514 5736 543 5770 ο
588 5740 720 5776 ινεαν
763 5743 808 5776 ς.

514 5736 808 5784 οοινεανός.

292 5804 562 5863 Αοὴωῐιε.

2131 5466 2219 5523 Ἐν
2247 5463 2429 5543 Ἴριδι,
2462 5485 2512 5523 v.
2548 5468 2688 5528 Βοῦς
2717 5461 2983 5539 ἕϐδομος.

2127 5556 2215 5611 Ἐν
2245 5558 2324 5626 τῷ
2357 5553 2698 5630 Φιλοκτήτῃ.
2733 5574 2784 5614 v.
2813 5553 3057 5612 Ἐλελεῦ.

2054 5644 2314 5700 Acusilai
2363 5644 2585 5717 scripta
2640 5644 3041 5717 supposititia.
3101 5642 3409 5704 Ἑκαταῖος·
3468 5642 3713 5717 Ἱστορῆ-

2125 5751 2236 5790 σαι.

2053 5821 2338 5881 Elianus.
2371 5840 2423 5881 ν.
2480 5817 2820 5899 Ἀϐληχρόν.
2868 5816 3113 5900 ’Λϐραῖς.
3169 5825 3407 5900 Ἃγεται.
3464 5819 3710 5897 Ἀγονία.
