4126 6482
308 428 466 487 13Ἰὸ

307 560 574 616 Andron.

378 650 465 704 Ἐν
498 645 754 722 Τρίποδι.
788 669 837 705 v.
872 649 1098 720 Σαμίων
1125 646 1172 703 δ.

309 739 662 794 Androtion.
697 757 747 792 v.
784 737 1071 815 Βουφὸνια.
1106 741 1462 814 Συγγραφεῖς.

379 828 467 882 Ἐν
498 825 640 899 ἕκτῳ
668 826 919 889 Ἀτθίδος
948 846 1000 884 v.
1037 832 1236 882 Νεῶσι.

307 917 641 973 Anniceris.
676 935 725 971 v.
761 914 1140 991 Ἀρίστιππος.

309 1010 681 1077 Anonymus.

383 1095 469 1147 Ἐν
498 1097 566 1166 τῇ
602 1092 871 1168 μαρτυρίᾳ
925 1097 1034 1147 τῶν
1092 1091 1289 1166 Ἀγίων
1347 1088 1670 1166 διαμυρίων.
1712 1109 1766 1144 ν.
1804 1091 1966 1146 Ἀσα-

454 1182 597 1259 φείᾳ.

384 1273 471 1327 Ἐν
584 1269 1109 1349 Φιλοσοφουμένων.
1168 1292 1219 1329 v.
1281 1265 1595 1343 Ἐμποδών.
1645 1269 1968 1339 (Hierocles

456 1363 612 1434 apud
645 1367 845 1434 Apost.
881 1366 1024 1421 VIII.
1059 1365 1170 1435 20.)

387 1450 485 1507 Ἐκ
511 1455 608 1505 τοῦ
641 1450 761 1526 βίον)
789 1455 887 1505 τοῦ
917 1449 1329 1526 Χρυσοπόμου.
1364 1469 1414 1506 v.
1449 1448 1768 1523 Κυριὸσσου.

312 1542 655 1613 Antagoras,
690 1541 975 1607 Rhodius,
1008 1559 1057 1597 ν.
1093 1541 1349 1615 Ἀρατος.

312 1631 666 1703 Antigonus,
701 1632 1022 1703 Carystius.
1058 1649 1108 1685 ν.
1144 1627 1517 1693 Ὠτοθλαδίας.

313 1720 723 1775 Antimachus.
784 1738 835 1773 ν.
899 1715 1236 1793 Ἀδράστεια.
1300 1720 1696 1775 Ἀνατυπῶσαι.
1751 1719 1963 1791 Πῶρος.

456 1809 653 1871 Πάρος.
685 1808 974 1883 Σταθερόν.
1015 1808 1403 1883 Ταλαίπωρος.

386 1896 474 1952 Ἐν
504 1900 572 1969 τῇ
607 1894 755 1970 Λυδῇ
785 1902 956 1972 γενεᾷ.
991 1916 1040 1953 v.
1075 1897 1392 1972 Ὀργεῶνες.

310 1988 661 2054 Antiochus,
696 1988 1109 2060 philosophus.
1142 2006 1191 2043 v.
1222 1974 1605 2048 Λούκουλλος.

308 2076 637 2147 Antipater,
673 2078 982 2145 Theodori,
1014 2078 1192 2147 athei,
1219 2078 1570 2150 discipulus.
1605 2095 1657 2134 ν.
1689 2075 1963 2150 Ἀρίστιπο

380 2185 503 2227 πος.

310 2257 700 2327 Antiphanes.
808 2276 857 2313 ν.
960 2256 1367 2333 Ἀλοοργιαῖον.
1492 2257 1964 2333 Ἀμαρτυρήτους.

457 2343 788 2402 Ἀπὸδικεῖν.
820 2345 996 2420 Τρίτῳ
1024 2343 1113 2400 καὶ
1145 2367 1197 2402 τ.
1228 2342 1589 2420 ’Υπέρχολος.

384 2431 724 2506 Ἀγροίκοις.
754 2453 807 2490 v.
837 2432 1175 2508 Ῥαγδαίους.

386 2520 694 2592 Εὐθυδίκῳ.
731 2542 779 2578 v.
814 2528 913 2577 ῘΙεν
926 2522 1287 2596 ιτευομὲνους.

388 2607 690 2682 Λευκαδίῳ.
723 2630 777 2667 v.
814 2610 1145 2684 Ἀνοὶριστος.

318 2698 711 2769 Antiphanes,
728 2701 955 2772 junior.
978 2720 1027 2757 ν.
1054 2695 1265 2761 Ἀϐιος.
1290 2697 1658 2758 Ἀδιάστατον.
1690 2698 1967 2755 Ἀειεστώ.

462 2791 657 2862 "Amp.
722 2790 1067 2865 ’ΛκροᾶσΟαι.
1157 2790 1329 2862 ’Δμα.
1408 2786 1968 2865 Ἀναγινωσκομένου.

465 2876 699 2947 Ἀνήκει.
763 2879 954 2948 Ἀξιοῖ.
1030 2880 1258 2935 "Acmon.
1343 2880 1574 2948 Ἀπαθῆ.
1635 2877 1969 2952 Ἀπεγὲνετο.

462 2964 903 3041 Ἀποδιδόμενοι.
960 2968 1342 3045 ’¹Αποκρίθητι.
1405 2967 1754 3024 Ἀπολαιεειν.
1807 2969 1973 3025 Ἀπο-

467 3057 745 3131 τειχίζων.
867 3064 1056 3114 "Atta.
1176 3057 1489 3127 Αὐλίζεται.
1596 3058 1968 3133 Ἀχαριστεῖν.

467 3145 725 3208 Βάσανος.
805 3149 1148 3207 Δεκατευτάς.
1205 3148 1473 3209 Διάθεσις.
1549 3149 1788 3215 iterum,
1847 3146 1971 3200 Διά-

461 3255 665 3296 στασις.
726 3234 1077 3292 Διετείνοντο.
1155 3236 1465 3298 Δοσάνισος.
1523 3231 1769 3292 Ἐυϐιον.
1835 3237 1970 3308 Ἐμ-

459 3322 669 3381 ποδών.
724 3327 812 3381 Ἐν

464 3415 858 3488 Ἐπεσκγςψατο.
942 3418 1218 3489 Ἑρμαῖος.
1304 3413 1616 3489 Εὐουωρόν.
1691 3412 1977 3490 Εόόφθαλ-

465 3522 588 3573 μον.
640 3502 1031 3576 ἩμιοΛισμὸς.
1086 3502 1351 3561 Ἱκετεύω.
1414 3499 1774 3558 Καταλαϐεῖν.
1817 3508 1978 3577 Μοχ-

464 3592 655 3663 Οηρός.
686 3592 883 3648 Ὀκνῶ.
938 3591 1233 3666 Ηατρῲων.
1288 3592 1601 3667 Προσφορά.
1638 3591 1975 3665 Συνήγορος.

463 3678 820 3750 Τελεσθῆναι.
880 3680 1051 3742 Τέως.
1114 3680 1462 3753 Φηλώματα.
1541 3681 1772 3756 Φορίνη.
1826 3681 1976 3756 Χρη-

467 3771 671 3842 μάτων,

390 3863 479 3914 Ἐν
537 3863 616 3929 τῷ
675 3859 795 3933 περὶ
855 3856 1166 3928 Ἀληθείας.
1227 3877 1278 3915 v.
1331 3861 1512 3932 Ἅγιοι.
1549 3854 1977 3929 Αδὲητος,Δε-ις-

460 3967 590 4008 σεις.
624 3947 899 4003 Ἀειεστώ.

387 4036 474 4091 Ἐν
511 4032 801 4103 Ἀληθείας
838 4036 904 4109 β’,
940 4054 991 4091 v.
1024 4033 1362 4108 Γρυπαίνειν.
1394 4036 1656 4097 Διάθεσις.

392 4126 474 4178 Ἐν
505 4127 573 4197 τῇ
608 4122 918 4198 Ἀπολογίᾳ
945 4130 1045 4192 τῆς
1080 4121 1448 4197 Δωροδοκίας.
1479 4143 1530 4180 v.
1567 4124 1739 4187 Τέως.

389 4215 477 4267 Ἐν
508 4217 576 4286 τῇ
610 4212 884 4289 Ἀπολγίᾳ
910 4216 1007 4268 τοῦ
1038 4211 1249 4288 Μύρου.
1284 4232 1333 4270 v.
1367 4220 1557 4271 "At-ca.

391 4303 477 4358 Ἐν
530 4308 610 4375 τῷ
666 4304 870 4377 πρώτῳ
927 4303 1048 4377 περὲ
1115 4306 1212 4356 τοῦ
1294 4301 1670 4376 Δικαιογὲνους
1737 4305 1971 4378 κλήρου.

458 4412 508 4448 v.
542 4392 685 4453 Τέως
698 4438 709 4450 .

391 4484 475 4538 Ἑν
508 4486 576 4555 τῇ
608 4481 745 4555 πρὸς
780 4480 1130 4554 Δημοσθένην
1160 4484 1368 4557 γραφῇ.
1402 4500 1452 4536 v.
1489 4480 1799 4544 Κελὲοντες.

386 4572 471 4626 Ἑν
530 4574 599 4643 τῇ
658 4572 793 4642 πρὸς
850 4571 947 4639 τήν
1010 4567 1252 4624 Καλλίου
1322 4567 1580 4641 Ἐνδειξιν
1650 4568 1971 4647 Ἀπολογίᾳ.

456 4678 507 4716 v.
560 4657 1000 4734 Μοιροδοκῆσαι.

392 4748 479 4804 Ἑν
512 4752 590 4819 τῷ
620 4748 742 4817 περὶ
775 4748 1178 4809 Μεταστάσεως.
1213 4767 1263 4804 v.
1302 4749 1640 4821 Στασιώτης.

390 4836 479 4891 Ἐν
508 4840 586 4907 τῷ
615 4835 753 4910 πρὸς
784 4834 1078 4891 Νικοκλέα.
1115 4856 1162 4891 v.
1199 4837 1468 4914 Στεφάνη.

393 4927 484 4983 Ἐν
513 4930 591 4997 τῷ
621 4924 744 5000 περὶ
800 4925 1112 4998 Ὁμονοίας.
1165 4947 1216 4984 v.
1269 4924 1510 5000 Ἀνδρία.
1563 4927 1699 4984 Ἰνα.
1749 4925 1971 4983 Θεαιδέ-

461 5037 672 5077 στατος.
708 5016 943 5074 Θωπεία.
980 5013 1301 5079 Σκιάποδες.

386 5118 477 5174 Ἐν
500 5121 569 5190 τῇ
600 5115 935 5192 Παρανόμων
970 5116 1309 5191 Κατηγορία.
1346 5135 1395 5174 v.
1430 5121 1619 5193 Δεῦρο.

389 5210 472 5264 Ἐν
503 5212 572 5284 τῇ
605 5207 901 5280 Ηολιτικῷ.
938 5227 987 5265 v.
1021 5202 1439 5281 Εὖσῦμϐουλος.

389 5299 445 5354 Ἐ
476 5302 554 5369 τῷ
586 5297 708 5372 περὶ
744 5296 1027 5373 Προνοίας.
1061 5317 1112 5353 v.
1147 5293 1493 5360 Ἀναθέσθαι.

458 5389 591 5459 (Sed
618 5389 698 5443 ibi
731 5389 880 5461 lege,
913 5388 1037 5461 περί
1067 5385 1380 5459 Ὁμονοίας.

388 5485 474 5539 Ἐν
537 5486 884 5559 Προοιμίοις.
946 5504 997 5542 v.
1057 5481 1364 5547 Αἷσθὲσθαι.
1421 5482 1745 5558 Μοχθηρός.
1797 5486 1970 5559 Ἀμα.

381 5574 472 5629 ’Ev
500 5578 581 5645 τῷ
614 5577 1018 5649 Σαμοορᾳκικῷ
1067 5571 1236 5647 λόγῳ.
1272 5590 1321 5627 v.
1360 5571 1717 5646 Σαμοθρᾴκῃ.

387 5663 473 5717 Ἐν
503 5663 583 5735 τῷ
639 5663 770 5738 ὑπὲρ
825 5666 922 5717 τοῦ
983 5662 1356 5734 Σαμοθρᾳκῶν
1418 5661 1615 5736 φόρου.
1652 5681 1701 5721 v.
1738 5662 1969 5719 Ἀπότα-

454 5749 554 5820 εις-

1620 423 1863 485 lNDEX
1904 423 2408 490 SCRIPTORUM

1986 562 2043 629 Α
2073 560 2388 630 Antonius,
2416 560 2764 616 monachus.
2796 578 2847 615 ν.
2882 559 3108 630 Ἀμοῦς.

895 3326 1112 3401 βραχεῖ.
1183 3324 1532 3401 Ἐπαγγελία.
1589 3324 1967 3395 Ἐπαλλάξεις.
2012 3311 2055 3379 C

1993 4687 2041 4751 D

3563 421 3726 483 1376

2070 648 2331 719 Apellas,
2363 650 2660 705 Ponticus.
2693 668 2745 703 ν.
2780 644 3149 708 Ῥωδώπιδος.

2069 738 2350 809 Aphtonii
2384 738 2514 805 ﬁlii,
2576 739 2851 805 Sabinus,
2910 738 3194 809 sophista,
3229 740 3288 790 et
3329 735 3588 807 Sergius,
3621 748 3725 805 pa-

2216 827 2441 882 tricius.
2475 845 2525 884 v.
2563 827 2808 901 Σέργιος.

2070 916 2324 987 Appion.
2360 909 2658 977 Σπιλάὸες.
2694 914 3001 991 Σφάραγον.
3034 912 3332 989 Τρίγληνα.

2142 1005 2229 1060 Ἐν
2266 1003 2699 1079 Ἐπιγράμματι.
2732 1024 2779 1062 v.
2826 1003 3116 1079 ’Λγύρτης.

2145 1094 2232 1149 Ἐν
2260 1091 2340 1165 τῷ
2369 1094 2492 1167 περὶ
2521 1093 2730 1167 Μάγου.
2764 1112 2814 1150 v.
2849 1091 3056 1163 Πάσης.

2071 1183 2487 1255 Apollodorus,
2549 1202 2596 1241 ν.
2657 1184 3061 1260 Ἀμφιφῶντες.
3122 1182 3456 1237 Ἀνάστατοι.
3503 1177 3732 1250 Καλυμ-

2213 1292 2323 1332 νος.
2387 1266 2580 1332 Κύϐος.
2644 1266 2889 1346 Κσῖρϐεις.
2967 1264 3193 1345 Κύρϐεις
3252 1270 3308 1324 αἱ
3363 1290 3414 1326 τ.
3474 1266 3729 1342 Λαρινοί.

2215 1359 2435 1437 Ὀσφύς.
2525 1359 2721 1431 Ῥάξαι.
2805 1359 3180 1435 Ταυροπόλαν,
3243 1355 3510 1432 Φροῦδος.
3570 1356 3729 1421 Χὸες.

2216 1450 2435 1525 Ἐορτή.
3193 1453 3200 1460 ’

2144 1549 2230 1603 Ἐν
2288 1552 2368 1617 τῷ
2420 1549 2545 1624 περὶ
2602 1552 2709 1604 τῶν
2772 1550 3065 1622 Ἀθήνῃσιν
3130 1551 3416 1622 Ἑταιρῶν.
3465 1564 3520 1602 v.
3556 1552 3736 1599 Φανο-

2216 1635 2439 1711 στρατη.

2145 1727 2231 1781 Ἐν
2263 1724 2405 1799 ’ἐκτῳ
2435 1727 2560 1798 περὶ
2594 1728 2965 1802 Ἐπιχάρμου.
3000 1747 3048 1783 v.
3087 1724 3478 1799 Καρδιώττειν.

2146 1817 2231 1871 Ἐν
2264 1821 2343 1888 τῷ
2370 1817 2493 1889 περὶ
2523 1821 2630 1872 τῶν
2665 1820 2948 1893 Ἑταιρῶν.
2984 1838 3033 1876 v.
3070 1819 3316 1877 Νάννιον.

2142 1908 2231 1962 Ἐν
2264 1911 2383 1969 τοῖς
2406 1907 2530 1980 περί
2563 1911 2730 1965 Θεῶν.
2760 1927 2810 1963 v.
2845 1907 3181 1982 Μειαγωγία.

2073 1995 2492 2067 Apollodorus,
2524 1998 2845 2069 Carystius.

2144 2085 2628 2158 Ἀποκαρτεροῖωι.
2660 2105 2710 2142 ν.
2747 2083 3069 2155 Σπουδάζω.

2150 2170 2549 2249 Ἀπολιπούσῃ.
2582 2195 2633 2233 v.
2661 2177 2825 2250 Ἐγκο
2835 2170 3174 2249 μϐώσασθαι.

2077 2264 2495 2336 Apollodorus,
2528 2267 2863 2336 Cyrenmus.
2896 2284 2946 2322 v.
2979 2266 3290 2341 Ἀντικρυς.
3323 2263 3633 2323 Βδελύσσω.

2079 2352 2449 2425 Apollonius.
2508 2371 2559 2409 ν.
2622 2351 2828 2423 Λίσπη,
2908 2353 3076 2411 Metui.
3162 2352 3506 2429 Ὑδροφορία.
3576 2351 3737 2410 Χαλ-

2221 2459 2283 2494 κε
2292 2460 2362 2496 ια.

2084 2539 2460 2611 Apollonius,
2493 2540 2779 2596 Archibii.
2816 2559 2864 2597 ν.
2900 2539 3135 2613 Ἀπίωνε

2081 2628 2434 2699 Apollonius
2465 2631 2769 2700 Tyanmus.
2802 2648 2854 2686 ν.
2889 2630 3249 2703 Ἀναξαγόρας
3282 2649 3451 2703 γοητε
3484 2650 3534 2686 α.

2081 2717 2452 2789 Apollonius,
2513 2718 2798 2775 Rhodius.
2858 2738 2908 2775 ν.
2968 2719 3223 2794 Μαρσύας
3282 2716 3333 2773 ἐν
3389 2740 3440 2775 τ.
3506 2725 3743 2793 Μασχα-

2227 2802 2503 2874 λισθῆναι.

2156 2894 2241 2950 Ἐν
2275 2895 2682 2969 Ἀργοναύταις.
2718 2916 2767 2952 v.
2803 2898 3080 2971 Λυγκέως.

2082 2984 2540 3057 Apollophanes.
2573 3004 2621 3042 V.
2654 2983 2995 3063 Ἀδελφειὸς.
3028 2986 3376 3056 Ὑπωπιᾶζω.

2082 3075 2422 3145 Apostolus.
2480 3094 2532 3133 ν.
2593 3076 2789 3132 Κακία.
2855 3078 3177 3147 Κακοήοεια.
3212 3071 3743 3150 Καταϐραϐεύεσθαι.

2226 3161 2566 3220 Καταλαλιά.
2655 3168 2967 3241 Κατανυγῶ,
3047 3165 3259 3239 Νόμος.
3308 3165 3498 3227 Ξὲνος.
3559 3165 3745 3221 Ὅπλα

2226 3272 2281 3328 φ.
2346 3253 2608 3325 Ὀψώνια.
2669 3252 2979 3329 Παρέδωκε.
3045 3253 3446 3331 ΙΙαρεισελθεῖν.
3530 3257 3748 3331 ΙΙερπε-

2226 3341 2360 3416 ρεία.
2396 3338 2616 3403 Πολλὰς
2674 3340 2851 3417 ἐπιτρ.
2910 3344 3175 3419 Πονηρία.
3235 3344 3505 3420 ιΙονηρόν,
3547 3346 3744 3420 Ὗπερ-

2225 3431 2470 3504 αίρομαι.
2600 3432 2991 3509 Ὑπερήφανος.
3117 3434 3450 3498 Ὑπόστασις.

2233 3523 2432 3591 πιάζω,
2470 3524 2698 3587 Φθόνος.
2727 3524 2922 3588 Φόνος.
2958 3524 3147 3588 Φόσις.
3182 3526 3453 3601 Ψυχικός.

2081 3614 2409 3685 Appianus.
2444 3631 2496 3671 v.
2559 3611 2982 3686 Ἀλλαξάμενος.
3050 3612 3349 3685 Ἀλιτενής.
3384 3615 3744 3674 Ἀλλόκοτον.

2225 3697 2500 3756 Ἀλωνευό
2510 3721 2692 3773 μενος.
2822 3698 3271 3775 Ἀναλαμϐάνειν.
3403 3705 3743 3778 Ἀνεζεύγνυ.

2226 3787 2517 3858 Ἀπαξιῶν.
2601 3786 2961 3861 Ἀποφράδες.
3040 3790 3353 3863 Ἀφάπτειν.
3410 3791 3736 3864 Ἀχρηστία.

2226 3872 2565 3946 Ἀψαύστως.
2623 3875 2955 3951 Ἀψιμαχία,
3017 3875 3377 3954 Βλάσφημος.
3440 3883 3740 3942 Δείσαντες.

2224 3961 2502 4039 Διὲφερον.
2605 3969 2879 4022 Δικαιοῦν.
2971 3966 3297 4038 Δοεοκοπία.
3402 3969 3739 4042 Ἐγχρόνων.

2226 4050 2600 4124 Ἐδοκίμαζεν.
2682 4052 3074 4116 Ἐθελοκάκως.
3161 4056 3425 4112 Ἕκνισεν.
3486 4057 3742 4119 Ἐνθους.

2225 4138 2583 4202 Ἕνσπονδος.
2690 4141 2979 4205 Ἐντελεῖς.
3089 4143 3509 4218 Ἐπαφρόδιτος.
3590 4145 3741 4221 Ἐρέ-

2224 4233 2411 4301 Οισμα.
2462 4232 2618 4285 ’Ἐστι
2670 4231 2830 4305 μὲχρ.
2896 4228 3159 4300 Εὕζωνοι.
3192 4233 3500 4295 Εὐσταϐῶς.
3533 4236 3743 4304 Ζῆλος.

2223 4317 2527 4391 Ἰδιόξενος.
2602 4322 2810 4382 Ἱὲντες.
2893 4319 3128 4396 Ἱλαρὸς.
3198 4324 3535 4399 Θησαυρούς,
3594 4325 3747 4395 Κλη-

2226 4412 2448 4484 ροῦχον.
2510 4409 2735 4471 Κώθων.
2797 4415 3079 4486 Λιφαιμεῖ.
3141 4412 3381 4485 Λυπρόν.
3434 4418 3745 4483 Μετριοπα-

2227 4503 2361 4562 θεῖν.
2421 4496 2656 4567 Νεαλής.
2743 4494 3131 4575 Νεργόϐριγες.
3212 4502 3303 4568 Οἱ,
3362 4521 3584 4574 περισπ.
3644 4502 3747 4559 Οἳ-

2222 4591 2397 4660 στροῖ.
2470 4587 2689 4643 Ὠσατο.
2773 4588 3021 4662 Πάρεσις.
3116 4589 3536 4664 Παρήγγελλον.
3597 4596 3743 4664 Παρ-

2225 4682 2479 4750 ορκῆσαι.
2606 4675 2870 4739 ΙΙιοανούς
2882 4718 2893 4733 .
3029 4679 3067 4732 ll
3079 4676 3242 4749 ιμελή
3254 4723 3266 4735 .
3400 4679 3739 4752 Πίμπραται.

2223 4759 2539 4838 Προθήϐας.
2622 4765 2882 4838 Πρὸριζα.
2966 4768 3339 4842 Προσήσεσθαι
3406 4768 3740 4833 Ῥουτίλιος.

2226 4851 2570 4925 Συνήδομαι.
2633 4853 2930 4928 Συνίστωρ.
2997 4855 3197 4930 Σύφαξ.
3260 4856 3581 4932 Τετρύσθαι.
3636 4858 3745 4915 Τύ-

2220 4962 2343 5003 πος.
2369 4942 2700 5015 Ὑφίσταται.
2734 4942 3097 5016 Χρηματίζει.
3130 4946 3416 5023 Ψαφαρόν.

2083 5040 2358 5113 Apsines,
2390 5036 2752 5096 Gadarenus.
2787 5059 2837 5097 ν.
2868 5041 3149 5114 Φρόντων.

2082 5130 2319 5201 Aquila.
2352 5146 2407 5185 V.
2440 5128 2888 5203 Ἐκουσιάζομαι.
2924 5129 3133 5199 Κνίζον.

2082 5220 2319 5274 Araros.
2380 5237 2431 5273 v.
2495 5217 2718 5280 ’Eweoc.
2781 5220 2941 5276 ﬁlius
3001 5221 3452 5293 Arist0phanis:
3516 5224 3749 5281 cornici.

2225 5325 2277 5362 γ.
2313 5307 2587 5385 Ἀριστοφ.

3566 3436 3580 3453 ⁸
3590 3441 3744 3490 ι’πω-

2223 5394 2502 5468 Ὑμεναίῳ.
2540 5398 2862 5452 Ἀναθεῖναι.

2082 5491 2320 5541 Aratus.
2351 5504 2401 5542 ν.
2438 5489 2674 5561 Γυρῖνοι.
2710 5486 2934 5559 Χειμὼν
2971 5486 3145 5561 ὁρνιθ,

2081 5576 2351 5645 Archias,
2388 5576 2848 5645 Alexandrinus,
2906 5578 3350 5649 grammaticus.
3384 5596 3434 5634 γ.
3472 5580 3750 5656 Ἐπαφρό-

2225 5660 2396 5725 διτος.

2085 5754 2500 5812 Archilochus.
2537 5773 2590 5811 ν.
2622 5756 2712 5812 "A.
2746 5752 2798 5811 ἅ.
2860 5756 3175 5830 Ὶσμαρικὸς
3233 5758 3404 5821 οἶνος.
3456 5758 3744 5834 Καθαρμα.
