  <div class='ocr_page' id='page_1' title='image "/cluster/home/n/w/nwhite01/storage/ocr_20150623/117/coo.31924054870211/701.png"; bbox 0 0 4126 6424; ppageno 0'>
   <div class='ocr_carea' id='block_1_1' title="bbox 394 408 552 470">
    <p class='ocr_par' dir='ltr' id='par_1_1' title="bbox 394 408 552 470">
     <span class='ocr_line' id='line_1_1' title="bbox 394 408 552 470; baseline -0.006 -2"><span class='ocrx_word' id='word_1_1' title='bbox 394 408 552 470; x_wconf 81' lang='grc'><strong>13⁵19</strong></span> 
     </span>
    </p>
   </div>
   <div class='ocr_carea' id='block_1_2' title="bbox 1699 398 2504 482">
    <p class='ocr_par' dir='ltr' id='par_1_2' title="bbox 1699 398 2504 482">
     <span class='ocr_line' id='line_1_2' title="bbox 1699 398 2504 482; baseline 0.002 -19"><span class='ocrx_word' id='word_1_2' title='bbox 1699 402 1787 464; x_wconf 90' lang='lat' dir='ltr'><strong>IN</strong></span> <span class='ocrx_word' id='word_1_3' title='bbox 1800 398 2504 482; x_wconf 40' lang='lat' dir='ltr'>DEXdSCRlPTORUM</span> 
     </span>
    </p>
   </div>
   <div class='ocr_carea' id='block_1_3' title="bbox 3658 409 3826 473">
    <p class='ocr_par' dir='ltr' id='par_1_3' title="bbox 3658 409 3826 473">
     <span class='ocr_line' id='line_1_3' title="bbox 3658 409 3826 473; baseline 0.012 -2"><span class='ocrx_word' id='word_1_4' title='bbox 3658 409 3826 473; x_wconf 73' lang='lat'>1380</span> 
     </span>
    </p>
   </div>
   <div class='ocr_carea' id='block_1_4' title="bbox 468 531 3062 614">
    <p class='ocr_par' dir='ltr' id='par_1_4' title="bbox 468 531 3062 614">
     <span class='ocr_line' id='line_1_4' title="bbox 468 531 3062 614; baseline 0 -19"><span class='ocrx_word' id='word_1_5' title='bbox 468 541 555 596; x_wconf 89' lang='grc' dir='ltr'>Ἐν</span> <span class='ocrx_word' id='word_1_6' title='bbox 588 541 655 611; x_wconf 77' lang='grc' dir='ltr'>τῇ</span> <span class='ocrx_word' id='word_1_7' title='bbox 707 532 1113 609; x_wconf 78' lang='grc' dir='ltr'>Ἀποδεικτικῇ.</span> <span class='ocrx_word' id='word_1_8' title='bbox 1146 553 1197 593; x_wconf 89' lang='lat' dir='ltr'>v.</span> <span class='ocrx_word' id='word_1_9' title='bbox 1251 534 1591 608; x_wconf 76' lang='grc' dir='ltr'>Ἐπιοτήμη.</span> <span class='ocrx_word' id='word_1_10' title='bbox 1652 531 1736 589; x_wconf 71' lang='grc' dir='ltr'>ὅτι</span> <span class='ocrx_word' id='word_1_11' title='bbox 1795 551 1926 609; x_wconf 78' lang='grc' dir='ltr'>φησ.</span> <span class='ocrx_word' id='word_1_12' title='bbox 1959 537 2047 589; x_wconf 89' lang='grc' dir='ltr'>Ἐν</span> <span class='ocrx_word' id='word_1_13' title='bbox 2075 546 2130 613; x_wconf 68' lang='grc' dir='ltr'><strong>Α</strong></span> <span class='ocrx_word' id='word_1_14' title='bbox 2230 532 2585 606; x_wconf 80' lang='grc' dir='ltr'>’Λττικιανοί,</span> <span class='ocrx_word' id='word_1_15' title='bbox 2613 553 2662 593; x_wconf 83' lang='lat' dir='ltr'>v.</span> <span class='ocrx_word' id='word_1_16' title='bbox 2688 537 3062 614; x_wconf 82' lang='grc' dir='ltr'>Ναυκραρικά.</span> 
     </span>
    </p>
   </div>
   <div class='ocr_carea' id='block_1_5' title="bbox 535 623 1397 689">
    <p class='ocr_par' dir='ltr' id='par_1_5' title="bbox 535 623 1397 689">
     <span class='ocr_line' id='line_1_5' title="bbox 535 623 1397 689; baseline 0.002 -7"><span class='ocrx_word' id='word_1_17' title='bbox 535 624 943 689; x_wconf 86' lang='grc' dir='ltr'>Διδασκαλίαις.</span> <span class='ocrx_word' id='word_1_18' title='bbox 972 645 1025 684; x_wconf 86' lang='lat' dir='ltr'>v.</span> <span class='ocrx_word' id='word_1_19' title='bbox 1058 623 1227 682; x_wconf 84' lang='grc' dir='ltr'>’Ὀδου</span> <span class='ocrx_word' id='word_1_20' title='bbox 1252 626 1397 684; x_wconf 88' lang='grc' dir='ltr'>σκιά.</span> 
     </span>
    </p>
   </div>
   <div class='ocr_carea' id='block_1_6' title="bbox 461 710 1827 789">
    <p class='ocr_par' dir='ltr' id='par_1_6' title="bbox 461 710 1827 789">
     <span class='ocr_line' id='line_1_6' title="bbox 461 710 1827 789; baseline -0.002 -15"><span class='ocrx_word' id='word_1_21' title='bbox 461 719 549 774; x_wconf 88' lang='grc' dir='ltr'>Ἐν</span> <span class='ocrx_word' id='word_1_22' title='bbox 580 720 657 787; x_wconf 80' lang='grc' dir='ltr'>τῷ</span> <span class='ocrx_word' id='word_1_23' title='bbox 681 716 803 789; x_wconf 83' lang='grc' dir='ltr'>περὶ</span> <span class='ocrx_word' id='word_1_24' title='bbox 840 714 1220 785; x_wconf 79' lang='grc' dir='ltr'>Δικαιοσύνης.</span> <span class='ocrx_word' id='word_1_25' title='bbox 1251 734 1305 771; x_wconf 84' lang='lat' dir='ltr'>v.</span> <span class='ocrx_word' id='word_1_26' title='bbox 1336 710 1671 789; x_wconf 74' lang='grc' dir='ltr'>Εὐρύϐατος.</span> <span class='ocrx_word' id='word_1_27' title='bbox 1705 735 1827 771; x_wconf 87' lang='grc' dir='ltr'>πον.</span> 
     </span>
    </p>
   </div>
   <div class='ocr_carea' id='block_1_7' title="bbox 459 800 2038 882">
    <p class='ocr_par' dir='ltr' id='par_1_7' title="bbox 459 800 2038 882">
     <span class='ocr_line' id='line_1_7' title="bbox 459 800 2038 882; baseline -0.003 -19"><span class='ocrx_word' id='word_1_28' title='bbox 459 808 545 864; x_wconf 83' lang='grc' dir='ltr'>Ἑν</span> <span class='ocrx_word' id='word_1_29' title='bbox 577 811 694 867; x_wconf 83' lang='grc' dir='ltr'>τοῖς</span> <span class='ocrx_word' id='word_1_30' title='bbox 744 806 868 881; x_wconf 77' lang='grc' dir='ltr'>περὶ</span> <span class='ocrx_word' id='word_1_31' title='bbox 927 807 1114 862; x_wconf 87' lang='grc' dir='ltr'>Ζώων.</span> <span class='ocrx_word' id='word_1_32' title='bbox 1173 823 1224 863; x_wconf 85' lang='lat' dir='ltr'>v.</span> <span class='ocrx_word' id='word_1_33' title='bbox 1286 803 1605 882; x_wconf 76' lang='grc' dir='ltr'>Ἀκαλήφη.</span> <span class='ocrx_word' id='word_1_34' title='bbox 1661 800 2038 867; x_wconf 71' lang='grc' dir='ltr'>’Λλκυονίδες.</span> 
     </span>
    </p>
   </div>
   <div class='ocr_carea' id='block_1_8' title="bbox 527 889 1422 969">
    <p class='ocr_par' dir='ltr' id='par_1_8' title="bbox 527 889 1422 969">
     <span class='ocr_line' id='line_1_8' title="bbox 527 889 1422 969; baseline -0.001 -17"><span class='ocrx_word' id='word_1_35' title='bbox 527 900 805 969; x_wconf 83' lang='grc' dir='ltr'>Κεστρεῖς.</span> <span class='ocrx_word' id='word_1_36' title='bbox 840 889 1105 951; x_wconf 76' lang='grc' dir='ltr'>Κοϐαλία.</span> <span class='ocrx_word' id='word_1_37' title='bbox 1144 895 1422 967; x_wconf 86' lang='grc' dir='ltr'>Ψαθαρόν.</span> 
     </span>
    </p>
   </div>
   <div class='ocr_carea' id='block_1_9' title="bbox 454 985 1651 1061">
    <p class='ocr_par' dir='ltr' id='par_1_9' title="bbox 454 985 1651 1061">
     <span class='ocr_line' id='line_1_9' title="bbox 454 985 1651 1061; baseline 0.001 -21"><span class='ocrx_word' id='word_1_38' title='bbox 454 989 545 1040; x_wconf 80' lang='grc' dir='ltr'>Ἐν</span> <span class='ocrx_word' id='word_1_39' title='bbox 569 987 838 1046; x_wconf 78' lang='grc' dir='ltr'>Ἠθικοῖς.</span> <span class='ocrx_word' id='word_1_40' title='bbox 871 1004 904 1040; x_wconf 88' lang='lat' dir='ltr'><strong>v</strong></span> <span class='ocrx_word' id='word_1_41' title='bbox 926 985 1268 1061; x_wconf 82' lang='grc' dir='ltr'>Ἀνθρωπος.</span> <span class='ocrx_word' id='word_1_42' title='bbox 1301 985 1383 1042; x_wconf 89' lang='grc' dir='ltr'>Τὸ</span> <span class='ocrx_word' id='word_1_43' title='bbox 1415 1005 1651 1060; x_wconf 86' lang='grc' dir='ltr'>προσηγ.</span> 
     </span>
    </p>
   </div>
   <div class='ocr_carea' id='block_1_10' title="bbox 458 1073 1163 1149">
    <p class='ocr_par' dir='ltr' id='par_1_10' title="bbox 458 1073 1163 1149">
     <span class='ocr_line' id='line_1_10' title="bbox 458 1073 1163 1149; baseline -0.003 -17"><span class='ocrx_word' id='word_1_44' title='bbox 458 1073 814 1149; x_wconf 83' lang='grc' dir='ltr'>Κατηγορίαι.</span> <span class='ocrx_word' id='word_1_45' title='bbox 848 1093 898 1129; x_wconf 86' lang='lat' dir='ltr'>v.</span> <span class='ocrx_word' id='word_1_46' title='bbox 936 1075 1163 1136; x_wconf 77' lang='grc' dir='ltr'>Ἀἑτιος.</span> 
     </span>
    </p>
   </div>
   <div class='ocr_carea' id='block_1_11' title="bbox 459 1162 2039 1239">
    <p class='ocr_par' dir='ltr' id='par_1_11' title="bbox 459 1162 2039 1239">
     <span class='ocr_line' id='line_1_11' title="bbox 459 1162 2039 1239; baseline -0.003 -19"><span class='ocrx_word' id='word_1_47' title='bbox 459 1166 543 1221; x_wconf 87' lang='grc' dir='ltr'>Ἐν</span> <span class='ocrx_word' id='word_1_48' title='bbox 575 1168 644 1238; x_wconf 78' lang='grc' dir='ltr'>τῇ</span> <span class='ocrx_word' id='word_1_49' title='bbox 699 1168 858 1237; x_wconf 79' lang='grc' dir='ltr'>κοινῇ</span> <span class='ocrx_word' id='word_1_50' title='bbox 914 1169 1023 1219; x_wconf 83' lang='grc' dir='ltr'>τῶν</span> <span class='ocrx_word' id='word_1_51' title='bbox 1070 1162 1353 1221; x_wconf 79' lang='grc' dir='ltr'>Θετταλῶν</span> <span class='ocrx_word' id='word_1_52' title='bbox 1406 1163 1678 1236; x_wconf 83' lang='grc' dir='ltr'>πολιτείᾳ.</span> <span class='ocrx_word' id='word_1_53' title='bbox 1706 1182 1759 1220; x_wconf 85' lang='lat' dir='ltr'>v.</span> <span class='ocrx_word' id='word_1_54' title='bbox 1796 1166 2039 1239; x_wconf 87' lang='grc' dir='ltr'>Τετραρ-</span> 
     </span>
    </p>
   </div>
   <div class='ocr_carea' id='block_1_12' title="bbox 524 1253 644 1330">
    <p class='ocr_par' dir='ltr' id='par_1_12' title="bbox 524 1253 644 1330">
     <span class='ocr_line' id='line_1_12' title="bbox 524 1253 644 1330; baseline 0.067 -25"><span class='ocrx_word' id='word_1_55' title='bbox 524 1253 644 1330; x_wconf 78' lang='grc' dir='ltr'>χία.</span> 
     </span>
    </p>
   </div>
   <div class='ocr_carea' id='block_1_13' title="bbox 452 1339 1726 1416">
    <p class='ocr_par' dir='ltr' id='par_1_13' title="bbox 452 1339 1726 1416">
     <span class='ocr_line' id='line_1_13' title="bbox 452 1339 1726 1416; baseline -0.001 -16"><span class='ocrx_word' id='word_1_56' title='bbox 452 1346 544 1401; x_wconf 81' lang='grc' dir='ltr'>Ἐν</span> <span class='ocrx_word' id='word_1_57' title='bbox 576 1346 646 1409; x_wconf 78' lang='grc' dir='ltr'>τῆ</span> <span class='ocrx_word' id='word_1_58' title='bbox 678 1341 996 1414; x_wconf 75' lang='grc' dir='ltr'>Ἰθακησίων</span> <span class='ocrx_word' id='word_1_59' title='bbox 1027 1341 1301 1416; x_wconf 80' lang='grc' dir='ltr'>πολιτείᾳ.</span> <span class='ocrx_word' id='word_1_60' title='bbox 1348 1363 1402 1403; x_wconf 86' lang='lat' dir='ltr'>v.</span> <span class='ocrx_word' id='word_1_61' title='bbox 1448 1339 1726 1413; x_wconf 84' lang='grc' dir='ltr'>Σκυτάλη.</span> 
     </span>
    </p>
   </div>
   <div class='ocr_carea' id='block_1_14' title="bbox 455 1431 1552 1507">
    <p class='ocr_par' dir='ltr' id='par_1_14' title="bbox 455 1431 1552 1507">
     <span class='ocr_line' id='line_1_14' title="bbox 455 1431 1552 1507; baseline 0.001 -20"><span class='ocrx_word' id='word_1_62' title='bbox 455 1433 542 1487; x_wconf 86' lang='grc' dir='ltr'>Ἐν</span> <span class='ocrx_word' id='word_1_63' title='bbox 578 1431 841 1505; x_wconf 85' lang='grc' dir='ltr'>Κυμαίων</span> <span class='ocrx_word' id='word_1_64' title='bbox 874 1431 1145 1504; x_wconf 75' lang='grc' dir='ltr'>πολιτείᾳ.</span> <span class='ocrx_word' id='word_1_65' title='bbox 1178 1451 1232 1491; x_wconf 78' lang='grc' dir='ltr'>ν.</span> <span class='ocrx_word' id='word_1_66' title='bbox 1262 1433 1552 1507; x_wconf 76' lang='grc' dir='ltr'>Τύραννος.</span> 
     </span>
    </p>
   </div>
   <div class='ocr_carea' id='block_1_15' title="bbox 446 1516 1645 1591">
    <p class='ocr_par' dir='ltr' id='par_1_15' title="bbox 446 1516 1645 1591">
     <span class='ocr_line' id='line_1_15' title="bbox 446 1516 1645 1591; baseline 0.002 -18"><span class='ocrx_word' id='word_1_67' title='bbox 446 1521 538 1573; x_wconf 82' lang='grc' dir='ltr'>Ἐν</span> <span class='ocrx_word' id='word_1_68' title='bbox 572 1521 640 1591; x_wconf 76' lang='grc' dir='ltr'>τῇ</span> <span class='ocrx_word' id='word_1_69' title='bbox 676 1516 928 1591; x_wconf 81' lang='grc' dir='ltr'>Κυπρίων</span> <span class='ocrx_word' id='word_1_70' title='bbox 958 1516 1236 1589; x_wconf 80' lang='grc' dir='ltr'>πολιτείᾳ.</span> <span class='ocrx_word' id='word_1_71' title='bbox 1270 1537 1323 1575; x_wconf 91' lang='lat' dir='ltr'>v.</span> <span class='ocrx_word' id='word_1_72' title='bbox 1357 1524 1645 1581; x_wconf 77' lang='grc' dir='ltr'>”Ανακτες.</span> 
     </span>
    </p>
   </div>
   <div class='ocr_carea' id='block_1_16' title="bbox 382 1608 2032 1681">
    <p class='ocr_par' dir='ltr' id='par_1_16' title="bbox 382 1608 2032 1681">
     <span class='ocr_line' id='line_1_16' title="bbox 382 1608 2032 1681; baseline 0.001 -19"><span class='ocrx_word' id='word_1_73' title='bbox 382 1609 637 1680; x_wconf 80' lang='lat' dir='ltr'>Magicus</span> <span class='ocrx_word' id='word_1_74' title='bbox 670 1608 1064 1675; x_wconf 78' lang='lat' dir='ltr'>Antisthenis,</span> <span class='ocrx_word' id='word_1_75' title='bbox 1096 1609 1403 1665; x_wconf 78' lang='lat' dir='ltr'>Aristoteli</span> <span class='ocrx_word' id='word_1_76' title='bbox 1435 1626 1470 1664; x_wconf 90' lang='lat' dir='ltr'>a</span> <span class='ocrx_word' id='word_1_77' title='bbox 1508 1608 1866 1681; x_wconf 89' lang='lat' dir='ltr'>quibusdam</span> <span class='ocrx_word' id='word_1_78' title='bbox 1928 1609 2032 1664; x_wconf 79' lang='lat' dir='ltr'>tri-</span> 
     </span>
    </p>
   </div>
   <div class='ocr_carea' id='block_1_17' title="bbox 522 1694 1209 1765">
    <p class='ocr_par' dir='ltr' id='par_1_17' title="bbox 522 1694 1209 1765">
     <span class='ocr_line' id='line_1_17' title="bbox 522 1694 1209 1765; baseline 0.001 -15"><span class='ocrx_word' id='word_1_79' title='bbox 522 1697 723 1753; x_wconf 80' lang='lat' dir='ltr'>butus.</span> <span class='ocrx_word' id='word_1_80' title='bbox 756 1714 807 1750; x_wconf 84' lang='lat' dir='ltr'>V.</span> <span class='ocrx_word' id='word_1_81' title='bbox 838 1694 1209 1765; x_wconf 69' lang='grc' dir='ltr'>Ἀντισθένης.</span> 
     </span>
    </p>
   </div>
   <div class='ocr_carea' id='block_1_18' title="bbox 453 1784 1860 1865">
    <p class='ocr_par' dir='ltr' id='par_1_18' title="bbox 453 1784 1860 1865">
     <span class='ocr_line' id='line_1_18' title="bbox 453 1784 1860 1865; baseline -0.001 -25"><span class='ocrx_word' id='word_1_82' title='bbox 453 1786 540 1841; x_wconf 87' lang='grc' dir='ltr'>Ἐν</span> <span class='ocrx_word' id='word_1_83' title='bbox 567 1789 683 1849; x_wconf 88' lang='grc' dir='ltr'>τοῖς</span> <span class='ocrx_word' id='word_1_84' title='bbox 706 1786 840 1839; x_wconf 73' lang='grc' dir='ltr'>κατὰ</span> <span class='ocrx_word' id='word_1_85' title='bbox 866 1784 935 1839; x_wconf 75' lang='grc' dir='ltr'>τά</span> <span class='ocrx_word' id='word_1_86' title='bbox 966 1787 1198 1842; x_wconf 80' lang='grc' dir='ltr'>Φυσικά.</span> <span class='ocrx_word' id='word_1_87' title='bbox 1231 1805 1281 1843; x_wconf 87' lang='lat' dir='ltr'>v.</span> <span class='ocrx_word' id='word_1_88' title='bbox 1317 1786 1654 1859; x_wconf 80' lang='grc' dir='ltr'>Ἐπιστήμη.</span> <span class='ocrx_word' id='word_1_89' title='bbox 1688 1785 1772 1841; x_wconf 76' lang='grc' dir='ltr'>δτι</span> <span class='ocrx_word' id='word_1_90' title='bbox 1804 1808 1860 1865; x_wconf 74' lang='grc' dir='ltr'>φ.</span> 
     </span>
    </p>
   </div>
   <div class='ocr_carea' id='block_1_19' title="bbox 453 1875 1811 1956">
    <p class='ocr_par' dir='ltr' id='par_1_19' title="bbox 453 1875 1811 1956">
     <span class='ocr_line' id='line_1_19' title="bbox 453 1875 1811 1956; baseline -0.002 -20"><span class='ocrx_word' id='word_1_91' title='bbox 453 1879 542 1936; x_wconf 86' lang='grc' dir='ltr'>Ἐν</span> <span class='ocrx_word' id='word_1_92' title='bbox 574 1882 642 1947; x_wconf 76' lang='grc' dir='ltr'>τῆ</span> <span class='ocrx_word' id='word_1_93' title='bbox 676 1876 937 1948; x_wconf 73' lang='grc' dir='ltr'>Μηλιέων</span> <span class='ocrx_word' id='word_1_94' title='bbox 971 1876 1243 1950; x_wconf 82' lang='grc' dir='ltr'>πολιτείᾳ.</span> <span class='ocrx_word' id='word_1_95' title='bbox 1277 1897 1327 1934; x_wconf 84' lang='lat' dir='ltr'>v.</span> <span class='ocrx_word' id='word_1_96' title='bbox 1362 1880 1486 1935; x_wconf 83' lang='grc' dir='ltr'>Τῶν</span> <span class='ocrx_word' id='word_1_97' title='bbox 1514 1875 1811 1956; x_wconf 76' lang='grc' dir='ltr'>φιλτάτων.</span> 
     </span>
    </p>
   </div>
   <div class='ocr_carea' id='block_1_20' title="bbox 451 1964 2028 2044">
    <p class='ocr_par' dir='ltr' id='par_1_20' title="bbox 451 1964 2028 2044">
     <span class='ocr_line' id='line_1_20' title="bbox 451 1964 2028 2044; baseline -0.003 -20"><span class='ocrx_word' id='word_1_98' title='bbox 451 1968 650 2039; x_wconf 81' lang='grc' dir='ltr'>Ἐντῷ</span> <span class='ocrx_word' id='word_1_99' title='bbox 688 1968 814 2044; x_wconf 76' lang='grc' dir='ltr'>περὶ</span> <span class='ocrx_word' id='word_1_100' title='bbox 876 1969 1104 2041; x_wconf 78' lang='grc' dir='ltr'>μνήμης</span> <span class='ocrx_word' id='word_1_101' title='bbox 1160 1968 1250 2023; x_wconf 84' lang='grc' dir='ltr'>καὶ</span> <span class='ocrx_word' id='word_1_102' title='bbox 1307 1966 1476 2023; x_wconf 74' lang='grc' dir='ltr'>ὕπνου</span> <span class='ocrx_word' id='word_1_103' title='bbox 1531 1968 1622 2023; x_wconf 85' lang='grc' dir='ltr'>καὶ</span> <span class='ocrx_word' id='word_1_104' title='bbox 1678 1967 1798 2031; x_wconf 85' lang='grc' dir='ltr'>καθ’</span> <span class='ocrx_word' id='word_1_105' title='bbox 1856 1964 2028 2021; x_wconf 74' lang='grc' dir='ltr'>ὕπνου</span> 
     </span>
    </p>
   </div>
   <div class='ocr_carea' id='block_1_21' title="bbox 525 2060 1159 2132">
    <p class='ocr_par' dir='ltr' id='par_1_21' title="bbox 525 2060 1159 2132">
     <span class='ocr_line' id='line_1_21' title="bbox 525 2060 1159 2132; baseline 0.005 -20"><span class='ocrx_word' id='word_1_106' title='bbox 525 2065 814 2132; x_wconf 80' lang='grc' dir='ltr'>μαντικῆς.</span> <span class='ocrx_word' id='word_1_107' title='bbox 841 2076 894 2114; x_wconf 87' lang='lat' dir='ltr'>v.</span> <span class='ocrx_word' id='word_1_108' title='bbox 929 2060 1159 2131; x_wconf 78' lang='grc' dir='ltr'>Μνήμη.</span> 
     </span>
    </p>
   </div>
   <div class='ocr_carea' id='block_1_22' title="bbox 448 2145 1822 2222">
    <p class='ocr_par' dir='ltr' id='par_1_22' title="bbox 448 2145 1822 2222">
     <span class='ocr_line' id='line_1_22' title="bbox 448 2145 1822 2222; baseline 0.003 -21"><span class='ocrx_word' id='word_1_109' title='bbox 448 2147 539 2205; x_wconf 82' lang='grc' dir='ltr'>Ἐν</span> <span class='ocrx_word' id='word_1_110' title='bbox 591 2151 709 2210; x_wconf 85' lang='grc' dir='ltr'>τοῖς</span> <span class='ocrx_word' id='word_1_111' title='bbox 764 2145 888 2221; x_wconf 87' lang='grc' dir='ltr'>περὶ</span> <span class='ocrx_word' id='word_1_112' title='bbox 948 2145 1238 2209; x_wconf 82' lang='grc' dir='ltr'>Πολιτείας</span> <span class='ocrx_word' id='word_1_113' title='bbox 1275 2190 1288 2204; x_wconf 93' lang='grc'>.</span> <span class='ocrx_word' id='word_1_114' title='bbox 1355 2165 1428 2204; x_wconf 86' lang='lat' dir='ltr'>v.</span> <span class='ocrx_word' id='word_1_115' title='bbox 1482 2146 1771 2222; x_wconf 86' lang='grc' dir='ltr'>Ἐσχατιάν</span> <span class='ocrx_word' id='word_1_116' title='bbox 1808 2191 1822 2205; x_wconf 96' lang='grc'>.</span> 
     </span>
    </p>
   </div>
   <div class='ocr_carea' id='block_1_23' title="bbox 516 2233 695 2311">
    <p class='ocr_par' dir='ltr' id='par_1_23' title="bbox 516 2233 695 2311">
     <span class='ocr_line' id='line_1_23' title="bbox 516 2233 695 2311; baseline 0 -21"><span class='ocrx_word' id='word_1_117' title='bbox 516 2233 695 2311; x_wconf 82' lang='grc' dir='ltr'>εδρος.</span> 
     </span>
    </p>
   </div>
   <div class='ocr_carea' id='block_1_24' title="bbox 450 2323 1633 2399">
    <p class='ocr_par' dir='ltr' id='par_1_24' title="bbox 450 2323 1633 2399">
     <span class='ocr_line' id='line_1_24' title="bbox 450 2323 1633 2399; baseline 0.002 -18"><span class='ocrx_word' id='word_1_118' title='bbox 450 2326 535 2381; x_wconf 90' lang='grc' dir='ltr'>Ἐν</span> <span class='ocrx_word' id='word_1_119' title='bbox 559 2329 626 2399; x_wconf 78' lang='grc' dir='ltr'>τῇ</span> <span class='ocrx_word' id='word_1_120' title='bbox 662 2325 885 2398; x_wconf 83' lang='grc' dir='ltr'>Σαμίων</span> <span class='ocrx_word' id='word_1_121' title='bbox 913 2325 1185 2397; x_wconf 80' lang='grc' dir='ltr'>πολιτείᾳ.</span> <span class='ocrx_word' id='word_1_122' title='bbox 1219 2345 1272 2383; x_wconf 89' lang='lat' dir='ltr'>v.</span> <span class='ocrx_word' id='word_1_123' title='bbox 1309 2325 1533 2399; x_wconf 84' lang='grc' dir='ltr'>Σαμίων</span> <span class='ocrx_word' id='word_1_124' title='bbox 1565 2323 1633 2383; x_wconf 83' lang='grc' dir='ltr'>δ’.</span> 
     </span>
    </p>
   </div>
   <div class='ocr_carea' id='block_1_25' title="bbox 448 2414 1776 2492">
    <p class='ocr_par' dir='ltr' id='par_1_25' title="bbox 448 2414 1776 2492">
     <span class='ocr_line' id='line_1_25' title="bbox 448 2414 1776 2492; baseline 0.002 -22"><span class='ocrx_word' id='word_1_125' title='bbox 448 2416 534 2470; x_wconf 86' lang='grc' dir='ltr'>Ἐν</span> <span class='ocrx_word' id='word_1_126' title='bbox 568 2419 950 2488; x_wconf 84' lang='grc' dir='ltr'>Συρακουσιων</span> <span class='ocrx_word' id='word_1_127' title='bbox 982 2414 1255 2487; x_wconf 79' lang='grc' dir='ltr'>πολιτείᾳ.</span> <span class='ocrx_word' id='word_1_128' title='bbox 1283 2434 1338 2474; x_wconf 80' lang='lat' dir='ltr'>v.</span> <span class='ocrx_word' id='word_1_129' title='bbox 1383 2414 1776 2492; x_wconf 75' lang='grc' dir='ltr'>Καλλικόριοι.</span> 
     </span>
    </p>
   </div>
   <div class='ocr_carea' id='block_1_26' title="bbox 448 2502 2025 2584">
    <p class='ocr_par' dir='ltr' id='par_1_26' title="bbox 448 2502 2025 2584">
     <span class='ocr_line' id='line_1_26' title="bbox 448 2502 2025 2584; baseline 0.003 -24"><span class='ocrx_word' id='word_1_130' title='bbox 448 2505 537 2560; x_wconf 80' lang='grc' dir='ltr'>Ἐν</span> <span class='ocrx_word' id='word_1_131' title='bbox 568 2509 685 2565; x_wconf 90' lang='grc' dir='ltr'>τοῖς</span> <span class='ocrx_word' id='word_1_132' title='bbox 714 2503 941 2567; x_wconf 87' lang='grc' dir='ltr'>Τόποις.</span> <span class='ocrx_word' id='word_1_133' title='bbox 974 2523 1026 2561; x_wconf 82' lang='lat' dir='ltr'>v.</span> <span class='ocrx_word' id='word_1_134' title='bbox 1078 2502 1304 2567; x_wconf 64' lang='grc' dir='ltr'>Εὔνους,</span> <span class='ocrx_word' id='word_1_135' title='bbox 1366 2506 1641 2584; x_wconf 76' lang='grc' dir='ltr'>Εὕψυχος.</span> <span class='ocrx_word' id='word_1_136' title='bbox 1696 2504 2025 2583; x_wconf 75' lang='grc' dir='ltr'>Ὁμολογῖα.</span> 
     </span>
    </p>
   </div>
   <div class='ocr_carea' id='block_1_27' title="bbox 519 2593 1488 2671">
    <p class='ocr_par' dir='ltr' id='par_1_27' title="bbox 519 2593 1488 2671">
     <span class='ocr_line' id='line_1_27' title="bbox 519 2593 1488 2671; baseline 0.005 -23"><span class='ocrx_word' id='word_1_137' title='bbox 519 2593 864 2668; x_wconf 79' lang='grc' dir='ltr'>Προαίρεσις.</span> <span class='ocrx_word' id='word_1_138' title='bbox 903 2594 1129 2654; x_wconf 84' lang='grc' dir='ltr'>Ταυτόν,</span> <span class='ocrx_word' id='word_1_139' title='bbox 1161 2595 1488 2671; x_wconf 85' lang='grc' dir='ltr'>Ὑπόληψις.</span> 
     </span>
    </p>
   </div>
   <div class='ocr_carea' id='block_1_28' title="bbox 461 2684 1596 2759">
    <p class='ocr_par' dir='ltr' id='par_1_28' title="bbox 461 2684 1596 2759">
     <span class='ocr_line' id='line_1_28' title="bbox 461 2684 1596 2759; baseline 0.001 -18"><span class='ocrx_word' id='word_1_140' title='bbox 461 2686 534 2741; x_wconf 89' lang='grc' dir='ltr'>Εν</span> <span class='ocrx_word' id='word_1_141' title='bbox 567 2684 613 2759; x_wconf 88' lang='grc' dir='ltr'>β’</span> <span class='ocrx_word' id='word_1_142' title='bbox 642 2688 751 2739; x_wconf 86' lang='grc' dir='ltr'>τῶν</span> <span class='ocrx_word' id='word_1_143' title='bbox 781 2686 1057 2742; x_wconf 78' lang='grc' dir='ltr'>Τοπικῶν.</span> <span class='ocrx_word' id='word_1_144' title='bbox 1085 2704 1137 2742; x_wconf 79' lang='grc' dir='ltr'>ν.</span> <span class='ocrx_word' id='word_1_145' title='bbox 1172 2685 1596 2743; x_wconf 85' lang='grc' dir='ltr'>Χαλεπώτατον.</span> 
     </span>
    </p>
   </div>
   <div class='ocr_carea' id='block_1_29' title="bbox 450 2773 2024 2849">
    <p class='ocr_par' dir='ltr' id='par_1_29' title="bbox 450 2773 2024 2849">
     <span class='ocr_line' id='line_1_29' title="bbox 450 2773 2024 2849; baseline 0.001 -20"><span class='ocrx_word' id='word_1_146' title='bbox 450 2774 534 2829; x_wconf 87' lang='grc' dir='ltr'>Ἐν</span> <span class='ocrx_word' id='word_1_147' title='bbox 610 2778 730 2835; x_wconf 84' lang='grc' dir='ltr'>ταῖς</span> <span class='ocrx_word' id='word_1_148' title='bbox 809 2773 947 2849; x_wconf 89' lang='grc' dir='ltr'>πρὸς</span> <span class='ocrx_word' id='word_1_149' title='bbox 1020 2774 1298 2831; x_wconf 86' lang='grc' dir='ltr'>Φίλιππον</span> <span class='ocrx_word' id='word_1_150' title='bbox 1356 2775 1728 2840; x_wconf 80' lang='grc' dir='ltr'>Ἐπιστολαῖς.</span> <span class='ocrx_word' id='word_1_151' title='bbox 1790 2796 1841 2836; x_wconf 80' lang='lat' dir='ltr'>V.</span> <span class='ocrx_word' id='word_1_152' title='bbox 1901 2778 2024 2835; x_wconf 79' lang='grc' dir='ltr'>Ὀτι</span> 
     </span>
    </p>
   </div>
   <div class='ocr_carea' id='block_1_30' title="bbox 519 2860 723 2934">
    <p class='ocr_par' dir='ltr' id='par_1_30' title="bbox 519 2860 723 2934">
     <span class='ocr_line' id='line_1_30' title="bbox 519 2860 723 2934; baseline 0.005 -19"><span class='ocrx_word' id='word_1_153' title='bbox 519 2860 723 2934; x_wconf 62' lang='grc' dir='ltr'>ξένους⁸</span> 
     </span>
    </p>
   </div>
   <div class='ocr_carea' id='block_1_31' title="bbox 443 2950 1360 3025">
    <p class='ocr_par' dir='ltr' id='par_1_31' title="bbox 443 2950 1360 3025">
     <span class='ocr_line' id='line_1_31' title="bbox 443 2950 1360 3025; baseline 0.009 -22"><span class='ocrx_word' id='word_1_154' title='bbox 443 2952 534 3007; x_wconf 87' lang='grc' dir='ltr'>Ἐν</span> <span class='ocrx_word' id='word_1_155' title='bbox 565 2955 681 3012; x_wconf 87' lang='grc' dir='ltr'>τοῖς</span> <span class='ocrx_word' id='word_1_156' title='bbox 716 2955 1000 3015; x_wconf 81' lang='grc' dir='ltr'>Φυσικοῖς.</span> <span class='ocrx_word' id='word_1_157' title='bbox 1031 2972 1082 3010; x_wconf 86' lang='lat' dir='ltr'>v.</span> <span class='ocrx_word' id='word_1_158' title='bbox 1113 2950 1360 3025; x_wconf 68' lang='lat' dir='ltr'>Ei&#39;Sncic.</span> 
     </span>
    </p>
   </div>
   <div class='ocr_carea' id='block_1_32' title="bbox 441 3039 1590 3120">
    <p class='ocr_par' dir='ltr' id='par_1_32' title="bbox 441 3039 1590 3120">
     <span class='ocr_line' id='line_1_32' title="bbox 441 3039 1590 3120; baseline 0.009 -26"><span class='ocrx_word' id='word_1_159' title='bbox 441 3041 527 3094; x_wconf 86' lang='grc' dir='ltr'>Ἐν</span> <span class='ocrx_word' id='word_1_160' title='bbox 554 3044 633 3112; x_wconf 77' lang='grc' dir='ltr'>τῷ</span> <span class='ocrx_word' id='word_1_161' title='bbox 663 3039 787 3117; x_wconf 87' lang='grc' dir='ltr'>περὶ</span> <span class='ocrx_word' id='word_1_162' title='bbox 818 3046 1044 3117; x_wconf 76' lang='grc' dir='ltr'>Ψυχῆς.</span> <span class='ocrx_word' id='word_1_163' title='bbox 1077 3060 1128 3102; x_wconf 81' lang='lat' dir='ltr'>v.</span> <span class='ocrx_word' id='word_1_164' title='bbox 1170 3045 1404 3118; x_wconf 87' lang='grc' dir='ltr'>Ἀγαθοῦ</span> <span class='ocrx_word' id='word_1_165' title='bbox 1436 3042 1590 3120; x_wconf 84' lang='grc' dir='ltr'>δαίμ.</span> 
     </span>
    </p>
   </div>
   <div class='ocr_carea' id='block_1_33' title="bbox 368 3131 1163 3191">
    <p class='ocr_par' dir='ltr' id='par_1_33' title="bbox 368 3131 1163 3191">
     <span class='ocr_line' id='line_1_33' title="bbox 368 3131 1163 3191; baseline 0.008 -6"><span class='ocrx_word' id='word_1_166' title='bbox 368 3131 782 3188; x_wconf 81' lang='lat' dir='ltr'>Aristoxenus.</span> <span class='ocrx_word' id='word_1_167' title='bbox 814 3149 865 3187; x_wconf 91' lang='lat' dir='ltr'>v.</span> <span class='ocrx_word' id='word_1_168' title='bbox 902 3131 1163 3191; x_wconf 85' lang='grc' dir='ltr'>Σκολιόν.</span> 
     </span>
    </p>
   </div>
   <div class='ocr_carea' id='block_1_34' title="bbox 365 3221 1944 3302">
    <p class='ocr_par' dir='ltr' id='par_1_34' title="bbox 365 3221 1944 3302">
     <span class='ocr_line' id='line_1_34' title="bbox 365 3221 1944 3302; baseline 0.003 -27"><span class='ocrx_word' id='word_1_169' title='bbox 365 3221 688 3291; x_wconf 86' lang='lat' dir='ltr'>Arnuphis,</span> <span class='ocrx_word' id='word_1_170' title='bbox 720 3223 1038 3295; x_wconf 68' lang='lat' dir='ltr'>:Egyptius.</span> <span class='ocrx_word' id='word_1_171' title='bbox 1090 3240 1141 3278; x_wconf 82' lang='lat' dir='ltr'>v.</span> <span class='ocrx_word' id='word_1_172' title='bbox 1176 3222 1473 3287; x_wconf 87' lang='grc' dir='ltr'>Ἰουλιανὸς</span> <span class='ocrx_word' id='word_1_173' title='bbox 1508 3226 1536 3280; x_wconf 84' lang='grc' dir='ltr'>ὁ</span> <span class='ocrx_word' id='word_1_174' title='bbox 1570 3225 1944 3302; x_wconf 87' lang='grc' dir='ltr'>Περγαμηνός,</span> 
     </span>
    </p>
   </div>
   <div class='ocr_carea' id='block_1_35' title="bbox 368 3309 1881 3388">
    <p class='ocr_par' dir='ltr' id='par_1_35' title="bbox 368 3309 1881 3388">
     <span class='ocr_line' id='line_1_35' title="bbox 368 3309 1881 3388; baseline 0.003 -22"><span class='ocrx_word' id='word_1_175' title='bbox 368 3310 676 3366; x_wconf 82' lang='lat' dir='ltr'>Arrianus.</span> <span class='ocrx_word' id='word_1_176' title='bbox 708 3329 759 3366; x_wconf 84' lang='grc' dir='ltr'>ν.</span> <span class='ocrx_word' id='word_1_177' title='bbox 796 3309 1179 3386; x_wconf 68' lang='grc' dir='ltr'>Ἀλέξανδρος.</span> <span class='ocrx_word' id='word_1_178' title='bbox 1208 3313 1506 3376; x_wconf 83' lang='grc' dir='ltr'>Βουλυτός.</span> <span class='ocrx_word' id='word_1_179' title='bbox 1542 3315 1881 3388; x_wconf 78' lang='grc' dir='ltr'>Ἐπαινέτης.</span> 
     </span>
    </p>
   </div>
   <div class='ocr_carea' id='block_1_36' title="bbox 508 3400 1321 3478">
    <p class='ocr_par' dir='ltr' id='par_1_36' title="bbox 508 3400 1321 3478">
     <span class='ocr_line' id='line_1_36' title="bbox 508 3400 1321 3478; baseline 0.006 -23"><span class='ocrx_word' id='word_1_180' title='bbox 508 3400 912 3478; x_wconf 78' lang='grc' dir='ltr'>Ἐπιφρασθεὶς.</span> <span class='ocrx_word' id='word_1_181' title='bbox 949 3400 1144 3474; x_wconf 81' lang='grc' dir='ltr'>Φαύλη</span> <span class='ocrx_word' id='word_1_182' title='bbox 1175 3404 1321 3467; x_wconf 84' lang='grc' dir='ltr'>ναῦς.</span> 
     </span>
    </p>
   </div>
   <div class='ocr_carea' id='block_1_37' title="bbox 359 3491 1220 3562">
    <p class='ocr_par' dir='ltr' id='par_1_37' title="bbox 359 3491 1220 3562">
     <span class='ocr_line' id='line_1_37' title="bbox 359 3491 1220 3562; baseline 0 -17"><span class='ocrx_word' id='word_1_183' title='bbox 359 3491 796 3549; x_wconf 80' lang='lat' dir='ltr'>Artemidorus.</span> <span class='ocrx_word' id='word_1_184' title='bbox 830 3510 879 3549; x_wconf 85' lang='grc' dir='ltr'>ν.</span> <span class='ocrx_word' id='word_1_185' title='bbox 910 3493 1220 3562; x_wconf 83' lang='grc' dir='ltr'>Τευτάζειν,</span> 
     </span>
    </p>
   </div>
   <div class='ocr_carea' id='block_1_38' title="bbox 355 3578 765 3651">
    <p class='ocr_par' dir='ltr' id='par_1_38' title="bbox 355 3578 765 3651">
     <span class='ocr_line' id='line_1_38' title="bbox 355 3578 765 3651; baseline 0.002 -17"><span class='ocrx_word' id='word_1_186' title='bbox 355 3578 765 3651; x_wconf 79' lang='lat' dir='ltr'>Asclepiades.</span> 
     </span>
    </p>
   </div>
   <div class='ocr_carea' id='block_1_39' title="bbox 429 3664 2016 3754">
    <p class='ocr_par' dir='ltr' id='par_1_39' title="bbox 429 3664 2016 3754">
     <span class='ocr_line' id='line_1_39' title="bbox 429 3664 2016 3754; baseline 0.004 -30"><span class='ocrx_word' id='word_1_187' title='bbox 429 3668 516 3724; x_wconf 87' lang='grc' dir='ltr'>Ἐν</span> <span class='ocrx_word' id='word_1_188' title='bbox 545 3668 625 3740; x_wconf 77' lang='grc' dir='ltr'>τῷ</span> <span class='ocrx_word' id='word_1_189' title='bbox 654 3666 800 3742; x_wconf 81' lang='grc' dir='ltr'>ἓκτῳ</span> <span class='ocrx_word' id='word_1_190' title='bbox 862 3664 1067 3744; x_wconf 77' lang='grc' dir='ltr'>βιϐλίῳ</span> <span class='ocrx_word' id='word_1_191' title='bbox 1123 3675 1233 3727; x_wconf 84' lang='grc' dir='ltr'>τῶν</span> <span class='ocrx_word' id='word_1_192' title='bbox 1286 3678 1711 3749; x_wconf 80' lang='grc' dir='ltr'>Γραμματικῶν.</span> <span class='ocrx_word' id='word_1_193' title='bbox 1772 3695 1827 3737; x_wconf 86' lang='lat' dir='ltr'>v.</span> <span class='ocrx_word' id='word_1_194' title='bbox 1887 3680 2016 3754; x_wconf 83' lang='grc' dir='ltr'>Ὀρ-</span> 
     </span>
    </p>
   </div>
   <div class='ocr_carea' id='block_1_40' title="bbox 501 3757 829 3832">
    <p class='ocr_par' dir='ltr' id='par_1_40' title="bbox 501 3757 829 3832">
     <span class='ocr_line' id='line_1_40' title="bbox 501 3757 829 3832; baseline 0.015 -21"><span class='ocrx_word' id='word_1_195' title='bbox 501 3757 630 3832; x_wconf 81' lang='grc' dir='ltr'>φεὺς</span> <span class='ocrx_word' id='word_1_196' title='bbox 664 3763 829 3831; x_wconf 82' lang='grc' dir='ltr'>Κροτ.</span> 
     </span>
    </p>
   </div>
   <div class='ocr_carea' id='block_1_41' title="bbox 424 3842 1608 3929">
    <p class='ocr_par' dir='ltr' id='par_1_41' title="bbox 424 3842 1608 3929">
     <span class='ocr_line' id='line_1_41' title="bbox 424 3842 1608 3929; baseline 0.008 -29"><span class='ocrx_word' id='word_1_197' title='bbox 424 3849 517 3904; x_wconf 80' lang='grc' dir='ltr'>Ἐν</span> <span class='ocrx_word' id='word_1_198' title='bbox 552 3849 597 3909; x_wconf 76' lang='grc' dir='ltr'>ς’</span> <span class='ocrx_word' id='word_1_199' title='bbox 625 3842 1132 3921; x_wconf 73' lang='grc' dir='ltr'>Τραγωὸουμὲνων.</span> <span class='ocrx_word' id='word_1_200' title='bbox 1166 3869 1218 3908; x_wconf 85' lang='lat' dir='ltr'>v.</span> <span class='ocrx_word' id='word_1_201' title='bbox 1251 3852 1608 3929; x_wconf 85' lang='grc' dir='ltr'>Ῥησίαρχος.</span> 
     </span>
    </p>
   </div>
   <div class='ocr_carea' id='block_1_42' title="bbox 358 3937 2012 4021">
    <p class='ocr_par' dir='ltr' id='par_1_42' title="bbox 358 3937 2012 4021">
     <span class='ocr_line' id='line_1_42' title="bbox 358 3937 2012 4021; baseline 0.007 -30"><span class='ocrx_word' id='word_1_202' title='bbox 358 3937 532 3992; x_wconf 80' lang='lat' dir='ltr'>Alius</span> <span class='ocrx_word' id='word_1_203' title='bbox 560 3937 966 4009; x_wconf 83' lang='lat' dir='ltr'>Asclepiades,</span> <span class='ocrx_word' id='word_1_204' title='bbox 989 3941 1217 4012; x_wconf 89' lang='lat' dir='ltr'>junior.</span> <span class='ocrx_word' id='word_1_205' title='bbox 1251 3960 1302 4000; x_wconf 84' lang='lat' dir='ltr'>v.</span> <span class='ocrx_word' id='word_1_206' title='bbox 1348 3943 1658 4020; x_wconf 70' lang='grc' dir='ltr'>Γενέθλιος,</span> <span class='ocrx_word' id='word_1_207' title='bbox 1712 3944 2012 4021; x_wconf 72' lang='grc' dir='ltr'>Ἡραῒσκος</span> 
     </span>
    </p>
   </div>
   <div class='ocr_carea' id='block_1_43' title="bbox 357 4028 703 4083">
    <p class='ocr_par' dir='ltr' id='par_1_43' title="bbox 357 4028 703 4083">
     <span class='ocr_line' id='line_1_43' title="bbox 357 4028 703 4083; baseline 0.006 -2"><span class='ocrx_word' id='word_1_208' title='bbox 357 4028 703 4083; x_wconf 67' lang='lat' dir='ltr'>Athenaeus.</span> 
     </span>
    </p>
   </div>
   <div class='ocr_carea' id='block_1_44' title="bbox 430 4116 2009 4202">
    <p class='ocr_par' dir='ltr' id='par_1_44' title="bbox 430 4116 2009 4202">
     <span class='ocr_line' id='line_1_44' title="bbox 430 4116 2009 4202; baseline 0.006 -30"><span class='ocrx_word' id='word_1_209' title='bbox 430 4116 517 4172; x_wconf 85' lang='grc' dir='ltr'>Ἐν</span> <span class='ocrx_word' id='word_1_210' title='bbox 569 4122 1069 4195; x_wconf 81' lang='grc' dir='ltr'>Δειπνοσοφισταῖς.</span> <span class='ocrx_word' id='word_1_211' title='bbox 1138 4138 1190 4177; x_wconf 88' lang='lat' dir='ltr'>v.</span> <span class='ocrx_word' id='word_1_212' title='bbox 1251 4122 1697 4198; x_wconf 67' lang='grc' dir='ltr'>Ἀωιστώιυμος.</span> <span class='ocrx_word' id='word_1_213' title='bbox 1752 4123 2009 4202; x_wconf 75' lang='grc' dir='ltr'>Ἀρχέδι-</span> 
     </span>
    </p>
   </div>
   <div class='ocr_carea' id='block_1_45' title="bbox 493 4206 2008 4285">
    <p class='ocr_par' dir='ltr' id='par_1_45' title="bbox 493 4206 2008 4285">
     <span class='ocr_line' id='line_1_45' title="bbox 493 4206 2008 4285; baseline 0.011 -26"><span class='ocrx_word' id='word_1_214' title='bbox 493 4224 612 4267; x_wconf 85' lang='grc' dir='ltr'>κος.</span> <span class='ocrx_word' id='word_1_215' title='bbox 650 4206 909 4276; x_wconf 82' lang='grc' dir='ltr'>Διοκλῆς.</span> <span class='ocrx_word' id='word_1_216' title='bbox 967 4209 1273 4285; x_wconf 69' lang='grc' dir='ltr'>Ἐπιγένης.</span> <span class='ocrx_word' id='word_1_217' title='bbox 1331 4213 1644 4277; x_wconf 78' lang='grc' dir='ltr'>Ἐπίλυκος.</span> <span class='ocrx_word' id='word_1_218' title='bbox 1706 4216 2008 4279; x_wconf 80' lang='grc' dir='ltr'>Ἐπίνικος.</span> 
     </span>
    </p>
   </div>
   <div class='ocr_carea' id='block_1_46' title="bbox 497 4294 2011 4381">
    <p class='ocr_par' dir='ltr' id='par_1_46' title="bbox 497 4294 2011 4381">
     <span class='ocr_line' id='line_1_46' title="bbox 497 4294 2011 4381; baseline 0.004 -24"><span class='ocrx_word' id='word_1_219' title='bbox 497 4294 752 4374; x_wconf 77' lang='grc' dir='ltr'>Ἔριφος.</span> <span class='ocrx_word' id='word_1_220' title='bbox 816 4297 1149 4374; x_wconf 79' lang='grc' dir='ltr'>Εὐάγγελος.</span> <span class='ocrx_word' id='word_1_221' title='bbox 1208 4302 1515 4370; x_wconf 81' lang='grc' dir='ltr'>Εὐθυκλῆς.</span> <span class='ocrx_word' id='word_1_222' title='bbox 1548 4302 1871 4381; x_wconf 71' lang='grc' dir='ltr'>Εῧσχημος.</span> <span class='ocrx_word' id='word_1_223' title='bbox 1905 4307 2011 4363; x_wconf 73' lang='grc' dir='ltr'>Εὕ-</span> 
     </span>
    </p>
   </div>
   <div class='ocr_carea' id='block_1_47' title="bbox 495 4387 2012 4475">
    <p class='ocr_par' dir='ltr' id='par_1_47' title="bbox 495 4387 2012 4475">
     <span class='ocr_line' id='line_1_47' title="bbox 495 4387 2012 4475; baseline 0.011 -37"><span class='ocrx_word' id='word_1_224' title='bbox 495 4403 667 4461; x_wconf 74' lang='grc' dir='ltr'>φρων.</span> <span class='ocrx_word' id='word_1_225' title='bbox 722 4387 1010 4463; x_wconf 76' lang='grc' dir='ltr'>Ἡγήμωνο</span> <span class='ocrx_word' id='word_1_226' title='bbox 1070 4390 1430 4467; x_wconf 80' lang='grc' dir='ltr'>Ἡγήσιππος.</span> <span class='ocrx_word' id='word_1_227' title='bbox 1491 4395 1818 4471; x_wconf 80' lang='grc' dir='ltr'>Θεόγνητος.</span> <span class='ocrx_word' id='word_1_228' title='bbox 1872 4401 2012 4475; x_wconf 83' lang='grc' dir='ltr'>Καρ-</span> 
     </span>
    </p>
   </div>
   <div class='ocr_carea' id='block_1_48' title="bbox 507 4474 2008 4565">
    <p class='ocr_par' dir='ltr' id='par_1_48' title="bbox 507 4474 2008 4565">
     <span class='ocr_line' id='line_1_48' title="bbox 507 4474 2008 4565; baseline 0.011 -38"><span class='ocrx_word' id='word_1_229' title='bbox 507 4474 679 4537; x_wconf 84' lang='grc' dir='ltr'>κίνος.</span> <span class='ocrx_word' id='word_1_230' title='bbox 705 4477 1014 4540; x_wconf 75' lang='grc' dir='ltr'>Λύσιππος.</span> <span class='ocrx_word' id='word_1_231' title='bbox 1049 4480 1440 4558; x_wconf 76' lang='grc' dir='ltr'>Μνησίμαχος.</span> <span class='ocrx_word' id='word_1_232' title='bbox 1485 4485 1647 4547; x_wconf 66' lang='grc' dir='ltr'>Ναῒς.</span> <span class='ocrx_word' id='word_1_233' title='bbox 1712 4474 2008 4565; x_wconf 84' lang='grc' dir='ltr'>Νικόστρα-</span> 
     </span>
    </p>
   </div>
   <div class='ocr_carea' id='block_1_49' title="bbox 494 4564 2004 4655">
    <p class='ocr_par' dir='ltr' id='par_1_49' title="bbox 494 4564 2004 4655">
     <span class='ocr_line' id='line_1_49' title="bbox 494 4564 2004 4655; baseline 0.011 -38"><span class='ocrx_word' id='word_1_234' title='bbox 494 4584 611 4655; x_wconf 66' lang='grc' dir='ltr'>τος.</span> <span class='ocrx_word' id='word_1_235' title='bbox 644 4564 967 4655; x_wconf 82' lang='grc' dir='ltr'>Νωγαλὲον.</span> <span class='ocrx_word' id='word_1_236' title='bbox 1010 4572 1313 4646; x_wconf 76' lang='grc' dir='ltr'>Ξέναρχος.</span> <span class='ocrx_word' id='word_1_237' title='bbox 1368 4572 1657 4632; x_wconf 71' lang='grc' dir='ltr'>Ὠφελίων.</span> <span class='ocrx_word' id='word_1_238' title='bbox 1692 4564 2004 4655; x_wconf 76' lang='grc' dir='ltr'>Πάμφιλος,</span> 
     </span>
    </p>
   </div>
   <div class='ocr_carea' id='block_1_50' title="bbox 1884 2145 2031 2220">
    <p class='ocr_par' dir='ltr' id='par_1_50' title="bbox 1884 2145 2031 2220">
     <span class='ocr_line' id='line_1_50' title="bbox 1884 2145 2031 2220; baseline 0 -18"><span class='ocrx_word' id='word_1_239' title='bbox 1884 2145 2031 2220; x_wconf 74' lang='lat' dir='ltr'>[Hip-</span> 
     </span>
    </p>
   </div>
   <div class='ocr_carea' id='block_1_51' title="bbox 498 4650 2085 4739">
    <p class='ocr_par' dir='ltr' id='par_1_51' title="bbox 498 4650 2085 4739">
     <span class='ocr_line' id='line_1_51' title="bbox 498 4650 2085 4739; baseline 0.013 -32"><span class='ocrx_word' id='word_1_240' title='bbox 498 4650 677 4715; x_wconf 77' lang='grc' dir='ltr'>οὗτος.</span> <span class='ocrx_word' id='word_1_241' title='bbox 710 4652 962 4713; x_wconf 81' lang='grc' dir='ltr'>Πλάτων.</span> <span class='ocrx_word' id='word_1_242' title='bbox 999 4657 1113 4714; x_wconf 86' lang='grc' dir='ltr'>Ἀθ.</span> <span class='ocrx_word' id='word_1_243' title='bbox 1175 4660 1539 4727; x_wconf 75' lang='grc' dir='ltr'>Πολύευκτος.</span> <span class='ocrx_word' id='word_1_244' title='bbox 1597 4666 1807 4739; x_wconf 85' lang='grc' dir='ltr'>Ῥώμη.</span> <span class='ocrx_word' id='word_1_245' title='bbox 1834 4650 1845 4655; x_wconf 42' lang='lat'>&#39;</span> <span class='ocrx_word' id='word_1_246' title='bbox 1870 4674 2009 4725; x_wconf 87' lang='grc' dir='ltr'>Σαν-</span> <span class='ocrx_word' id='word_1_247' title='bbox 2039 4671 2085 4735; x_wconf 89' lang='lat' dir='ltr'>D</span> 
     </span>
    </p>
   </div>
   <div class='ocr_carea' id='block_1_52' title="bbox 497 4741 2001 4837">
    <p class='ocr_par' dir='ltr' id='par_1_52' title="bbox 497 4741 2001 4837">
     <span class='ocr_line' id='line_1_52' title="bbox 497 4741 2001 4837; baseline 0.015 -43"><span class='ocrx_word' id='word_1_248' title='bbox 497 4741 698 4837; x_wconf 67' lang='grc' dir='ltr'>νυρίων</span> <span class='ocrx_word' id='word_1_249' title='bbox 730 4789 744 4802; x_wconf 91' lang='grc'><em>,</em></span> <span class='ocrx_word' id='word_1_250' title='bbox 816 4745 1117 4837; x_wconf 84' lang='grc' dir='ltr'>Σώπατρος</span> <span class='ocrx_word' id='word_1_251' title='bbox 1151 4796 1167 4822; x_wconf 85' lang='grc'><strong><em>,</em></strong></span> <span class='ocrx_word' id='word_1_252' title='bbox 1227 4752 1368 4824; x_wconf 88' lang='grc' dir='ltr'>Κωμ</span> <span class='ocrx_word' id='word_1_253' title='bbox 1401 4797 1414 4810; x_wconf 95' lang='grc'>.</span> <span class='ocrx_word' id='word_1_254' title='bbox 1474 4754 1774 4831; x_wconf 84' lang='grc' dir='ltr'>Σώπατρος</span> <span class='ocrx_word' id='word_1_255' title='bbox 1808 4801 1823 4827; x_wconf 88' lang='grc'><em>,</em></span> <span class='ocrx_word' id='word_1_256' title='bbox 1894 4780 2001 4837; x_wconf 88' lang='grc' dir='ltr'>παρ</span> 
     </span>
    </p>
   </div>
   <div class='ocr_carea' id='block_1_53' title="bbox 498 4829 2001 4923">
    <p class='ocr_par' dir='ltr' id='par_1_53' title="bbox 498 4829 2001 4923">
     <span class='ocr_line' id='line_1_53' title="bbox 498 4829 2001 4923; baseline 0.016 -40"><span class='ocrx_word' id='word_1_257' title='bbox 498 4829 763 4923; x_wconf 78' lang='grc' dir='ltr'>Σωτάδης</span> <span class='ocrx_word' id='word_1_258' title='bbox 797 4879 811 4893; x_wconf 94' lang='grc'>.</span> <span class='ocrx_word' id='word_1_259' title='bbox 869 4836 1126 4915; x_wconf 75' lang='grc' dir='ltr'>Σώφιλος</span> <span class='ocrx_word' id='word_1_260' title='bbox 1163 4883 1174 4897; x_wconf 92' lang='grc'>.</span> <span class='ocrx_word' id='word_1_261' title='bbox 1238 4844 1483 4919; x_wconf 77' lang='grc' dir='ltr'>Σώφρων</span> <span class='ocrx_word' id='word_1_262' title='bbox 1518 4889 1532 4916; x_wconf 86' lang='grc'>,</span> <span class='ocrx_word' id='word_1_263' title='bbox 1590 4867 1624 4901; x_wconf 91' lang='grc' dir='ltr'>κ</span> <span class='ocrx_word' id='word_1_264' title='bbox 1650 4829 1687 4904; x_wconf 33' lang='lat'>._</span> <span class='ocrx_word' id='word_1_265' title='bbox 1718 4829 2001 4923; x_wconf 78' lang='grc' dir='ltr'>Στράττις,</span> 
     </span>
    </p>
   </div>
   <div class='ocr_carea' id='block_1_54' title="bbox 494 4919 2001 5014">
    <p class='ocr_par' dir='ltr' id='par_1_54' title="bbox 494 4919 2001 5014">
     <span class='ocr_line' id='line_1_54' title="bbox 494 4919 2001 5014; baseline 0.016 -41"><span class='ocrx_word' id='word_1_266' title='bbox 494 4919 789 5014; x_wconf 44' lang='grc' dir='ltr'>Ἰῖελέστης.</span> <span class='ocrx_word' id='word_1_267' title='bbox 849 4923 1252 4999; x_wconf 81' lang='grc' dir='ltr'>Τηλεκλείδης,</span> <span class='ocrx_word' id='word_1_268' title='bbox 1316 4934 1586 5006; x_wconf 85' lang='grc' dir='ltr'>Τιμόθεος</span> <span class='ocrx_word' id='word_1_269' title='bbox 1644 4936 1763 4995; x_wconf 86' lang='grc' dir='ltr'>Ἀθ.</span> <span class='ocrx_word' id='word_1_270' title='bbox 1798 4919 2001 5014; x_wconf 37' lang='grc' dir='ltr'>’Τιμοέ</span> 
     </span>
    </p>
   </div>
   <div class='ocr_carea' id='block_1_55' title="bbox 491 5009 2007 5105">
    <p class='ocr_par' dir='ltr' id='par_1_55' title="bbox 491 5009 2007 5105">
     <span class='ocr_line' id='line_1_55' title="bbox 491 5009 2007 5105; baseline 0.015 -39"><span class='ocrx_word' id='word_1_271' title='bbox 491 5010 635 5105; x_wconf 57' lang='grc' dir='ltr'>κλῇς</span> <span class='ocrx_word' id='word_1_272' title='bbox 663 5009 741 5070; x_wconf 64' lang='lat' dir='ltr'>Et.</span> <span class='ocrx_word' id='word_1_273' title='bbox 776 5014 1082 5087; x_wconf 84' lang='grc' dir='ltr'>Φίλιππος,</span> <span class='ocrx_word' id='word_1_274' title='bbox 1127 5026 1281 5095; x_wconf 83' lang='grc' dir='ltr'>Κωμ.</span> <span class='ocrx_word' id='word_1_275' title='bbox 1316 5024 1568 5098; x_wconf 82' lang='grc' dir='ltr'>Φόρμος.</span> <span class='ocrx_word' id='word_1_276' title='bbox 1627 5034 1755 5105; x_wconf 87' lang='grc' dir='ltr'>Συρ.</span> <span class='ocrx_word' id='word_1_277' title='bbox 1820 5009 2007 5087; x_wconf 74' lang='grc' dir='ltr'>Φοινι-</span> 
     </span>
    </p>
   </div>
   <div class='ocr_carea' id='block_1_56' title="bbox 493 5097 1023 5179">
    <p class='ocr_par' dir='ltr' id='par_1_56' title="bbox 493 5097 1023 5179">
     <span class='ocr_line' id='line_1_56' title="bbox 493 5097 1023 5179; baseline 0.009 -24"><span class='ocrx_word' id='word_1_278' title='bbox 493 5097 674 5170; x_wconf 80' lang='grc' dir='ltr'>κίδης.</span> <span class='ocrx_word' id='word_1_279' title='bbox 700 5106 1023 5179; x_wconf 70' lang='grc' dir='ltr'>Χαιρήμων.</span> 
     </span>
    </p>
   </div>
   <div class='ocr_carea' id='block_1_57' title="bbox 421 5188 1534 5276">
    <p class='ocr_par' dir='ltr' id='par_1_57' title="bbox 421 5188 1534 5276">
     <span class='ocr_line' id='line_1_57' title="bbox 421 5188 1534 5276; baseline 0.014 -33"><span class='ocrx_word' id='word_1_280' title='bbox 421 5191 505 5244; x_wconf 84' lang='grc' dir='ltr'>Ἐν</span> <span class='ocrx_word' id='word_1_281' title='bbox 541 5194 619 5261; x_wconf 80' lang='grc' dir='ltr'>τῷ</span> <span class='ocrx_word' id='word_1_282' title='bbox 728 5196 835 5247; x_wconf 79' lang='grc' dir='ltr'>τῶν</span> <span class='ocrx_word' id='word_1_283' title='bbox 870 5203 1124 5255; x_wconf 83' lang='grc' dir='ltr'>Δειπνοσ.</span> <span class='ocrx_word' id='word_1_284' title='bbox 1159 5219 1209 5259; x_wconf 87' lang='lat' dir='ltr'>v.</span> <span class='ocrx_word' id='word_1_285' title='bbox 1245 5188 1534 5276; x_wconf 79' lang='grc' dir='ltr'>Βράϐηλα.</span> 
     </span>
    </p>
   </div>
   <div class='ocr_carea' id='block_1_58' title="bbox 422 5282 1428 5367">
    <p class='ocr_par' dir='ltr' id='par_1_58' title="bbox 422 5282 1428 5367">
     <span class='ocr_line' id='line_1_58' title="bbox 422 5282 1428 5367; baseline 0.014 -28"><span class='ocrx_word' id='word_1_286' title='bbox 422 5282 509 5339; x_wconf 84' lang='grc' dir='ltr'>Ἐν</span> <span class='ocrx_word' id='word_1_287' title='bbox 538 5283 605 5357; x_wconf 83' lang='grc' dir='ltr'>γ’.</span> <span class='ocrx_word' id='word_1_288' title='bbox 640 5303 692 5341; x_wconf 89' lang='lat' dir='ltr'>v.</span> <span class='ocrx_word' id='word_1_289' title='bbox 727 5288 1050 5359; x_wconf 69' lang='grc' dir='ltr'>Δαμόξενος.</span> <span class='ocrx_word' id='word_1_290' title='bbox 1085 5292 1428 5367; x_wconf 81' lang='grc' dir='ltr'>Δεξικράτης.</span> 
     </span>
    </p>
   </div>
   <div class='ocr_carea' id='block_1_59' title="bbox 419 5372 1265 5452">
    <p class='ocr_par' dir='ltr' id='par_1_59' title="bbox 419 5372 1265 5452">
     <span class='ocr_line' id='line_1_59' title="bbox 419 5372 1265 5452; baseline 0.013 -25"><span class='ocrx_word' id='word_1_291' title='bbox 419 5372 503 5428; x_wconf 82' lang='grc' dir='ltr'>Ἑν</span> <span class='ocrx_word' id='word_1_292' title='bbox 538 5372 576 5429; x_wconf 67' lang='grc' dir='ltr'>ἲ.</span> <span class='ocrx_word' id='word_1_293' title='bbox 611 5392 661 5430; x_wconf 84' lang='lat' dir='ltr'>v.</span> <span class='ocrx_word' id='word_1_294' title='bbox 697 5375 995 5452; x_wconf 83' lang='grc' dir='ltr'>Διόδωρος,</span> <span class='ocrx_word' id='word_1_295' title='bbox 1026 5380 1113 5435; x_wconf 77' lang='grc' dir='ltr'>κάὶ</span> <span class='ocrx_word' id='word_1_296' title='bbox 1148 5382 1265 5439; x_wconf 79' lang='grc' dir='ltr'>αὐτ.</span> 
     </span>
    </p>
   </div>
   <div class='ocr_carea' id='block_1_60' title="bbox 419 5460 1074 5538">
    <p class='ocr_par' dir='ltr' id='par_1_60' title="bbox 419 5460 1074 5538">
     <span class='ocr_line' id='line_1_60' title="bbox 419 5460 1074 5538; baseline 0.014 -21"><span class='ocrx_word' id='word_1_297' title='bbox 419 5460 511 5517; x_wconf 87' lang='grc' dir='ltr'>Ἐν</span> <span class='ocrx_word' id='word_1_298' title='bbox 547 5463 635 5518; x_wconf 87' lang='grc' dir='ltr'>ια’.</span> <span class='ocrx_word' id='word_1_299' title='bbox 671 5482 721 5520; x_wconf 78' lang='grc' dir='ltr'>ν.</span> <span class='ocrx_word' id='word_1_300' title='bbox 749 5466 1074 5538; x_wconf 79' lang='grc' dir='ltr'>Δαμόξενος.</span> 
     </span>
    </p>
   </div>
   <div class='ocr_carea' id='block_1_61' title="bbox 418 5550 1332 5630">
    <p class='ocr_par' dir='ltr' id='par_1_61' title="bbox 418 5550 1332 5630">
     <span class='ocr_line' id='line_1_61' title="bbox 418 5550 1332 5630; baseline 0.016 -25"><span class='ocrx_word' id='word_1_301' title='bbox 418 5550 507 5606; x_wconf 83' lang='grc' dir='ltr'>Ἐν</span> <span class='ocrx_word' id='word_1_302' title='bbox 545 5552 637 5626; x_wconf 89' lang='grc' dir='ltr'>ιβ’.</span> <span class='ocrx_word' id='word_1_303' title='bbox 672 5570 724 5611; x_wconf 79' lang='lat' dir='ltr'>V.</span> <span class='ocrx_word' id='word_1_304' title='bbox 757 5554 1059 5630; x_wconf 83' lang='grc' dir='ltr'>Διόδωρος,</span> <span class='ocrx_word' id='word_1_305' title='bbox 1091 5560 1182 5614; x_wconf 80' lang='grc' dir='ltr'>καὶ</span> <span class='ocrx_word' id='word_1_306' title='bbox 1213 5562 1332 5621; x_wconf 81' lang='grc' dir='ltr'>αὐτ.</span> 
     </span>
    </p>
   </div>
   <div class='ocr_carea' id='block_1_62' title="bbox 343 5636 2001 5729">
    <p class='ocr_par' dir='ltr' id='par_1_62' title="bbox 343 5636 2001 5729">
     <span class='ocr_line' id='line_1_62' title="bbox 343 5636 2001 5729; baseline 0.019 -37"><span class='ocrx_word' id='word_1_307' title='bbox 343 5636 803 5713; x_wconf 80' lang='lat' dir='ltr'>Athenodorus,</span> <span class='ocrx_word' id='word_1_308' title='bbox 863 5646 1024 5703; x_wconf 82' lang='lat' dir='ltr'>Arati</span> <span class='ocrx_word' id='word_1_309' title='bbox 1083 5656 1271 5723; x_wconf 81' lang='lat' dir='ltr'>pater,</span> <span class='ocrx_word' id='word_1_310' title='bbox 1335 5660 1395 5710; x_wconf 83' lang='lat' dir='ltr'>et</span> <span class='ocrx_word' id='word_1_311' title='bbox 1448 5657 1627 5729; x_wconf 86' lang='lat' dir='ltr'>alius,</span> <span class='ocrx_word' id='word_1_312' title='bbox 1679 5660 1888 5724; x_wconf 78' lang='lat' dir='ltr'>frater.</span> <span class='ocrx_word' id='word_1_313' title='bbox 1948 5683 2001 5724; x_wconf 72' lang='grc' dir='ltr'>γ.</span> 
     </span>
    </p>
   </div>
   <div class='ocr_carea' id='block_1_63' title="bbox 488 5728 753 5802">
    <p class='ocr_par' dir='ltr' id='par_1_63' title="bbox 488 5728 753 5802">
     <span class='ocr_line' id='line_1_63' title="bbox 488 5728 753 5802; baseline 0.011 -18"><span class='ocrx_word' id='word_1_314' title='bbox 488 5728 753 5802; x_wconf 65' lang='grc' dir='ltr'>Ἄρατος.</span> 
     </span>
    </p>
   </div>
   <div class='ocr_carea' id='block_1_64' title="bbox 2962 650 3008 701">
    <p class='ocr_par' dir='ltr' id='par_1_64' title="bbox 2962 650 3008 701">
     <span class='ocr_line' id='line_1_64' title="bbox 2962 650 3008 701; baseline 0 0"><span class='ocrx_word' id='word_1_315' title='bbox 2962 650 3008 701; x_wconf 86' lang='grc' dir='ltr'><strong><em>Β</em></strong></span> 
     </span>
    </p>
   </div>
   <div class='ocr_carea' id='block_1_65' title="bbox 2150 747 3808 828">
    <p class='ocr_par' dir='ltr' id='par_1_65' title="bbox 2150 747 3808 828">
     <span class='ocr_line' id='line_1_65' title="bbox 2150 747 3808 828; baseline 0.006 -25"><span class='ocrx_word' id='word_1_316' title='bbox 2150 747 2414 805; x_wconf 83' lang='lat' dir='ltr'>Babrius.</span> <span class='ocrx_word' id='word_1_317' title='bbox 2473 768 2526 805; x_wconf 88' lang='lat' dir='ltr'>v.</span> <span class='ocrx_word' id='word_1_318' title='bbox 2605 750 2797 823; x_wconf 77' lang='grc' dir='ltr'>Ἃμᾷν.</span> <span class='ocrx_word' id='word_1_319' title='bbox 2888 752 3153 815; x_wconf 81' lang='grc' dir='ltr'>Ἀνωθεν.</span> <span class='ocrx_word' id='word_1_320' title='bbox 3212 751 3454 826; x_wconf 73' lang='grc' dir='ltr'>Ἀσόμα.</span> <span class='ocrx_word' id='word_1_321' title='bbox 3515 754 3808 828; x_wconf 75' lang='grc' dir='ltr'>Ἀχαιῗνη.</span> 
     </span>
    </p>
   </div>
   <div class='ocr_carea' id='block_1_66' title="bbox 2292 836 3810 917">
    <p class='ocr_par' dir='ltr' id='par_1_66' title="bbox 2292 836 3810 917">
     <span class='ocr_line' id='line_1_66' title="bbox 2292 836 3810 917; baseline 0.007 -27"><span class='ocrx_word' id='word_1_322' title='bbox 2292 836 2540 911; x_wconf 83' lang='grc' dir='ltr'>Γέρανος.</span> <span class='ocrx_word' id='word_1_323' title='bbox 2601 841 2799 893; x_wconf 85' lang='grc' dir='ltr'>Δάπτω</span> <span class='ocrx_word' id='word_1_324' title='bbox 2836 882 2849 896; x_wconf 94' lang='grc'>.</span> <span class='ocrx_word' id='word_1_325' title='bbox 2901 841 3210 898; x_wconf 77' lang='grc' dir='ltr'>Ἐκαποτε.</span> <span class='ocrx_word' id='word_1_326' title='bbox 3271 842 3553 917; x_wconf 85' lang='grc' dir='ltr'>Ἐκθορεν.</span> <span class='ocrx_word' id='word_1_327' title='bbox 3618 845 3810 901; x_wconf 82' lang='grc' dir='ltr'>Ἑται-</span> 
     </span>
    </p>
   </div>
   <div class='ocr_carea' id='block_1_67' title="bbox 2290 924 3814 1007">
    <p class='ocr_par' dir='ltr' id='par_1_67' title="bbox 2290 924 3814 1007">
     <span class='ocr_line' id='line_1_67' title="bbox 2290 924 3814 1007; baseline -0.011 -9"><span class='ocrx_word' id='word_1_328' title='bbox 2290 924 2424 999; x_wconf 78' lang='grc' dir='ltr'>Ρεία·</span> <span class='ocrx_word' id='word_1_329' title='bbox 2511 926 2701 984; x_wconf 59' lang='grc' dir='ltr'>Εὑλοιί-</span> <span class='ocrx_word' id='word_1_330' title='bbox 2792 927 2983 990; x_wconf 66' lang='grc' dir='ltr'>Ἦῗων.</span> <span class='ocrx_word' id='word_1_331' title='bbox 3064 930 3208 1005; x_wconf 87' lang='grc' dir='ltr'>Ἦρα</span> <span class='ocrx_word' id='word_1_332' title='bbox 3272 931 3617 1007; x_wconf 86' lang='grc' dir='ltr'>Καμειραία.-</span> <span class='ocrx_word' id='word_1_333' title='bbox 3661 941 3814 1004; x_wconf 78' lang='grc' dir='ltr'>Κνη-</span> 
     </span>
    </p>
   </div>
   <div class='ocr_carea' id='block_1_68' title="bbox 2288 1014 3808 1098">
    <p class='ocr_par' dir='ltr' id='par_1_68' title="bbox 2288 1014 3808 1098">
     <span class='ocr_line' id='line_1_68' title="bbox 2288 1014 3808 1098; baseline 0.009 -30"><span class='ocrx_word' id='word_1_334' title='bbox 2288 1014 2767 1088; x_wconf 82' lang='grc' dir='ltr'>κίας.Κωλώτης,</span> <span class='ocrx_word' id='word_1_335' title='bbox 2828 1026 3115 1093; x_wconf 78' lang='grc' dir='ltr'>Κωμῆται.</span> <span class='ocrx_word' id='word_1_336' title='bbox 3176 1020 3476 1078; x_wconf 75' lang='grc' dir='ltr'>Κωτίλλω.</span> <span class='ocrx_word' id='word_1_337' title='bbox 3537 1024 3808 1098; x_wconf 86' lang='grc' dir='ltr'>Κρίμνον·</span> 
     </span>
    </p>
   </div>
   <div class='ocr_carea' id='block_1_69' title="bbox 2287 1100 3812 1183">
    <p class='ocr_par' dir='ltr' id='par_1_69' title="bbox 2287 1100 3812 1183">
     <span class='ocr_line' id='line_1_69' title="bbox 2287 1100 3812 1183; baseline 0.005 -20"><span class='ocrx_word' id='word_1_338' title='bbox 2287 1100 2576 1182; x_wconf 76' lang='grc' dir='ltr'>Νεϐρείην.</span> <span class='ocrx_word' id='word_1_339' title='bbox 2666 1103 2894 1179; x_wconf 74' lang='grc' dir='ltr'>Νεϐρός.</span> <span class='ocrx_word' id='word_1_340' title='bbox 2984 1109 3236 1183; x_wconf 72' lang='grc' dir='ltr'>Νέμεσις.</span> <span class='ocrx_word' id='word_1_341' title='bbox 3324 1111 3527 1169; x_wconf 83' lang='grc' dir='ltr'>Ὀνεία.</span> <span class='ocrx_word' id='word_1_342' title='bbox 3616 1114 3812 1171; x_wconf 78' lang='grc' dir='ltr'>Παλα-</span> 
     </span>
    </p>
   </div>
   <div class='ocr_carea' id='block_1_70' title="bbox 2290 1195 3807 1278">
    <p class='ocr_par' dir='ltr' id='par_1_70' title="bbox 2290 1195 3807 1278">
     <span class='ocr_line' id='line_1_70' title="bbox 2290 1195 3807 1278; baseline 0.009 -29"><span class='ocrx_word' id='word_1_343' title='bbox 2290 1201 2501 1269; x_wconf 85' lang='grc' dir='ltr'>μναῖος.</span> <span class='ocrx_word' id='word_1_344' title='bbox 2563 1198 2889 1270; x_wconf 82' lang='grc' dir='ltr'>Πανθοίνην.</span> <span class='ocrx_word' id='word_1_345' title='bbox 2944 1195 3217 1274; x_wconf 77' lang='grc' dir='ltr'>Πετάϐρα.</span> <span class='ocrx_word' id='word_1_346' title='bbox 3272 1201 3535 1272; x_wconf 87' lang='grc' dir='ltr'>Πίθηκος.</span> <span class='ocrx_word' id='word_1_347' title='bbox 3593 1206 3807 1278; x_wconf 88' lang='grc' dir='ltr'>Πρίων.</span> 
     </span>
    </p>
   </div>
   <div class='ocr_carea' id='block_1_71' title="bbox 2285 1284 3804 1366">
    <p class='ocr_par' dir='ltr' id='par_1_71' title="bbox 2285 1284 3804 1366">
     <span class='ocr_line' id='line_1_71' title="bbox 2285 1284 3804 1366; baseline 0.007 -28"><span class='ocrx_word' id='word_1_348' title='bbox 2285 1284 2615 1361; x_wconf 74' lang='grc' dir='ltr'>Πυῤῥίκαις.</span> <span class='ocrx_word' id='word_1_349' title='bbox 2700 1288 3051 1360; x_wconf 84' lang='grc' dir='ltr'>Σωμάκους.</span> <span class='ocrx_word' id='word_1_350' title='bbox 3140 1288 3454 1366; x_wconf 80' lang='grc' dir='ltr'>Σπῆλυγξ.</span> <span class='ocrx_word' id='word_1_351' title='bbox 3544 1292 3804 1349; x_wconf 88' lang='grc' dir='ltr'>Στελεόν·</span> 
     </span>
    </p>
   </div>
   <div class='ocr_carea' id='block_1_72' title="bbox 2282 1372 3805 1454">
    <p class='ocr_par' dir='ltr' id='par_1_72' title="bbox 2282 1372 3805 1454">
     <span class='ocr_line' id='line_1_72' title="bbox 2282 1372 3805 1454; baseline 0.008 -26"><span class='ocrx_word' id='word_1_352' title='bbox 2282 1375 2661 1449; x_wconf 75' lang='grc' dir='ltr'>Ταναγραῖοι,</span> <span class='ocrx_word' id='word_1_353' title='bbox 2719 1372 3128 1446; x_wconf 74' lang='grc' dir='ltr'>Τιττυϐίζεται.</span> <span class='ocrx_word' id='word_1_354' title='bbox 3189 1379 3424 1454; x_wconf 88' lang='grc' dir='ltr'>Τριγχός</span> <span class='ocrx_word' id='word_1_355' title='bbox 3458 1423 3471 1436; x_wconf 91' lang='grc'>.</span> <span class='ocrx_word' id='word_1_356' title='bbox 3547 1380 3805 1442; x_wconf 79' lang='grc' dir='ltr'>Φωλάδι.</span> 
     </span>
    </p>
   </div>
   <div class='ocr_carea' id='block_1_73' title="bbox 2285 1463 3495 1540">
    <p class='ocr_par' dir='ltr' id='par_1_73' title="bbox 2285 1463 3495 1540">
     <span class='ocr_line' id='line_1_73' title="bbox 2285 1463 3495 1540; baseline 0.007 -24"><span class='ocrx_word' id='word_1_357' title='bbox 2285 1463 2643 1540; x_wconf 78' lang='grc' dir='ltr'>Φριξότριχα.</span> <span class='ocrx_word' id='word_1_358' title='bbox 2682 1466 2825 1522; x_wconf 86' lang='lat' dir='ltr'>Vide</span> <span class='ocrx_word' id='word_1_359' title='bbox 2854 1468 3031 1524; x_wconf 76' lang='lat' dir='ltr'>etiam</span> <span class='ocrx_word' id='word_1_360' title='bbox 3064 1467 3222 1525; x_wconf 84' lang='lat' dir='ltr'>infra</span> <span class='ocrx_word' id='word_1_361' title='bbox 3249 1470 3495 1527; x_wconf 66' lang='lat' dir='ltr'>Fabulae.</span> 
     </span>
    </p>
   </div>
   <div class='ocr_carea' id='block_1_74' title="bbox 2142 1553 2931 1627">
    <p class='ocr_par' dir='ltr' id='par_1_74' title="bbox 2142 1553 2931 1627">
     <span class='ocr_line' id='line_1_74' title="bbox 2142 1553 2931 1627; baseline 0.006 -19"><span class='ocrx_word' id='word_1_362' title='bbox 2142 1553 2548 1627; x_wconf 85' lang='lat' dir='ltr'>Bacchylides.</span> <span class='ocrx_word' id='word_1_363' title='bbox 2583 1574 2630 1611; x_wconf 83' lang='grc' dir='ltr'>ν.</span> <span class='ocrx_word' id='word_1_364' title='bbox 2653 1553 2931 1613; x_wconf 70' lang='grc' dir='ltr'>Εἴδωλον.</span> 
     </span>
    </p>
   </div>
   <div class='ocr_carea' id='block_1_75' title="bbox 2139 1642 2772 1706">
    <p class='ocr_par' dir='ltr' id='par_1_75' title="bbox 2139 1642 2772 1706">
     <span class='ocr_line' id='line_1_75' title="bbox 2139 1642 2772 1706; baseline 0.008 -9"><span class='ocrx_word' id='word_1_365' title='bbox 2139 1643 2448 1699; x_wconf 87' lang='lat' dir='ltr'>Basilicus.</span> <span class='ocrx_word' id='word_1_366' title='bbox 2481 1662 2533 1700; x_wconf 74' lang='grc' dir='ltr'>ν.</span> <span class='ocrx_word' id='word_1_367' title='bbox 2568 1642 2772 1706; x_wconf 76' lang='grc' dir='ltr'>Γέσιος.</span> 
     </span>
    </p>
   </div>
   <div class='ocr_carea' id='block_1_76' title="bbox 2139 1730 3797 1813">
    <p class='ocr_par' dir='ltr' id='par_1_76' title="bbox 2139 1730 3797 1813">
     <span class='ocr_line' id='line_1_76' title="bbox 2139 1730 3797 1813; baseline 0.005 -28"><span class='ocrx_word' id='word_1_368' title='bbox 2139 1732 2413 1788; x_wconf 85' lang='lat' dir='ltr'>Basilius.</span> <span class='ocrx_word' id='word_1_369' title='bbox 2447 1750 2498 1788; x_wconf 87' lang='lat' dir='ltr'>v.</span> <span class='ocrx_word' id='word_1_370' title='bbox 2533 1730 2812 1808; x_wconf 78' lang='grc' dir='ltr'>Ἐχενηΐς.</span> <span class='ocrx_word' id='word_1_371' title='bbox 2854 1730 3337 1793; x_wconf 78' lang='grc' dir='ltr'>Καταδυναστεύει.</span> <span class='ocrx_word' id='word_1_372' title='bbox 3399 1737 3797 1813; x_wconf 84' lang='grc' dir='ltr'>Στραγότερος.</span> 
     </span>
    </p>
   </div>
   <div class='ocr_carea' id='block_1_77' title="bbox 2138 1820 3419 1899">
    <p class='ocr_par' dir='ltr' id='par_1_77' title="bbox 2138 1820 3419 1899">
     <span class='ocr_line' id='line_1_77' title="bbox 2138 1820 3419 1899; baseline 0.007 -25"><span class='ocrx_word' id='word_1_373' title='bbox 2138 1820 2339 1877; x_wconf 84' lang='lat' dir='ltr'>Basilii</span> <span class='ocrx_word' id='word_1_374' title='bbox 2364 1824 2435 1878; x_wconf 83' lang='grc' dir='ltr'>Μ·</span> <span class='ocrx_word' id='word_1_375' title='bbox 2468 1822 2731 1880; x_wconf 79' lang='lat' dir='ltr'>laudatio</span> <span class='ocrx_word' id='word_1_376' title='bbox 2762 1824 3049 1880; x_wconf 88' lang='lat' dir='ltr'>funebris.</span> <span class='ocrx_word' id='word_1_377' title='bbox 3082 1841 3134 1880; x_wconf 80' lang='grc' dir='ltr'>ν.</span> <span class='ocrx_word' id='word_1_378' title='bbox 3168 1820 3419 1899; x_wconf 77' lang='grc' dir='ltr'>’Δϐαρις.</span> 
     </span>
    </p>
   </div>
   <div class='ocr_carea' id='block_1_78' title="bbox 2062 1909 3113 1987">
    <p class='ocr_par' dir='ltr' id='par_1_78' title="bbox 2062 1909 3113 1987">
     <span class='ocr_line' id='line_1_78' title="bbox 2062 1909 3113 1987; baseline 0.005 -24"><span class='ocrx_word' id='word_1_379' title='bbox 2062 1920 2108 1985; x_wconf 83' lang='grc' dir='ltr'>Β</span> <span class='ocrx_word' id='word_1_380' title='bbox 2139 1909 2345 1967; x_wconf 82' lang='lat' dir='ltr'>Baton.</span> <span class='ocrx_word' id='word_1_381' title='bbox 2372 1929 2429 1969; x_wconf 74' lang='grc' dir='ltr'>ν.</span> <span class='ocrx_word' id='word_1_382' title='bbox 2470 1911 2809 1986; x_wconf 86' lang='grc' dir='ltr'>Πυθαγόρας.</span> <span class='ocrx_word' id='word_1_383' title='bbox 2847 1910 3113 1987; x_wconf 70' lang='grc' dir='ltr'>Ἐφέσιος.</span> 
     </span>
    </p>
   </div>
   <div class='ocr_carea' id='block_1_79' title="bbox 2138 1999 3105 2074">
    <p class='ocr_par' dir='ltr' id='par_1_79' title="bbox 2138 1999 3105 2074">
     <span class='ocr_line' id='line_1_79' title="bbox 2138 1999 3105 2074; baseline 0.007 -21"><span class='ocrx_word' id='word_1_384' title='bbox 2138 1999 2303 2068; x_wconf 90' lang='lat' dir='ltr'>Bion,</span> <span class='ocrx_word' id='word_1_385' title='bbox 2336 2000 2751 2074; x_wconf 90' lang='lat' dir='ltr'>philosophus.</span> <span class='ocrx_word' id='word_1_386' title='bbox 2786 2020 2836 2060; x_wconf 82' lang='grc' dir='ltr'>ν.</span> <span class='ocrx_word' id='word_1_387' title='bbox 2869 2002 3105 2074; x_wconf 84' lang='grc' dir='ltr'>Ἀγκών.</span> 
     </span>
    </p>
   </div>
   <div class='ocr_carea' id='block_1_80' title="bbox 2135 2088 3415 2167">
    <p class='ocr_par' dir='ltr' id='par_1_80' title="bbox 2135 2088 3415 2167">
     <span class='ocr_line' id='line_1_80' title="bbox 2135 2088 3415 2167; baseline 0.005 -24"><span class='ocrx_word' id='word_1_388' title='bbox 2135 2088 2303 2160; x_wconf 90' lang='lat' dir='ltr'>Bion,</span> <span class='ocrx_word' id='word_1_389' title='bbox 2336 2091 2615 2164; x_wconf 81' lang='lat' dir='ltr'>tragicus,</span> <span class='ocrx_word' id='word_1_390' title='bbox 2644 2092 2902 2165; x_wconf 66' lang='lat' dir='ltr'>[Eschyli</span> <span class='ocrx_word' id='word_1_391' title='bbox 2930 2093 2990 2149; x_wconf 88' lang='lat' dir='ltr'>F.</span> <span class='ocrx_word' id='word_1_392' title='bbox 3023 2109 3074 2147; x_wconf 82' lang='grc' dir='ltr'>γ.</span> <span class='ocrx_word' id='word_1_393' title='bbox 3111 2090 3415 2167; x_wconf 73' lang='grc' dir='ltr'>Αἰσχύλος.</span> 
     </span>
    </p>
   </div>
   <div class='ocr_carea' id='block_1_81' title="bbox 2133 2179 2855 2258">
    <p class='ocr_par' dir='ltr' id='par_1_81' title="bbox 2133 2179 2855 2258">
     <span class='ocr_line' id='line_1_81' title="bbox 2133 2179 2855 2258; baseline 0.007 -25"><span class='ocrx_word' id='word_1_394' title='bbox 2133 2179 2362 2251; x_wconf 82' lang='lat' dir='ltr'>Botrys,</span> <span class='ocrx_word' id='word_1_395' title='bbox 2390 2199 2442 2235; x_wconf 74' lang='grc' dir='ltr'>ν.</span> <span class='ocrx_word' id='word_1_396' title='bbox 2489 2187 2564 2249; x_wconf 91' lang='grc' dir='ltr'>Δη</span> <span class='ocrx_word' id='word_1_397' title='bbox 2576 2181 2855 2258; x_wconf 83' lang='grc' dir='ltr'>μοχάρης.</span> 
     </span>
    </p>
   </div>
   <div class='ocr_carea' id='block_1_82' title="bbox 2133 2269 3426 2348">
    <p class='ocr_par' dir='ltr' id='par_1_82' title="bbox 2133 2269 3426 2348">
     <span class='ocr_line' id='line_1_82' title="bbox 2133 2269 3426 2348; baseline 0.007 -25"><span class='ocrx_word' id='word_1_398' title='bbox 2133 2269 2434 2343; x_wconf 87' lang='lat' dir='ltr'>Brysonis,</span> <span class='ocrx_word' id='word_1_399' title='bbox 2478 2272 2677 2328; x_wconf 79' lang='lat' dir='ltr'>Achaei</span> <span class='ocrx_word' id='word_1_400' title='bbox 2720 2273 3049 2345; x_wconf 88' lang='lat' dir='ltr'>discipulus</span> <span class='ocrx_word' id='word_1_401' title='bbox 3080 2291 3127 2329; x_wconf 84' lang='grc' dir='ltr'>ν.</span> <span class='ocrx_word' id='word_1_402' title='bbox 3184 2273 3426 2348; x_wconf 83' lang='grc' dir='ltr'>Κράτης.</span> 
     </span>
    </p>
   </div>
   <div class='ocr_carea' id='block_1_83' title="bbox 2132 2445 3795 2525">
    <p class='ocr_par' dir='ltr' id='par_1_83' title="bbox 2132 2445 3795 2525">
     <span class='ocr_line' id='line_1_83' title="bbox 2132 2445 3795 2525; baseline 0.005 -23"><span class='ocrx_word' id='word_1_403' title='bbox 2132 2445 2385 2517; x_wconf 88' lang='lat' dir='ltr'>Caddus,</span> <span class='ocrx_word' id='word_1_404' title='bbox 2418 2448 2760 2506; x_wconf 87' lang='lat' dir='ltr'>historicus.</span> <span class='ocrx_word' id='word_1_405' title='bbox 2823 2469 2873 2507; x_wconf 81' lang='grc' dir='ltr'>ν.</span> <span class='ocrx_word' id='word_1_406' title='bbox 2924 2449 3183 2525; x_wconf 82' lang='grc' dir='ltr'>Χειρίζω.</span> <span class='ocrx_word' id='word_1_407' title='bbox 3240 2452 3377 2525; x_wconf 88' lang='lat' dir='ltr'>(Sed</span> <span class='ocrx_word' id='word_1_408' title='bbox 3410 2453 3492 2509; x_wconf 90' lang='lat' dir='ltr'>ibi</span> <span class='ocrx_word' id='word_1_409' title='bbox 3524 2453 3795 2511; x_wconf 84' lang='lat' dir='ltr'>scriben-</span> 
     </span>
    </p>
   </div>
   <div class='ocr_carea' id='block_1_84' title="bbox 2274 2535 2899 2609">
    <p class='ocr_par' dir='ltr' id='par_1_84' title="bbox 2274 2535 2899 2609">
     <span class='ocr_line' id='line_1_84' title="bbox 2274 2535 2899 2609; baseline 0.006 -18"><span class='ocrx_word' id='word_1_410' title='bbox 2274 2537 2416 2592; x_wconf 92' lang='lat' dir='ltr'>dum</span> <span class='ocrx_word' id='word_1_411' title='bbox 2448 2544 2539 2593; x_wconf 85' lang='lat' dir='ltr'>est</span> <span class='ocrx_word' id='word_1_412' title='bbox 2585 2535 2899 2609; x_wconf 81' lang='grc' dir='ltr'>Κάνδιδδς.)</span> 
     </span>
    </p>
   </div>
   <div class='ocr_carea' id='block_1_85' title="bbox 2130 2626 3331 2705">
    <p class='ocr_par' dir='ltr' id='par_1_85' title="bbox 2130 2626 3331 2705">
     <span class='ocr_line' id='line_1_85' title="bbox 2130 2626 3331 2705; baseline 0.007 -24"><span class='ocrx_word' id='word_1_413' title='bbox 2130 2626 2364 2696; x_wconf 73' lang='grc' dir='ltr'>ΟωΙίιιε,</span> <span class='ocrx_word' id='word_1_414' title='bbox 2395 2628 2560 2686; x_wconf 85' lang='lat' dir='ltr'>Alex.</span> <span class='ocrx_word' id='word_1_415' title='bbox 2592 2631 2766 2703; x_wconf 70' lang='grc' dir='ltr'>ΑΞρωί</span> <span class='ocrx_word' id='word_1_416' title='bbox 2799 2632 2858 2686; x_wconf 91' lang='lat' dir='ltr'>F.</span> <span class='ocrx_word' id='word_1_417' title='bbox 2893 2648 2943 2685; x_wconf 81' lang='grc' dir='ltr'>ν.</span> <span class='ocrx_word' id='word_1_418' title='bbox 2979 2627 3331 2705; x_wconf 75' lang='grc' dir='ltr'>Ἀλέξανδρς.</span> 
     </span>
    </p>
   </div>
   <div class='ocr_carea' id='block_1_86' title="bbox 2129 2716 3790 2797">
    <p class='ocr_par' dir='ltr' id='par_1_86' title="bbox 2129 2716 3790 2797">
     <span class='ocr_line' id='line_1_86' title="bbox 2129 2716 3790 2797; baseline 0.006 -26"><span class='ocrx_word' id='word_1_419' title='bbox 2129 2717 2343 2773; x_wconf 84' lang='lat' dir='ltr'>Callias</span> <span class='ocrx_word' id='word_1_420' title='bbox 2376 2759 2389 2773; x_wconf 96' lang='lat'>.</span> <span class='ocrx_word' id='word_1_421' title='bbox 2445 2735 2497 2775; x_wconf 82' lang='lat' dir='ltr'>v.</span> <span class='ocrx_word' id='word_1_422' title='bbox 2557 2718 2803 2795; x_wconf 81' lang='grc' dir='ltr'>Ἀράχνη</span> <span class='ocrx_word' id='word_1_423' title='bbox 2841 2764 2854 2779; x_wconf 95' lang='grc'>.</span> <span class='ocrx_word' id='word_1_424' title='bbox 2900 2716 3276 2795; x_wconf 74' lang='grc' dir='ltr'>Ἑλλεϐορίᾷν·</span> <span class='ocrx_word' id='word_1_425' title='bbox 3342 2721 3662 2797; x_wconf 74' lang='grc' dir='ltr'>Κύκλωψιν.</span> <span class='ocrx_word' id='word_1_426' title='bbox 3738 2742 3790 2781; x_wconf 83' lang='grc' dir='ltr'>ν.</span> 
     </span>
    </p>
   </div>
   <div class='ocr_carea' id='block_1_87' title="bbox 2270 2805 2542 2881">
    <p class='ocr_par' dir='ltr' id='par_1_87' title="bbox 2270 2805 2542 2881">
     <span class='ocr_line' id='line_1_87' title="bbox 2270 2805 2542 2881; baseline 0.011 -20"><span class='ocrx_word' id='word_1_427' title='bbox 2270 2805 2516 2881; x_wconf 80' lang='grc' dir='ltr'>Ἀράχνη</span> <span class='ocrx_word' id='word_1_428' title='bbox 2529 2851 2542 2864; x_wconf 93' lang='grc'>.</span> 
     </span>
    </p>
   </div>
   <div class='ocr_carea' id='block_1_88' title="bbox 2127 2895 3843 2977">
    <p class='ocr_par' dir='ltr' id='par_1_88' title="bbox 2127 2895 3843 2977">
     <span class='ocr_line' id='line_1_88' title="bbox 2127 2895 3843 2977; baseline 0.003 -27"><span class='ocrx_word' id='word_1_429' title='bbox 2127 2895 2547 2953; x_wconf 78' lang='lat' dir='ltr'>Callimachus.</span> <span class='ocrx_word' id='word_1_430' title='bbox 2608 2915 2661 2954; x_wconf 83' lang='lat' dir='ltr'>V.</span> <span class='ocrx_word' id='word_1_431' title='bbox 2750 2904 2821 2954; x_wconf 72' lang='grc' dir='ltr'>’Ἃ</span> <span class='ocrx_word' id='word_1_432' title='bbox 2889 2897 2941 2955; x_wconf 70' lang='grc' dir='ltr'>ἅ.</span> <span class='ocrx_word' id='word_1_433' title='bbox 3004 2897 3312 2975; x_wconf 74' lang='grc' dir='ltr'>’Δδμωλία.</span> <span class='ocrx_word' id='word_1_434' title='bbox 3373 2895 3788 2976; x_wconf 73' lang='grc' dir='ltr'>Ἀλετρίόανος,</span> <span class='ocrx_word' id='word_1_435' title='bbox 3838 2972 3843 2977; x_wconf 31' lang='grc' dir='ltr'><strong><em>Ι</em></strong></span> 
     </span>
    </p>
   </div>
   <div class='ocr_carea' id='block_1_89' title="bbox 2124 2982 3791 3066">
    <p class='ocr_par' dir='ltr' id='par_1_89' title="bbox 2124 2982 3791 3066">
     <span class='ocr_line' id='line_1_89' title="bbox 2124 2982 3791 3066; baseline 0.004 -27"><span class='ocrx_word' id='word_1_436' title='bbox 2124 2982 2129 2985; x_wconf 71' lang='grc'><em>’</em></span> <span class='ocrx_word' id='word_1_437' title='bbox 2270 2985 2619 3061; x_wconf 83' lang='grc' dir='ltr'>Ἀμιθρῆσαι.</span> <span class='ocrx_word' id='word_1_438' title='bbox 2680 2987 2977 3045; x_wconf 85' lang='grc' dir='ltr'>Ἀπεστώ.</span> <span class='ocrx_word' id='word_1_439' title='bbox 3034 2986 3480 3066; x_wconf 73' lang='grc' dir='ltr'>Ἀποϐράσματα.</span> <span class='ocrx_word' id='word_1_440' title='bbox 3540 2991 3791 3046; x_wconf 81' lang='grc' dir='ltr'>Ἀπόὕ-</span> 
     </span>
    </p>
   </div>
   <div class='ocr_carea' id='block_1_90' title="bbox 2267 3076 3789 3156">
    <p class='ocr_par' dir='ltr' id='par_1_90' title="bbox 2267 3076 3789 3156">
     <span class='ocr_line' id='line_1_90' title="bbox 2267 3076 3789 3156; baseline 0.007 -29"><span class='ocrx_word' id='word_1_441' title='bbox 2267 3094 2417 3136; x_wconf 90' lang='grc' dir='ltr'>ατος.</span> <span class='ocrx_word' id='word_1_442' title='bbox 2480 3076 2751 3151; x_wconf 83' lang='grc' dir='ltr'>Ἀράχνη.</span> <span class='ocrx_word' id='word_1_443' title='bbox 2840 3078 3122 3135; x_wconf 82' lang='grc' dir='ltr'>Ἀπαστοί.</span> <span class='ocrx_word' id='word_1_444' title='bbox 3179 3081 3429 3156; x_wconf 71' lang='grc' dir='ltr'>Ἀστρια.</span> <span class='ocrx_word' id='word_1_445' title='bbox 3493 3081 3789 3155; x_wconf 81' lang='grc' dir='ltr'>Ἀστυρον.</span> 
     </span>
    </p>
   </div>
   <div class='ocr_carea' id='block_1_91' title="bbox 2266 3163 3783 3245">
    <p class='ocr_par' dir='ltr' id='par_1_91' title="bbox 2266 3163 3783 3245">
     <span class='ocr_line' id='line_1_91' title="bbox 2266 3163 3783 3245; baseline 0.009 -30"><span class='ocrx_word' id='word_1_446' title='bbox 2266 3163 2445 3219; x_wconf 82' lang='grc' dir='ltr'>Γὲντα.</span> <span class='ocrx_word' id='word_1_447' title='bbox 2508 3170 2695 3220; x_wconf 78' lang='grc' dir='ltr'>Δανα.</span> <span class='ocrx_word' id='word_1_448' title='bbox 2756 3166 2955 3223; x_wconf 87' lang='grc' dir='ltr'>Δεινόν.</span> <span class='ocrx_word' id='word_1_449' title='bbox 3018 3167 3125 3238; x_wconf 72' lang='grc' dir='ltr'>Δῦη</span> <span class='ocrx_word' id='word_1_450' title='bbox 3166 3210 3179 3224; x_wconf 95' lang='grc'>.</span> <span class='ocrx_word' id='word_1_451' title='bbox 3240 3169 3493 3245; x_wconf 76' lang='grc' dir='ltr'>Ἐγκυτί.</span> <span class='ocrx_word' id='word_1_452' title='bbox 3549 3168 3783 3241; x_wconf 83' lang='grc' dir='ltr'>Ἑκάλη.</span> 
     </span>
    </p>
   </div>
   <div class='ocr_carea' id='block_1_92' title="bbox 2269 3252 3785 3337">
    <p class='ocr_par' dir='ltr' id='par_1_92' title="bbox 2269 3252 3785 3337">
     <span class='ocr_line' id='line_1_92' title="bbox 2269 3252 3785 3337; baseline 0.004 -29"><span class='ocrx_word' id='word_1_453' title='bbox 2269 3252 2551 3323; x_wconf 84' lang='grc' dir='ltr'>Ἐκόησεν.</span> <span class='ocrx_word' id='word_1_454' title='bbox 2584 3252 2832 3313; x_wconf 79' lang='grc' dir='ltr'>Ἐλελεῦ.</span> <span class='ocrx_word' id='word_1_455' title='bbox 2879 3256 3210 3321; x_wconf 76' lang='grc' dir='ltr'>Ἐπικλινές.</span> <span class='ocrx_word' id='word_1_456' title='bbox 3267 3259 3510 3337; x_wconf 84' lang='grc' dir='ltr'>Ἐρώεις,</span> <span class='ocrx_word' id='word_1_457' title='bbox 3563 3259 3785 3334; x_wconf 79' lang='grc' dir='ltr'>Εὗρώς.</span> 
     </span>
    </p>
   </div>
   <div class='ocr_carea' id='block_1_93' title="bbox 2266 3341 3776 3424">
    <p class='ocr_par' dir='ltr' id='par_1_93' title="bbox 2266 3341 3776 3424">
     <span class='ocr_line' id='line_1_93' title="bbox 2266 3341 3776 3424; baseline 0.005 -27"><span class='ocrx_word' id='word_1_458' title='bbox 2266 3341 2479 3400; x_wconf 77' lang='grc' dir='ltr'>Εἶκαία.</span> <span class='ocrx_word' id='word_1_459' title='bbox 2566 3344 2766 3402; x_wconf 83' lang='grc' dir='ltr'>Ἰπνια.</span> <span class='ocrx_word' id='word_1_460' title='bbox 2862 3346 3367 3420; x_wconf 76' lang='grc' dir='ltr'>Κατηναρισμένας.</span> <span class='ocrx_word' id='word_1_461' title='bbox 3441 3346 3776 3424; x_wconf 78' lang='grc' dir='ltr'>Κολουραία.</span> 
     </span>
    </p>
   </div>
   <div class='ocr_carea' id='block_1_94' title="bbox 2264 3428 3780 3515">
    <p class='ocr_par' dir='ltr' id='par_1_94' title="bbox 2264 3428 3780 3515">
     <span class='ocr_line' id='line_1_94' title="bbox 2264 3428 3780 3515; baseline 0.003 -27"><span class='ocrx_word' id='word_1_462' title='bbox 2264 3428 2614 3489; x_wconf 85' lang='grc' dir='ltr'>Κωλωνάων.</span> <span class='ocrx_word' id='word_1_463' title='bbox 2650 3430 2932 3510; x_wconf 71' lang='grc' dir='ltr'>Κόροιϐος.</span> <span class='ocrx_word' id='word_1_464' title='bbox 2984 3438 3160 3498; x_wconf 82' lang='grc' dir='ltr'>Κτείς.</span> <span class='ocrx_word' id='word_1_465' title='bbox 3220 3436 3500 3494; x_wconf 87' lang='grc' dir='ltr'>Κυκλίων.</span> <span class='ocrx_word' id='word_1_466' title='bbox 3553 3436 3780 3515; x_wconf 73' lang='grc' dir='ltr'>Κύφελ-</span> 
     </span>
    </p>
   </div>
   <div class='ocr_carea' id='block_1_95' title="bbox 2263 3518 3776 3602">
    <p class='ocr_par' dir='ltr' id='par_1_95' title="bbox 2263 3518 3776 3602">
     <span class='ocr_line' id='line_1_95' title="bbox 2263 3518 3776 3602; baseline 0.007 -28"><span class='ocrx_word' id='word_1_467' title='bbox 2263 3518 2354 3579; x_wconf 86' lang='grc' dir='ltr'>λα.</span> <span class='ocrx_word' id='word_1_468' title='bbox 2385 3523 2677 3597; x_wconf 81' lang='grc' dir='ltr'>Μαραθών.</span> <span class='ocrx_word' id='word_1_469' title='bbox 2713 3524 2822 3593; x_wconf 78' lang='grc' dir='ltr'>Μὴ.</span> <span class='ocrx_word' id='word_1_470' title='bbox 2857 3528 3213 3598; x_wconf 82' lang='grc' dir='ltr'>Νωσάμενος.</span> <span class='ocrx_word' id='word_1_471' title='bbox 3269 3526 3342 3580; x_wconf 81' lang='grc' dir='ltr'>Οὐ</span> <span class='ocrx_word' id='word_1_472' title='bbox 3398 3527 3521 3602; x_wconf 83' lang='grc' dir='ltr'>γάρ.</span> <span class='ocrx_word' id='word_1_473' title='bbox 3583 3526 3776 3597; x_wconf 78' lang='grc' dir='ltr'>Ὠλήν.</span> 
     </span>
    </p>
   </div>
   <div class='ocr_carea' id='block_1_96' title="bbox 2261 3608 3782 3692">
    <p class='ocr_par' dir='ltr' id='par_1_96' title="bbox 2261 3608 3782 3692">
     <span class='ocr_line' id='line_1_96' title="bbox 2261 3608 3782 3692; baseline 0.004 -28"><span class='ocrx_word' id='word_1_474' title='bbox 2261 3608 2598 3684; x_wconf 79' lang='grc' dir='ltr'>Περιὸἐξιος.</span> <span class='ocrx_word' id='word_1_475' title='bbox 2661 3615 3183 3690; x_wconf 80' lang='grc' dir='ltr'>Περιπηχύναντες.</span> <span class='ocrx_word' id='word_1_476' title='bbox 3245 3620 3537 3692; x_wconf 88' lang='grc' dir='ltr'>Πονηροῖς.</span> <span class='ocrx_word' id='word_1_477' title='bbox 3603 3617 3782 3691; x_wconf 61' lang='lat'>11090-</span> 
     </span>
    </p>
   </div>
   <div class='ocr_carea' id='block_1_97' title="bbox 2265 3698 3782 3778">
    <p class='ocr_par' dir='ltr' id='par_1_97' title="bbox 2265 3698 3782 3778">
     <span class='ocr_line' id='line_1_97' title="bbox 2265 3698 3782 3778; baseline 0.005 -26"><span class='ocrx_word' id='word_1_478' title='bbox 2265 3701 2455 3771; x_wconf 75' lang='grc' dir='ltr'>μηῖον.</span> <span class='ocrx_word' id='word_1_479' title='bbox 2517 3701 2664 3776; x_wconf 84' lang='grc' dir='ltr'>Πρώ,</span> <span class='ocrx_word' id='word_1_480' title='bbox 2727 3701 2888 3773; x_wconf 85' lang='grc' dir='ltr'>Ποίη.</span> <span class='ocrx_word' id='word_1_481' title='bbox 2951 3698 3146 3765; x_wconf 77' lang='grc' dir='ltr'>Σέϐας.</span> <span class='ocrx_word' id='word_1_482' title='bbox 3217 3700 3559 3778; x_wconf 81' lang='grc' dir='ltr'>Σιμωνιὸης.</span> <span class='ocrx_word' id='word_1_483' title='bbox 3622 3704 3782 3769; x_wconf 81' lang='grc' dir='ltr'>ὅπως</span> 
     </span>
    </p>
   </div>
   <div class='ocr_carea' id='block_1_98' title="bbox 2259 3786 2691 3853">
    <p class='ocr_par' dir='ltr' id='par_1_98' title="bbox 2259 3786 2691 3853">
     <span class='ocr_line' id='line_1_98' title="bbox 2259 3786 2691 3853; baseline 0.009 -9"><span class='ocrx_word' id='word_1_484' title='bbox 2259 3786 2451 3853; x_wconf 85' lang='grc' dir='ltr'>Τάλις.</span> <span class='ocrx_word' id='word_1_485' title='bbox 2485 3787 2691 3853; x_wconf 80' lang='grc' dir='ltr'>Ψύδος.</span> 
     </span>
    </p>
   </div>
   <div class='ocr_carea' id='block_1_99' title="bbox 2190 3877 3345 3955">
    <p class='ocr_par' dir='ltr' id='par_1_99' title="bbox 2190 3877 3345 3955">
     <span class='ocr_line' id='line_1_99' title="bbox 2190 3877 3345 3955; baseline 0.007 -23"><span class='ocrx_word' id='word_1_486' title='bbox 2190 3877 2280 3933; x_wconf 88' lang='grc' dir='ltr'>Ἐν</span> <span class='ocrx_word' id='word_1_487' title='bbox 2309 3881 2389 3949; x_wconf 81' lang='grc' dir='ltr'>τῷ</span> <span class='ocrx_word' id='word_1_488' title='bbox 2416 3878 2541 3955; x_wconf 82' lang='grc' dir='ltr'>περὶ</span> <span class='ocrx_word' id='word_1_489' title='bbox 2579 3885 2690 3934; x_wconf 85' lang='grc' dir='ltr'>τῶν</span> <span class='ocrx_word' id='word_1_490' title='bbox 2719 3880 3007 3955; x_wconf 84' lang='grc' dir='ltr'>Ἀγώνων.</span> <span class='ocrx_word' id='word_1_491' title='bbox 3042 3901 3092 3939; x_wconf 81' lang='grc' dir='ltr'>ν.</span> <span class='ocrx_word' id='word_1_492' title='bbox 3129 3884 3345 3940; x_wconf 81' lang='grc' dir='ltr'>Ἀκτία.</span> 
     </span>
    </p>
   </div>
   <div class='ocr_carea' id='block_1_100' title="bbox 2193 3962 3414 4043">
    <p class='ocr_par' dir='ltr' id='par_1_100' title="bbox 2193 3962 3414 4043">
     <span class='ocr_line' id='line_1_100' title="bbox 2193 3962 3414 4043; baseline 0.006 -20"><span class='ocrx_word' id='word_1_493' title='bbox 2193 3968 2280 4023; x_wconf 87' lang='grc' dir='ltr'>Ἐν</span> <span class='ocrx_word' id='word_1_494' title='bbox 2314 3962 2680 4042; x_wconf 77' lang='grc' dir='ltr'>Βαρϐαρικοῖς</span> <span class='ocrx_word' id='word_1_495' title='bbox 2711 3970 3012 4043; x_wconf 86' lang='grc' dir='ltr'>Νομίμοις.</span> <span class='ocrx_word' id='word_1_496' title='bbox 3045 3990 3098 4028; x_wconf 87' lang='lat' dir='ltr'>v.</span> <span class='ocrx_word' id='word_1_497' title='bbox 3131 3974 3414 4043; x_wconf 75' lang='grc' dir='ltr'>ΦάσηΛος.</span> 
     </span>
    </p>
   </div>
   <div class='ocr_carea' id='block_1_101' title="bbox 2187 4058 3773 4141">
    <p class='ocr_par' dir='ltr' id='par_1_101' title="bbox 2187 4058 3773 4141">
     <span class='ocr_line' id='line_1_101' title="bbox 2187 4058 3773 4141; baseline 0.006 -25"><span class='ocrx_word' id='word_1_498' title='bbox 2187 4058 2526 4134; x_wconf 80' lang='grc' dir='ltr'>ἘνἘκάλῃ.</span> <span class='ocrx_word' id='word_1_499' title='bbox 2569 4078 2620 4116; x_wconf 85' lang='lat' dir='ltr'>v.</span> <span class='ocrx_word' id='word_1_500' title='bbox 2675 4061 2872 4135; x_wconf 80' lang='grc' dir='ltr'>Ἃρμοῖ</span> <span class='ocrx_word' id='word_1_501' title='bbox 2925 4083 3052 4120; x_wconf 87' lang='grc' dir='ltr'>που.</span> <span class='ocrx_word' id='word_1_502' title='bbox 3109 4062 3233 4127; x_wconf 77' lang='grc' dir='ltr'>Δῖθ’</span> <span class='ocrx_word' id='word_1_503' title='bbox 3290 4060 3475 4141; x_wconf 66' lang='grc' dir='ltr'>ἄφελε.</span> <span class='ocrx_word' id='word_1_504' title='bbox 3536 4066 3773 4138; x_wconf 86' lang='grc' dir='ltr'>Ἰμαῖον.</span> 
     </span>
    </p>
   </div>
   <div class='ocr_carea' id='block_1_102' title="bbox 2258 4148 3767 4234">
    <p class='ocr_par' dir='ltr' id='par_1_102' title="bbox 2258 4148 3767 4234">
     <span class='ocr_line' id='line_1_102' title="bbox 2258 4148 3767 4234; baseline 0.006 -30"><span class='ocrx_word' id='word_1_505' title='bbox 2258 4148 2505 4212; x_wconf 89' lang='grc' dir='ltr'>Κωλιάς.</span> <span class='ocrx_word' id='word_1_506' title='bbox 2541 4153 2826 4223; x_wconf 78' lang='grc' dir='ltr'>Κωμῆται.</span> <span class='ocrx_word' id='word_1_507' title='bbox 2882 4152 3084 4227; x_wconf 72' lang='grc' dir='ltr'>Μύωψ.</span> <span class='ocrx_word' id='word_1_508' title='bbox 3138 4155 3243 4210; x_wconf 76' lang='grc' dir='ltr'>Ναὶ</span> <span class='ocrx_word' id='word_1_509' title='bbox 3305 4155 3380 4228; x_wconf 77' lang='grc' dir='ltr'>μὰ</span> <span class='ocrx_word' id='word_1_510' title='bbox 3434 4156 3517 4210; x_wconf 86' lang='grc' dir='ltr'>τὸ.</span> <span class='ocrx_word' id='word_1_511' title='bbox 3555 4160 3767 4234; x_wconf 76' lang='grc' dir='ltr'>Σῦφαρ.</span> 
     </span>
    </p>
   </div>
   <div class='ocr_carea' id='block_1_103' title="bbox 2258 4239 3068 4311">
    <p class='ocr_par' dir='ltr' id='par_1_103' title="bbox 2258 4239 3068 4311">
     <span class='ocr_line' id='line_1_103' title="bbox 2258 4239 3068 4311; baseline 0.002 -16"><span class='ocrx_word' id='word_1_512' title='bbox 2258 4241 2401 4296; x_wconf 84' lang='lat' dir='ltr'>Vide</span> <span class='ocrx_word' id='word_1_513' title='bbox 2430 4246 2488 4297; x_wconf 83' lang='lat' dir='ltr'>et</span> <span class='ocrx_word' id='word_1_514' title='bbox 2514 4239 2743 4311; x_wconf 77' lang='grc' dir='ltr'>Ἑκάλη.</span> <span class='ocrx_word' id='word_1_515' title='bbox 2779 4240 3068 4298; x_wconf 74' lang='grc' dir='ltr'>Ἐπαύλια.</span> 
     </span>
    </p>
   </div>
   <div class='ocr_carea' id='block_1_104' title="bbox 2182 4328 3432 4405">
    <p class='ocr_par' dir='ltr' id='par_1_104' title="bbox 2182 4328 3432 4405">
     <span class='ocr_line' id='line_1_104' title="bbox 2182 4328 3432 4405; baseline 0.003 -20"><span class='ocrx_word' id='word_1_516' title='bbox 2182 4330 2275 4385; x_wconf 82' lang='grc' dir='ltr'>Ἐν</span> <span class='ocrx_word' id='word_1_517' title='bbox 2305 4335 2422 4393; x_wconf 82' lang='grc' dir='ltr'>τοῖς</span> <span class='ocrx_word' id='word_1_518' title='bbox 2448 4328 2974 4404; x_wconf 81' lang='grc' dir='ltr'>Έπιγραμματίοις.</span> <span class='ocrx_word' id='word_1_519' title='bbox 3000 4350 3052 4388; x_wconf 84' lang='lat' dir='ltr'>v.</span> <span class='ocrx_word' id='word_1_520' title='bbox 3083 4330 3268 4405; x_wconf 78' lang='grc' dir='ltr'>Ὑμεῖς</span> <span class='ocrx_word' id='word_1_521' title='bbox 3301 4334 3333 4386; x_wconf 79' lang='grc' dir='ltr'><em>ἆ</em></span> <span class='ocrx_word' id='word_1_522' title='bbox 3363 4339 3432 4389; x_wconf 85' lang='grc' dir='ltr'>Μ.</span> 
     </span>
    </p>
   </div>
   <div class='ocr_carea' id='block_1_105' title="bbox 2187 4418 3096 4497">
    <p class='ocr_par' dir='ltr' id='par_1_105' title="bbox 2187 4418 3096 4497">
     <span class='ocr_line' id='line_1_105' title="bbox 2187 4418 3096 4497; baseline 0.003 -22"><span class='ocrx_word' id='word_1_523' title='bbox 2187 4418 2276 4475; x_wconf 89' lang='grc' dir='ltr'>Ἐν</span> <span class='ocrx_word' id='word_1_524' title='bbox 2310 4421 2555 4491; x_wconf 83' lang='grc' dir='ltr'>Ὕμνοις.</span> <span class='ocrx_word' id='word_1_525' title='bbox 2588 4438 2638 4477; x_wconf 79' lang='lat' dir='ltr'>v.</span> <span class='ocrx_word' id='word_1_526' title='bbox 2677 4421 3096 4497; x_wconf 79' lang='grc' dir='ltr'>Ἀγορανομίας.</span> 
     </span>
    </p>
   </div>
   <div class='ocr_carea' id='block_1_106' title="bbox 2185 4502 3481 4587">
    <p class='ocr_par' dir='ltr' id='par_1_106' title="bbox 2185 4502 3481 4587">
     <span class='ocr_line' id='line_1_106' title="bbox 2185 4502 3481 4587; baseline 0.005 -25"><span class='ocrx_word' id='word_1_527' title='bbox 2185 4507 2272 4563; x_wconf 77' lang='grc' dir='ltr'>Ἐν</span> <span class='ocrx_word' id='word_1_528' title='bbox 2305 4502 2685 4581; x_wconf 77' lang='grc' dir='ltr'>Χωλιάμϐοις.</span> <span class='ocrx_word' id='word_1_529' title='bbox 2720 4526 2771 4565; x_wconf 89' lang='lat' dir='ltr'>e.</span> <span class='ocrx_word' id='word_1_530' title='bbox 2815 4506 3481 4587; x_wconf 78' lang='grc' dir='ltr'>Διθυραμϐοὸιδάσκαλοι.</span> 
     </span>
    </p>
   </div>
   <div class='ocr_carea' id='block_1_107' title="bbox 2115 4598 3777 4677">
    <p class='ocr_par' dir='ltr' id='par_1_107' title="bbox 2115 4598 3777 4677">
     <span class='ocr_line' id='line_1_107' title="bbox 2115 4598 3777 4677; baseline 0.005 -24"><span class='ocrx_word' id='word_1_531' title='bbox 2115 4598 2461 4654; x_wconf 85' lang='lat' dir='ltr'>Callimachi</span> <span class='ocrx_word' id='word_1_532' title='bbox 2480 4599 2832 4671; x_wconf 87' lang='lat' dir='ltr'>discipulus,</span> <span class='ocrx_word' id='word_1_533' title='bbox 2852 4602 3301 4674; x_wconf 83' lang='lat' dir='ltr'>Aristophanes,</span> <span class='ocrx_word' id='word_1_534' title='bbox 3326 4605 3777 4677; x_wconf 74' lang='lat' dir='ltr'>grammaticus.</span> 
     </span>
    </p>
   </div>
   <div class='ocr_carea' id='block_1_108' title="bbox 2258 4687 3777 4767">
    <p class='ocr_par' dir='ltr' id='par_1_108' title="bbox 2258 4687 3777 4767">
     <span class='ocr_line' id='line_1_108' title="bbox 2258 4687 3777 4767; baseline 0.004 -24"><span class='ocrx_word' id='word_1_535' title='bbox 2258 4705 2308 4744; x_wconf 73' lang='grc' dir='ltr'>ν.</span> <span class='ocrx_word' id='word_1_536' title='bbox 2341 4687 2761 4765; x_wconf 83' lang='grc' dir='ltr'>Ἀριστοφάνης.</span> <span class='ocrx_word' id='word_1_537' title='bbox 2796 4691 2861 4745; x_wconf 87' lang='lat' dir='ltr'>In</span> <span class='ocrx_word' id='word_1_538' title='bbox 2885 4692 3313 4748; x_wconf 84' lang='lat' dir='ltr'>Callimachum</span> <span class='ocrx_word' id='word_1_539' title='bbox 3342 4695 3582 4767; x_wconf 86' lang='lat' dir='ltr'>scripsit.</span> <span class='ocrx_word' id='word_1_540' title='bbox 3601 4697 3777 4766; x_wconf 77' lang='lat' dir='ltr'>Asty-</span> 
     </span>
    </p>
   </div>
   <div class='ocr_carea' id='block_1_109' title="bbox 2255 4776 3479 4856">
    <p class='ocr_par' dir='ltr' id='par_1_109' title="bbox 2255 4776 3479 4856">
     <span class='ocr_line' id='line_1_109' title="bbox 2255 4776 3479 4856; baseline 0.007 -24"><span class='ocrx_word' id='word_1_541' title='bbox 2255 4792 2401 4847; x_wconf 87' lang='lat' dir='ltr'>ages.</span> <span class='ocrx_word' id='word_1_542' title='bbox 2445 4777 2510 4832; x_wconf 88' lang='lat' dir='ltr'>In</span> <span class='ocrx_word' id='word_1_543' title='bbox 2547 4778 2677 4849; x_wconf 90' lang='lat' dir='ltr'>ejus</span> <span class='ocrx_word' id='word_1_544' title='bbox 2710 4779 3135 4852; x_wconf 81' lang='lat' dir='ltr'>epigrammata</span> <span class='ocrx_word' id='word_1_545' title='bbox 3161 4776 3479 4856; x_wconf 78' lang='grc' dir='ltr'>Ἀρχίῦιος.</span> 
     </span>
    </p>
   </div>
   <div class='ocr_carea' id='block_1_110' title="bbox 2113 4866 3196 4939">
    <p class='ocr_par' dir='ltr' id='par_1_110' title="bbox 2113 4866 3196 4939">
     <span class='ocr_line' id='line_1_110' title="bbox 2113 4866 3196 4939; baseline 0.002 -16"><span class='ocrx_word' id='word_1_546' title='bbox 2113 4866 2455 4936; x_wconf 85' lang='lat' dir='ltr'>Callinicus,</span> <span class='ocrx_word' id='word_1_547' title='bbox 2488 4868 2773 4939; x_wconf 81' lang='lat' dir='ltr'>sophista.</span> <span class='ocrx_word' id='word_1_548' title='bbox 2808 4887 2859 4925; x_wconf 78' lang='grc' dir='ltr'>ν.</span> <span class='ocrx_word' id='word_1_549' title='bbox 2894 4868 3196 4934; x_wconf 71' lang='grc' dir='ltr'>Γενέθλιος.</span> 
     </span>
    </p>
   </div>
   <div class='ocr_carea' id='block_1_111' title="bbox 2111 4957 3771 5038">
    <p class='ocr_par' dir='ltr' id='par_1_111' title="bbox 2111 4957 3771 5038">
     <span class='ocr_line' id='line_1_111' title="bbox 2111 4957 3771 5038; baseline 0.002 -25"><span class='ocrx_word' id='word_1_550' title='bbox 2111 4957 2525 5013; x_wconf 75' lang='lat' dir='ltr'>Callisthenes.</span> <span class='ocrx_word' id='word_1_551' title='bbox 2579 4974 2631 5013; x_wconf 84' lang='lat' dir='ltr'>v.</span> <span class='ocrx_word' id='word_1_552' title='bbox 2667 4957 3012 5033; x_wconf 86' lang='grc' dir='ltr'>Ἀναγκαῖον,</span> <span class='ocrx_word' id='word_1_553' title='bbox 3048 4960 3393 5037; x_wconf 82' lang='grc' dir='ltr'>Ἀναρᾶσθαι.</span> <span class='ocrx_word' id='word_1_554' title='bbox 3457 4962 3771 5038; x_wconf 85' lang='grc' dir='ltr'>Ἀνώγεων,</span> 
     </span>
    </p>
   </div>
   <div class='ocr_carea' id='block_1_112' title="bbox 2253 5045 2512 5108">
    <p class='ocr_par' dir='ltr' id='par_1_112' title="bbox 2253 5045 2512 5108">
     <span class='ocr_line' id='line_1_112' title="bbox 2253 5045 2512 5108; baseline 0.004 -6"><span class='ocrx_word' id='word_1_555' title='bbox 2253 5045 2512 5108; x_wconf 83' lang='grc' dir='ltr'>Βόθυνος.</span> 
     </span>
    </p>
   </div>
   <div class='ocr_carea' id='block_1_113' title="bbox 2181 5134 3284 5212">
    <p class='ocr_par' dir='ltr' id='par_1_113' title="bbox 2181 5134 3284 5212">
     <span class='ocr_line' id='line_1_113' title="bbox 2181 5134 3284 5212; baseline 0.007 -25"><span class='ocrx_word' id='word_1_556' title='bbox 2181 5137 2268 5191; x_wconf 85' lang='grc' dir='ltr'>Ἐν</span> <span class='ocrx_word' id='word_1_557' title='bbox 2307 5135 2352 5210; x_wconf 83' lang='grc' dir='ltr'>β’</span> <span class='ocrx_word' id='word_1_558' title='bbox 2382 5139 2681 5201; x_wconf 84' lang='grc' dir='ltr'>Περσικῶν.</span> <span class='ocrx_word' id='word_1_559' title='bbox 2714 5155 2765 5195; x_wconf 82' lang='lat' dir='ltr'>v.</span> <span class='ocrx_word' id='word_1_560' title='bbox 2802 5134 3284 5212; x_wconf 82' lang='grc' dir='ltr'>Σαρδαναπάλους.</span> 
     </span>
    </p>
   </div>
   <div class='ocr_carea' id='block_1_114' title="bbox 2111 5225 3768 5306">
    <p class='ocr_par' dir='ltr' id='par_1_114' title="bbox 2111 5225 3768 5306">
     <span class='ocr_line' id='line_1_114' title="bbox 2111 5225 3768 5306; baseline 0.002 -25"><span class='ocrx_word' id='word_1_561' title='bbox 2111 5225 2530 5285; x_wconf 79' lang='lat' dir='ltr'>Callistratus.</span> <span class='ocrx_word' id='word_1_562' title='bbox 2608 5244 2659 5283; x_wconf 76' lang='grc' dir='ltr'>ν.</span> <span class='ocrx_word' id='word_1_563' title='bbox 2742 5227 2948 5289; x_wconf 77' lang='grc' dir='ltr'>Ἀπλᾶς</span> <span class='ocrx_word' id='word_1_564' title='bbox 3022 5226 3336 5306; x_wconf 70' lang='grc' dir='ltr'>ἐπιφυλιδα.</span> <span class='ocrx_word' id='word_1_565' title='bbox 3391 5230 3453 5287; x_wconf 87' lang='grc' dir='ltr'><strong><em>Ἦ</em></strong></span> <span class='ocrx_word' id='word_1_566' title='bbox 3512 5229 3768 5305; x_wconf 81' lang='grc' dir='ltr'>γλῶττα.</span> 
     </span>
    </p>
   </div>
   <div class='ocr_carea' id='block_1_115' title="bbox 2255 5313 3771 5397">
    <p class='ocr_par' dir='ltr' id='par_1_115' title="bbox 2255 5313 3771 5397">
     <span class='ocr_line' id='line_1_115' title="bbox 2255 5313 3771 5397; baseline 0.004 -27"><span class='ocrx_word' id='word_1_567' title='bbox 2255 5313 2618 5387; x_wconf 79' lang='grc' dir='ltr'>Ἰσοκράτης.</span> <span class='ocrx_word' id='word_1_568' title='bbox 2682 5316 2957 5389; x_wconf 72' lang='grc' dir='ltr'>’Λμύκλα.</span> <span class='ocrx_word' id='word_1_569' title='bbox 3025 5320 3237 5376; x_wconf 81' lang='grc' dir='ltr'>Μέτων.</span> <span class='ocrx_word' id='word_1_570' title='bbox 3299 5318 3522 5397; x_wconf 70' lang='grc' dir='ltr'>Ὅρῥον.</span> <span class='ocrx_word' id='word_1_571' title='bbox 3588 5320 3771 5376; x_wconf 80' lang='grc' dir='ltr'>Σελά-</span> 
     </span>
    </p>
   </div>
   <div class='ocr_carea' id='block_1_116' title="bbox 2258 5402 2999 5478">
    <p class='ocr_par' dir='ltr' id='par_1_116' title="bbox 2258 5402 2999 5478">
     <span class='ocr_line' id='line_1_116' title="bbox 2258 5402 2999 5478; baseline 0.009 -22"><span class='ocrx_word' id='word_1_572' title='bbox 2258 5421 2399 5478; x_wconf 90' lang='grc' dir='ltr'>χιον.</span> <span class='ocrx_word' id='word_1_573' title='bbox 2438 5402 2757 5474; x_wconf 79' lang='grc' dir='ltr'>Φιλόξενος.</span> <span class='ocrx_word' id='word_1_574' title='bbox 2790 5404 2999 5477; x_wconf 80' lang='grc' dir='ltr'>Εὐλητ.</span> 
     </span>
    </p>
   </div>
   <div class='ocr_carea' id='block_1_117' title="bbox 2184 5494 3238 5573">
    <p class='ocr_par' dir='ltr' id='par_1_117' title="bbox 2184 5494 3238 5573">
     <span class='ocr_line' id='line_1_117' title="bbox 2184 5494 3238 5573; baseline 0.005 -23"><span class='ocrx_word' id='word_1_575' title='bbox 2184 5494 2272 5550; x_wconf 87' lang='grc' dir='ltr'>Ἐν</span> <span class='ocrx_word' id='word_1_576' title='bbox 2304 5497 2383 5565; x_wconf 76' lang='grc' dir='ltr'>τῷ</span> <span class='ocrx_word' id='word_1_577' title='bbox 2413 5494 2536 5568; x_wconf 88' lang='grc' dir='ltr'>περὶ</span> <span class='ocrx_word' id='word_1_578' title='bbox 2571 5495 2876 5564; x_wconf 80' lang='grc' dir='ltr'>Ἀθηναίων</span> <span class='ocrx_word' id='word_1_579' title='bbox 2931 5514 2983 5553; x_wconf 89' lang='lat' dir='ltr'>v.</span> <span class='ocrx_word' id='word_1_580' title='bbox 3018 5497 3238 5573; x_wconf 83' lang='grc' dir='ltr'>’“Ερμαί.</span> 
     </span>
    </p>
   </div>
   <div class='ocr_carea' id='block_1_118' title="bbox 2113 5584 3458 5659">
    <p class='ocr_par' dir='ltr' id='par_1_118' title="bbox 2113 5584 3458 5659">
     <span class='ocr_line' id='line_1_118' title="bbox 2113 5584 3458 5659; baseline 0.006 -20"><span class='ocrx_word' id='word_1_581' title='bbox 2113 5584 2437 5655; x_wconf 87' lang='lat' dir='ltr'>Candidus,</span> <span class='ocrx_word' id='word_1_582' title='bbox 2470 5585 2812 5643; x_wconf 80' lang='lat' dir='ltr'>historicus.</span> <span class='ocrx_word' id='word_1_583' title='bbox 2846 5586 2989 5643; x_wconf 85' lang='lat' dir='ltr'>Vide</span> <span class='ocrx_word' id='word_1_584' title='bbox 3014 5604 3193 5659; x_wconf 87' lang='lat' dir='ltr'>supra</span> <span class='ocrx_word' id='word_1_585' title='bbox 3219 5590 3458 5647; x_wconf 86' lang='lat' dir='ltr'>Caddus.</span> 
     </span>
    </p>
   </div>
   <div class='ocr_carea' id='block_1_119' title="bbox 2115 5672 2478 5732">
    <p class='ocr_par' dir='ltr' id='par_1_119' title="bbox 2115 5672 2478 5732">
     <span class='ocr_line' id='line_1_119' title="bbox 2115 5672 2478 5732; baseline 0.008 -5"><span class='ocrx_word' id='word_1_586' title='bbox 2115 5672 2478 5732; x_wconf 81' lang='lat' dir='ltr'>Cantharus.</span> 
     </span>
    </p>
   </div>
   <div class='ocr_carea' id='block_1_120' title="bbox 2188 5762 2815 5836">
    <p class='ocr_par' dir='ltr' id='par_1_120' title="bbox 2188 5762 2815 5836">
     <span class='ocr_line' id='line_1_120' title="bbox 2188 5762 2815 5836; baseline 0.014 -22"><span class='ocrx_word' id='word_1_587' title='bbox 2188 5766 2378 5836; x_wconf 82' lang='grc' dir='ltr'>Θηρεῖ.</span> <span class='ocrx_word' id='word_1_588' title='bbox 2410 5783 2462 5821; x_wconf 83' lang='lat' dir='ltr'>v.</span> <span class='ocrx_word' id='word_1_589' title='bbox 2496 5762 2815 5834; x_wconf 73' lang='grc' dir='ltr'>Ἀθηναίας.</span> 
     </span>
    </p>
   </div>
  </div>
