4126 6434
363 412 519 473 1385

437 632 556 708 χία.
663 635 914 710 Μύρτης,
992 636 1334 712 Μυρτώνιον.
1441 633 1738 714 Νεϐρίζων.
1845 639 2018 695 Νέων.

436 723 696 798 Ο”κίσκῳ.
757 727 1095 798 Ὀνομάζων.
1153 727 1268 784 Οὐκ
1351 726 1438 782 ἐπὶ
1496 735 1596 797 τῆς
1670 728 1856 797 αὐτῆς.
1921 734 2023 782 Πα-

440 815 710 888 ράσημος.
765 813 1084 890 ῐιαρελθεῖν.
1149 816 1442 892 Περίλλος.
1507 817 1814 891 Πομπείας.
1877 823 2020 894 Πορ-

437 903 597 975 θμός.
647 899 1167 979 Προϐαλλομένους.
1231 903 1424 962 Σάϐοι.
1487 907 1683 981 Σιμός.
1747 905 2015 980 ΣίμυΑος.

440 993 775 1067 Στρεπτούς.
821 995 1115 1070 Φρεάριος.
1175 997 1343 1064 (Vide
1403 1000 1582 1054 etiam
1640 999 1816 1070 paulo
1865 998 2016 1053 infe-

437 1083 583 1151 rius,
615 1083 704 1140 'Ev
762 1088 842 1156 τῷ
894 1084 1016 1161 περὶ
1077 1087 1374 1164 Στεφάνου.
1435 1088 1533 1144 Est
1591 1089 1751 1144 enim
1808 1087 2017 1143 eadem

436 1176 674 1248 oratio.)

362 1265 453 1324 Ἔν
497 1269 581 1338 τῷ
634 1267 769 1340 πρὸς
825 1267 924 1336 τήν
983 1267 1256 1344 Λακρίτου
1312 1270 1698 1348 παραγραφήν.
1753 1288 1808 1327 v.
1880 1272 2014 1326 Πεν-

428 1357 672 1426 τηκοστή
685 1399 698 1412 .

359 1445 450 1502 Ἐν
477 1448 557 1517 τῷ
586 1445 724 1500 κατὰ
754 1446 1054 1506 Λεπτίνου.
1087 1466 1137 1504 v.
1167 1449 1618 1520 Ἀνταπαιτῆσαι.

360 1535 448 1591 Ἑν
477 1540 558 1608 τῷ
587 1536 727 1611 πρὸς
757 1537 1055 1609 Λεπτίνην.
1087 1557 1142 1596 V.
1173 1540 1315 1615 Ὃρα
1347 1537 1437 1611 δή.

359 1625 446 1681 Ἐν
480 1629 560 1698 τῷ
592 1627 730 1682 κατὰ
781 1626 1030 1687 Μειδίου.
1093 1648 1140 1686 v.
1199 1632 1370 1703 ’¹Αμα.
1432 1625 1727 1705 Ἀστράϐὴ.
1787 1629 2012 1690 Βιαίων.

427 1710 766 1774 Ξυλλαϐεἶν.
827 1719 984 1777 Οἷον.
1046 1721 1417 1792 Πεντηκοστή.
1487 1715 2012 1797 Προϐαλλομένους.

427 1805 606 1863 Ῥυτά.
639 1805 966 1876 Σπουδάζω.
999 1807 1146 1882 Τίμη
1159 1831 1254 1882 μα.

353 1895 444 1949 Ἐν
497 1899 577 1967 τῷ
631 1897 770 1951 κατά
828 1897 1080 1972 Νεαίρας.
1139 1917 1190 1955 v.
1250 1898 1758 1977 Ἀποπεφασμὲνον.
1827 1898 2008 1952 Ἀττι-
2041 1918 2088 1983 Β

427 1983 651 2058 κισμός.
720 1984 1266 2066 Ἐκφυλλοφορῆσαι.
1354 1988 1580 2052 Κυνέας.
1638 1989 1700 2045 Ὀ
1765 1989 2007 2050 κάτωθεν

429 2095 480 2135 γ.
512 2078 791 2138 Ιίωλοῦσι.

356 2165 425 2221 Ev
453 2169 534 2238 τῷ
568 2167 705 2221 κατὰ
735 2168 1127 2242 Νικοστράτου.
1159 2187 1211 2225 v.
1242 2173 1534 2244 ’Δρχαῖον.

357 2254 446 2311 Ἐν
484 2259 564 2328 τῷ
596 2257 729 2330 πρὸς
764 2257 1152 2330 Νικόστρατον,
1185 2277 1236 2315 v.
1270 2257 1666 2334 Περιστοίχων.

341 2343 429 2399 Ἐν
489 2349 569 2417 τῷ
623 2347 761 2402 κατᾶ
844 2345 1333 2424 Ὀλυμπιοδώρου.
1418 2367 1472 2405 v.
1553 2343 1996 2420 Ἀνθυπωμοσία.

415 2431 754 2493 Ἐπεδικασε.

343 2522 434 2578 Ἐν
476 2527 558 2596 τῷ
617 2523 754 2580 κατὰ
811 2526 1109 2602 Ὀνήτορος
1161 2527 1230 2602 β’·
1291 2545 1340 2584 v.
1404 2526 1792 2602 Ἀποτιμηταί.
1852 2530 1993 2604 Προ-

412 2613 624 2672 στασία.

333 2702 429 2759 Ἐν
512 2707 592 2775 τῷ
669 2705 794 2782 περὶ
870 2705 1198 2782 Ὀνόματος.
1272 2724 1329 2777 V,
1407 2707 1658 2764 Πινάκια.
1738 2711 1990 2779 Σεσημα-

406 2793 612 2866 σμένῳ.

342 2883 430 2936 Ἐν
506 2887 575 2958 τῇ
638 2883 776 2961 πρὸς
870 2884 1218 2941 Πανταίνετον
1300 2888 1654 2962 παραγραφῇ.

412 2971 736 3048 Θρασύλλῳ.
823 2978 1142 3051 Κεγχρεῶν.
1239 2975 1549 3050 Μαρώνεια.

411 3054 577 3133 ϐολή.

341 3151 431 3204 Ἐν
506 3155 587 3223 τῷ
661 3153 786 3227 περὶ
887 3147 1352 3230 Παραπρεσϐείας.
1456 3173 1509 3210 v.

1745 2904 1796 2940 ν.
1867 2886 1990 2942 Ἐπὶ

1664 2977 1780 3049 Ηαρ
1789 2994 1990 3029 ακατα-

1587 3154 1780 3210 Ἀστάθ
1789 3173 1984 3226 μητος.

405 3240 883 3306 ’Λσυνθετώτατον.
986 3244 1178 3301 "Atta.
1287 3242 1524 3318 Δρυμός,
1629 3243 1981 3320 Ἐπικράτης.
2025 3284 2067 3351 C

403 3332 592 3402 Ἀθην.
682 3333 993 3410 Εἰσιτήρια.

407 3421 733 3497 ’γποκοριζό
743 3443 918 3496 μενοι,

341 3510 428 3566 Ἐν
459 3515 540 3583 τῷ
573 3511 708 3588 ὑπὲρ
739 3513 1019 3591 Ῥητόρων
1049 3513 1225 3589 λόγῳ.
1254 3534 1306 3570 v.
1341 3514 1509 3588 Ἀμα.

343 3599 431 3656 Ἐν
481 3605 563 3674 τῷ
619 3601 744 3677 περὶ
799 3605 901 3672 τῆς
954 3601 1186 3661 Ῥοδίων
1243 3603 1569 3679 ἐλευθερίας.
1626 3622 1676 3661 v.
1735 3605 1994 3680 ’Δρτεμι-

414 3688 521 3748 σία.

341 3779 429 3835 Ἐν
456 3783 536 3851 τῷ
566 3781 702 3836 κατὰ
735 3778 1033 3840 Σπουδίου.
1066 3801 1118 3839 v.
1154 3781 1412 3856 Νέμεσία.

337 3868 428 3924 Ἐν
456 3872 542 3941 τῷ
571 3870 707 3942 πρὸς
740 3867 1038 3929 Σπουδίαν,
1070 3891 1122 3940 v,
1159 3873 1369 3942 Σκηνή.

341 3958 434 4015 Ἐν
479 3962 558 4030 τῷ
615 3959 739 4034 περὶ
792 3960 1088 4038 Στεφάνου.
1152 3981 1204 4018 v.
1265 3961 1433 4034 Ἀμα.
1496 3961 1820 4039 Ἀναφοράν.
1880 3963 1997 4034 Ἐξ·-

416 4047 677 4119 ητάσθης.
777 4047 1128 4123 Καλαμίτης.
1254 4048 1994 4126 Καταψευδομαρτυρησάμε-

418 4159 528 4200 νος.
591 4139 960 4214 Κατηγορίας.
1026 4137 1280 4202 Κίναδος.
1342 4138 1436 4196 εἶδ.
1511 4143 1996 4216 Παραπεπτωκώς.

423 4227 628 4292 Σύλας.
691 4228 938 4304 Τρίμμα,
972 4230 1000 4283 ὁ
1030 4250 1176 4299 τετρ.
1238 4228 1558 4302 Φάρμακος.
1605 4233 1767 4302 (Vide
1819 4234 1997 4289 etiam

1078 3337 1292 3411 Ὀρᾶτε.
1371 3332 1755 3399 Πυνθάνεσθαι.
1835 3336 1984 3396 Τὲως

418 4335 616 4391 supra,
685 4320 775 4375 'Ev
843 4323 922 4391 τῷ
988 4319 1118 4394 ὑπὲρ
1188 4323 1593 4398 Κτησιφῶντος.
1672 4323 1772 4377 Est
1836 4323 1996 4379 enim

416 4409 624 4464 eadem
656 4410 888 4480 oratio).

347 4497 435 4553 Ἐν
467 4500 548 4569 τῷ
579 4497 702 4569 περὶ
734 4500 842 4551 τῶν
867 4497 1218 4572 Συμμάχων.
1246 4515 1297 4554 v.
1331 4493 1591 4569 Τίμημα.

345 4585 434 4640 Ἐν
467 4589 547 4658 τῷ
576 4585 701 4659 περὶ
762 4590 1124 4660 Συμμοριῶν.
1184 4604 1239 4644 v.
1302 4587 1653 4664 Κληροῦχοι.
1721 4589 1992 4639 Κοινωνι-

413 4675 530 4732 κόν.
563 4677 623 4731 ’0
653 4675 912 4738 κάτωθεν.
950 4671 1264 4750 Συμμορία.
1300 4673 1476 4736 Τέως.

347 4763 440 4820 Ἐν
471 4767 550 4836 τῷ
609 4763 733 4839 περὶ
794 4764 1124 4834 Συντάξεως.
1187 4782 1236 4821 v.
1299 4760 1725 4838 Ὀπισθόδομος.
1785 4769 2002 4839 Παρου-

421 4853 532 4910 σία.

349 4942 438 5000 Ἐν
492 4945 573 5015 τῷ
628 4943 764 5019 πρὸς
821 4941 1109 5018 Τιμόθεον.
1171 4963 1223 5001 v.
1311 4943 1809 5018 ’Λποστησάμενον.
1893 4949 2001 4998 Λυ-

416 5036 690 5095 κιουργίς.

416 5052 540 5087 κιου
621 5051 690 5088 ι.

351 5125 438 5181 Ἐν
541 5051 829 5196 Ξῶςκατὰ
904 5123 1308 5200 Τιμοκράτους.
1387 5143 1438 5181 v.
1539 5123 2003 5204 Ἐτερόφθαλμος.

419 5213 594 5271 Ἠων.
681 5213 1039 5289 Ἱερομηνίαι.
1146 5212 1512 5289 Ναυκραρικά.
1599 5215 1807 5270 Ὀσιον.
1900 5220 2008 5269 [Ιο-

421 5299 686 5376 δοκάκκη.
775 5307 1234 5380 Ηροστιμήματα.
1324 5302 1565 5363 Φαῦλον.
1653 5300 1756 5379 εἷ’ρ.
1835 5304 2008 5360 Φιλέ-

419 5393 570 5467 ψιος.

353 5481 445 5537 Ἐν
506 5486 584 5553 τῷ
659 5482 798 5557 πρὸς

422 5593 601 5640 φασις.

347 5660 438 5718 Ἐν
491 5666 609 5726 τοῖς

422 5756 608 5810 νΑντα.

884 5483 1213 5540 Φαίνιππον.
1305 5481 1558 5553 Ἀπηλοῄ
1570 5481 1750 5555 μένος.
1838 5481 2006 5538 Ἀπό-

696 5662 1082 5725 Φιλιππικοῖς.
1142 5681 1194 5722 v.
1255 5662 1648 5737 ’Ᾱγνωμόνως.
1721 5662 2006 5736 Ἀρχαῖος.

755 5753 1012 5828 Ἀτιμος.
1161 5754 1461 5830 Βάραθρον.

677 5875 940 5936 Parnm“
990 5874 1100 5934 Gn.
1136 5873 1368 5935 CXVII.

1616 5756 2004 5826 Δυσωποῦμαι·

1659 422 1712 476 Α
1755 410 1990 477 SUIDA
2034 408 2522 473 CITATORUM.

434 545 648 620 κρίνης,
704 544 1091 621 Λαρυγγίζειν.
1150 545 1351 619 Λεύκη.
1421 547 1630 624 Λόγου.
1689 568 1737 606 τ.
1795 551 2014 603 Μουνυο
2053 548 2104 612 Α

3628 426 3787 491 1386

2278 543 2498 637 Ἔθνος.
2544 543 2606 637 ού
2669 567 2728 620 μ.
2789 547 3200 637 Ἑτεικηρυκεία.
3259 552 3574 631 Ἐφορμεῖν.
3635 560 3796 637 Ἐχῖ-

2271 653 2383 694 νος.
2416 633 2658 691 Ἡλικία.
2695 633 3012 708 Καταϐολή.
3065 642 3346 717 Κατάγεεν.
3397 646 3464 700 τὰ
3511 668 3570 704 π.
3627 633 3790 707 Μαλ-

2276 721 2488 796 κίομεν.
2521 725 2818 800 Μάστειρα.
2874 729 3128 800 Μεθώνη.
3185 731 3423 804 Μελίνη.
3473 744 3620 810 Δημ.
3673 741 3786 797 Me-

2269 811 2487 875 νέλαος.
2521 816 2837 875 Μετοίκιυν.
2871 822 3094 893 Μορῶν.
3145 823 3395 880 Ξενικόν.
3448 822 3780 888 Συλλαόεῖν.

2269 903 2464 960 Ὀκνῶ.
2499 904 2936 980 Ὀλιγωρήσητε.
2970 914 3136 965 Ὄνου
3169 912 3311 968 σκιά.
3364 916 3567 990 Παγὰς.
3622 919 3777 990 Πάρ-

2265 991 2418 1053 αλος.
2481 994 2823 1070 Πεζαίτερος.
2884 999 3011 1073 Περὶ
3060 1006 3162 1068 τῆς
3249 998 3302 1056 ἐν
3361 1009 3419 1059 Δ.
3495 1009 3780 1078 Περιστοι-

2267 1080 2505 1173 χίζεται.
2540 1083 2788 1142 Πινάκικ.
2837 1085 3117 1142 Πολιτεία.
3172 1087 3580 1167 Πολύστρατος.
3637 1101 3780 1173 ΙΙρο-

2266 1165 2440 1244 δόλῳ.
2523 1172 2872 1247 Προπύλαια.
2959 1177 3260 1251 ἶῙσοτιμᾷν.
3351 1165 3776 1254 Πρυτανεύοντα.

2265 1261 2599 1336 Στρατηγοί.
2637 1258 2925 1337 Σύμϐολα.
2975 1267 3072 1330 τὰς
3117 1287 3166 1323 σ.
3219 1267 3500 1344 Σύνταξις.
3556 1274 3671 1330 ἀντὶ
3720 1296 3773 1333 τ.

2261 1350 2436 1413 Τέως.
2467 1351 2602 1414 Τοὺς
2637 1372 2834 1428 χωρις.
2868 1354 3211 1431 Ὑπάγουσιν.
3246 1358 3571 1438 Φύλαρχος.

2190 1440 2280 1496 Ἐν
2311 1444 2389 1512 τῷ
2419 1441 2466 1496 α’
2496 1441 2875 1502 Φιλιππικῶν.
2899 1464 2950 1505 v.
2979 1446 3342 1512 Ἀποστολάς.

2191 1527 2279 1582 Ἐν
2305 1530 2350 1592 ς’
2379 1527 2620 1589 Φιλιππ.
2653 1549 2704 1588 v.
2739 1534 3033 1610 Δεκάρχαι.

2192 1617 2278 1672 Ἐν
2310 1623 2388 1690 τῷ
2422 1620 2552 1695 ὑπὲρ
2585 1622 2937 1697 Φορμίωνος.
2972 1645 3023 1683 v.
3059 1628 3424 1703 Προθεσμίας.

2121 1709 2549 1767 Demosthenes
2581 1711 2652 1767 ab
2684 1715 3150 1773 Atheniensibus
3181 1719 3433 1776 traditus
3464 1724 3772 1796 Antipatro

2262 1818 2398 1857 cum
2429 1802 2562 1858 aliis
2584 1805 2940 1871 oratoribus,
2976 1808 3299 1879 Hyperido,
3332 1812 3775 1890 Hymeraao,Ly-

2263 1908 2462 1964 curgo,
2499 1892 2840 1964 Polyeucto,
2873 1895 3164 1968 Ephialte,
3199 1900 3586 1974 Thrasybulo,
3619 1906 3773 1963 Cha-

2266 1989 2415 2052 rete,
2448 1983 2821 2056 Charidemo,
2855 1987 3132 2059 Diotimo,
3163 1991 3456 2062 Patrocio,
3516 1995 3772 2054 Cassan-

2265 2071 2392 2128 dro.
2425 2090 2475 2126 v.
2507 2073 2890 2148 Ἀντίπατρος.

2119 2163 2551 2219 Demostratus.
2585 2181 2618 2218 ν
2670 2163 3056 2236 Δημοποίητα.
3092 2168 3291 2242 Χάραξ.
3325 2169 3447 2239 ἀρσ.

2117 2253 2432 2325 Dexippus.
2467 2269 2518 2308 ν.
2550 2253 2690 2308 Ἀπὸ
2722 2249 2812 2322 δή.
2850 2255 3220 2327 Ἑπιμᾶλλον.
3280 2259 3593 2336 Εὐθαρσῶς.
3646 2268 3763 2320 Ila-

2257 2339 2493 2417 ραπολύ.
2584 2346 2956 2422 Παραχρῆμασ
3042 2351 3419 2425 Πατασσουσῃ.
3477 2353 3762 2427 Ῥωμαίων

2253 2429 2425 2507 ἀρχή.
2461 2431 2692 2504 Σεμνόνο

2181 2517 2468 2594 Θησαυρῷ.
2502 2538 2552 2577 v.
2590 2524 2928 2594 Κωρυκαῖος.

2108 2609 2363 2680 Diagori,
2397 2611 2578 2681 athei,
2611 2609 3078 2686 ἀποπυργίζοντες
3102 2611 3288 2692 λόγοι.
3340 2636 3391 2676 v.
3445 2619 3756 2700 Ἀποπυργ.

2104 2697 2500 2757 Dicaearchus.

2106 2785 2195 2841 Ἐν
2225 2785 2305 2859 τῷ
2336 2789 2458 2864 περὶ
2495 2790 2790 2845 Μουσικῶν
2826 2792 3101 2868 Ἀγώνων.
3134 2810 3186 2851 V.
3222 2794 3481 2856 Σκολιόν.

2104 2875 2404 2948 Pidymus.
2437 2895 2488 2933 ν.
2543 2878 2786 2938 ’Λλόειν.
2846 2877 3110 2954 Ἀνδηρα.
3173 2882 3449 2956 Γαμήλια.
3503 2889 3759 2946 Ἐλευθὲ-

2247 2985 2364 3041 ριος
2405 2964 2684 3038 Ἐξένισεν.
2744 2967 2896 3044 Θρία.
2961 2970 3312 3044 Κυψελιδῶι.
3375 2983 3757 3053 Λυκιουργεῖς.

2242 3055 2559 3128 Ὀξυθύμια.
2620 3056 2842 3133 Ὂρῥον.
2904 3058 3108 3119 Ὀσιον,
3167 3065 3233 3116 Ὦ
3283 3063 3398 3122 τάν.
3457 3070 3755 3142 Παρασκή-

2241 3165 2346 3202 νια.
2386 3144 2647 3208 ΙΙὲλανος.
2682 3149 2812 3221 Περὶ
2844 3154 2944 3217 τῆς
2974 3148 3025 3203 ἐν
3083 3157 3141 3206 Δ.
3191 3155 3588 3232 Περιστοίχων,
3646 3161 3756 3216 [lo-

2247 3231 2511 3306 δοκάκκη.
2585 3233 2994 3311 Πολύστρατος.
3080 3239 3363 3300 ΙΙωλοῦσι.
3446 3231 3757 3319 Προκώνια.

2248 3325 2610 3399 Πρόπεμπτα.
2659 3326 2981 3400 Προστασία.
3042 3329 3352 3402 Τευτάζειν.
3412 3334 3557 3398 Τοὺς
3613 3335 3760 3394 ἑταί-

2247 3434 2396 3490 ρους.
2431 3418 2750 3489 Φάρμακος.

2103 3506 2419 3578 Didymum
2451 3507 2673 3562 audivit
2704 3509 2953 3581 Appion.
2988 3527 3040 3566 ν.
3072 3511 3305 3570 Ἀπίων.
3329 3517 3520 3576 multa
3551 3526 3760 3580 contra

2244 3597 2454 3652 Iubam
2487 3598 2728 3669 scripsit
2754 3616 2806 3653 ν.
2841 3593 3038 3660 Ἰόϐας.

2103 3684 2408 3758 Didymus,
2442 3688 2785 3755 Monachus,
2817 3706 2868 3744 γ.
2902 3688 3127 3762 Ἀμοῦς.

2104 3777 2452 3834 Dinarchus.
2528 3796 2580 3835 ν.

2658 3779 2982 3854 Ἀγραφίου.
3059 3781 3398 3857 Ἀνάγεσθαι.
3459 3788 3752 3849 νΔναλτον.

2245 3864 2516 3941 Ἀπέχει.
2597 3863 3104 3939 Ἀντιϐοληοὲντος.
3186 3873 3482 3949 Ἀπήχεια.
3585 3883 3758 3937 ’Δπο-

2241 3954 2424 4030 γνούς.
2485 3957 2986 4036 Ἀποπεφασμὲνον.
3049 3961 3440 4036 Ἀποσάξαντα·
3514 3969 3759 4026 Ἀπότα-

2247 4065 2368 4122 φος.
2446 4048 2940 4122 Ἀρχαιρεσιάζειν.
3021 4050 3278 4108 Βουλαία.
3380 4053 3754 4123 Βουλεόσεως.

2246 4132 2506 4191 Βουλεία.
2595 4137 2862 4211 Γόργυρα.
2953 4137 3275 4211 Διάμετρος.
3349 4143 3617 4216 Ἐξούλης
3677 4145 3756 4207 ὅν.

2246 4219 2539 4295 Εὐανδρία.
2617 4224 2932 4296 Θεογείτων.
3029 4224 3326 4298 Κλιμάζει.
3403 4232 3752 4304 Λαμπάδιον.

2245 4310 2530 4386 Λογισταί,
2635 4314 2955 4390 Μοχθηρός.
3070 4315 3317 4390 Οῗκημα.
3430 4320 3753 4398 Ὀμοερχὲς,

2242 4401 2481 4474 ὐχεῖον.
2544 4398 2956 4476 Παλιναίρετος.
3019 4409 3534 4481 Παραφρυκτωρεῖν.
3595 4414 3758 4468 Ὑπό-

2244 4485 2434 4566 λογον.
2466 4490 2784 4563 ’Τποφόνια.
2820 4497 3011 4557 Φασις.
3043 4496 3439 4577 Χρυσοχοεῖον.

2170 4578 2258 4635 Ἐν
2289 4583 2368 4652 τῷ
2398 4579 2533 4634 κατᾶ
2565 4580 2974 4655 ’Δγασικλέους.
3005 4603 3058 4641 v.
3090 4589 3468 4666 Σκαφηφόροιο

2171 4669 2265 4725 Ἐν
2294 4672 2362 4742 τῇ
2397 4669 2528 4744 ὑπὲρ
2562 4669 2831 4749 Αἰσχίνου
2864 4673 3164 4750 Ἰσηγορίᾳ.
3199 4695 3249 4733 v.
3285 4676 3638 4752 Κλιμακίζει.

2178 4757 2265 4815 Ἐν
2296 4762 2376 4830 τῷ
2404 4759 2540 4814 κατὰ
2570 4759 2990 4835 ’Λρχεστράτου.
3024 4782 3076 4821 ν.
3110 4765 3604 4846 Ἀποψτ,φίζονται.

2182 4849 2266 4906 Ἐν
2307 4853 2388 4921 τῷ
2415 4849 2552 4904 κατᾶ
2584 4849 2917 4912 Καλλίστου.
2950 4873 3001 4910 v.
3037 4854 3524 4932 Ὑπονομεύοντος.

2184 4939 2272 4995 Ἐν
2299 4942 2380 5010 τῷ
2409 4939 2546 4993 κατᾶ
2574 4941 2924 5014 Λεωχάρους.
2958 4961 3008 4998 v.
3042 4947 3231 5016 Δεῦρο.

2183 5030 2271 5083 Ἐν
2301 5033 2381 5101 τῷ
2412 5028 2548 5084 κατᾶ
2579 5030 2911 5107 Λυκούργου.
2943 5052 3000 5092 v.
3042 5035 3472 5111 Καταλεύσιμον.

2187 5119 2275 5174 Ἐν
2305 5123 2384 5190 τῷ
2415 5119 2550 5173 κατὰ
2578 5119 2926 5195 Μεναίχμου.
2960 5141 3010 5189 v,
3044 5126 3410 5199 Πραγματεία.

2187 5211 2274 5265 Ἐν
2305 5213 2384 5280 τῷ
2413 5210 2548 5264 κατὰ
2581 5209 2948 5271 Πολυεύκτου.
2982 5234 3033 5271 v.
3069 5214 3312 5289 Δίγεῖον.

2187 5301 2273 5357 ’Ev
2305 5302 2375 5374 τῇ
2405 5299 2542 5354 κατὰ
2599 5297 2946 5358 Πολυεύκτου
3002 5304 3326 5381 Ἀποφάσει.
3387 5325 3435 5364 v.
3497 5312 3775 5386 Παραγγε-

2259 5387 2374 5445 λία.

2189 5481 2276 5535 Ἐν
2308 5482 2376 5551 τῇ
2406 5477 2542 5532 κατὰ
2610 5476 2957 5534 Πολυεύκτου
3011 5479 3599 5561 ἐκφυλλοφορηθέντος
3649 5487 3772 5544 Ἐν-

2263 5566 2442 5640 δειξει.
2478 5585 2528 5622 ν.
2566 5566 2981 5642 Παλιναίρετος.

2193 5660 2277 5715 Ἐν
2327 5660 2408 5711 τῶ
2465 5655 2604 5712 κατᾶ
2689 5658 2914 5714 Πυθὲου.
2975 5677 3026 5716 v.

2263 5768 2415 5822 πτερ.
2452 5741 2869 5807 Κπαδεὸέσθαι.

3113 5659 3418 5738 ’Δπρότων.
3501 5663 3775 5740 Καλλίας,

3458 5877 3538 5935 44
