4126 6414
393 347 551 410 1387

461 482 557 537 Ἐν
589 482 669 550 τῷ
699 478 834 534 κατὰ
864 479 1160 557 Στεφάνου.
1196 500 1247 539 v.
1276 481 1407 538 Ὑπὸ
1436 489 1538 557 γῆν
1566 483 1669 540 τίκ.

468 567 818 644 Κυρῥηνικῷ.
850 586 907 626 ν.
942 568 1280 644 Περίστασιν.

462 660 550 714 Ἐν
583 661 661 731 τῷ
686 657 820 712 κατᾶ
853 657 1217 722 Φιλοκλέους.
1264 681 1317 718 v.
1350 662 1734 727 Ιίυνθάνεσθαι.

461 750 560 805 Ἐν
588 752 670 821 τῷ
698 747 833 803 κατά
864 749 1202 825 Φορμισίου.
1236 772 1287 809 v.
1316 750 1758 827 ἹΙληνδημένον.

386 840 561 898 Dinol
576 841 780 897 ochus.
819 859 863 898 ν.
898 841 990 904 Ὗς
1027 842 1129 897 ὑπὸ
1159 842 1286 916 ῥόπ,

388 935 646 993 Diocles.

463 1023 692 1102 Βᾶκχῃ.
724 1046 776 1083 v.
809 1027 964 1083 Κακὰ
993 1047 1046 1081 κ.

397 1116 631 1174 Diocles
682 1116 931 1172 Μουσικὰ
987 1114 1298 1191 γεγραφὼς,
1371 1119 1542 1187 pater
1619 1113 2049 1170 Alcidamantis

537 1207 779 1278 Eleates,
812 1206 1167 1280 philosophi.
1210 1223 1261 1261 ν.
1289 1200 1655 1275 Ἀλκιδάμας.

398 1295 710 1353 Diodorus.
794 1315 841 1353 ν.
930 1292 1435 1364 Ἀντικατέστησαν.
1521 1289 1692 1349 Γάλα.
1777 1291 2049 1354 Ἐντείνας

536 1384 745 1443 έαυτόν.
812 1379 1314 1459 Ἐξακριϐωθέννες.
1378 1380 1677 1455 Κλίμακες.
1738 1380 2047 1442 Λυσιτελές.

538 1480 834 1536 Παιανιεῖς.
872 1474 1162 1547 Στεγανὸν.
1219 1470 1457 1534 Σύλλας.
1521 1470 1602 1528 ὄν.
1656 1492 1709 1531 κ,
1767 1475 2046 1547 Συνεῖχεν.

535 1563 819 1627 ’Υποστάς.
852 1561 1114 1620 Χαλάσω.
1150 1566 1386 1637 Χρῶμα.
1415 1564 1599 1617 τοῦτο.

465 1655 553 1710 Ἐν
581 1658 661 1726 τῷ
690 1653 813 1730 περὶ
844 1654 1129 1727 Σταθμῶν.
1162 1671 1214 1711 v.
1248 1652 1523 1707 Τάλαντον
1556 1649 1631 1715 ὥς
1673 1673 1733 1720 φ.

395 1744 703 1802 Diodotus.
734 1762 785 1801 v.
824 1742 1033 1813 Δηλίου
1061 1740 1187 1800 κολ.

388 1836 809 1909 Diogenianus.
843 1852 879 1889 ν
908 1831 1184 1888 ’Λειεστώ.

385 1926 698 1999 Diogenes,
757 1925 1019 1998 cynicus.
1080 1942 1130 1979 ν.
1214 1920 1592 1995 Ἀναξιμένης.
1668 1918 2035 1991 Ἀντισθένης.

528 2013 909 2089 Ἀρίστιππος,
942 2008 1267 2090 Εὐπάρυφα.

385 2105 680 2177 Diogenes
711 2104 998 2160 Laertius.

453 2194 585 2268 Περὶ
625 2192 758 2269 βίων
792 2189 1145 2270 Φιλοσόφων.
1179 2210 1230 2246 v.
1260 2188 1631 2266 Τετραλογία.

384 2285 558 2343 Dion.
592 2302 647 2339 ν.
683 2283 1129 2356 Δρομοκήρυκες.
1162 2282 1495 2347 Ἐπιστάτις,
1530 2277 1657 2350 θηλ.
1720 2278 2040 2337 Ἐσάλευον.

528 2369 940 2446 Ἡνδρώθησαν,
974 2372 1193 2444 Μάρκος
1232 2371 1351 2445 βασ.
1384 2369 1723 2445 Ὑπεξέσχεν.

459 2463 549 2516 Ἐν
604 2461 959 2532 Ῥωμαϊκοῖς.
1023 2477 1073 2517 v.
1145 2458 1306 2520 Βύας.
1376 2457 1657 2527 Δοξασίας.
1718 2456 2043 2531 Ἐδημώθη.

533 2547 986 2620 Ἐδικαιωθησαν.
1046 2549 1520 2621 Ἐνθυμιζόμενοι.
1599 2545 1903 2625 Ἠγαλλεν.
1956 2554 2042 2614 Ὦς

528 2636 748 2696 έπίπαν.
782 2638 1085 2711 Ῥᾳστώνη.
1129 2634 1382 2695 Στάόιον.

457 2731 546 2787 Ἐν
582 2729 631 2805 β’
659 2735 761 2799 τῆς
799 2726 1053 2800 δευτέρας
1114 2728 1448 2796 Συντάξεως.
1506 2747 1557 2786 ν.
1620 2723 1760 2785 Οὐδὲ
1817 2726 2041 2803 ’Πρακλ.

386 2820 726 2893 Dionysius.
788 2837 839 2875 ν.
896 2817 1193 2893 Ἀγύρηνα.
1256 2818 1605 2896 Ἀντιφάνης,
1662 2817 2041 2892 ’Λρτίστομος.

529 2906 818 2971 Βασιλεύς.

454 3000 638 3076 θρᾳξί.
673 3018 722 3055 v.
757 2996 1013 3056 Πέλανοι.

455 3091 545 3147 Ἐν
576 3088 802 3147 κτίσεσι.
837 3106 891 3144 v.
927 3084 1252 3160 Πραζιδίκη.
1286 3086 1599 3160 Τελμισεῖς.

454 3180 545 3237 Ἐν
592 3182 661 3253 τῇ
723 3176 772 3234 λ’
823 3179 923 3246 τῆς
979 3183 1258 3246 Μουσικῆς
1310 3176 1572 3254 ἱστορίας.
1631 3196 1683 3235 v.
1742 3176 2033 3257 Παμφίλη.

532 3263 874 3343 Σωτηρίδας.
906 3262 1089 3323 Ἐπιδ.

461 3360 549 3417 Ἐν
583 3357 943 3432 Ῥὧμαϊκοῖς.
977 3375 1028 3413 v.
1064 3356 1324 3418 Νέπετος.

458 3448 808 3525 Ταξιάρχαις.
836 3466 890 3503 v.
924 3446 1211 3521 φορμίων,

463 3545 551 3602 Ἐν
585 3545 891 3618 χρονικοῖς.
924 3559 979 3600 v.
1012 3535 1344 3613 Εὐριπίδης,
1372 3559 1530 3615 τραγ.

390 3635 730 3707 Dionysius,
761 3631 1134 3704 Arcopagita.
1166 3648 1218 3685 ν.
1251 3629 1532 3704 Μοναχός.

388 3724 707 3797 Dionysius
741 3720 1304 3779 Holicamassensis.
1337 3738 1387 3775 ν.
1442 3720 1817 3792 Περιπνιήσει.
1875 3718 2042 3775 Πλεο-

531 3813 696 3882 νεξία.

385 3903 652 3976 Dionysii
682 3901 865 3957 lambi
898 3899 1249 3972 discipulus,
1277 3898 1728 3971 Aristophanes,
1750 3916 2041 3973 gramma-

532 3992 705 4048 ticus.
737 4008 788 4046 v.
822 3992 1107 4065 Ἀριστοφ.

379 4080 722 4153 Dionysius,
756 4078 1044 4134 Milesius.
1076 4095 1128 4134 ν.
1162 4072 1469 4150 Ἀδριανός.
1516 4075 1827 4138 Ἑκαταῖος.

378 4171 764 4244 Diophantes.
799 4187 854 4227 ν.
886 4164 1131 4222 Ὑπατία.

377 4262 771 4319 Dioscorides.
808 4278 860 4316 ν.
896 4256 1108 4332 Πράσον
1142 4276 1266 4311 κακ.

445 4352 540 4410 Ἐν
566 4355 686 4415 τοῖς
716 4348 840 4425 περὶ
873 4347 1171 4421 Νομίμων.
1204 4365 1258 4403 v.
1290 4342 1569 4416 Σκυτάλη.

445 4447 535 4503 Ἐν
565 4449 682 4507 τοῖς
712 4444 839 4519 παρ’
870 4442 1102 4517 Ὀμήρῳ
1134 4440 1372 4514 Νόμοις.
1404 4458 1456 4499 v.
1489 4443 1763 4515 Ὅμηρος.

378 4536 693 4593 Diolimus.

445 4623 781 4701 Ἡρακλέους
804 4621 1052 4686 Ἀθλοις.
1087 4641 1137 4677 v.
1172 4614 1491 4696 Εὐρύϐατος
1520 4642 1640 4678 πον.

374 4717 667 4792 Diphilus.
700 4735 754 4774 γ.
789 4710 1114 4790 Καραδοκεῖ,
1146 4732 1197 4769 v.
1231 4712 1492 4771 Νεοττόν.
1536 4712 1772 4787 Πόρκος.
1823 4713 2019 4788 Φιμοί.

444 4808 533 4865 Ἐν
567 4800 922 4879 Ἀμάστριδι.
957 4821 1011 4859 v.
1046 4802 1359 4873 Ἀθηναίας.
1394 4798 1821 4860 ΙΙολιτοκοπεῖν.

445 4901 530 4957 Ἐν
560 4902 677 4959 τοῖς
708 4894 1080 4971 Ἐναγίσμασι.
1111 4912 1167 4950 γ.
1200 4889 1429 4947 Ψωλόν.

513 4987 967 5061 Πολυπράγμονι.
998 5002 1052 5041 v.
1077 4979 1409 5057 Ῥαγδαίους.

369 5081 636 5138 Domnus
666 5077 924 5134 Judaaus.
957 5092 1008 5129 ν.
1042 5070 1249 5134 Γέσιος.

368 5170 563 5226 Duris.
595 5187 646 5227 ν.
676 5164 824 5221 Ὠτὸ
856 5164 1002 5239 ἱερὸν
1034 5183 1094 5219 π.
1128 5159 1419 5224 Πανύασις.
1456 5159 1718 5234 Λυγκεύς.

439 5258 526 5316 ’Ev
557 5262 675 5321 τοῖς
703 5254 827 5330 περὶ
856 5250 1222 5329 Ἀγαθοκλέα.
1253 5270 1303 5307 v.
1338 5242 1677 5322 Εὐρύϐατος.
1709 5270 1837 5309 πον.

438 5350 528 5405 Ἐν
555 5351 636 5420 τῷ
665 5345 789 5410 περὶ
822 5344 1092 5420 Ἀγώνωνὶ
1129 5361 1181 5409 ν,
1216 5339 1449 5398 Σελίνου
1481 5358 1564 5396 στ.

432 5438 520 5493 Ἐν
556 5437 605 5511 β’
635 5429 908 5492 Λιϐυκῶν.
938 5452 992 5491 v.
1021 5431 1227 5505 Λαμία-

357 5618 776 5691 Elephantine.
808 5631 863 5671 ν.
896 5610 1288 5669 Ἀστυάνασσα.

360 5706 769 5780 Empedocles.
802 5721 854 5760 ν.
902 5699 1115 5761 Ἥλιος.
1172 5700 1252 5755 De
1307 5696 1536 5755 eodem.
1597 5715 1647 5753 ν.
1708 5695 2012 5772 Ἀμ-Εκλαι,

1704 348 1949 413 INDEX
2002 348 2521 414 SCRIPTOHUM

2076 484 2132 550 Α

2075 1856 2128 1920 Β

2065 3233 2117 3300 G

2056 4591 2106 4656 D

3663 355 3822 418 {388

2308 479 2719 545 Ἀπολλωνιος.
2743 483 3061 556 Ἀθήναιος,
3077 486 3445 560 ejusversus,
3468 504 3521 544 γ.
3555 488 3822 550 Ἀπνους.

2305 574 2688 647 Epigramma
2721 576 2782 631 in
2816 579 3130 633 Acronem.
3164 580 3411 649 "Axng.

2160 662 2429 718 Entaaon.
2462 681 2513 717 ν.
2554 664 2713 733 Εῆίς.
2747 665 2884 738 (Sed
2925 666 3006 722 ibi
3052 666 3370 741 legendum
3420 672 3530 738 est,
3581 669 3825 743 Eupho-

2306 753 2490 826 rion.)

2159 842 2624 914 Epaphroditus.
2657 862 2714 914 ν,
2744 844 2981 920 Νῶροψ.

2158 931 2486 1003 Ephialtes.

2233 1023 2321 1077 ’Ev
2356 1019 2702 1096 Φιλιππικῷ.
2736 1043 2789 1080 v.
2824 1024 2886 1082 Ὀ
2915 1022 3154 1090 κάτωθεν
3187 1047 3236 1082 ν.

2157 1110 2446 1182 Ephorus.
2484 1130 2535 1168 v.
2572 1110 2795 1167 Δούλων
2825 1134 2884 1173 π.
2919 1113 3042 1170 Ἐπὶ
3071 1113 3138 1169 τὰ
3192 1109 3648 1188 Μανδραϐουλου.
3701 1115 3817 1171 Εὐ-

2300 1194 2558 1274 ρύϐατος,
2618 1203 2883 1277 πονηρός.
2947 1203 3162 1265 Καινός.
3245 1205 3589 1278 Κωρυκαῖος.
3649 1210 3817 1281 Περι-

2303 1285 2472 1348 θῖὸαι.

2158 1381 2671 1451 Ερὶοιλανωιιε.ζν.
2732 1383 3055 1457 Ἀμάμυξις.
3114 1380 3537 1459 Ἀναδενδράδα.
3597 1384 3821 1441 ’Δνανέ-

2303 1489 2444 1543 μειν.
2480 1470 2599 1549 Ἀφ’
2628 1473 2798 1548 ἱερᾶς.

2229 1560 2316 1617 Ἐν
2349 1559 2508 1616 πέντε
2535 1566 2739 1639 κριτῶν
2768 1585 2818 1637 γ.
2881 1560 3182 1621 Κὸνδυλον.
3244 1565 3427 1638 Νῆφε.
3491 1564 3659 1626 Οἶνος
3713 1563 3812 1622 ὠν.

2300 1649 2629 1727 Πρόχειρος.
2724 1654 2919 1726 Ῥὲξαι.
3024 1653 3377 1729 Ῥησίαρχος.
3483 1653 3812 1723 Σικελίζειν.

2301 1734 2711 1815 Συϐαριτικαῖς.
2769 1742 2844 1797 Τὰ
2898 1741 3184 1801 Ταντάλου
3240 1764 3292 1800 τ.
3352 1740 3578 1800 Ψύλλα.
3639 1743 3813 1814 Ἀθή-

2298 1853 2470 1896 ναιος.

2224 1923 2285 1977 Ἀ
2300 1922 2475 1996 μύκῳ.
2511 1942 2561 1979 v.
2597 1919 3113 2001 Ἐγκομϐώσασθαι.
3148 1921 3475 1994 Κυδάζεται.

2221 2012 2308 2068 Ἐν
2368 2011 3122 2091 Κωμασταῖς,ἢἨφαίστῳ.
3186 2033 3235 2070 v.
3298 2016 3472 2090 ’Ἤρας
3529 2010 3588 2069 δὶ
3645 2010 3813 2089 δεσμ.

2153 2102 2463 2175 Epicurus.
2494 2121 2544 2159 ν.
2560 2103 2726 2157 Γύννι
2749 2123 2797 2165 ς.

2227 2191 2314 2248 Ἐν
2342 2213 2446 2247 τινι
2476 2196 2584 2248 τῶν
2632 2193 2769 2269 πρὸς
2830 2189 3108 2267 Ἰδομενέα
3168 2190 3533 2251 Ἐπιστολῶν.
3584 2212 3635 2250 v.
3694 2190 3811 2248 Ηύ-

2299 2292 2407 2345 θια.

2152 2372 2369 2444 Epicus
2400 2372 2622 2445 clycus.
2655 2391 2709 2429 ν.
2742 2370 3027 2448 Τελμισία.

2154 2462 2464 2536 Epigenes,
2499 2462 2807 2536 Scyonius,
2833 2464 3109 2538 tragicus.
3135 2459 3306 2519 Οὐδὲν
3343 2461 3477 2538 πρὸς
3504 2462 3598 2518 τὸν
3623 2460 3815 2517 Διόνυ-

2298 2572 2407 2607 σον.

2155 2641 2594 2715 Epigrammata
2625 2660 2694 2699 ex
2725 2643 3080 2718 Anthologia
3113 2644 3290 2701 edita.
3325 2662 3379 2711 ν,
3419 2643 3490 2699 Ἀ
3523 2643 3573 2700 ἃ.
3605 2635 3812 2715 Ἀϐρό-

2302 2750 2450 2803 μιος.
2487 2725 2705 2808 Ἀϐρός.
2766 2736 3018 2807 ’Ἄ-(ανον.
3068 2733 3209 2810 ’Ἀφε
3257 2729 3416 2804 δῆτα,
3470 2739 3581 2790 etc.
3629 2747 3813 2805 quam

2299 2822 2577 2894 plurimis
2610 2821 2669 2878 in
2701 2822 2876 2880 locis.

2154 2910 2596 2985 Epigrammata
2627 2929 2697 2969 ex
2728 2913 3097 2986 Anthologia.
3128 2913 3371 2970 inedita.
3423 2931 3475 2969 ν.
3530 2912 3811 2988 Ἀγοστῷ.

2296 3000 2581 3074 Ἀγέμιος.
2691 3002 3004 3079 Ἀγρεῖφνα.
3082 3001 3430 3077 Ἀγροτέρας.
3527 2997 3814 3075 Ἀδρανές.

2298 3091 2625 3159 ⁷Αήσσατος.
2660 3093 2889 3163 Ἀητής.
2920 3092 3293 3155 Ἀθώπευτον.
3326 3092 3598 3167 Ἀθυρμα.
3638 3092 3815 3148 Ἀκά-

2303 3199 2497 3252 μαντα.
2529 3184 2768 3238 ”Ακιτιν.
2804 3180 3158 3252 Ἀκοστήσας.
3195 3179 3468 3256 Ἀλέγοις.
3503 3178 3811 3239 ’Δπελεῶν.

2299 3265 2646 3345 Ἀμυγδαλῆ.
2705 3267 3064 3349 Ἀμφίδορον.
3117 3268 3556 3349 Ἀμφίκλαστον.
3606 3269 3814 3346 Ἀμφι-

2300 3357 2473 3431 λαφῆ.
2508 3357 2829 3436 Ἀμφίξουν.
2883 3357 3202 3434 Ἀνειρύσω.
3257 3360 3557 3433 Ἀντριάσι,
3609 3360 3813 3433 Ἀπάρ.

2299 3448 2513 3523 χεσθιι.
2571 3448 2944 3525 Ἀπεκράνιξε.
3036 3450 3488 3524 Ἀπεμορξάμην.
3553 3448 3807 3523 Ἀπέχω.

2295 3539 2495 3613 Ἀρης.
2527 3538 2762 3615 Ἀρίδες.
2816 3536 3207 3616 Ἀρθροπέδαν.
3260 3536 3575 3614 Ἀρπεδόσι.
3622 3538 3811 3613 Ἀρτι-

2294 3625 2431 3687 δαεῖ.
2561 3627 2885 3707 Ἀστεμφέα.
3018 3626 3408 3704 Ἀτιμαγέλου,
3541 3628 3778 3706 Ἀφατοι
3789 3668 3803 3684 .

2291 3716 2568 3795 Ἀφριόεν.
2630 3717 2890 3797 Ἀχαΐνη,
2980 3712 3226 3791 Βάμϐαξ.
3321 3716 3650 3789 Βασσαρικά.
3709 3716 3810 3774 Βί-

2288 3829 2457 3865 τιννα.
2495 3805 2740 3879 Βλαύτη.
2774 3807 2963 3873 Βολίς.
2997 3805 3292 3881 Βοτηρικά.
3355 3807 3623 3882 Βώτορες.
3668 3810 3811 3865 Βου-

2295 3898 2524 3976 μολγός.
2605 3899 2836 3968 Βούτης.
2891 3898 3196 3976 Βουφάγος.
3260 3897 3610 3975 Βουφόρτων.
3666 3899 3808 3953 Βου-

2288 3986 2525 4065 χάνδης.
2605 3985 2906 4063 Βουχίλου.
2986 3985 3463 4066 Βραχυφεγγίτης.
3560 3986 3806 4063 Βρόμος.

2287 4078 2679 4154 Βροτολοιγύς.
2713 4077 2994 4136 Βύσσινον.
3041 4075 3316 4150 Γαλλαίῳ.
3367 4078 3611 4151 Γαμψόν.
3665 4074 3803 4131 Γέλ-

2283 4166 2452 4247 γιδες.
2486 4169 2665 4227 Γενεοὶ.
2701 4166 3022 4242 Λεώλοφον.
3079 4164 3495 4241 Γομφιόδουπα.
3546 4163 3806 4241 Γριπεύς.

2286 4259 2565 4335 Δαρετίου.
2630 4258 2746 4314 Δαί.
2809 4255 3130 4314 Δαιδάλεον.
3192 4262 3410 4319 Δαῖτας.
3470 4257 3804 4334 Δεραγχέας,

2288 4349 2683 4427 Δωδεκσὶὂωρα,
2733 4352 3013 4427 Δυσηχής.
3078 4348 3331 4407 Αἴλινον.
3387 4347 3553 4406 Αἰπύ.
3604 4340 3808 4421 Ἐϐρα-

2282 4463 2392 4498 σεν.
2441 4441 2818 4517 Ἐγκονέουσα.
2879 4436 3123 4497 Ἐνδυτά.
3186 4437 3481 4495 Ἐνναέται.
3540 4432 3807 4508 Ἐνυδρο-

2282 4525 2441 4587 ϐίων.
2547 4530 2817 4604 Ἐξαιτον.
2894 4527 3259 4585 Ἐπεισόδιον.
3351 4522 3802 4603 Ἐραππίδαυλος

2282 4617 2649 4697 Ἐριϐρύχων.
2713 4619 3017 4693 Ἑρμῶναξ.
3107 4618 3447 4692 Ἐτνήρυσις.
3517 4614 3801 4684 Εὐαστήρ.

2278 4706 2572 4779 Εὐδίνητα.
2636 4707 2914 4778 Εὐρώταν.
2996 4706 3295 4782 Εὐσπειρῆ.
3358 4703 3638 4784 Ἐψύχθψ
3710 4699 3800 4760 Εἴ.

2279 4794 2486 4858 ὕεσθαι.
2521 4795 2948 4877 Εῗνοσίφυλλον.
2982 4797 3207 4855 Εἳσατο.
3268 4796 3523 4871 Ἤνορέη.
3587 4795 3801 4867 ’Πρασ-

2276 4911 2385 4947 σον.
2465 4890 2656 4945 Ἦσθα.
2731 4890 3066 4964 Ἰαχήματα.
3172 4886 3437 4958 Ἰλήκοις,
3534 4882 3787 4945 Ἰνωπός.

2278 4977 2429 5050 Ἰξύν.
2468 4978 2669 5041 Ἰτους.
2725 4976 2982 5051 Θαλάμη.
3036 4973 3471 5049 Θαλαμηπόλος.
3526 4969 3793 5042 Θαλπτή-

2274 5089 2384 5145 ρια.
2439 5068 2727 5146 Θεοφορία.
2789 5067 3100 5143 Θὲριστρον.
3166 5063 3529 5138 Θεσμοτόκον.
3590 5059 3790 5117 Θειλό-

2274 5157 2461 5217 πέδον.
2516 5160 2751 5230 Θηκτόν.
2813 5159 3029 5222 Θίασος.
3092 5157 3305 5234 Θρίναξ.
3358 5152 3596 5216 Θυῶδες.
3654 5152 3796 5226 Θύρ-

2276 5272 2391 5314 σος.
2453 5251 2673 5307 Κάσιον.
2734 5247 3075 5319 Κατήλυσιν.
3136 5246 3367 5305 Καυςία.
3441 5244 3795 5320 Κεγχρίτισι.

2275 5336 2653 5418 Κεκρύφαλον.
2697 5335 3058 5395 Κελαδοῦσιν.
3120 5336 3323 5411 Κεμάς.
3383 5336 3599 5408 Κημός.
3661 5331 3797 5409 Κίρ-

2271 5452 2387 5487 nov.
2444 5428 2660 5503 Κνημοί
2742 5431 2997 5492 Κνῆστίς.
3062 5428 3296 5498 Κνίζων.
3359 5423 3558 5481 Κόλον.
3620 5423 3798 5478 Κόνα-

2274 5516 2393 5583 6ος.
2522 5513 2952 5595 Κορυϐαντείων.
3073 5524 3414 5593 Κωνοφρροι.
3546 5511 3798 5588 Κρανεία.

2274 5614 2596 5691 Κράντορες.
2676 5613 2906 5685 Κρῆναι.
2977 5604 3314 5672 Κυϐελείοις.
3406 5610 3573 5663 Κυκᾶ.
3635 5602 3795 5677 Κύμ-

2272 5698 2436 5762 Εαλα.
2509 5704 2815 5777 Κυνοῦχος.
2879 5698 3195 5757 Κύπελλον.
3257 5691 3616 5773 Λαϐυρινθος.
3685 5700 3803 5750 Λα-
