4126 6420
456 382 612 444 1395

528 515 665 585 πρὸς
700 517 1028 595 Ὀργεῶνας.
1060 536 1112 574 v.
1156 517 1464 593 Οργεῶνας.

532 605 716 678 Ἐντῷ
742 607 873 680 ὑπὲρ
905 607 1156 670 Πύθωνος
1191 607 1548 664 ἀποστασίου.
1599 625 1653 664 ν.
1687 603 2002 680 Κλητῆρες.

538 695 626 752 Ἐν
654 700 733 766 τῷ
763 699 897 772 πρὸς
929 696 1303 773 Στρατοκλέα.
1345 716 1396 753 v.
1439 698 1628 754 Μεῖον.

464 787 747 844 Isidorus.
782 805 837 846 v.
872 788 1167 862 Ἀρχηγὸς.
1192 789 1449 858 Ἰωάννης
1508 787 1758 844 Ἀντιοχ..
1798 787 2116 858 Κατανυγῶ.

604 873 850 947 Σπουδή.

461 967 769 1024 Isocrates.
803 986 858 1024 ν.
894 968 1186 1045 Ἀγωνιᾷν.
1217 967 1496 1045 ³Αγωνίῶ.
1553 964 1895 1041 ἈδεΑφειός.
1941 968 2118 1022 Ἀναι-

606 1057 802 1131 ρεθείς.
861 1060 1433 1132 Ἀπαριθμησὸμενος.
1496 1057 1794 1127 Δύθέντης.
1856 1057 2121 1116 Διάθεσις.

611 1149 1181 1224 Διεσκαριιρησάμεθα.
1257 1145 1765 1220 Ἐπισημαίνεσθαι.
1851 1141 2122 1214 Ἥλινδη-

615 1239 1118 1310 μὲνον.Ἤπειρον.
1180 1238 1472 1312 Θεράπναι.
1534 1237 1753 1298 Κυνός.
1815 1232 2122 1310 Προῦργουο

611 1333 980 1405 Συγγραφεῖς.
1013 1328 1302 1386 Συνέπεσε.
1347 1326 1566 1384 Φαῦλον
1629 1325 1729 1402 εἳρ.
1791 1324 2123 1403 Φιλουργός.

610 1418 832 1480 Λυσίας.

539 1510 629 1566 Ἐν
659 1513 740 1581 τῷ
771 1507 895 1583 περῖ
928 1505 1299 1570 Ἀντιδόσεως.
1325 1527 1378 1564 ν.
1414 1509 1680 1582 Ὀνήτωρ.
1715 1506 2054 1581 Περίστατοι.

539 1598 627 1654 Ἐν
659 1600 738 1667 τῷ
767 1596 1224 1672 Ἀρεοπαγιτικῷ.
1256 1614 1308 1651 ν.
1345 1592 1680 1658 Ἰὶἳπιθέιτους⁸

536 1687 630 1744 Ἐν
655 1690 734 1757 τῷ
762 1683 1111 1762 Ἀρχιδάμῳ.
1146 1704 1200 1741 ν.
1233 1685 1542 1742 Μασσαλία.

541 1776 630 1832 Ἐν
666 1772 964 1849 Βουσίριδι.
999 1793 1050 1831 ν.
1085 1775 1386 1851 Λογισμὸς.
1433 1773 1768 1849 Παρῥησίας.

545 1866 632 1922 Ἐν
661 1869 742 1937 τῷ
772 1865 906 1938 πρὸς
940 1862 1219 1928 Εἶδοθέαν.
1255 1883 1306 1921 v.
1343 1866 1582 1933 Χιάζειν.

541 1955 630 2010 Ἐν
663 1955 741 2026 τῷ
773 1955 894 2029 περὶ
932 1961 1031 2023 τῆς
1065 1953 1298 2029 Εἲρηνη.
1330 1973 1386 2011 v.
1423 1958 1618 2018 Κακῶς
1648 1951 1749 2012 είδ.
1811 1951 1994 2023 Φυλή.
2026 1953 2126 2009 Ἰσ.

548 2045 637 2102 Ἐν
667 2042 895 2114 Ἑλένης
928 2043 1218 2122 ἐγκωμίῳ.
1258 2065 1312 2102 ν.
1346 2047 1612 2109 Διάθεσις.

549 2135 636 2192 Ἐν
667 2139 746 2207 τῷ
778 2136 1190 2207 Παναθηναϊκῷ.
1223 2136 1610 2200 ν.Ἀντίθεσις.
1644 2131 2129 2195 Ἀπολελοιπότις.

544 2226 635 2283 Ἐν
665 2230 746 2298 τῷ
777 2230 1169 2303 Πανηγυρικῷ.
1228 2246 1279 2283 v.
1324 2225 1807 2288 Ἀπολελοιπὸτες.
1840 2225 2129 2298 ³ΑρΧαῖος.

618 2315 1014 2382 Ἐπίσταθμος.
1077 2315 1425 2386 Κληροῦχυι.
1497 2321 1722 2392 Κυρεῖον
1777 2336 1893 2390 στρ.
1951 2321 2130 2391 Παρα-

615 2407 822 2482 γραφή.
855 2405 1233 2478 Παράκλησις.
1270 2406 1551 2463 Πολιτεία.
1624 2408 2059 2480 Ηραττομένους.

545 2494 635 2551 Ἐν
669 2497 1066 2570 παραινὲσεσιν.
1099 2514 1151 2552 v.
1185 2491 1525 2552 Ξυλλαὸεἶν.

547 2586 635 2642 Ἐν
667 2590 1055 2660 τραπεζιτικῷ.
1084 2605 1136 2644 v.
1167 2588 1377 2657 Σκηνή.

549 2675 633 2730 Ἐν
668 2680 750 2748 τῷ
779 2677 915 2730 κατὰ
943 2680 1050 2730 τῶν
1078 2681 1389 2750 Σοφιστῶν.
1422 2695 1474 2733 v.
1524 2679 1985 2754 Μεσεγγυοῦνται.

474 2765 752 2823 Isocratis
783 2766 1135 2839 discipulus,
1168 2767 1520 2823 Androtion.
1556 2785 1606 2822 ν.
1642 2763 1994 2841 Ἀνδροτίων.

477 2856 644 2912 Ister.
674 2873 727 2912 ν.
761 2853 911 2918 Θεός.
973 2861 1107 2933 Σοφ.
1170 2852 1514 2928 Λαμπάδιος.
1563 2855 1920 2931 Τριτὸμηνις.
1982 2855 2128 2933 ῷάρ.

623 2966 818 3018 μακος.

549 3035 636 3090 Ἐν
670 3036 719 3110 γ’
748 3039 857 3090 τῶν
893 3036 1190 3095 Ἀτάκτων.
1224 3055 1274 3092 ν.
1311 3037 1696 3111 Ταυροπὸλαν.

549 3127 636 3182 Ἑν
669 3130 787 3189 τοῖς
819 3126 1112 3189 ’Λττικοῖς,
1146 3145 1200 3182 ν.
1233 3125 1292 3180 Ἀ
1306 3125 1458 3199 μνόν.
1495 3125 1911 3202 Περιστίαρχος.

547 3214 635 3269 Ἐν
660 3215 708 3268 α“
739 3215 1020 3272 Ἀττικῶν.
1053 3233 1106 3271 v.
1140 3212 1419 3273 Τιτανίδα.

547 3304 640 3358 Ἐν
669 3308 784 3365 τοῖς
815 3303 1280 3381 ἐπιγραφομένοις
1312 3303 1618 3368 Μελοποῖς.
1652 3324 1706 3362 v.
1741 3305 1966 3381 Φρύνις.

549 3393 640 3450 Ἐν
681 3397 749 3467 τῇ
782 3397 1080 3470 Συναγωγῇ
1112 3399 1220 3448 τῶν
1253 3391 1540 3450 Ἀτθίδων.
1572 3416 1624 3452 v.
1663 3396 2026 3472 Ἐπενεγκεῖν.

548 3484 636 3541 Ἐν
668 3483 739 3558 ιβ“
766 3490 866 3553 τῆς
894 3490 1244 3559 Συναγωγῆς.
1280 3503 1334 3540 ν.
1365 3481 1701 3556 Ὀμολώϊος.

473 3574 637 3630 Juba.
673 3574 819 3630 Vide
853 3592 1032 3647 supra
1061 3576 1243 3632 Iobas.

472 3663 762 3719 Julianus.
787 3682 841 3719 ν.
874 3661 1164 3720 Ἀπόνοια.
1203 3659 1343 3720 Οὖδέ
1376 3663 1500 3739 γρύ.
1547 3665 1773 3738 Χρῆμα.
1837 3661 2130 3739 Ψυχίδιον.

474 3754 742 3810 Julianus
773 3752 1181 3828 ἐνἙπιστολῇ.
1236 3773 1284 3809 v.
1347 3754 1621 3831 ’Δμφίων.
1681 3752 2003 3825 Ἡρόδοτος.
2064 3765 2129 3815 Λ.

617 3839 954 3902 Μουσώνιος.
996 3843 1138 3897 Καπ.

548 3930 636 3987 Ἑν
663 3935 781 3992 τοῖς
816 3930 1088 4005 Κρονίοις.
1149 3949 1200 3987 V.
1263 3929 1686 4005 Ἐμπεδότιμος.
1749 3931 2064 4005 Ἰουλιανὸς,
2102 3937 2129 3991 ὁ

621 4025 758 4094 Παρ.

473 4111 742 4168 Julianus
774 4111 1190 4184 reprehensus.
1227 4129 1278 4167 ν.
1311 4113 1589 4174 Ἀκαὶιιιος.
1627 4107 1909 4176 Λιϐάνιος.

472 4201 713 4266 Juliani,
745 4203 1062 4275 parabatm,
1099 4203 1353 4275 epistola
1383 4203 1457 4259 ad
1476 4205 1894 4277 Porphyrium,
1929 4207 2001 4264 de
2033 4209 2125 4264 in-

617 4291 910 4363 quirenda
949 4293 1311 4349 bibliotheca
1342 4295 1590 4366 Georgii.
1626 4312 1676 4350 ν.
1723 4294 2052 4366 Ἐπιστολή.

469 4381 761 4450 Julianus,
787 4381 1115 4438 Chaldaeus.
1148 4400 1197 4436 v.
1229 4382 1534 4460 Ἀρνοῦφις.

469 4471 710 4540 Iuliani,
739 4471 1018 4535 rhetoris,
1043 4471 1393 4543 discipulus,
1426 4473 1785 4542 Alexander,
1841 4477 2126 4534 Calilonis

611 4562 670 4616 F.
695 4577 749 4615 ν.
782 4557 1158 4634 Ἀλέξανδρος.

467 4650 678 4714 Julius,
708 4649 1042 4709 Africanus.
1072 4669 1126 4708 ν.
1149 4647 1370 4716 Ἰουδίθ.

470 4739 658 4796 Ixion.

541 4830 631 4884 Ἐν
658 4833 777 4890 ταῖς
805 4829 1038 4900 Λέξεσιν.
1073 4848 1128 4889 v.
1163 4828 1614 4887 Λαισποδιᾶσθαι.

468 5011 746 5084 Lacydes.
781 5027 832 5067 ν.
857 5008 1200 5086 Βασταχθείη
1212 5051 1227 5066 .

469 5103 776 5175 Leagoras.
809 5118 861 5156 ν.
896 5094 1063 5170 Αῗϐη.

465 5190 757 5258 Leonidis,
794 5191 1117 5263 Byzantini,
1151 5192 1490 5249 halieutica.
1526 5211 1575 5248 ν.
1613 5193 1890 5255 Κικίλιος.

464 5279 854 5337 Libanius.v.
899 5276 1168 5353 Ἀκρισία.
1248 5279 1552 5336 Βασκπιίνω.
1630 5283 1878 5338 "Emam.

609 5389 798 5442 ρομαι.

467 5457 682 5514 Livius.
729 5475 780 5513 ν.
817 5455 1194 5520 Λούκουλλος.
1227 5455 1468 5520 Σύλλας.
1501 5464 1827 5534 Κορνοῦτος.

467 5548 814 5620 Logothetes
844 5549 1106 5620 (Simeon
1141 5551 1609 5622 Melaphrastes).

541 5636 627 5690 Ἐν
660 5641 738 5707 τῷ
775 5642 874 5705 τῆς
937 5635 1094 5713 ἁγίας
1159 5636 1370 5707 Θὲκλης
1430 5640 1731 5714 μαρτυρίῳ.
1793 5661 1846 5702 v.
1907 5638 2115 5715 Ἀὄαξι,

612 5725 948 5798 Ἀναίμονες.
981 5727 1392 5804 Ὑπαγορεῦσαι.

1958 5280 2114 5340 Ὀδύ-

1766 381 2014 446 INDEX
2064 375 2574 440 SCRll’TORUM

2142 514 2193 580 A

2163 3253 2212 3319 C

3730 369 3898 432 i396

2297 510 2382 565 'Ev
2435 513 2518 582 τῷ
2573 511 2670 563 τοῦ
2729 506 2889 582 ἁγίου
2959 503 3172 582 Θύρσου
3231 504 3538 583 μαρτυρίῳ.
3597 523 3651 562 v.
3709 506 3897 562 Κατα-

2369 597 2600 669 πέλτης.

2296 690 2386 746 Ἐν
2415 694 2494 760 τῷ
2527 686 2810 763 μαρτυρίῳ
2841 691 2938 741 τοῦ
2971 682 3412 742 Καλλικελάδου.
3472 703 3528 744 ν.
3589 687 3893 758 Ἐξαπάτη.

2301 779 2386 834 Ἐν
2421 783 2499 850 τῷ
2560 787 2843 852 μαρτυριῳ
2899 779 3001 829 τοῦ
3062 775 3221 852 ἁγίου
3278 779 3602 833 Λουκιανοῦ.
3663 793 3716 830 ν.
3776 776 3895 833 No-

2369 866 2532 921 Θεύει.

2300 958 2392 1014 Ἐν
2423 961 2502 1029 τῷ
2533 958 2630 1010 τοῦ
2661 954 2818 1010 ὁσίου
2849 950 3181 1028 Μαρκέλλου
3211 953 3340 1029 βίῳ.
3371 973 3426 1011 ν.
3457 951 3705 1011 Ἀλκαία.

2231 1048 2315 1104 Ad
2347 1048 2506 1103 hunc
2540 1047 2900 1120 Logotheten
2935 1046 3113 1101 etiam
3143 1045 3458 1102 referenda
3486 1045 3691 1102 forsan
3725 1049 3901 1110 sunt,

2373 1155 2505 1209 quae
2537 1136 2717 1192 habet
2747 1135 2978 1191 Suidas.
3012 1152 3067 1191 γ.
3112 1134 3220 1190 Ἀν’
3252 1135 3478 1212 ἀμφοῖν.

2232 1227 2550 1300 Longinus.
2582 1242 2634 1281 v.
2669 1222 3027 1296 Αἷωνοάριος.
3065 1222 3423 1295 Ἰανουάριος.
3460 1221 3744 1298 Φρόντων.

2232 1317 2546 1373 Luciauus.
2607 1332 2660 1371 ν.
2719 1312 3052 1386 Ἐπιτίμιον.
3114 1310 3414 1376 Κολυτεύς.
3468 1313 3761 1382 Ματάζων.
3830 1309 3904 1370 Τί

2373 1404 2553 1459 κοινὸν
2585 1425 2638 1458 κ.

2301 1492 2510 1555 Μυσίας
2544 1492 2828 1568 ἐγκωμίῳ.
2862 1509 2915 1549 ν.
2953 1490 3272 1569 Ἐλέφαντα.

2305 1584 2544 1657 Τίμωνι.
2579 1602 2630 1640 ν.
2665 1577 3054 1658 Παιδοτρίόας.

2235 1677 2448 1748 Lycon.
2483 1692 2536 1730 ν.
2575 1673 2946 1748 Ἐπίχαρμος.

2239 1766 2608 1838 Lycophron.
2638 1782 2692 1820 ν.
2725 1765 3041 1820 Ἐκπωκιῶ.
3069 1759 3276 1819 Νέδων.
3303 1763 3570 1838 Νηρίτης.
3601 1762 3911 1830 Τευτάζειν.

2380 1854 2616 1931 Τόργος.
2651 1849 3068 1925 Φλυδούμενος.
3103 1845 3376 1914 Χάλυϐες.

2241 1950 2559 2022 Lycurgus,
2594 1948 3098 2005 Lacedaemonius.
3133 1964 3183 2006 v.
3217 1946 3795 2021 Ἀπογαρτερήσαντα.

2241 2048 2563 2120 Lycurgus,
2598 2053 2818 2105 orator.
2851 2065 2906 2103 ν.
2941 2045 3256 2122 Ἀγραφίου.
3289 2044 3614 2114 Δηλιασταί.
3660 2051 3912 2117 Δοκιμα-

2385 2135 2546 2199 σθείς.
2607 2134 2780 2210 Αἷγίς.
2829 2130 3255 2207 Ἑκατόμπεδος.
3311 2134 3576 2208 Ἐσχάρα.
3623 2130 3913 2206 Κτηματίο

2385 2244 2506 2295 την.
2611 2225 2847 2298 Νεώρια.
2953 2221 3331 2297 Παράκλησις.
3454 2221 3910 2303 Τραπεζοφόρος.

2390 2311 2749 2372 Χιλιωθὲντα.
2783 2309 3003 2382 Ψευδής
3025 2311 3146 2390 ἐγγ.

2315 2405 2404 2460 Ἐν
2435 2407 2512 2474 τῷ
2541 2403 2678 2458 κατᾶ
2711 2403 3191 2478 Ἀριστογείτονος.
3223 2421 3277 2459 ν.
3313 2403 3614 2477 Μητρῷον.

2315 2494 2400 2547 Ἐν
2427 2498 2506 2566 τῷ
2538 2493 2653 2547 κατ’
2691 2490 3059 2553 Αὐτοκλέους.
3093 2509 3145 2548 v.
3181 2485 3538 2562 Μηλόϐοτος.

2319 2583 2408 2640 Ἐν
2465 2587 2544 2655 ειῷ
2601 2581 2726 2656 περὶ
2795 2584 3153 2651 Διοικήσεως.
3211 2599 3265 2638 v.
3316 2580 3651 2656 Ἐπικράτης
3722 2581 3880 2650 Ἀθην

2390 2673 2622 2747 Ὀχεῖιν.
2656 2672 2895 2747 Σείριον.

2317 2764 2405 2820 Ἐν
2459 2766 2539 2834 τῷ
2591 2761 2714 2838 περί
2769 2767 2874 2830 τῆς
2926 2759 3164 2836 Ἱερείας,
3220 2778 3272 2817 v.
3335 2759 3502 2830 Νίκη.
3577 2757 3902 2834 Προτιλιια.

2388 2853 2887 2925 Συσσημαίνεσθαι.

2316 2946 2404 3002 Ἐν
2438 2949 2516 3017 τῷ
2548 2942 2674 3019 περὶ
2705 2949 2806 3012 τῆς
2833 2941 3176 3018 Ἱερωσύνης.
3205 2959 3256 2998 ν.
3292 2942 3769 3018 Προχαρισττςρια.

2313 3037 2406 3091 Ἐν
2439 3037 2519 3105 τῷ
2549 3031 2686 3087 κατὰ
2719 3032 3100 3107 Λυκόφρονος.
3141 3027 3533 3104 ν.Ἐμποδών.
3568 3031 3900 3108 Μοχθηρία.

2385 3126 2478 3193 ἡκ.
2512 3123 2773 3196 Ὀρκάνη.

2331 3216 2416 3270 Ἐν
2447 3219 2528 3284 τῷ
2559 3211 2682 3285 περὶ
2713 3215 3019 3268 Μαντειῶν.
3053 3229 3107 3269 v.
3142 3211 3357 3285 Καυχᾷ.

2327 3305 2413 3361 Ἐν
2446 3306 2526 3374 τῷ
2556 3301 2692 3356 κατὰ
2723 3300 3136 3375 Μενεσαίχμου.
3196 3319 3248 3357 ν.
3282 3298 3643 3374 ΙΙροηροσίαι.
3679 3300 3910 3374 Προκώ-

2389 3413 2495 3451 νια.
2521 3394 2864 3465 Πυανεψιῶν.

2316 3485 2401 3541 Ἑν
2434 3489 2514 3556 τῷ
2542 3483 2678 3538 κατὰ
2708 3483 3110 3557 Τιμοκράτους.
3145 3499 3195 3537 v.
3257 3481 3719 3554 Πεπορπημὲνος.
3770 3482 3911 3554 (Sed

2386 3575 2468 3630 ibi
2500 3575 2818 3648 legendum
2850 3580 2959 3638 est,
2990 3572 3127 3627 κατά
3157 3571 3560 3646 Λεωκράτους.)

2243 3667 2450 3739 Lycus,
2487 3667 2814 3738 Neapolim.
2849 3682 2902 3722 ν.
2930 3664 3114 3724 ﬁdem.

2241 3757 2449 3828 Lycus,
2483 3757 2804 3828 Rheginus.
2833 3772 2882 3809 ν.
2911 3756 3160 3826 Λάρινοι.

2239 3854 2460 3926 Lysias.
2488 3871 2538 3910 ν.
2571 3848 2998 3923 Ἀδοκῖμαστος.
3061 3857 3345 3927 ”Αερκτον.
3426 3852 3684 3924 Ἀκμάζει
3746 3849 3911 3906 Ἀνὰο

2381 3943 2588 4017 γεσθαι.
2623 3941 2844 4012 Ἀξιῶν.
2898 3942 3094 4011 Ἀξιοῖ.
3159 3943 3448 4017 Ἀπήχεια.
3510 3941 3898 4010 Ἀποκρίθητι.

2380 4030 2724 4105 Απολαχεῖν.
2851 4031 3365 4108 Ἀποπεφασμένον.
3471 4032 3529 4086 Ἀ
3539 4031 3721 4107 ργυρώ
3731 4050 3898 4103 ματα.

2381 4117 3050 4195 Ἀρκτεὺσαι.Λύθὲντης.
3113 4118 3317 4176 Αὐλεία
3375 4131 3425 4184 θ.
3485 4120 3734 4196 Ἀφανές.
3796 4127 3906 4176 Δα-

2383 4213 2590 4271 τεῖσθα.
2625 4206 2780 4263 Δέγα.
2842 4211 3173 4282 Δερμιστής.
3208 4206 3485 4273 Διαδόσεις
3523 4209 3746 4284 Διῆρξα.
3807 4217 3902 4264 Δι-

2379 4298 2658 4361 καιώσεις.
2692 4296 3039 4363 Αἲόἐσασθαι.
3093 4301 3371 4375 Ἔγγειον.
3433 4297 3902 4368 Ἐκωδωνίζοντο.

2382 4385 2748 4446 Ελεοκὸπους.
2786 4381 3250 4457 Ἐμπεδοκλέους.
3302 4388 3699 4460 Ἐπεσκτςψατο.
3735 4387 3904 4441 Ἐπι-

2382 4484 2592 4542 οέτους.
2627 4478 3501 4553 Ἐπιορκήσαντα.Ἐπίμεμπτον.
3535 4479 3903 4552 Ἐπιτρέπειν.

2377 4566 2622 4623 Ἡλικία.
2658 4567 3024 4640 Θεμιστεύειν.
3077 4566 3365 4638 Θηλάζειν.
3408 4569 3672 4632 Κάθετος.
3708 4568 3906 4624 Κακώ-

2377 4678 2532 4718 σεως.
2618 4657 2900 4732 Καρκίνος.
2993 4657 3345 4720 Κατάστασις.
3407 4659 3556 4720 Κίος.
3634 4656 3903 4734 Λαγίσκα.

2375 4747 2554 4816 Λευκή
2597 4747 2760 4816 ἀκτή.
2798 4745 3208 4822 Μεταπῦργιον.
3273 4747 3498 4824 Μορίαι.
3560 4745 3717 4809 Ναῒς.
3778 4748 3902 4804 Νο-

2379 4836 2516 4901 θεία.
2545 4831 2960 4894 Ὀϐολοστατεῖ.
2995 4838 3150 4901 Οἴος.
3179 4838 3297 4892 ἀντὶ
3340 4859 3392 4895 τ.
3449 4839 3586 4900 Οἷος
3647 4839 3713 4895 εἰ.
3778 4838 3906 4912 Ὀρ-

2371 4928 2534 5000 γεῶν.
2622 4924 2800 4981 Οὐσία
2875 4925 3098 5002 φανερά.
3197 4927 3903 5004 Παραφρυκτωρευόμενος.

2372 5010 2593 5070 Πεδίκα.
2648 5016 3116 5091 Περιφοριῶσθαι.
3181 5017 3561 5094 Ηεφασμὲνος.
3625 5015 3901 5087 Πλειστη-

2289 5119 2292 5121 ‘
2373 5103 2584 5173 ριάσπις.
2650 5100 3040 5173 Ηλημμελεῖν.
3107 5101 3415 5159 Πλινθεῖον.
3478 5105 3611 5159 lida.
3706 5104 3898 5160 Ηολᾶ-

2371 5209 2621 5264 στρατος.
2675 5187 2936 5247 ΙΙυελίδα.
2983 5191 3181 5261 Σηκός.
3247 5192 3507 5265 Τίμημα.
3566 5191 3895 5269 Ὑπόλογον.

2370 5278 2670 5353 Φάρμακος
2731 5279 2922 5343 Φάσις.
2985 5279 3337 5338 Φασκώλιον.
3407 5283 3676 5356 Φρυκτὸς.
3736 5287 3904 5358 Χρη-

2374 5374 2660 5442 ματιστής.
2689 5371 2808 5445 Χρη
2821 5370 3024 5441 μάτων.

2300 5461 2388 5516 Ἐν
2421 5462 2501 5529 τῷ
2531 5458 2666 5534 πρὸς
2699 5452 3076 5529 Ἀλκιϐιάδην.
3111 5478 3164 5515 v.
3198 5459 3515 5526 Αίσθὲσθαι.

2301 5552 2386 5608 Ἐν
2409 5554 2487 5621 τῷ
2517 5549 2654 5626 πρὸς
2688 5543 2995 5605 Ἀλκίϐιον.
3029 5569 3082 5608 ν.
3119 5550 3384 5610 [Ιαλαιόν.

2299 5641 2384 5696 Ἐν
2417 5643 2496 5712 τῷ
2526 5639 2662 5695 κατὰ
2691 5635 3005 5696 Ἀνδοκίδου
3033 5634 3299 5704 ἀσεϐείας.
3332 5661 3386 5700 v.
3416 5643 3700 5719 Ῥόπτρον.

2300 5733 2384 5786 Ἐν
2408 5732 2476 5804 τῇ
2510 5731 2643 5806 πρὸς
2671 5723 2970 5808 Ἀσύϐαρον
3006 5731 3332 5807 Ἐπιστολῇ.
3361 5752 3412 5792 v.
3445 5733 3717 5808 Πώμαλα.
