4090 6164
1788 805 2467 939 ELENCHUS

917 1100 1300 1177 OPEBUM
1349 1102 1566 1187 ρυλε
1611 1103 1697 1177 ΙΝ
1749 1104 1936 1178 HOC
1993 1103 2259 1179 TOMO
2305 1104 2549 1178 CXVII
2598 1103 3312 1183 CONTINENTUB.

1812 1356 2443 1387 ψ

1117 1641 1455 1707 ΗΑΥΜΟ
1514 1642 2484 1710 HALBERSTATENSIS
2546 1642 3135 1710 EPISCOPUS,

1497 1797 1782 1879 (Operam
1823 1797 2037 1877 prima;
2073 1798 2274 1877 partis
2314 1797 2749 1872 continuatio.)

794 1938 1100 2004 Enarratio
1132 1941 1192 2002 in
1221 1939 1529 2005 duodecim
1558 1941 1876 2020 prophetas
1917 1941 2178 2006 minores
2233 1990 2248 2004 .
2313 1985 2329 2001 .
2391 1988 2410 2006 .
2473 1988 2491 2006 .
2556 1991 2569 2004 .
2633 1988 2652 2005 .
2717 1988 2732 2002 .
2794 1987 2807 2001 .
2875 1989 2888 2003 .
2955 1990 2968 2002 .
3032 1989 3047 2004 .
3111 1991 3128 2007 .
3191 1990 3207 2006 .
3270 1989 3287 2008 .
3350 1988 3368 2005 .
3463 1943 3592 2008 Col.
3725 1946 3762 2007 9

914 2081 990 2093 —
1148 2046 3377 2113 inCanticacanticorum...................
3641 2050 3762 2114 295

912 2187 986 2198 —
1151 2155 1211 2213 in
1241 2151 1310 2214 D.
1340 2153 1505 2215 Pauli
1547 2153 1868 2231 Epistolas.
1930 2199 1949 2216 .
2013 2203 2026 2215 .
2092 2203 2106 2216 .
2173 2200 2189 2217 .
2256 2207 2267 2218 .
2334 2207 2346 2219 .
2410 2201 2426 2217 .
2492 2202 2506 2216 .

905 2291 984 2302 —
1143 2257 1205 2319 in
1243 2257 1682 2340 Apocalypsin.
1744 2305 1760 2321 .
1826 2307 1837 2319 .
1904 2305 1918 2319 .
1985 2307 1997 2320 .
2064 2305 2080 2320 .
2146 2308 2158 2321 .
2220 2305 2234 2319 .
2303 2309 2314 2321 .
2379 2306 2397 2323 .
2458 2308 2473 2323 .

1693 2505 2522 2541 ψ*

1910 2758 2305 2823 MONITUM.

487 2961 496 2970 ο
533 2919 1036 3003 Nonnullorumin
1046 2923 1164 2980 star
1182 2917 1356 3003 medii
1377 2917 1486 2980 :evi
1502 2923 1829 3003 auctorum,
1851 2926 2051 2982 noster
2065 2920 2310 3003 H_a_ym_o,
2331 2917 2522 3003 gitans
2543 2918 2901 3003 Scripturas,
2928 2935 3137 2984 versus
3154 2920 3364 2984 leviter
3382 2921 3747 3003 immutatos,

453 3000 574 3064 imo
593 3001 902 3080 aliquoties
921 2999 1297 3081 obtruncatos
1326 2999 1396 3081 in,
1419 2999 1672 3081 medium
1695 2999 2033 3081 frequenter
2050 2999 2304 3081 adducit.
2331 2997 2450 3062 Res
2470 2999 2548 3062 ita
2571 3001 2783 3076 evenit,
2812 3001 2956 3076 sive,
2982 3003 3319 3064 memoriter
3329 3009 3385 3064 et
3398 3001 3605 3081 Bibliis
3619 2997 3747 3081 prol

452 3082 547 3144 cul
567 3082 640 3143 ab
661 3079 866 3153 oculis,
892 3081 1104 3158 saepius
1127 3079 1448 3156 scripserit;
1477 3080 1600 3142 sive
1621 3096 1696 3141 ex
1716 3080 1957 3142 Hebraeo
1989 3086 2083 3142 vel
2113 3079 2314 3143 Graeco
2335 3088 2499 3143 textu
2519 3081 2702 3143 libros
2724 3096 2923 3144 sacros
2958 3082 3376 3160 interpretatus
3397 3080 3594 3156 fuerit;
3620 3079 3746 3146 sive

453 3161 694 3224 tandem
716 3175 923 3223 versus
943 3176 1082 3222 suos
1103 3161 1362 3224 hauserit
1385 3177 1459 3223 ex
1480 3161 1662 3222 veteri
1683 3162 1950 3223 versione
1971 3159 2142 3223 nobis
2163 3162 2476 3240 incognita.
2522 3160 2818 3239 Quidquid
2858 3163 2954 3237 sit,
2980 3161 3052 3224 de
3072 3177 3235 3224 more
3275 3169 3497 3237 nostro,
3528 3162 3745 3240 scripta

453 3240 792 3322 Haymonis,
821 3241 972 3304 sicut
992 3251 1355 3313 caeterorum,
1381 3241 1966 3322 integrareverenter
1988 3243 2377 3322 servavimus,
2405 3244 2872 3321 quotiescunque
2893 3258 3106 3306 sensus
3126 3242 3437 3304 manifeste
3458 3257 3745 3305 erroneus

455 3320 571 3386 non
597 3323 766 3385 nobis
786 3323 1074 3401 apparuit.
1103 3322 1282 3384 Porro
1303 3321 1590 3383 Monitum
1609 3320 1764 3384 istud
1789 3321 1956 3401 plane
1978 3321 2225 3385 sufﬁciet
2247 3337 2321 3384 ne
2342 3323 2726 3386 conturbetur
2766 3320 3023 3388 attentus
3060 3329 3118 3386 et
3156 3323 3493 3401 intelligens
3533 3323 3738 3397 lector,

453 3403 688 3482 quando
707 3403 927 3492 aliquid
946 3402 1298 3492 discriminis
1317 3401 1608 3492 in_nostra
1631 3401 1883 3492 editione
1900 3419 2034 3467 cum
2071 3402 2325 3483 Vulgata
2362 3403 2670 3484 percipiet.
2711 3403 3069 3470 Praecedenti
3105 3401 3383 3468 volumini
3421 3415 3649 3466 necnon
3687 3407 3744 3465 et

453 3483 731 3562 praesenti
753 3483 1144 3564 sequentique
1171 3484 1360 3549 valeat
1379 3483 1504 3549 haec
1523 3483 1788 3556 monitio.
