4062 6168
302 240 368 296 13
1319 245 1739 341 ENARRaTIO
1781 252 1861 345 IN
1900 250 2081 325 QSEE
2119 246 2580 303 PROPHETAM.
3520 240 3588 296 14

308 366 376 419 ad
408 367 786 421 venditionem
818 369 906 422 sui
930 370 1049 439 agri
1071 371 1221 425 exire
1241 374 1439 443 potuit,
1466 378 1559 430 sed
1584 395 1649 431 eo
1668 397 1906 451 pergens
1926 382 1975 439 Α
1994 379 2109 431 rael
2140 377 2296 430 fusus
2326 372 2538 428 visitari
2567 372 2792 434 dicitur,
2819 372 3040 426 Judaeos
3069 370 3367 440 signiﬁcat,
3405 387 3439 424 a
3470 369 3587 440 qui-

309 456 473 526 quasi
503 454 757 526 proditor
785 463 844 511 et
884 458 1104 513 delator
1144 478 1371 516 suorum
1405 465 1629 531 civium,
1668 466 1738 521 ab
1770 469 1929 540 ipsis
1989 466 2096 520 bus
2110 465 2339 534 sanguis
2359 462 2565 517 Christi
2587 462 2747 515 fusus
2768 466 2871 526 est,
2890 476 3056 530 quem
3079 459 3306 512 nomine
3323 457 3587 527 Jezraelis

308 544 510 614 captus
545 550 605 598 et
639 545 849 615 ligatus
876 552 1045 617 atque
1074 548 1132 603 in
1163 566 1440 606 carcerem
1472 553 1774 611 collocatus
1803 563 1905 628 est,
1993 552 2406 626 praelibavimus
2420 549 2902 618 designari.cujus
2916 548 3149 617 sanguis
3166 563 3336 617 super
3348 563 3444 600 eos
3461 545 3590 599 visi-

311 632 670 703 maximeque
703 646 828 686 cum
864 634 983 704 jam
1032 637 1103 695 ab
1149 638 1403 696 hostibus
1438 642 1786 699 Hierusalem
1812 644 1912 699 ob-
1996 646 2149 697 tatus
2180 648 2283 704 est,
2317 639 2542 710 quando
2564 654 2597 691 ει
2616 637 2885 691 Romanis
2904 636 3070 690 occisi
3096 641 3153 689 et
3174 636 3232 689 in
3260 651 3455 689 omnes
3483 639 3595 690 ter—

311 736 469 774 sessa
495 726 554 773 et
580 720 835 791 ‘undique
882 722 1086 777 vallata
1131 732 1272 779 erat.
1309 726 1593 790 Quantum
1625 737 1814 786 autem
1845 732 1914 786 ad

312 809 565 862 litteram
634 806 897 878 pertinet,
946 827 1088 865 uxor
1142 812 1572 872 fornicationum
1630 826 1741 888 est;
1795 838 1917 892 quae

315 898 647 955 multorum
657 904 816 967 patet
844 898 1063 953 libidini
1091 902 1365 967 adultam,
1392 921 1515 975 quae
1544 923 1714 978 super
1735 909 1917 984 virum
1968 904 1973 909 ’

314 1002 485 1040 suum
534 986 750 1039 inducit
801 987 1067 1047 alienum.
1124 988 1251 1044 Filii
1297 1000 1425 1046 vero
1486 992 1918 1050 fornicationum

315 1079 470 1135 sunt,
494 1074 590 1145 qui
610 1074 680 1128 de
707 1075 809 1129 tali
840 1072 1099 1147 ronjugio
1132 1072 1460 1135 nascuntur.

392 1182 421 1214 ί
454 1164 526 1217 Et
551 1162 793 1227 abiit,‘et
829 1166 1046 1235 accepit
1081 1168 1290 1229 Gomer
1316 1160 1490 1225 ﬁliam
1522 1171 1830 1239 Debelaim,
1865 1178 1921 1227 et

315 1252 575 1323 concepit
601 1258 659 1307 et
702 1252 924 1324 peperit
958 1249 1160 1309 ﬁlium.
1199 1276 1222 1307 ι
1257 1257 1399 1321 Quia
1442 1261 1558 1315 hzec
1604 1263 1810 1323 omnia,
1858 1266 1924 1315 ut

316 1339 584 1411 superius
610 1341 821 1395 dictum
853 1348 955 1404 est,
999 1343 1371 1413 spiritualiter
1411 1354 1542 1403 sunt
1577 1351 1919 1420 accipienda,

318 1431 488 1490 Osee,
523 1430 617 1501 qui
645 1433 890 1495 salvator
931 1431 1354 1503 interpretatur,
1401 1435 1701 1493 Dominum
1732 1440 1921 1493 Jesum

320 1520 610 1575 Christum
648 1520 945 1591 signiﬁcat.
981 1522 1087 1585 Qui
1117 1516 1345 1577 veniens
1386 1542 1486 1595 per
1517 1524 1923 1582 Incarnationis

321 1609 679 1680 mysterium,
699 1610 915 1680 accepit
943 1627 1170 1665 uxorem
1195 1604 1661 1679 fornicationum,
1682 1616 1920 1685 plebem,

1998 748 2090 785 ras
2138 729 2382 794 abducti,
2417 743 2596 797 usque
2641 726 2807 779 hodie
2854 741 2889 778 a
2931 725 3158 796 propria
3204 726 3359 778 terra
3403 723 3594 779 exules

2000 820 2267 875 existunt.
2317 837 2339 868 ι
2392 817 2460 870 Et
2516 815 2803 885 quiescere
2853 814 3053 867 iaciam
3105 829 3341 883 regnum
3395 811 3597 867 domus

2000 908 2197 971 Israel,
2226 912 2282 961 et
2312 906 2367 959 in
2396 906 2494 958 illa
2521 900 2611 957 die
2632 910 2917 957 conteram
2948 916 3138 956 arcum
3168 901 3342 955 Israel
3366 902 3424 954 in
3453 899 3598 955 valle

2001 997 2232 1052 Jezrael.
2270 1014 2295 1047 »
2329 995 2513 1064 Supra
2556 993 2799 1047 diximus
2844 992 3057 1046 Jezrael
3103 991 3383 1045 civitatem
3424 988 3598 1045 fuisse

2002 1083 2359 1156 metropolim
2393 1083 2583 1135 decem
2614 1081 2885 1143 tribuum‘,
2910 1080 3070 1149 juxta
3099 1095 3266 1149 quam
3316 1083 3404 1132 est
3439 1077 3600 1135 vallis

2002 1175 2188 1229 nimia:
2209 1172 2485 1226 vastitatis
2508 1189 2520 1237 ;
2554 1187 2676 1240 quae
2706 1170 2830 1240 plus
2851 1185 3017 1238 quam
3042 1168 3233 1222 decem
3255 1167 3496 1221 millium
3517 1167 3604 1223 di—

2004 1262 2286 1317 stenditur
2315 1260 2607 1332 passibus;
2640 1258 2713 1311 in‘
2731 1258 2836 1310 hac
2872 1257 3171 1310 commisso
3198 1255 3503 1310 certamine
3530 1254 3601 1307 ab

2004 1344 2250 1422 Assyriis
2281 1366 2455 1407 caesus
2502 1354 2586 1402 est
2634 1347 2807 1401 Israel
2836 1346 3028 1399 decem
3056 1346 3328 1409 tribuum,
3359 1359 3603 1414 quorum

2005 1428 2275 1494 fortitudo
2303 1439 2392 1492 hic
2420 1437 2648 1491 nomine
2679 1452 2842 1489 arcus
2869 1434 3398 1505 exprimitur..luxta
3415 1432 3607 1503 mysti:

2008 1546 2101 1583 cos
2116 1531 2245 1583 vero
2266 1543 2481 1582 sensus.
2509 1522 2706 1579 omnes
2727 1522 2821 1594 qui
2843 1523 2911 1577 de
2935 1523 3158 1578 Christo
3175 1522 3319 1576 male
3331 1520 3603 1593 sentiunt,

2009 1618 2156 1671 sicut
2188 1615 2453 1678 haeretici,
2481 1615 2577 1685 qui
2612 1613 2936 1667 recedentes
2955 1628 2990 1665 a
3017 1612 3184 1665 domo
3215 1610 3408 1676 David,
3435 1610 3494 1675 id
3522 1614 3611 1669 est

562 1696 879 1790 JudaiCam,
908 1697 1008 1790 qui
1033 1700 1211 1754 Deum
1243 1718 1416 1755 unum
1438 1692 1506 1757 et
1533 1712 1725 1757 verum
1759 1707 1924 1759 relin-
1944 1731 1991 1790 Β
2010 1706 2079 1760 ab
2101 1706 2366 1769 Ecclesia,
2384 1703 2608 1759 lsraelis
2623 1702 2921 1757 nominein
2935 1703 3039 1754 hoc
3054 1702 3171 1754 loco
3187 1699 3606 1769 intelliguntur.

324 1786 570 1857 quando,
597 1785 756 1853 varia
782 1784 1098 1842 daemonum
1135 1795 1395 1860 portenta
1424 1792 1816 1848 venerabatur.
1850 1794 1925 1848 Ex
1950 1784 1989 1824 π
2009 1796 2073 1849 In
2104 1795 2242 1848 valle
2270 1793 2505 1850 Jezrael.
2536 1793 2591 1846 id
2623 1798 2710 1846 est
2748 1792 2806 1845 in
2854 1789 3172 1845 humilitate
3217 1788 3448 1847 seminis
3484 1788 3608 1855 Dei,

327 1891 439 1946 qua
457 1875 657 1944 genuit
674 1876 819 1929 ﬁlios
838 1876 1287 1943 fornicationum,
1312 1880 1444 1950 quia
1464 1897 1659 1935 omnes
1683 1880 1929 1936 ostendit

327 1965 455 2017 ease
498 1962 604 2029 sub
634 1960 884 2033 peccato.
917 1966 1078 2019 Unde
1121 1966 1263 2021 bene
1312 1959 1454 2021 uxor
1493 1968 1928 2023 fornicationum

329 2053 539 2106 Gomer
561 2052 788 2117 dicitur,
821 2054 969 2124 quod
1012 2068 1214 2109 nomen
1243 2055 1652 2126 interpretatur
1668 2061 1925 2126 perfecta,

329 2141 444 2194 sive
473 2147 816 2209 comumpta.
840 2142 899 2195 in
932 2143 1077 2196 malo
1106 2143 1365 2199 videlicet
1388 2162 1577 2217 Opere,
1611 2148 1759 2217 quod
1789 2147 1931 2202 nulli

327 2228 562 2282 dubium
591 2234 679 2295 est
704 2229 775 2282 ad
804 2231 1060 2291 eamdem
1104 2232 1321 2302 plebem
1357 2236 1640 2305 pertinere
1672 2223 1932 2307 {Ideoque

327 2318 502 2372 etiam
524 2319 960 2387 rongruetiliam
982 2320 1268 2375 Debelaim
1291 2338 1412 2377 esse
1442 2324 1785 2394 perhibetur,
1809 2341 1932 2395 qua;

329 2411 586 2475 echptas
612 2406 1041 2477 interpretatur,
1091 2426 1213 2480 quae
1262 2427 1487 2482 semper
1525 2429 1683 2466 suam
1714 2414 1934 2467 studuit

328 2493 491 2567 sequi
527 2492 893 2565 voluptatem.
927 2497 1061 2561 Quae
1089 2490 1295 2568 genuit
1328 2500 1528 2555 filium.
1576 2502 1679 2555 hoc
1713 2508 1799 2575 est
1827 2503 1937 2556 for-

326 2592 446 2639 tem
480 2585 747 2655 populum
780 2585 838 2639 in
866 2587 1095 2641 malum.
1127 2587 1184 2641 Si
1206 2604 1334 2641 vero
1364 2589 1466 2643 hoc
1493 2590 1661 2644 altius
1684 2608 1937 2661 perscru-

330 2674 446 2726 tari
475 2671 742 2737 volentes,
779 2673 839 2726 in
866 2673 1068 2728 bonam
1118 2683 1334 2746 partem
1369 2678 1711 2733 voluerimus
1758 2680 1935 2734 inter-

327 2761 568 2832 pretari,
597 2762 747 2815 ﬁlius
777 2778 842 2816 ex
871 2770 1040 2833 gente
1069 2765 1377 2820 Israelitica
1407 2773 1573 2821 natus
1600 2767 1937 2839 intelligitur

328 2849 609 2904 Dominus
634 2850 799 2903 .lesus
830 2852 1103 2919 Christus,
1128 2854 1394 2924 quoniam
1418 2855 1512 2925 qui
1543 2855 1649 2909 sibi
1680 2856 1936 2910 eamdem

329 2938 560 3010 plebem
605 2938 975 3008 conjunxerat
1021 2957 1122 3011 per
1167 2943 1538 3007 divinitatem,
1572 2944 1723 2998 nasci
1762 2946 1937 3000 voluit

2009 1889 2397 1940 conteruntur.
2432 1882 2564 1952 quia
2595 1899 2621 1931 «
2656 1882 2823 1934 Pater
2853 1896 2965 1933 non
2998 1879 3218 1948 judicat
3243 1892 3610 1948 quamquam,

2013 1973 2109 2026 sed
2141 1988 2305 2025 omne
2329 1970 2605 2041 judicium
2632 1970 2789 2023 dedit
2811 1968 2971 2021 Filio.
3008 1986 3033 2018 »

2087 2080 2109 2111 ι
2145 2061 2213 2114 Et
2234 2059 2490 2129 concepit
2518 2058 2719 2121 adhuc,
2742 2062 2802 2110 et
2820 2056 3039 2126 peperit
3061 2056 3257 2119 ﬁliam,
3281 2058 3341 2109 et
3356 2052 3496 2123 dixit
3514 2053 3569 2110 ei
3594 2072 3607 2107 :

2010 2153 2161 2206 Voca
2182 2167 2388 2204 nomen
2409 2152 2531 2220 ejus
2556 2149 2766 2219 absque
2788 2146 3189 2208 misericordia,
3214 2146 3348 2217 quia
3374 2161 3487 2199 non
3516 2145 3614 2199 ad-

2014 2241 2144 2295 dam
2160 2241 2307 2294 ultra
2331 2238 2771 2293 misericordiam
2793 2237 2985 2290 domui
3008 2236 3199 2296 Israel,
3219 2233 3315 2289 sed
3337 2234 3615 2289 oblivione

2015 2316 2312 2385 obliviscar
2330 2344 2547 2392 eorum,
2580 2331 2636 2379 et
2664 2324 2973 2381 miserebor
3000 2324 3190 2381 domui
3218 2324 3383 2387 Juda,
3415 2329 3472 2389 et
3509 2323 3617 2393 sal-

2015 2418 2154 2472 vabo
2176 2434 2271 2471 eos
2303 2416 2359 2470 in
2401 2415 2640 2470 Domino
2663 2415 2775 2468 Deo
2813 2430 2936 2480 suo,
2967 2419 3026 2467 et
3053 2429 3166 2466 non
3187 2412 3411 2466 salvabo
3437 2427 3532 2468 eos
3555 2412 3615 2466 in

2016 2522 2151 2560 arcu
2174 2512 2231 2560 et
2249 2505 2457 2576 gladio,
2478 2509 2534 2557 et
2552 2504 2610 2557 in
2629 2503 2774 2557 bello
2796 2508 2852 2557 et
2872 2503 2928 2556 in
2945 2502 3105 2572 equis
3124 2507 3183 2555 et
3198 2502 3256 2555 in
3272 2501 3612 2572 equitibus.)

2017 2595 2219 2649 Ablata
2257 2594 2411 2648 omni
2442 2593 2770 2648 fortitudine
2798 2609 2832 2645 a
2857 2591 3085 2651 Iudaeis.
3112 2606 3469 2661 nequaquam
3496 2591 3617 2660 jam

2018 2684 2329 2737 masculino
2360 2699 2493 2736 sexu
2528 2686 2947 2752 nuncupantur,
2983 2681 3078 2734 sed
3110 2679 3413 2746 feminino;
3455 2679 3620 2750 quasi

2017 2773 2244 2842 fragiles
2271 2777 2328 2825 et
2357 2771 2681 2826 imbecilles.
2714 2770 2874 2824 Unde
2915 2774 2972 2823 et
3019 2768 3158 2823 bene
3188 2768 3302 2821 tilia
3332 2784 3620 2839 nuncupa-

2017 2865 2113 2914 tur
2142 2860 2338 2913 eadem
2370 2858 2546 2929 plebs,
2593 2858 2722 2928 quia
2766 2857 3071 2910 femineum
3100 2856 3298 2909 habuit
3321 2856 3615 2923 animum;

2020 2949 2244 3019 quando
2269 2949 2444 3002 Deum
2477 2946 2811 3016 dereliquit;
2844 2950 2899 2998 et
2928 2961 3028 3015 pro
3057 2944 3172 3007 Deo
3195 2944 3346 2997 idola
3368 2960 3511 2998 vana
3529 2960 3622 2999 co-

330 3044 403 3081 ex
436 3043 504 3081 ea
529 3044 629 3097 per
659 3001 1091 3091 humanitatem.
1131 3031 1235 3084 Cui
1265 3031 1453 3085 sensui
1484 3034 1743 3101 congruit
1768 3033 1936 3088 inter-
1955 3001 1998 3061 ϐ
2022 3001 2136 3092 lere
2156 3037 2342 3107 cmpit.
2371 3038 2504 3100 Quae
2530 3001 2713 3106 abqu‘e
2751 3001 3132 3088 misericordia
3159 3038 3246 3087 est
3271 3040 3328 3087 et
3355 3032 3621 3087 oblivioni

331 3116 580 3189 pretatio
602 3117 867 3183 nominis,
892 3134 1001 3188 quo
1032 3114 1182 3173 idem
1206 3121 1389 3173 vocari
1420 3122 1741 3193 praecipitur
1765 3123 1933 3191 ﬁlius,

330 3221 470 3259 nam
519 3205 735 3259 Jezrael
789 3220 970 3260 semen
1015 3209 1112 3261 Dei
1162 3208 1589 3280 interpretatur.
1634 3212 1793 3267 Unde
1849 3230 1938 3267 se-

333 3294 531 3365 quitur
560 3313 573 3346 :

414 3401 441 3433 «
483 3382 553 3436 Et
580 3382 722 3437 dixit
756 3383 1028 3438 Dominus
1075 3386 1146 3439 ad
1190 3401 1318 3440 eum
1354 3405 1366 3440 :
1397 3388 1549 3442 Voca
1574 3405 1780 3444 nomen
1820 3392 1940 3461 ejus

329 3472 575 3536 Jezrael,
611 3471 878 3542 quoniam
921 3473 1105 3527 adhuc
1143 3475 1421 3530 modicum
1455 3483 1512 3531 et
1540 3478 1775 3532 visitabo
1806 3495 1937 3533 san-

327 3561 569 3632 guinem
596 3562 812 3614 Jezrael
840 3578 1012 3632 super
1030 3558 1255 3617 domum
1288 3565 1450 3619 Jehu.
1484 3585 1505 3617 ι
1532 3567 1743 3620 Jezrael
1773 3568 1942 3621 inter-

332 3655 599 3719 pretatur
624 3665 806 3703 semen
848 3650 962 3704 Dei.
1008 3652 1292 3714 Quantum
1325 3654 1393 3707 ad
1416 3642 1935 3713 'litteram'attinet.

329 3740 535 3794 civitas
564 3737 671 3792 fuit
699 3739 1024 3809 metropolis
1048 3741 1108 3794 in
1154 3757 1328 3811 regno
1359 3743 1549 3797 decem
1592 3744 1842 3799 tribuum
1884 3745 1940 3798 in

330 3844 451 3901 qua
467 3826 824 3881 interfectum
843 3827 1083 3898 legimus
1094 3830 1340 3897 Naboth,
1354 3831 1423 3885 ob
1439 3834 1597 3901 cujus
1609 3834 1942 3905 sanguinem

326 3915 734 3973 vindicandum
757 3916 1059 3971 suscitatus
1082 3923 1170 3972 est
1189 3919 1352 3980 Jehu,
1375 3920 1469 3990 qui
1490 3912 1695 3975 delevit
1713 3920 1943 3975 domum

326 4012 535 4068 Achaz
564 4013 623 4062 et
644 4008 927 4063 Jezraelis.
952 4009 1161 4064 Verum
1184 3998 1315 4081 quia
1341 4011 1460 4082 ipse
1480 4012 1621 4067 Jehu
1651 4014 1803 4067 ultor
1819 4030 1945 4067 san-

328 4099 530 4172 guinis
556 4098 698 4168 justi
727 4097 959 4164 exstitit,
991 4104 1049 4153 et
1077 4087 1177 4155 ﬁlii
1207 4101 1329 4170 ejus
1358 4090 1612 4155 fecerunt
1640 4098 1852 4157 malum
1885 4103 1943 4155 in

331 4180 645 4259 conspectu
702 4178 946 4253 Domini,
993 4189 1224 4259 sanguis
1273 4191 1452 4244 Achaz
1508 4207 1676 4261 super
1712 4191 1941 4263 domum

2019 3127 2251 3191 tradita,
2272 3125 2537 3196 quoniam
2556 3141 2733 3195 usque
2749 3123 2915 3177 hodie
2935 3122 3236 3176 Persarum
3253 3121 3480 3192 regibus
3498 3138 3620 3176 ser-

2020 3215 2209 3279 viuntr
2231 3220 2288 3268 et
2320 3230 2607 3284 nunquam
2639 3217 2726 3266 est
2768 3227 2962 3266 eorum
3005 3210 3263 3264 absoluta
3302 3210 3617 3281 captivitas.

2021 3305 2234 3359 Domus
2255 3309 2443 3357 autem
2458 3302 2603 3356 Juda
2617 3319 2743 3356 cum
2761 3299 2980 3355 duobus
2998 3298 3259 3353 tribubus
3278 3298 3384 3353 sibi
3397 3299 3621 3355 sociatis

2021 3391 2465 3446 misericordiam
2495 3396 2796 3445 consecuta
2837 3394 2939 3453 est,
2970 3389 3195 3458 quando
3233 3393 3464 3458 propter
3492 3404 3625 3459 con-

2021 3481 2309 3535 fidentiam
2334 3496 2498 3550 quam
2531 3480 2589 3533 in
2612 3480 2728 3533 Deo
2752 3471 3089 3540 habuerunt,
3108 3477 3313 3543 missus
3332 3484 3420 3531 est
3446 3493 3622 3548 ange-

2024 3572 2130 3633 lus,
2156 3576 2212 3624 et
2236 3569 2507 3640 percussit
2530 3569 2805 3623 exercitus
2826 3566 3203 3622 Sennacherib
3227 3573 3453 3631 centum
3472 3573 3625 3622 octo-

2023 3658 2181 3727 ginta
2213 3658 2461 3728 quinque
2488 3657 2683 3712 millia.
2714 3658 2782 3709 Et
2816 3654 3039 3717 Salvabo
3057 3672 3172 3716 eos.
3196 3654 3399 3725 inquit,
3430 3653 3491 3708 in
3516 3654 3625 3708 Do-

2024 3747 2176 3798 mino
2207 3746 2321 3799 Deo
2351 3762 2472 3807 suo,
2508 3744 2565 3799 id
2607 3750 2710 3809 est,
2744 3745 2802 3798 in
2833 3760 2956 3797 mea
2997 3750 3053 3799 et
3080 3742 3264 3797 Patris
3293 3748 3352 3796 et
3378 3741 3625 3813 Spiritus

2026 3834 2205 3888 sancti
2237 3835 2601 3905 protectione.
2632 3834 2766 3888 Tale
2796 3839 2883 3887 est
2910 3832 3058 3886 enim
3088 3832 3212 3894 hoc,
3245 3830 3411 3902 quale
3435 3831 3577 3897 illud
3606 3850 3621 3886 :

2028 3923 2183 3976 Pluit
2210 3922 2483 3978 Dominus
2505 3939 2537 3976 a
2561 3923 2820 3987 Domino,
2844 3922 2899 3975 id
2926 3928 3012 3975 est
3031 3920 3205 3975 Filius
3228 3937 3263 3989 ξι
3293 3921 3407 3975 De»
3434 3923 3619 3977 Patre.

2025 4013 2096 4065 Et
2125 4027 2235 4065 non
2264 4012 2365 4063 sal.
2400 4027 2496 4064 eos
2519 4011 2579 4065 in
2608 4026 2643 4062 ει
2671 4014 2728 4065 et
2753 4026 2832 4078 g.,
2867 4015 2922 4062 et
2948 4008 3000 4061 b.
3033 4014 3091 4061 et
3129 4008 3187 4062 in
3216 4008 3392 4077 equis,
3426 4009 3485 4063 id
3513 4015 3618 4075 est,

2027 4118 2136 4155 non
2166 4101 2222 4153 in
2251 4100 2442 4170 aliqua
2465 4117 2562 4169 spe
2590 4103 2688 4152 aut
2712 4098 2768 4150 in
2788 4097 3120 4153 fortitudine
3151 4096 3418 4161 humana,
3449 4097 3535 4151 vel
3562 4097 3624 4153 in

2029 4188 2391 4243 multitudine
2408 4188 2683 4257 equitum,
2707 4186 2807 4239 sed
2826 4184 3012 4257 potius
3041 4202 3075 4240 a
3096 4184 3332 4239 Domino
3358 4185 3476 4240 Deo
3495 4202 3618 4249 suo,

331 4279 496 4333 illius
541 4277 701 4333 fusus
750 4282 855 4339 est,
900 4277 954 4331 id
1005 4282 1088 4331 est
1131 4295 1409 4345 reversus,
1444 4279 1668 4350 quando
1696 4279 1794 4333 ﬁlii
1825 4281 1948 4351 ejus
2031 4278 2126 4349 qui
2145 4277 2332 4331 mittet
2353 4276 2617 4346 angelum
2638 4292 2801 4330 suum
2826 4274 3208 4338 utinterﬁciat
3225 4289 3421 4339 omnes
3439 4274 3627 4329 inimi-

332 4367 496 4423 ducti
518 4372 655 4420 sunt
683 4366 745 4420 in
775 4366 1156 4437 captivitatem
1185 4372 1240 4421 et
1269 4368 1567 4422 interfecti.
1594 4354 1661 4423 Et
1685 4385 1796 4422 non
1822 4374 1950 4439 post
1969 4436 2007 4439 _
2031 4384 2124 4421 cos
2143 4367 2389 4421 illorum.
2425 4367 2483 4421 Si
2505 4369 2695 4420 autem
2719 4366 2824 4419 hoc
2848 4365 2919 4423 ad
2943 4381 3039 4425 eos
3060 4362 3303 4418 refertur
3323 4362 3419 4434 qui
3442 4362 3501 4417 in
3528 4362 3627 4435 ad-

331 4457 588 4512 multum
620 4436 858 4526 tempus
877 4455 1209 4526 quieverunt
1241 4457 1474 4528 pariter,
1507 4456 1563 4510 id
1594 4462 1681 4511 est
1704 4436 1952 4512 cessave'
1969 4436 2017 4494 Π
2033 4460 2202 4510 ventu
2225 4455 2448 4510 Domini
2472 4461 2605 4509 sunt
2624 4454 2855 4525 reperti,
2878 4460 3028 4508 recte
3052 4453 3158 4524 ipsi
3181 4468 3403 4523 quoque
3418 4452 3553 4516 ﬁlia,
3569 4457 3628 4509 et

330 4551 482 4600 runt
510 4551 572 4601 et
598 4560 835 4615 regnum
867 4549 925 4598 e't
948 4561 1127 4616 reges.
1154 4532 1374 4600 Mortuo
1405 4546 1610 4616 quippe
1630 4546 1945 4612 Jeroboam,
2032 4562 2144 4601 non
2163 4547 2313 4600 ﬁlius
2335 4545 2716 4607 nominantur,
2737 4544 2870 4614 quia
2882 4540 3173 4596 mollitiem
3194 4541 3628 4612 suae'voluptatis

333 4624 853 4706 pronepoteilehu.
879 4632 982 4687 sub
1003 4650 1113 4705 quo
1133 4635 1470 4705 prophetare
1494 4635 1660 4706 coepit
1679 4635 1950 4691 Oseesub
2033 4642 2418 4706 exsequentes,
2448 4633 2671 4705 quando
2698 4641 2755 4688 et
2784 4632 3116 4703 sanguinem
3143 4630 3376 4685 seminis
3404 4630 3505 4685 Dei
3528 4629 3630 4686 ime

336 4740 458 4796 quo
486 4722 639 4776 filius
665 4723 788 4791 ejus
808 4722 1105 4776 Zacharias
1130 4720 1187 4776 in
1209 4739 1443 4793 regnum
1475 4724 1759 4789 successit,
1780 4741 1947 4796 quem
2031 4724 2241 4796 precati
2263 4726 2413 4785 sunt,
2445 4743 2466 4773 ι
2502 4721 2731 4791 sanguis
2762 4722 2881 4790 ejus
2906 4737 3074 4790 super
3098 4736 3200 4773 nos
3220 4724 3277 4773 et
3295 4734 3466 4788 super
3484 4717 3631 4773 ﬁlios

336 4818 505 4868 sexto
533 4827 727 4866 mense
767 4810 928 4881 regni
956 4811 1042 4869 sui
1073 4812 1273 4887 Maii:
1305 4813 1516 4867 Sellum
1547 4813 1617 4867 de
1645 4814 1757 4868 alia
1783 4820 1949 4868 natus
2032 4818 2273 4867 nostros.
2306 4832 2333 4862 ν
2358 4811 2517 4867 Unde
2538 4816 2596 4864 et
2618 4809 2829 4880 absque
2854 4808 3237 4862 misericordia
3255 4806 3406 4871 tacti,
3433 4805 3633 4863 traditi

337 4902 538 4972 stirpe.
584 4900 906 4969 Statimque
935 4896 1094 4969 reges
1126 4901 1342 4972 Assyrii
1371 4907 1640 4973 ceperunt
1667 4902 1864 4957 Ruben
1894 4908 1953 4957 et
2034 4907 2168 4956 sunt
2191 4889 2479 4962 Romanis,
2504 4905 2561 4954 et
2582 4914 2774 4953 eorum
2798 4904 3068 4968 perpetua
3090 4896 3360 4951 servitute
3379 4895 3633 4951 damnati

337 4986 491 5053 Gaul,
518 4994 578 5043 et
615 4988 912 5043 dimidiam
934 4980 1149 5044 tribum
1180 4991 1457 5054 Manasse,
1484 4991 1577 5061 qui
1605 4998 1767 5046 erant
1796 4997 1952 5046 trans
2035 4990 2205 5061 atque
2218 4989 2477 5044 oblivioni
2494 4987 2928 5043 traditi.Domus
2942 4987 3170 5040 autem]
3180 4986 3309 5047 uda,
3323 5003 3447 5057 quae
3461 4985 3633 5041 inter-

337 5078 675 5140 Iordanem,
694 5076 900 5130 deinde
922 5076 1305 5148 Nephthalim.
1333 5079 1400 5132 ad
1423 5086 1733 5134 extremum
1759 5097 1954 5135 omnes
2036 5085 2292 5152 pretatur
2313 5080 2593 5145 confessio,
2619 5077 2675 5129 id
2707 5081 2811 5130 est.
2834 5074 3074 5145 apostoli
3094 5076 3394 5146 caeterique
3413 5076 3499 5129 vel
3519 5091 3636 5129 cre-

339 5168 598 5239 reliquas
624 5166 828 5220 tribus.
857 5167 1110 5221 Fuerunt
1136 5184 1169 5221 a
1194 5154 1459 5222 Zacharia
1487 5186 1664 5239 usque
1690 5170 1758 5223 ad
1790 5170 1950 5235 Osee,
2039 5170 2235 5223 dentes
2263 5169 2349 5222 vel
2375 5155 2651 5225 doctores,
2685 5164 2781 5236 qui
2809 5165 2972 5219 ﬁdem
3004 5164 3246 5218 nominis
3275 5164 3483 5218 Christi
3511 5174 3640 5219 eon-

339 5257 454 5311 sub
483 5272 596 5326 quo
626 5246 826 5309 omnes
869 5246 1060 5309 decem
1113 5246 1294 5311 tribus
1324 5257 1381 5311 in
1413 5246 1791 5333 captivitatem
1826 5243 1959 5311 sunt
2038 5252 2169 5311 fessi
2201 5263 2349 5320 sunt,
2381 5255 2577 5309 salvati
2608 5261 2741 5309 sunt
2772 5271 2881 5308 non
2909 5253 2967 5308 in
2997 5254 3184 5324 gladio
3215 5258 3271 5307 et
3294 5269 3448 5317 arcu,
3470 5253 3527 5307 id
3554 5258 3642 5310 est

339 5347 549 5411 ducta,
592 5344 730 5399 anni
760 5348 983 5398 tantum
1016 5345 1391 5416 quadraginta
1419 5361 1641 5400 novem.
1677 5347 1856 5411 Quam
1890 5347 1957 5401 ob
2041 5361 2153 5400 non
2172 5346 2228 5398 in
2246 5346 2433 5415 aliquo
2448 5345 2694 5400 humano
2710 5343 3049 5405 auxilio.sed
3070 5342 3640 5407 inDominoDeosuo,

340 5450 576 5489 causam
600 5434 695 5489 hic
738 5433 977 5490 dicitur:
1004 5426 1377 5490 Adhuc‘mod.
1405 5439 1462 5489 et
1491 5452 1541 5489 v.
1576 5451 1697 5489 san.
1722 5437 1806 5490 Je.
1834 5454 1878 5489 s.
1904 5436 1960 5490 d.
2047 5435 2272 5490 Christo
2302 5431 2560 5491 videlicet
2587 5434 2686 5503 qui
2715 5450 2809 5487 eos
2850 5448 2952 5503 per
2984 5432 3227 5502 gratiam
3259 5448 3418 5485 suam
3451 5429 3643 5501 elegit.

342 5524 516 5580 Jehu.
542 5522 935 5607 Spiritualiter
953 5523 1236 5609 Iebu,per
1255 5540 1423 5609 quem
1445 5524 1735 5595 sanguinis
1760 5510 1816 5579 in
1847 5526 1965 5580 Jez-
2048 5525 2159 5581 Sed
2194 5514 2253 5579 et
2297 5524 2524 5578 nomine
2558 5524 2685 5579 illiue
2723 5537 3024 5596 possumus
3052 5520 3304 5592 accipere
3333 5519 3643 5589 haereticos,
