4062 6168
441 328 512 386 15
861 323 1243 381 HAYMONIS
1282 318 1773 407 HALBERSTAT.
1816 312 2047 370 EPISC.
2086 309 2245 374 OPP,
2288 313 2473 369 PARS
2510 314 2552 369 Ι.
2599 346 2664 356 -
2704 315 3076 375 COMMENT.
3116 315 3302 375 BIBL.
3653 315 3714 375 16

443 455 539 528 qui
580 455 847 524 dogmata
890 449 1155 506 vanitatis
1200 452 1517 518 sequentes.
1557 451 1616 500 et
1656 442 1930 516 perfectos
1955 436 2196 528 racAeis
2225 455 2238 490 :
2264 437 2391 528 Non
2421 440 2661 511 populus
2685 456 2845 494 meus
2866 455 2982 503 vos,
3011 458 3034 491 ι
3064 443 3130 494 ut
3154 455 3347 512 supra.
3379 440 3589 496 Locum
3615 441 3715 498 ubi

442 526 614 599 fortes
633 541 833 595 divinm
854 539 1155 609 Scriptura:
1175 553 1373 590 sensus
1392 536 1762 603 depravantes
1779 527 2032 584 emollire
2119 526 2227 579 ista
2246 526 2596 589 dicebantur.
2613 528 2880 583 debemus
2893 527 3209 599 intelligere
3229 528 3603 592 Hierusalem,
3620 530 3716 586 ubi

443 638 729 694 conantes,
760 628 1065 684 traduntur
1094 624 1335 687 diabolo,
1368 624 1529 693 cujus
1558 628 1768 676 aeterna
1795 618 2035 672 damna-
2117 613 2323 669 dicitur
2341 616 2421 670 eis
2445 617 2609 671 modo
2635 636 2647 671 :
2675 637 2699 671 ι
2723 619 2848 672 Non
2875 617 3114 688 populus
3131 634 3290 672 meus
3310 634 3424 679 vos,
3450 637 3475 670 ι
3498 617 3717 672 dicetur

441 723 596 778 tione
625 721 745 776 sine
770 719 885 774 ulla
912 714 1294 771 misericordia
1320 716 1667 785 premantur,
1700 706 2036 780 perpetuali-
2118 702 2219 759 eis.
2250 702 2378 757 Filii
2406 705 2504 759 Dei
2535 705 3075 777 viventis.-tempore
3104 706 3410 761 Dominicaa
3449 707 3717 761 Incarna-

2115 791 2303 846 tionis.
2352 793 2509 857 Quod
2541 794 2835 865 impletum
2876 799 2962 848 est
2990 795 3049 847 in
3092 794 3360 865 apostolis
3389 794 3717 867 caeterisque

2116 876 2393 935 ﬁdelibus.
2419 899 2446 934 ‹‹
2479 883 2766 953 Quotquot
2793 882 2966 946 enim,
2988 888 3053 937 ut
3079 884 3325 938 Joannes
3352 882 3509 945 dicit,
3537 883 3719 938 credi-

2114 969 2320 1023 derunt
2347 970 2406 1023 in
2432 968 2739 1036 Christum,
2770 971 2926 1027 dedit
2949 971 3030 1025 eis
3070 977 3408 1042 potestatem
3439 972 3583 1027 ﬁlios
3607 972 3710 1027 Dei

2115 1057 2254 1111 ﬁeri.
2295 1080 2311 1105 ι
2340 1058 2399 1113 Si
2428 1064 2617 1114 autem
2649 1060 2719 1113 ad
2747 1059 2968 1115 Judzeos
2997 1059 3095 1131 qui
3121 1075 3273 1114 nunc
3300 1065 3451 1127 sunt,
3476 1060 3713 1115 volueri-

2114 1162 2241 1200 mus
2287 1146 2396 1201 ista
2438 1148 2668 1213 referre,
2701 1149 2854 1204 locus
2897 1165 3009 1220 quo
3050 1149 3259 1203 dicitur
3286 1149 3369 1204 eis
3403 1167 3417 1204 :
3450 1150 3578 1204 Non
3606 1166 3710 1221 po-

2115 1235 2281 1305 pulus
2314 1253 2473 1292 meus
2517 1254 2634 1305 vos,
2678 1242 2831 1292 totus
2875 1238 3120 1293 mundus
3158 1238 3448 1309 accipitur,
3483 1238 3616 1310 quia
3650 1238 3711 1293 in

443 817 532 867 ter
560 828 596 865 a
625 812 740 865 Deo
764 807 942 863 obliti.
973 807 1182 860 Domus
1202 808 1388 856 autem
1409 800 1443 855 J
1450 801 1579 858 uda.
1606 800 1658 853 id
1683 806 1769 852 est
1791 795 2034 852 Ecclesia

443 899 740 963 catholica,
772 912 895 968 quae
925 894 1165 949 ﬁdeliter
1192 897 1398 946 sanctae
1425 888 1716 945 Trinitatis
1744 886 1911 940 ﬁdem
1942 884 2033 937 in-

441 987 742 1061 separabili
765 985 983 1041 unitate
1012 982 1329 1045 conﬁtetur,
1362 977 1668 1033 salvabitur
1696 976 1755 1056 in
1793 972 2033 1028 Domino

438 1079 556 1134 Deo
585 1093 707 1142 suo,
744 1090 859 1129 non
887 1073 946 1126 in
983 1069 1259 1125 exercitus
1290 1065 1652 1122 multitudine
1691 1068 1791 1119 aut
1830 1061 2032 1116 virium

440 1181 671 1222 suarum
699 1160 1049 1218 fortitudine.

515 1276 537 1307 ι
560 1255 631 1309 Et
645 1250 943 1308 ablactavit
953 1265 1077 1304 eam
1091 1264 1215 1318 quae
1226 1251 1349 1300 erat
1361 1243 1571 1315 absque
1582 1239 1985 1297 misericordia.
2002 1256 2029 1291 ι

438 1344 545 1410 Qui
575 1343 910 1402 ablactatur,
941 1337 1151 1392 recedit
1198 1351 1232 1389 a
1274 1339 1456 1388 matre
1496 1338 1553 1387 et
1593 1330 1842 1403 parentis
1886 1328 2030 1382 lacte

437 1450 552 1490 non
570 1431 831 1495 vescitur,
854 1428 953 1483 sed
981 1424 1266 1480 alimentis
1288 1426 1640 1477 sustentatur
1668 1417 1887 1474 alienis.
1912 1418 2032 1472 Mos

437 1524 643 1596 quippe
675 1526 927 1576 veterum
975 1516 1100 1580 fuit,
1133 1522 1197 1570 ut
1223 1514 1281 1568 in
1307 1513 1398 1567 die
1426 1510 1818 1566 ablactationis
1847 1508 2031 1562 infan-

434 1619 579 1679 tum,
601 1611 660 1666 id
684 1614 772 1665 est
797 1626 831 1663 a
858 1609 1002 1662 lacte
1022 1602 1412 1676 separationis,
1439 1601 1690 1655 facerent
1717 1597 2032 1653 convivium

434 1698 711 1756 universis
740 1695 937 1751 vicinis
965 1699 1022 1748 et
1049 1691 1244 1747 amicis
1274 1689 1408 1744 suis.
1443 1687 1603 1743 Unde
1629 1692 1688 1741 et
1716 1691 1899 1740 mater
1928 1685 2033 1740 Sa-

436 1789 660 1853 muelis,
684 1786 1022 1841 ascendente
1043 1782 1161 1835 viro
1181 1796 1282 1835 suo
1303 1779 1373 1833 ad
1404 1777 1675 1847 templum
1702 1773 1947 1837 Domini,
1970 1790 2029 1828 se
2049 1795 2097 1855 Β

430 1895 545 1933 non
574 1878 782 1932 ituram
813 1873 950 1928 dixit
978 1872 1156 1926 donec
1174 1868 1552 1921 ablactaretur
1571 1865 1774 1928 infans,
1800 1864 1903 1917 hoc
1920 1876 2025 1925 est,

431 1968 609 2022 donec
636 1965 707 2018 ad
738 1980 862 2018 eam
893 1959 1109 2014 veniret
1138 1962 1358 2011 aetatem
1387 1970 1500 2025 qua
1529 1970 1653 2007 eum
1683 1969 1718 2005 a
1739 1953 1881 2006 lacte
1906 1968 2026 2006 mo-

2114 1324 2375 1379 omnibus
2401 1324 2666 1396 gentibus
2692 1343 2841 1381 nunc
2862 1327 3058 1393 Judaei,
3084 1343 3197 1381 non
3226 1327 3347 1392 Dei,
3373 1327 3469 1382 sed
3500 1327 3711 1383 diaboli

2113 1414 2257 1467 servi
2277 1414 2731 1485 comprobantur.
2756 1416 2898 1470 Cum
2920 1421 3111 1471 autem
3133 1433 3234 1487 per
3252 1415 3710 1488 praedicationem

2113 1502 2247 1557 Eliae
2277 1509 2335 1557 et
2362 1504 2549 1558 Enoch
2569 1503 2930 1571 crediderint,
2951 1504 3021 1559 ab
3040 1504 3300 1560 omnibus
3319 1503 3584 1576 gentibus
3610 1504 3711 1560 ﬁlii

2113 1590 2214 1645 Dei
2244 1591 2610 1647 vocabuntur.

2187 1698 2215 1730 (ι
2240 1679 2310 1733 Et
2320 1680 2813 1751 congregabuntur
2830 1680 2929 1734 ﬁlii
2942 1681 2971 1736 J
2977 1681 3088 1735 uda
3103 1686 3162 1736 et
3175 1681 3277 1736 ﬁlii
3290 1682 3464 1737 Israel
3478 1683 3709 1755 pariter,

2114 1772 2172 1821 et
2192 1775 2363 1838 ponet
2382 1768 2488 1822 sibi
2508 1775 2676 1840 caput
2696 1785 2892 1824 unum.
2917 1790 2945 1819 ι
2966 1769 3077 1824 Per
3094 1771 3123 1824 J
3129 1771 3297 1825 udam
3318 1771 3714 1843 signiﬁcantur

2113 1857 2237 1911 duae
2257 1856 2438 1911 tribus
2467 1857 2574 1912 illa:
2594 1859 2920 1928 conjunctae,
2944 1857 3127 1914 tribus
3147 1860 3362 1914 scilicet
3390 1860 3705 1932 Benjamin,

2111 1950 2167 1998 et
2197 1944 2376 1998 tribus
2412 1945 2794 2006 sacerdotalis,
2825 1946 2880 2000 id
2912 1953 2998 2001 est
3035 1948 3313 2003 Levitica:
3348 1956 3578 2020 propter
3605 1949 3710 2005 tri-

429 2072 562 2110 vere
586 2058 792 2126 posset.
817 2051 928 2113 Lac
957 2048 1012 2101 in
1043 2063 1203 2100 sacra
1232 2044 1523 2114 Scriptura
1550 2058 1651 2113 pro
1676 2040 1917 2111 simplici
1946 2040 2029 2094 in-
2109 2031 2250 2126 bum‘
2272 2033 2421 2087 enim
2439 2033 2615 2126 ‘Juda.
2651 2050 2714 2088 ex
2745 2050 2864 2126 qua
2885 2050 3059 2126 reges;
3075 2035 3169 2106 qui
3199 2036 3703 2126 eisdemrtribubus

428 2121 658 2197 tellec-tu
677 2138 921 2211 ponitur.
940 2136 1009 2189 Et
1025 2132 1202 2187 Judaei
1219 2130 1632 2203 quodammodo
1650 2129 1794 2183 lacte
1809 2128 2033 2182 aleban-
2110 2121 2401 2211 praefuere,
2423 2122 2707 2211 duxerunt
2726 2123 3021 2193 originem,
3045 2123 3318 2195 ipsaeduae
3338 2125 3519 2180 tribus
3536 2126 3711 2180 etiam

427 2237 543 2297 tur,
573 2210 824 2301 quandiu
849 2226 997 2279 intra
1030 2238 1191 2277 suam
1219 2218 1523 2274 manebant
1550 2219 1753 2288 legem,
1776 2223 2030 2271 caeteras-
2110 2210 2337 2301 nomine
2354 2211 2512 2265 Judae
2528 2210 2920 2301 censebantur.
2938 2212 3212 2301 A_majori
3231 2220 3418 2269 autem
3437 2221 3596 2286 parte
3615 2214 3711 2270 de-

430 2336 541 2392 que
560 2297 812 2389 legentes
827 2313 1167 2384 Scripturas.
1188 2310 1492 2379 Postquam
1513 2314 1701 2361 autem
1728 2304 1881 2359 ducti
1898 2310 2031 2360 sunt
2110 2313 2229 2392 cem
2246 2297 2426 2392 tribus
2446 2315 2651 2392 nomen
2666 2299 2964 2392 pristinum
2982 2299 3215 2392 Israelis
3222 2302 3488 2368 retinent,
3503 2302 3636 2374 quia
3651 2307 3710 2357 et

428 2386 488 2463 in
516 2386 920 2478 captivitatem,
954 2406 1246 2471 coeperunt
1275 2396 1424 2468 pasci
1468 2395 1602 2450 cibis
1643 2394 1941 2466 gentilium
1972 2399 2031 2449 et
2111 2390 2245 2478 ante
2264 2386 2595 2478 divisionem
2621 2387 2811 2478 decem
2836 2387 3089 2458 tribuum
3109 2395 3167 2444 et
3185 2390 3445 2445 duarum.
3466 2407 3708 2462 genera-

425 2474 743 2566 idolothyta
770 2491 1082 2547 comedere.
1118 2486 1279 2543 Unde
1305 2486 1378 2540 ad
1407 2486 1552 2539 hanc
1580 2484 1866 2538 miseriam
1897 2500 2029 2554 per-
2112 2474 2241 2547 liter
2267 2476 2595 2566 omnes-1190
2614 2476 2840 2566 ηοξῠίηθ
2860 2477 3223 2566 νμοοαδεωῒιπο
3247 2478 3355 2543 Ωιιί
3384 2496 3518 2550 ergo
3545 2478 3706 2535 diVisi

425 2562 719 2649 venerunt,
752 2588 819 2637 ut
845 2581 1028 2652 ipsum
1054 2593 1250 2650 parum
1281 2574 1527 2630 scientiae
1549 2573 1696 2644 quod
1725 2571 1931 2626 habere
1950 2572 2027 2626 vi-

2108 2566 2286 2627 erant,
2296 2562 2645 2632 promittitur
2659 2563 2739 2618 eis
2754 2564 2903 2634 quod
2922 2566 3300 2636 congregandi
3318 2565 3433 2621 sint
3452 2566 3512 2621 in
3527 2583 3704 2622 unum

425 2674 723 2731 dabantur,
753 2671 1098 2730 amitterent,
1135 2671 1198 2721 ut
1234 2654 1427 2737 'neque
1465 2663 1635 2717 etiam
1678 2662 1856 2733 ipsam
1884 2661 2025 2731 legis
2107 2670 2141 2707 a
2178 2653 2440 2708 Domino.
2484 2654 2770 2725 Siquidem
2803 2656 3106 2712 Dominicae
3132 2657 3535 2713 incarnationis
3567 2664 3707 2714 tem-

425 2762 777 2836 superficiem
801 2758 1141 2828 intelligant.
1179 2774 1206 2806 «
1236 2753 1310 2808 Et
1347 2751 1603 2822 concepit
1630 2756 1687 2804 et
1709 2749 1930 2821 peperit
1957 2750 2024 2802 ﬁ-
2107 2758 2242 2836 pore
2258 2748 2316 2836 et
2330 2743 2773 2836 resurrectionis,
2787 2750 2905 2836 tam
2923 2762 2988 2800 ex
3004 2745 3196 2836 decem
3217 2763 3385 2818 quam
3404 2763 3472 2802 ex
3488 2746 3707 2803 duabus

423 2830 584 2919 litim,
603 2857 661 2907 et
678 2849 845 2905 dixit:
872 2848 1023 2902 Voca
1042 2860 1249 2899 nomen
1272 2843 1410 2913 ejus,
1437 2842 1561 2895 Non
1583 2839 1823 2910 populus
1844 2855 2020 2905 meus;
2106 2830 2382 2898 tribubus,
2418 2832 2514 2903 qui
2545 2832 2751 2887 reversi
2779 2833 3005 2888 fuerant
3040 2834 3109 2888 de
3137 2835 3478 2907 captivitate,
3512 2854 3702 2892 mora-

424 2943 557 3015 quia
582 2959 680 2996 vos
708 2955 823 2995 non
853 2936 1093 3010 populus
1137 2949 1317 2997 meus,
1345 2941 1402 2985 et
1446 2945 1549 3000 ego
1578 2945 1691 2982 non
1717 2944 1813 2981 ero
1841 2932 2024 2981 vester
2105 2919 2312 2975 bantur
2339 2921 2397 2975 in
2422 2921 2633 2987 Judaea,
2668 2938 2734 2976 ex
2763 2922 2965 2993 quibus
2994 2923 3223 2994 plurimi
3253 2925 3616 2981 crediderunt
3645 2926 3705 2981 in

421 3008 591 3087 Deus.
623 3031 693 3084 Et
722 3027 831 3083 erit
854 3008 1147 3078 inumerus
1178 3020 1420 3074 ﬁliorum
1454 3016 1630 3073 Israel
1658 3016 1820 3087 quasi
1850 3032 2023 3069 arena
2043 3070 2081 3087 Λ
2106 3008 2412 3077 Christum,
2433 3011 2503 3066 de
2524 3011 2728 3083 quibus
2757 3012 2846 3066 hic
2876 3012 3081 3066 dicitur
3106 3030 3118 3066 :
3144 3032 3170 3063 «
3196 3014 3707 3085 Congregabuntur

422 3120 619 3181 maris,
647 3134 771 3188 qua:
799 3115 921 3168 sine
952 3126 1215 3166 mensura
1240 3113 1345 3169 est,
1379 3112 1437 3161 et
1464 3122 1576 3160 non
1607 3103 2016 3159 numerabitur.
2039 3097 2083 3131 υ
2103 3097 2206 3152 ﬁlii
2228 3099 2256 3153 J
2263 3098 2373 3153 uda
2393 3104 2451 3153 et
2474 3098 2573 3153 ﬁlii
2601 3098 2779 3153 Israel
2807 3099 2998 3165 simul,
3026 3121 3052 3152 ››
3075 3100 3179 3155 hoc
3206 3106 3292 3155 est
3317 3117 3383 3155 ex
3407 3101 3625 3156 duabus
3648 3108 3707 3158 et

422 3210 495 3264 Et
522 3207 634 3262 erit
658 3186 720 3260 in
751 3205 870 3259 loco
902 3201 999 3256 ubi
1036 3200 1256 3254 dicetur
1282 3196 1396 3251 eis:
1436 3196 1560 3250 Non
1591 3193 1833 3264 populus
1861 3209 2021 3247 meus
2103 3186 2295 3241 decem
2341 3186 2599 3242 tribubus
2653 3188 2967 3255 credentes,
3022 3189 3356 3244 convenient
3408 3190 3469 3245 in
3526 3207 3705 3246 unum

2104 3274 2526 3329 Christiovile.«
2541 3274 2950 3346 Etponentsibi
2967 3284 3139 3349 caput
3150 3295 3347 3342 unum,
3364 3279 3703 3334 rDominum

2103 3362 2362 3418 videlicet
2380 3365 2408 3418 J
2414 3380 2570 3417 esum
2594 3364 2902 3429 Christum,
2926 3365 2996 3420 de
3026 3382 3136 3437 quo
3158 3367 3414 3422 Ezechiel
3438 3368 3576 3422 dicit
3599 3386 3611 3420 :
3635 3369 3706 3423 Et

2102 3452 2360 3525 princeps
2388 3469 2533 3507 unus
2561 3453 2619 3507 in
2644 3453 2828 3508 medio
2849 3470 3067 3521 eorum,
3091 3457 3267 3510 David
3297 3473 3491 3512 servus
3520 3473 3700 3512 meus.

2104 3540 2202 3594 Vel
2227 3558 2329 3612 per
2358 3540 2531 3596 Israel
2550 3558 2848 3613 possumus
2870 3542 3186 3614 intelligere
3201 3545 3462 3615 gentiles,
3488 3562 3589 3617 per
3607 3546 3702 3600 Ju-

2102 3629 2233 3683 dam
2262 3630 2483 3685 Judaeos
2510 3630 2803 3685 credentes
2834 3649 2846 3684 :
2882 3632 2997 3687 sive
3028 3650 3130 3704 per
3169 3635 3344 3689 Israel
3386 3635 3700 3701 haereticos,

2102 3734 2204 3787 per
2226 3719 2429 3773 Judam
2455 3718 2756 3773 catholicos
2778 3719 2945 3774 viros.
2973 3721 3082 3785 Qui
3108 3737 3302 3776 omnes
3323 3723 3395 3776 ad
3426 3724 3703 3778 unitatem

422 3312 551 3365 vos;
573 3295 791 3350 dicetur
814 3291 914 3346 eis.
935 3288 1061 3344 Filii
1082 3286 1182 3341 Dei
1199 3285 1453 3339 viventis.
1487 3299 1512 3335 ι
1540 3282 1667 3337 Haec
1686 3280 1854 3336 verba
1874 3287 1931 3335 et
1948 3281 2020 3335 ad

422 3403 518 3442 eos
538 3388 773 3457 possunt
800 3378 1017 3444 referri,
1041 3376 1135 3449 qui
1164 3380 1300 3429 tunc
1323 3371 1593 3443 temporis
1614 3388 1649 3425 a
1672 3369 1902 3440 regibus
1921 3372 2022 3424 As-

423 3474 705 3547 syriorum
720 3465 1109 3541 comprehensi
1131 3469 1189 3518 et
1206 3463 1264 3516 in
1285 3461 1664 3533 captivitatem
1689 3464 1824 3513 sunt
1841 3458 2017 3524 ducti,

423 3570 480 3621 et
499 3565 570 3618 ad
598 3580 692 3618 eos
713 3560 809 3633 qui
830 3562 957 3630 post
981 3554 1282 3610 adventum
1308 3549 1528 3605 Domini
1548 3565 1580 3603 a
1602 3548 1868 3603 Romanis
1889 3553 2023 3602 sunt

425 3670 527 3727 per
544 3668 740 3707 omnes
755 3652 953 3721 gentes
974 3641 1231 3714 dispersi.
1259 3639 1344 3694 llli
1364 3638 1572 3727 quippe
1590 3638 1763 3691 Deum
1772 3653 1888 3727 per
1903 3636 2021 3727 ida:

422 3724 605 3798 lorum
627 3740 907 3794 culturam
927 3733 1273 3802 abjecerunt,
1298 3726 1389 3781 isti
1419 3732 1608 3780 autem
1633 3741 1732 3795 per
1768 3724 1893 3778 Filii
1921 3724 2021 3778 Dei

424 3828 852 3901 abnegationem
870 3830 927 3877 et
941 3818 1322 3882 traditionem,
1340 3814 1603 3886 quoniam
1621 3829 1733 3867 non
1751 3812 2021 3867 habentes

422 3920 623 3982 filium,
651 3933 765 3972 non
805 3915 1041 3986 possunt
1080 3907 1286 3961 habere
1317 3914 1555 3976 patrem.
1588 3902 1767 3966 Quam
1798 3901 1870 3955 ob
1901 3917 2021 3954 rem

352 3996 377 4011 ’
425 4016 480 4066 et
507 4010 658 4064 Deus
684 4006 810 4060 illos
839 3998 1065 4072 abjecit,
1088 4013 1160 4051 ne
1184 3995 1300 4050 sint
1327 3994 1449 4065 ejus
1471 3990 1730 4064 populus,
1756 3990 1854 4045 sed
1874 3989 2023 4045 servi

425 4098 745 4156 efficiantur
764 4089 994 4152 diaboli,
1016 4086 1348 4156 dicaturque
1370 4082 1450 4137 eis
1476 4101 1487 4135 :
1517 4079 1663 4146 Quia
1685 4096 1779 4134 vos
1800 4096 1912 4134 non
1932 4096 2026 4150 po-

423 4189 589 4261 pulus
630 4200 807 4247 meus,
836 4185 893 4234 et
927 4194 1032 4248 ego
1066 4191 1179 4229 non
1208 4189 1303 4227 ero
1333 4185 1517 4225 vester
1544 4171 1713 4234 Deus,
1746 4168 1844 4223 sed
1884 4168 2023 4223 indi-

424 4257 567 4347 gnos
599 4288 696 4325 vos
739 4265 1002 4339 judicabo
1044 4261 1396 4334 possessione
1436 4275 1564 4313 mea
1602 4264 1660 4312 et
1700 4257 2022 4328 praesentia,

427 4345 805 4433 abjiciamque
827 4371 921 4408 vos
950 4352 1007 4406 in
1037 4355 1391 4422 perpetuum.
1417 4345 1576 4410 Quod
1605 4351 1663 4399 et
1687 4345 1756 4399 de
1786 4361 2021 4416 persona

2103 3806 2233 3860 ﬁdei
2289 3807 2623 3862 Christiana:
2672 3809 2942 3875 conversi,
3000 3817 3211 3881 ponent
3263 3810 3489 3866 sibimet
3533 3817 3703 3884 caput

2102 3911 2279 3949 unum
2303 3895 2496 3949 Jesum
2530 3895 2837 3950 Christum.
2876 3917 2898 3949 ι
2934 3897 3005 3951 Et
3030 3899 3335 3953 ascendent
3357 3900 3428 3954 de
3456 3905 3625 3967 terra,
3670 3918 3697 3954 »

2104 3983 2158 4037 id
2189 3989 2294 4047 est,
2322 3983 2391 4037 de
2419 3987 2662 4039 terrenis
2690 3985 2947 4040 sensibus
2968 3991 3026 4041 et
3052 3987 3373 4042 humilitate
3394 3988 3594 4044 litteras
3615 4005 3702 4043 oc-

2102 4072 2341 4127 cidentis
2357 4091 2369 4141 ;
2394 4080 2452 4128 et
2463 4074 2829 4129 elevabuntur
2843 4075 2915 4129 ad
2930 4075 3283 4146 spiritualem
3301 4083 3359 4132 et
3371 4076 3599 4131 vitalem
3617 4077 3702 4132 in-

2102 4160 2493 4232 telligentiam,
2522 4182 2545 4213 ι
2572 4162 2704 4233 quia
2726 4178 2962 4233 magnus
2982 4162 3102 4218 dies
3122 4165 3355 4220 Jezrael.
3376 4184 3403 4218 ι
3428 4165 3588 4220 Diem
3608 4165 3700 4221 hic

2102 4267 2204 4321 pro
2234 4251 2492 4305 universo
2520 4257 2773 4322 tempore
2793 4268 2825 4305 a
2848 4252 3072 4306 Domini
3102 4254 3397 4309 nativitate
3418 4270 3597 4326 usque
3627 4255 3701 4310 ad

2103 4340 2273 4393 ﬁnem
2303 4340 2489 4395 saeculi
2518 4340 2759 4412 positam
2791 4342 3134 4407 noverimus,
3165 4342 3236 4396 de
3266 4359 3377 4414 qua
3403 4349 3699 4398 cantamus

426 4425 819 4507 haereticorum
865 4449 1050 4514 potest
1090 4437 1287 4509 accipi,
1330 4436 1426 4507 qui
1470 4435 1647 4489 Deum
1694 4425 2160 4503 adjicientesDin
2186 4429 2451 4500 psalmis:
2480 4447 2505 4482 α
2530 4430 2659 4484 Haec
2695 4434 2782 4484 est
2807 4429 2927 4484 dies
2964 4446 3134 4500 quam
3165 4430 3298 4483 fecit
3336 4429 3626 4483 Dominus.
3664 4448 3692 4483 ιο

427 4555 687 4614 perversa
714 4536 785 4590 de
814 4533 910 4587 illo
938 4526 1249 4591 sentiendo,
1281 4523 1505 4596 penitus
1533 4522 1604 4576 ab
1632 4538 1697 4576 eo
1734 4521 2022 4618 repellun-
2101 4518 2455 4618 Magnus-est
2598 4518 2928 4618 dies,.id.est
2956 4533 3223 4618 magnum
3253 4524 3342 4618 est
3368 4524 3611 4618 tempus,
3635 4518 3696 4618 in

426 4606 540 4695 tur,
572 4644 643 4683 ne
667 4641 792 4681 cum
822 4619 1015 4676 electis
1041 4616 1227 4672 dicere
1253 4612 1501 4685 possint:
1537 4631 1559 4662 ι
1590 4610 1862 4665 Dominus
1889 4627 2020 4681 pars
2101 4624 2211 4679 quo
2236 4606 2591 4662 credentibus
2624 4606 2880 4662 remissio
2921 4614 3281 4679 peccatorum
3314 4606 3604 4676 tribuitur,
3639 4612 3698 4662 et

422 4713 767 4775 haereditatis
799 4726 954 4766 meae.
981 4726 1007 4762 ι
1042 4706 1113 4761 Et
1139 4703 1248 4759 erit
1276 4717 1545 4756 numerus
1572 4699 1816 4754 ﬁliorum
1845 4700 2018 4755 Israel
2093 4697 2269 4768 janua
2296 4698 2457 4768 regni
2480 4696 2719 4751 caelestis
2746 4697 3018 4770 aperitur.

422 4815 489 4863 ut
511 4823 702 4878 supra.
736 4802 896 4857 Licet
922 4796 1030 4871 ipsi
1071 4792 1249 4851 Judaei
1278 4791 1364 4895 vel
1391 4795 1527 4844 tunc
1561 4787 1743 4895 pressi
1785 4788 2012 4895 fuerint,
2752 4837 2989 4895 CAPUT
3025 4838 3104 4894 Π.

422 4897 509 4952 vel
545 4910 695 4950 nunc
734 4889 1041 4944 durissima
1088 4886 1421 4957 premantur
1451 4878 1792 4951 captivitate,
1825 4886 2015 4935 tamen

420 4975 1194 5042 hominibusinnumerabiles
1205 4976 1356 5032 sunt,
1371 4969 1440 5024 de
1456 4967 1658 5040 quibus
1672 4966 1847 5022 Isaias
1858 4967 2012 5023 dicit:
2173 4982 2198 5015 (ι
2232 4964 2411 5020 Dicite
2442 4962 2709 5019 fratribus
2736 4963 2936 5019 vestris
2957 4964 3197 5036 populus
3228 4980 3409 5033 meus,
3433 4969 3491 5019 et
3515 4965 3695 5020 sorori

422 5094 450 5128 α
482 5073 540 5128 Si
569 5069 747 5125 fuerit
769 5070 1041 5120 numerus
1062 5062 1309 5115 ﬁliorum
1332 5057 1506 5113 Israel
1527 5054 1691 5127 quasi
1708 5071 1880 5109 arena
1901 5071 2018 5110 ma-
2099 5057 2313 5119 vestrae,
2328 5053 2767 5108 misericordiam
2787 5059 3119 5110 consecutae.
3141 5074 3164 5106 ι
3184 5054 3244 5110 Si
3264 5054 3369 5108 hoc
3386 5053 3455 5108 ad
3472 5053 3695 5110 Judzeos

418 5163 517 5228 ris,
544 5157 797 5229 reliquiae
828 5153 991 5208 salvae
1021 5151 1175 5206 ﬁent.
1210 5167 1236 5202 »
1272 5146 1432 5211 Quod
1462 5153 1518 5200 et
1544 5144 1599 5198 in
1629 5144 1874 5198 adventu
1902 5143 2015 5198 Do-
2096 5143 2439 5198 voluerimus
2480 5143 2834 5197 solummodo
2875 5142 3102 5209 referre,
3137 5142 3397 5195 hortatur
3434 5142 3695 5198 homines

413 5250 551 5307 mini
571 5247 959 5318 impletum,et
976 5240 1159 5294 inﬁne
1174 5236 1360 5291 saeculi
1380 5232 2012 5303 veraciterimplendum
2094 5231 2297 5288 Iudaeae
2334 5249 2405 5287 ne
2434 5232 2734 5304 desperent
2780 5232 2974 5286 decem
3016 5229 3265 5318 tribuum
3295 5230 3558 5297 salutem,
3594 5231 3693 5286 sed

412 5344 599 5414 potest
618 5317 875 5403 intelligi,
902 5329 1035 5402 quia
1054 5333 1353 5400 postquam
1377 5323 1617 5395 populus
1646 5321 1824 5414 Israel
1844 5321 2015 5414 fuerit
2095 5335 2229 5414 eam.
2249 5319 2498 5391 quotidie
2527 5326 2583 5375 et
2612 5335 2872 5414 sermone
2893 5324 2951 5414 et
2969 5322 3098 5371 voto
3118 5323 3177 5371 et
3200 5317 3495 5414 litterisad
3519 5319 3694 5414 pomif-

411 5407 694 5500 dispersus
723 5424 781 5477 in
809 5428 930 5476 toto
951 5417 1103 5481 orbe,
1127 5422 1185 5470 et
1208 5429 1430 5469 omnem
1460 5410 1917 5484 supputationem
1937 5409 2012 5500 vi-
2093 5409 2327 5500 tentiam
2345 5416 2663 5480 provocent,
2678 5408 2812 5488 quia
2828 5407 3239 5500 fratreseorum
3259 5407 3620 5500 appellantur
3632 5410 3690 5462 et

408 5496 549 5574 cerit
561 5512 752 5588 populi
768 5506 1095 5571 multitudo,
1110 5511 1244 5560 tunc
1264 5499 1494 5556 habebit
1506 5499 1788 5588 licentiam
1810 5498 2005 5588 Israel,
2088 5514 2266 5553 soror.
2281 5498 2526 5565 Fratres,
2541 5515 2608 5554 ex
2624 5515 2689 5554 eo
2703 5497 2852 5588 quod
2873 5496 3108 5588 dicitur:
3131 5517 3153 5548 ι
3177 5496 3426 5588 I‘opulus
3442 5510 3630 5563 meus;
3656 5513 3681 5546 ι

406 5610 505 5685 qui
530 5584 695 5665 hodie
725 5598 978 5674 captivus
998 5600 1103 5652 est.
1138 5613 1163 5647 α
1200 5593 1269 5648 Et
1297 5590 1406 5647 erit
1432 5589 1493 5645 in
1518 5589 1638 5645 loco
1662 5587 1757 5644 ubi
1786 5586 2009 5646 dicetur
2087 5605 2265 5658 soror,
2292 5605 2357 5645 ex
2377 5606 2443 5645 eo
2464 5588 2614 5663 quod
2630 5585 2950 5660 appellatur
2968 5604 3000 5643 ι
3021 5584 3464 5646 misericordiam
3485 5598 3684 5639 conse-
