4090 6164
353 283 418 341 17
1360 285 1778 345 ΕΝΑΒΒΑΤῙΟ
1816 287 1899 345 ΙΝ

2018 291 2117 346 ιΕΕ
2154 291 2614 348 PROPHETAM.

3557 287 3625 343 18

346 414 492 463 cuta.
519 428 541 460 ι
568 407 627 464 Si
656 409 764 464 hoc
789 410 1132 466 voluerimus
1157 410 1366 466 referre
1397 411 1465 467 ad
1487 419 1702 483 gentes,
1735 414 1943 468 dicitur
1957 414 2270 476 Astatuam
2286 433 2406 471 eam
2426 417 2645 488 (inquit)
2673 415 2980 470 secundum
2993 414 3140 468 diem
3161 413 3468 468 nativitatis
3480 425 3620 469 sute-

347 498 449 563 eis,
479 505 542 552 ut
573 498 766 554 dicant
789 500 847 554 in
893 499 1226 555 infidelitate
1278 501 1494 556 caeteris
1549 503 1942 557 manentibus:

2028 512 2094 559 ut
2120 507 2330 560 scilicet
2357 507 2444 560 his
2473 511 2662 560 careat
2690 505 2966 569 omnibus,
2983 505 3132 558 sicut
3149 504 3283 557 olim
3304 503 3359 558 in
3383 503 3622 574 Egypto

346 586 598 658 Populus
619 604 784 642 meus
816 593 1002 654 erunt,
1033 589 1082 642 si
1111 589 1169 644 in
1199 607 1289 643 me
1310 591 1536 644 credere
1562 592 1860 656 voluerint,
1892 598 1951 645 et
2031 610 2283 651 manens.
2323 617 2344 643 ι
2370 595 2437 648 Et
2465 612 2667 665 ponam
2690 611 2811 648 eam
2845 593 3006 663 quasi
3030 592 3410 656 solitudinem,
3435 597 3492 645 et
3513 598 3624 646 sta-

343 675 555 744 rejecta
586 681 884 741 vetustate,
918 677 990 729 ad
1014 677 1316 732 novitatem
1339 678 1463 732 vita:
1487 679 1731 732 transire
1756 679 1945 733 volue-

344 764 480 818 rint.
509 764 613 817 Vel
642 781 736 818 vos
767 765 864 834 qui
894 766 954 819 in
983 782 1072 819 me
1103 765 1344 828 creditis,
1379 774 1435 820 et
1463 767 1628 820 fidem
1653 784 1820 837 quam
1854 769 1946 822 ha-

344 850 493 905 betis
523 853 766 924 perfecte
788 854 1052 924 operibus
1079 855 1377 919 decoratis,
1397 856 1572 910 dicite~
1582 857 1810 927 reliquis
1831 873 1945 911 cre-

339 941 609 996 dentibus
633 959 643 992 :
663 942 793 1012 quia
821 959 984 997 meus
1005 949 1171 997 erunt
1187 945 1446 1015 populus,
1463 946 1507 998 si
1531 946 1589 998 in
1610 962 1700 999 me
1717 947 1944 1000 credere

341 1029 646 1096 voluerint,
681 1036 738 1084 et
766 1031 824 1084 in
854 1031 964 1085 fide
995 1048 1106 1102 qua
1133 1033 1312 1086 vocati
1346 1039 1478 1088 sunt
1507 1035 1939 1104 permanserint,

341 1123 406 1171 et
427 1134 552 1171 eam
585 1118 846 1189 operibus
875 1136 1077 1174 ornare
1095 1121 1433 1176 studuerint.
1467 1122 1645 1175 Dicite
1669 1123 1837 1176 etiam
1859 1139 1944 1176 so-

341 1206 459 1259 rori
491 1213 704 1273 vestra,
737 1208 795 1261 id
827 1214 915 1262 est
952 1209 1132 1263 eidem
1187 1209 1334 1280 plebi
1393 1210 1450 1264 in
1495 1211 1780 1265 Christum
1821 1228 1942 1264 cre-

339 1293 520 1359 denti,
572 1296 706 1366 quia
756 1297 1198 1352 misericordiam
1257 1304 1554 1354 consecuta
1607 1307 1692 1354 est
1739 1301 1796 1354 in
1852 1318 1942 1354 me

340 1382 595 1436 credens.

417 1487 447 1521 ε
485 1471 738 1526 Judicate
784 1477 1024 1528 matrem
1054 1480 1316 1543 vestram,
1357 1477 1628 1546 judicate,
1659 1477 1791 1548 quia
1830 1495 1941 1533 non

343 1575 485 1613 uxor
505 1577 652 1622 mea.
675 1568 731 1616 et
759 1579 862 1632 ego
889 1581 1001 1618 non
1028 1565 1113 1618 vir
1131 1566 1270 1633 ejus.
1293 1584 1318 1617 »
1345 1566 1461 1620 Hoc
1488 1567 1755 1635 apostolis
1784 1575 1942 1623 caete-

339 1646 532 1718 risque
557 1649 914 1705 credentibus
940 1651 1163 1717 dicitur,
1201 1659 1262 1706 ut
1305 1653 1580 1723 judicent,
1616 1655 1672 1708 id
1722 1662 1808 1709 est
1850 1673 1943 1709 re-

2029 687 2183 738 tuam
2212 699 2332 736 eam
2359 684 2507 737 velut
2535 690 2744 737 terram
2777 683 3000 736 inviam.
3041 701 3067 732 ››
3109 682 3319 736 Domus
3347 681 3405 734 in
3431 679 3623 735 solitu-

2028 771 2215 824 dinem
2241 773 2760 842 redigitur,quando
2777 772 3065 826 dominum
3085 769 3372 841 prOprium
3387 769 3618 824 amittit.

2028 860 2096 913 Et
2125 860 2240 914 haac
2280 861 2436 932 plebs
2489 861 2544 914 in
2576 861 2937 915 solitudinem
2980 860 3206 913 redacta
3251 863 3354 922 est,
3396 858 3620 928 quando

2025 949 2176 1002 Deus
2192 950 2547 1020 omnipotens
2566 956 2790 1019 pr0pter
2810 955 3035 1019 peccata
3057 950 3178 1018 ejus
3198 948 3430 1001 recessit
3445 946 3514 1000 ab
3529 963 3615 1001 ea.

2027 1038 2185 1092 Unde
2217 1039 2497 1109 Propheta
2517 1039 2683 1092 dicit:
2711 1038 2929 1109 Reliqui
2950 1038 3180 1091 domum
3202 1053 3410 1100 meam,
3431 1036 3619 1090 dimisi

2026 1128 2411 1182 haereditatem
2435 1144 2639 1193 meam,
2660 1132 2764 1181 etc.
2787 1128 2852 1180 Et
2873 1128 2930 1180 in
2947 1126 3242 1195 Evangelia
3269 1126 3388 1196 ipse
3416 1126 3498 1179 eis
3519 1142 3620 1197 per

2024 1217 2387 1289 semetipsum
2422 1217 2673 1270 minatur
2719 1216 2868 1286 quod
2925 1215 3221 1269 relicturus
3273 1231 3368 1268 eos
3407 1214 3498 1279 sit,
3531 1215 3618 1267 di-

2025 1322 2183 1360 cens:
2225 1325 2250 1358 ¢
2286 1308 2420 1360 Ecce
2450 1307 2800 1376 relinquetur
2830 1304 2983 1357 vobis
3003 1303 3202 1356 domus
3223 1308 3409 1356 vestra
3430 1303 3616 1356 deser-

2024 1401 2100 1449 ta.
2139 1415 2160 1444 ι
2196 1396 2367 1450 Facta
2395 1401 2481 1449 est
2511 1410 2734 1466 quoque
2771 1393 2923 1446 velut
2953 1397 3108 1445 terra
3147 1390 3314 1452 invia,
3349 1390 3616 1460 quoniam

2023 1485 2241 1555 perdito
2278 1490 2430 1538 recto
2471 1484 2671 1537 itinere
2700 1482 2852 1537 fidei.
2885 1480 3129 1552 perdidit
3154 1481 3378 1533 Patrem
3417 1478 3619 1545 Deum,

2023 1573 2271 1643 perdidit
2301 1579 2358 1627 et
2385 1573 2588 1627 Filium
2621 1573 2742 1642 ejus
2782 1571 2877 1642 qui
2917 1571 3082 1623 dicit:
3124 1589 3145 1619 σ
3181 1568 3295 1638 Ego
3315 1583 3438 1620 sum
3470 1567 3614 1620 via.»

2029 1683 2050 1711 ι
2084 1662 2151 1716 Et
2177 1662 2510 1716 interficiam
2531 1678 2654 1714 eam
2684 1660 2798 1724 siti,
2833 1678 2859 1712 ιι)
2884 1659 2938 1712 id
2993 1664 3078 1711 est
3132 1657 3322 1727 inopia
3368 1655 3619 1709 omnium

341 1735 626 1805 darguant
650 1746 886 1793 matrem
913 1757 1072 1794 suam
1108 1742 1482 1812 Synagogam,
1511 1760 1633 1814 quae
1659 1745 1728 1797 de
1759 1761 1941 1799 mere—
1961 1729 2006 1789 B
2026 1750 2319 1811 bonorum,
2353 1751 2435 1805 vel
2477 1767 2540 1804 ea
2567 1750 2660 1803 siti
2698 1749 2766 1802 de
2799 1764 2908 1818 qua
2953 1747 3228 1817 propheta
3279 1745 3398 1799 Joel
3437 1744 3570 1798 dicit
3600 1762 3614 1797 :

340 1824 481 1878 trice
507 1842 646 1879 uxor
674 1828 1294 1898 effecta,pristinosnon
1327 1831 1594 1902 relinquit
1623 1833 1936 1887 moresSed

341 1930 567 1968 rursum
588 1932 749 1970 suam
774 1918 1117 1989 redarguant
1134 1921 1530 1991 matremquia
1557 1921 1830 1975 fornicata
1855 1928 1939 1976 est

341 2019 465 2056 cum
498 2005 618 2058 suis
642 2006 988 2061 amatoribus
1014 2007 1238 2081 iterum.
1273 2010 1342 2064 Et
1379 2009 1791 2064 consideranda
1831 2027 1935 2081 pa-

340 2092 543 2146 tientia
571 2100 631 2147 et
657 2095 955 2150 clementia
984 2077 1156 2167 hujus:
1193 2097 1313 2161 viri,
1343 2098 1546 2154 iterum
1584 2077 1936 2153 adhortantis

339 2181 482 2246 filios
513 2199 646 2236 suos
679 2190 742 2237 ut
777 2201 936 2238 suam
961 2186 1302 2257 redarguam
1329 2195 1586 2254 matrem,
1621 2189 1752 2259 quia
1798 2189 1935 2259 ipsis

339 2270 714 2336 credentibus,
745 2272 844 2326 illa
864 2274 923 2327 in
961 2275 1293 2329 infidelitate
1323 2277 1651 2347 permansit.
1689 2278 1804 2331 Hoc
1835 2280 1935 2330 im-

338 2358 552 2428 pletum
583 2366 668 2413 est
693 2367 846 2426 tunc,
873 2363 1093 2433 quando
1125 2364 1324 2418 Petrus
1349 2365 1557 2419 Judaeis
1574 2366 1937 2436 lacrymanti-

338 2445 442 2500 bus
463 2448 684 2503 dicebat
705 2467 752 2503 :c
776 2450 1170 2505 Pmnitentiam
1192 2453 1426 2522 agite,et
1443 2453 1753 2524 baptizetur
1769 2471 1938 2508 unus-

338 2537 578 2608 quisque
608 2544 873 2606 vestrum,
913 2559 934 2590 ι
970 2546 1073 2595 etc.
1109 2541 1402 2596 Ostendite
1431 2543 1516 2619 .ei,
1577 2543 1778 2613 inquit,
1808 2543 1938 2613 quia

338 2625 458 2696 ipsa
490 2643 604 2680 non
633 2644 774 2682 uxor
805 2645 950 2686 mea.
982 2635 1039 2684 et
1069 2646 1171 2700 ego
1201 2647 1313 2686 non
1361 2631 1446 2684 vir
1485 2632 1629 2702 ejus.
1659 2632 1934 2695 Quoniam

337 2714 487 2768 enim
521 2715 645 2786 ipsa
669 2733 759 2770 me
789 2718 1014 2788 repulit,
1039 2723 1096 2772 et
1124 2735 1227 2788 ego
1276 2718 1534 2789 abjiciam
1579 2735 1702 2773 eam
1732 2736 1802 2772 ne
1831 2719 1937 2772 sim

335 2803 419 2856 vir
445 2805 592 2873 ejus.
616 2805 715 2859 Vir
743 2807 948 2877 quippe
979 2807 1238 2862 Ecclesia:
1279 2808 1539 2861 Christus
1586 2815 1690 2872 est,
1722 2809 1791 2862 de
1826 2824 1936 2879 quo

335 2891 584 2948 haeretici
611 2895 806 2948 dicunt
834 2896 1014 2949 eidem
1066 2895 1353 2952 Ecclesia:
1422 2898 1545 2951 Non
1587 2903 1674 2951 est
1726 2898 1810 2950 vir
1875 2899 1935 2951 in

336 2980 505 3035 domo
528 2999 648 3036 sua.
675 3002 700 3035 «
733 2983 967 3038 Auferat
995 2983 1390 3040 fornicationes
1420 3002 1550 3040 suas
1579 3003 1612 3040 a
1639 2986 1778 3040 facie
1807 3003 1927 3049 sua,

337 3077 390 3124 et
413 3071 697 3125 adulteria
715 3088 817 3126 sua
846 3073 916 3126 de
972 3074 1156 3127 medio
1179 3073 1416 3128 uberum
1450 3091 1703 3129 suorum.
1735 3095 1761 3127 »
1794 3076 1931 3129 For-

336 3160 545 3213 nicatio
577 3161 660 3215 vel
697 3162 1037 3216 adulterium
1077 3164 1136 3216 in
1178 3179 1336 3217 sacro
1372 3164 1594 3234 eloquio
1631 3164 1934 3234 dupliciter

337 3247 628 3318 accipitur,
663 3255 721 3303 et
749 3266 849 3320 pro
887 3251 1246 3305 immunditia
1272 3252 1474 3317 carnis,
1499 3259 1557 3306 et
1581 3269 1682 3322 pro
1703 3252 1933 3305 idolola-

336 3336 460 3402 tria,
494 3337 566 3391 de
596 3355 708 3409 qua
734 3339 1005 3409 scriptum
1037 3346 1154 3394 est:
1190 3341 1398 3394 Perdes
1423 3357 1618 3395 omnes
1645 3341 1740 3411 qui
1764 3341 1932 3394 forni-

2023 1839 2244 1893 Mittam
2276 1840 2333 1892 in
2363 1856 2458 1892 eos
2488 1839 2689 1892 famem
2730 1844 2787 1890 et
2806 1837 3106 1899 sitim,non
3136 1837 3338 1890 famem
3357 1834 3517 1905 panis
3533 1832 3619 1886 vel

2021 1928 2170 1981 sitim
2201 1945 2378 1998 aquaa,
2410 1928 2502 1981 sed
2536 1928 2740 1980 famem
2780 1925 3042 1979 audiendi
3075 1923 3305 1977 verbum
3335 1923 3454 1975 Dei.
3490 1922 3618 1976 Sive

2021 2033 2223 2087 aquam
2244 2033 2368 2087 quae
2388 2017 2469 2069 eis
2487 2016 2674 2069 ablata
2694 2020 2797 2071 est.
2830 2029 3127 2084 possumus
3145 2010 3387 2081 gratiam
3404 2009 3617 2063 intelli-

2015 2122 2149 2175 gere
2171 2105 2413 2174 Spiritus
2435 2104 2610 2158 sancti
2639 2104 2708 2156 de
2738 2120 2849 2173 qua
2873 2103 2992 2172 ipse
3023 2101 3079 2153 in
3111 2099 3406 2168 Evangelia
3437 2097 3615 2168 loqui-

2017 2201 2128 2258 tur,
2151 2195 2391 2248 invitans
2418 2210 2612 2247 onmes
2642 2192 2712 2246 ad
2742 2209 2820 2254 se,
2839 2197 2900 2244 ut
2920 2205 3124 2259 aquam
3141 2187 3418 2256 accipiant
3433 2185 3614 2238 abillo

2018 2283 2191 2336 hanc:
2228 2282 2332 2346 Qui
2375 2283 2515 2345 sitit,
2545 2281 2824 2350 inquiens.
2859 2279 3047 2332 veniat
3073 2277 3141 2331 ad
3191 2293 3280 2329 me
3332 2280 3390 2328 et
3439 2273 3614 2338 bibat,

2020 2377 2077 2425 et
2105 2372 2337 2426 ﬂumina
2365 2372 2434 2424 de
2464 2376 2655 2423 ventre
2669 2371 2790 2438 ejus
2811 2369 2989 2422 fluent
3018 2383 3177 2437 aquae
3207 2364 3499 2418 vivaaHaec
3519 2379 3618 2416 au-

2019 2466 2132 2514 tem
2163 2459 2353 2514 omnia
2382 2459 2655 2513 etJudzeis
2675 2456 3232 2528 aptanturChristum
3256 2451 3614 2523 negantibus,

2020 2553 2078 2603 et
2099 2548 2375 2603 haereticis
2405 2552 2613 2601 rectam
2647 2546 2814 2599 fidem
2871 2542 3344 2614 relinquentibus,
3378 2547 3434 2595 et
3463 2541 3618 2594 varia

2019 2639 2287 2708 dogmata
2314 2653 2569 2690 errorum
2581 2636 2764 2696 corde,
2789 2633 2955 2686 verbo
2974 2638 3031 2685 et
3051 2647 3219 2702 opere
3229 2629 3613 2701 sequentibus,

2020 2727 2112 2797 qui
2131 2726 2234 2781 nisi
2252 2725 2637 2796 pcenitentiam
2662 2723 2898 2792 egerint,
2914 2720 3206 2791 exspoliati
3227 2718 3488 2772 omnibus
3509 2718 3617 2771 vir-

2017 2814 2234 2869 tutibus
2267 2831 2407 2884 quas
2455 2813 2512 2866 in
2572 2811 2816 2866 Ecclesia
2862 2813 3254 2880 perceperunt,
3287 2807 3619 2876 redigentur

2012 2905 2174 2973 juxta
2201 2903 2350 2956 diem
2373 2899 2682 2955 nativitatis
2696 2916 2829 2963 suae,
2861 2903 2917 2951 et
2937 2897 3115 2950 effecti
3132 2895 3376 2950 solitudo
3389 2901 3444 2949 et
3461 2900 3618 2949 terra

2018 2991 2478 3062 invia,patientur
2493 2989 2644 3043 sitim
2661 2987 2746 3040 vel
2771 2985 3090 3040 ariditatem
3105 3001 3275 3038 sacrae
3290 2983 3610 3054 Scriptum.

2015 3087 2078 3134 ut
2108 3081 2280 3134 etiam
2313 3079 2460 3150 quod
2490 3078 2631 3131 falso
2667 3076 2874 3130 habere
2908 3073 3263 3139 videbantur,
3285 3072 3345 3126 in
3377 3071 3617 3126 nihilum

2017 3170 2328 3239 redigatur.

2091 3277 2114 3310 α
2149 3259 2217 3312 Et
2256 3258 2499 3311 filiorum
2521 3256 2679 3309 illius
2710 3271 2820 3308 non
2855 3253 3180 3311 miserebor,
3213 3251 3479 3322 quoniam
3515 3249 3617 3304 filii

2013 3347 2443 3401 fornicationum
2467 3350 2616 3404 sunt,
2628 3344 2762 3414 quia
2781 3342 3052 3396 fornicata
3068 3347 3153 3394 est
3163 3345 3348 3393 mater
3361 3355 3612 3393 eorum.)

333 3432 539 3480 cantur
567 3427 665 3480 abs
681 3429 1096 3483 te.Fornicatur
1117 3430 1321 3500 quippe
1349 3431 1434 3484 vel
1455 3430 1794 3484 adulterium
1810 3447 1932 3500 per-
2013 3437 2248 3500 Quando
2279 3434 2491 3506 egressi
2512 3438 2646 3487 sunt
2664 3433 2842 3487 Judaei
2859 3433 2929 3485 de
2949 3429 3395 3501 Egyptodratus
3416 3427 3617 3481 Domi-

332 3521 522 3584 petrat
548 3517 769 3582 mulier,
801 3535 922 3588 qua:
955 3519 1259 3572 multorum
1289 3524 1446 3588 patet
1472 3518 1801 3582 libidini,vel
1833 3536 1929 3573 su-
2012 3542 2119 3579 nus
2148 3523 2398 3595 patribus
2425 3538 2642 3588 eorum,
2669 3520 2951 3574 interfecit
2979 3535 3074 3572 eos
3106 3518 3163 3570 in
3184 3517 3425 3572 deserto.
3451 3514 3615 3572 Filio-

333 3619 430 3673 per
456 3605 644 3658 virum
675 3622 840 3660 suum
868 3607 1089 3661 inducit
1112 3608 1457 3662 alienum.Et
1477 3608 1609 3677 quia
1633 3608 1713 3660 vir
1730 3608 1931 3660 anima:
2014 3631 2136 3667 mm
2155 3619 2345 3667 autem
2366 3613 2616 3682 ipsorum
2637 3611 2982 3671 misertus,et
2997 3607 3066 3659 ad
3084 3606 3250 3658 vitam
3265 3620 3360 3656 eos
3371 3619 3616 3656 reserva-

333 3693 478 3747 Deus
502 3699 608 3760 est,
640 3695 880 3765 populus
908 3696 1248 3750 lsraeliticus
1272 3697 1527 3767 plurimis
1551 3696 1930 3750 fornicationi-
2013 3703 2109 3767 vit,
2143 3708 2201 3755 et
2225 3708 2434 3756 terram
2468 3715 2635 3770 quam
2672 3696 2929 3768 patribus
2952 3711 3145 3749 eorum
3164 3690 3615 3764 promiserat,de-

334 3780 431 3836 bus
461 3800 530 3837 se
559 3782 962 3848 SUbStl‘avel‘at.
1000 3785 1131 3856 (Ιυὶεῑ
1160 3786 1352 3840 relicto
1382 3785 1767 3855 omnipotente
1791 3787 1927 3848 D80.
2010 3791 2113 3844 dit.
2138 3790 2246 3844 Sed
2279 3789 2441 3843 modo
2474 3788 2724 3840 minatur
2756 3801 2867 3839 non
2902 3785 2982 3838 ita
3010 3800 3070 3837 se
3107 3783 3385 3836 facturum
3402 3779 3609 3834 dicens:

333 3872 642 3926 multorum
668 3880 930 3944 portenta
953 3875 1269 3930 daemonum
1297 3875 1688 3929 venerabatur.
1713 3875 1926 3930 Idcirco

332 3975 476 4014 nunc
498 3961 710 4015 dicitur
737 3982 749 4016 :
788 3981 814 4016 ι
846 3963 919 4018 Ut
939 3963 1159 4018 auferat
1184 3963 1580 4017 fornicationes
1595 3980 1771 4017 suasa
1790 3963 1928 4016 facie

335 4064 448 4114 sua,
481 4069 507 4100 ι
535 4050 589 4104 id
607 4058 712 4117 est,
728 4053 1006 4106 culturam
1023 4054 1255 4106 deorum
1279 4058 1564 4106 removeat
1579 4051 1648 4106 ab
1670 4069 1861 4105 amore
1873 4057 1931 4105 et

335 4141 632 4207 praesentia
653 4158 774 4203 sua,
815 4142 945 4212 quia
973 4143 1280 4196 multorum
1303 4141 1531 4212 patebat
1550 4141 1930 4206 libidini,deos

2010 3880 2280 3933 Filiorum
2320 3877 2472 3931 illius
2501 3892 2611 3929 non
2641 3874 2966 3932 miserebor,
3014 3871 3109 3925 sed
3143 3871 3200 3924 in
3233 3869 3616 3940 captivitatem

2010 3968 2178 4022 simul
2203 3984 2329 4021 cum
2358 3965 2610 4036 patribus
2663 3969 2919 4033 pergent,
2953 3960 3143 4029 ibique
3191 3958 3524 4034 morientur,
3559 3961 3617 4009 et

2009 4063 2218 4108 terram
2252 4053 2563 4108 nativitatis
2583 4068 2699 4105 suae
2733 4066 2844 4103 non
2878 4047 3144 4101 videbunt
3168 4046 3336 4107 ultra,
3365 4044 3496 4113 quia
3514 4043 3614 4096 filii

2012 4143 2444 4197 fornicationum
2463 4148 2614 4204 sunt,
2634 4140 2738 4193 hoc
2759 4144 2844 4191 est
2863 4137 2920 4190 in
2941 4135 3164 4188 cultura
3187 4133 3463 4186 idolorum
3481 4134 3617 4184 sunt

335 4231 586 4283 omnium
607 4231 860 4300 gentium
881 4229 1328 4286 colens.Auferat
1345 4231 1622 4285 adulteria
1643 4233 1810 4283 etiam
1827 4246 1929 4284 sua
1946 4280 1993 4300 ἢ
2013 4232 2152 4286 nati.
2190 4231 2424 4295 Qualem
2458 4229 2663 4300 quippe
2702 4227 2869 4280 fidem
2900 4222 3170 4278 tenebant
3197 4227 3407 4292 patres,
3442 4219 3612 4273 talem

337 4317 399 4371 de
426 4319 621 4373 medio
653 4319 887 4374 uberum
918 4337 1170 4383 suorum,
1201 4320 1307 4374 hoc
1336 4327 1422 4374 est
1474 4320 1544 4373 de
1585 4319 1772 4384 corde,
1819 4335 1928 4388 quo

337 4409 545 4462 malum
580 4425 720 4480 opus
750 4410 993 4481 primum
1035 4410 1362 4480 concipitur.
1396 4408 1506 4463 Cor
1535 4408 1738 4479 quippe
1785 4409 1932 4462 inter

339 4496 506 4552 ubera
533 4504 639 4564 est,
669 4499 739 4552 de
770 4516 880 4570 quo
913 4506 995 4564 (ut
1031 4499 1306 4553 Dominus
1346 4498 1692 4563 manifestat)
1726 4503 1932 4551 exeunt

335 4587 701 4656 cogitationes
725 4589 903 4642 malae.
938 4588 1003 4642 Et
1023 4587 1102 4642 illi
1137 4588 1294 4659 prius
1321 4587 1532 4641 malum
1563 4587 1622 4640 in
1651 4588 1816 4640 corde
1845 4603 1933 4640 co-

336 4674 610 4743 gitabant,
634 4690 692 4730 et
711 4677 1027 4730 sicdemum
1059 4677 1429 4747 cogitationes
1460 4676 1516 4729 in
1533 4692 1673 4747 Opus
1695 4691 1929 4746 pravum

339 4765 560 4832 prodire
589 4765 888 4820 faciebant.
923 4767 1276 4838 Quapropter
1303 4766 1566 4820 hortatur
1595 4781 1718 4818 eam
1743 4781 1929 4818 sermo

337 4851 646 4919 divinus,ut
662 4855 780 4908 haec
803 4855 992 4909 omnia
1011 4872 1044 4909 a
1063 4872 1124 4909 se
1146 4861 1447 4915 removeat,
1470 4872 1539 4908 ne
1559 4861 1790 4925 propter
1808 4871 1930 4925 pcr-

340 4947 556 5010 petrata
574 4944 787 4998 scelera
815 4944 1015 5014 perdat
1043 4947 1190 5002 bona
1210 4944 1477 4998 divinitus
1509 4944 1613 4997 sibi
1640 4945 1861 4997 collata.

408 5049 432 5082 ε
463 5034 548 5086 Ne
572 5033 735 5099 forte,
770 5053 796 5086 ι)
826 5035 1028 5105 inquit,
1057 5056 1078 5086 ι
1117 5034 1422 5104 exspoliem
1451 5049 1575 5087 eam
1613 5033 1846 5098 nudam,
1874 5037 1928 5085 et

340 5125 581 5175 statuam
603 5139 726 5177 eam
748 5124 1054 5178 secundum
1077 5125 1224 5178 diem
1239 5122 1549 5176 nativitatis
1569 5120 1930 5176 suachstis

343 5225 448 5278 qua
463 5210 759 5280 tegebatur
778 5212 973 5266 eadem
997 5209 1516 5282 plebs,intelligitur
1542 5209 1636 5263 Dei
1658 5209 1929 5262 auxilium

342 5298 592 5352 doctrina
619 5301 759 5370 legis
773 5307 830 5355 et
847 5301 1244 5372 prophetarum
1256 5344 1268 5362 ,
1299 5306 1356 5353 et
1375 5299 1551 5353 tutela
1565 5299 1890 5368 angelorum
1908 5343 1919 5354 .

343 5388 471 5451 Quae
501 5389 690 5443 omnia
721 5391 970 5444 minatur
996 5392 1144 5444 Deus
1165 5388 1520 5459 omnipotens
1545 5405 1604 5441 se
1631 5387 1681 5440 ei
1711 5387 1928 5453 tollere,

343 5478 443 5532 nisi
501 5480 808 5550 potentiam
850 5487 981 5551 agat
1038 5495 1072 5532 a
1122 5478 1458 5549 perpetratis
1504 5475 1825 5539 sceleribus,
1870 5482 1935 5528 ut

347 5565 440 5621 fiat
471 5569 624 5623 nuda
661 5569 938 5641 plenaque
971 5567 1303 5639 ignominia,
1334 5565 1508 5620 veluti
1537 5565 1672 5619 olim
1707 5563 1831 5618 fuit.
1863 5564 1936 5618 Et

1946 4280 1994 4338 D

2012 4320 2284 4374 docebant
2319 4319 2480 4373 ﬁlios.
2513 4317 2673 4372 Unde
2705 4322 2762 4370 et
2789 4313 3082 4369 subditur:
3121 4330 3146 4362 «
3171 4309 3313 4375 Quia
3340 4309 3615 4363 fornicata

2013 4416 2100 4464 est.
2127 4416 2309 4464 mater
2323 4423 2572 4462 eorum.»
2607 4405 2765 4460 Sicut
2792 4404 2939 4458 enim
2966 4403 3212 4472 viperam
3231 4399 3422 4470 vipera
3443 4397 3608 4469 parit,

2013 4499 2091 4551 sic
2111 4498 2304 4551 eadem
2333 4494 2488 4566 plebs
2511 4496 2650 4548 tales
2662 4493 2806 4546 filios
2822 4490 3114 4562 generavit
3127 4488 3309 4559 qualis
3325 4489 3447 4558 ipsa
3467 4490 3609 4551 erat,

2018 4605 2044 4636 ((
2077 4585 2317 4639 Confusa
2339 4589 2477 4643 est,»
2503 4581 2558 4634 id
2577 4587 2663 4634 est
2691 4579 3069 4649 obstupuit,et
3097 4577 3153 4630 in
3179 4575 3616 4629 admirationem

2012 4691 2188 4739 versa,
2227 4692 2251 4724 «
2271 4689 2394 4743 qua:
2423 4670 2681 4741 concepit
2705 4685 2799 4723 eos
2832 4686 2858 4720 ν
2892 4673 2949 4721 et
2978 4666 3118 4720 ﬁlios
3143 4663 3353 4717 diaboli
3391 4662 3604 4717 effecit.

2016 4782 2040 4816 α
2071 4762 2364 4827 Quiadixit
2390 4781 2401 4814 :
2429 4760 2642 4813 Vadam
2675 4766 2800 4828 post
2823 4761 3104 4810 amatores
3143 4768 3317 4817 meos,
3353 4750 3448 4821 qui
3475 4750 3616 4804 dant

2011 4868 2213 4923 panem
2239 4850 2376 4904 mihi
2406 4855 2463 4903 et
2489 4865 2674 4919 aquas.
2695 4861 2867 4907 meas,
2903 4844 3089 4896 lanam
3117 4856 3301 4894 meam
3334 4844 3392 4893 et
3432 4838 3611 4894 linum

2012 4957 2220 5002 meum,
2239 4941 2421 4994 oleum
2443 4954 2628 4992 meum
2655 4942 2713 4989 et
2734 4939 2928 5005 potum
2945 4947 3189 4986 meum.»
3215 4930 3333 4984 Hoc
3353 4929 3618 4983 dixerunt

2009 5029 2205 5092 Judaei,
2240 5029 2372 5083 dum
2398 5028 2646 5081 colerent
2669 5024 3014 5077 diversarum
3036 5020 3289 5090 gentium
3303 5019 3615 5073 deos.cVa-

2012 5118 2139 5171 dam
2174 5117 2396 5187 (inquit)
2433 5120 2560 5186 post
2581 5117 2862 5167 amatores
2887 5127 3062 5177 meos,
3099 5131 3119 5159 ι
3146 5109 3199 5162 id
3225 5107 3445 5173 est,fide
3458 5112 3515 5160 et
3534 5107 3616 5160 di-

2013 5207 2250 5260 lectione
2271 5221 2480 5275 sequar
2507 5202 2662 5266 deos,
2694 5201 2777 5255 vel
2826 5199 3092 5254 imitabor
3141 5203 3341 5268 gentes
3373 5213 3616 5268 quarum

2015 5296 2148 5349 deos
2178 5296 2372 5360 adoro,
2407 5293 2502 5364 qui
2535 5291 2671 5346 mihi
2719 5291 2855 5344 dant
2885 5305 3085 5359 panem
3137 5295 3194 5342 et
3231 5303 3458 5358 aquam,
3505 5291 3612 5341 etc.

2017 5383 2221 5439 Omnia
2251 5383 2399 5436 enim
2429 5382 2592 5442 bona,
2619 5379 2903 5451 quaeidem
2930 5378 3168 5448 populus
3197 5377 3417 5431 CtPlltllS
3441 5391 3473 5429 a
3495 5375 3614 5429 Deo

2015 5479 2362 5546 perceperat.
2397 5469 2784 5526 adaemonibus
2813 5484 2873 5521 se
2897 5467 3100 5521 habere
3132 5464 3615 5536 putabat,illisque

2014 5569 2198 5618 totum
2231 5561 2561 5617 ascribebat.
2583 5559 2743 5625 Quod
2765 5557 2936 5612 etiam
2950 5561 3130 5611 totum
3153 5554 3523 5626 spiritualiter
3543 5551 3615 5605 ad
