4090 6164
388 178 455 238 23

807 179 1189 242 HAYMONIS
1224 185 1716 248 HALBERSTAT.
1756 185 1978 242 EPISC.
2021 184 2185 240 OPP.
2225 186 2408 242 PARS
2446 188 2491 243 Ι.
2534 220 2598 232 -
2637 187 3011 244 COMMENT.
3050 183 3240 246 BIBL.

3596 189 3667 246 24

390 309 473 364 sic
501 309 702 364 faciam
732 326 859 365 cum
908 328 1003 367 eos
1046 313 1117 367 de
1147 318 1300 368 terra
1329 316 1669 387 captivitatis
1692 328 1885 367 eorum
1914 311 1981 365 ad
2001 310 2052 370 Α
2074 311 2266 365 Achor
2291 312 2362 366 ad
2389 312 2747 383 aperiendam
2787 329 2963 384 spem,
3000 332 3023 364 ι
3048 311 3386 367 subauditur
3412 310 3584 372 dabo.

395 401 691 472 proprium
706 400 978 456 reduxero
994 403 1302 458 nativitatis
1316 406 1515 459 solum.
1549 425 1568 456 ι
1608 406 1674 457 Et
1695 406 1894 474 loquar
1921 402 1991 455 ad

396 504 494 542 cor
523 489 665 559 ejus,
702 508 726 541 »
751 490 940 543 mollia
970 490 1180 545 scilicet
1210 493 1375 546 verba
1427 498 1484 546 et
1513 491 1883 546 consolatoria
1913 491 1992 544 illi

2149 418 2174 452 (ι
2208 402 2276 455 Et
2305 408 2468 455 canet
2496 402 2569 456 ibi
2594 404 2755 471 juxta
2779 402 2900 456 dies
2923 402 3237 473 juventutis
3269 419 3401 464 suae,
3427 408 3484 458 et
3503 404 3665 474 juxta

2076 489 2195 542 dies
2218 491 2561 544 ascensionis
2585 507 2698 545 suae
2712 492 2780 545 de
2802 496 2953 545 terra
2965 492 3213 563 .IEgypti.
3244 512 3266 542 ι
3303 493 3482 546 Etiam
3514 509 3664 549 nunc

401 577 703 648 proferam,
748 584 812 632 ut
850 579 1135 634 tristitiam
1174 582 1297 651 ejus
1349 582 1557 651 gaudio
1588 580 1844 633 relevem.
1877 581 1995 634 Hoc
2077 577 2754 634 historimsimilitudinem
2775 586 3094 639 conservat.
3128 580 3195 635 In
3224 581 3410 635 Exodo
3440 582 3666 653 legitur,

401 665 551 720 enim
582 667 861 736 signiﬁcat
889 669 1043 739 loqui
1066 669 1137 722 ad
1160 687 1272 723 cor.
1292 671 1451 724 Unde
1491 677 1578 723 est
1601 688 1615 723 :
1637 672 1881 724 Locutus
1911 675 1998 723 est
2079 662 2225 732 quod
2248 663 2540 717 submerso
2567 664 2857 721 Pharaone
2891 672 2949 720 et
2994 666 3250 737 equitatu
3274 664 3425 721 illius
3450 669 3507 722 in
3527 669 3670 724 mari

404 755 624 810 Sichem
656 757 727 810 ad
748 773 844 810 cor
864 757 1038 820 Dinae;
1081 765 1137 811 et
1160 759 1387 828 Joseph,
1420 766 1716 830 postquam
1746 776 1781 813 a
1807 759 1997 813 fratri-

407 850 510 898 bus
533 847 968 915 recognoscitur,
983 847 1134 917 loqui
1154 848 1223 899 ad
1253 864 1350 900 cor
1374 864 1566 902 eorum
1596 848 1817 902 dicitur.
1845 849 2001 902 Tunc

404 932 512 987 hoc
529 934 826 1006 impletum
874 941 979 999 est,
1029 936 1251 1006 quando
1276 936 1450 991 Filius
1478 937 1599 999 Dei,
1641 938 1737 1008 qui
1774 938 1865 991 hic
1902 954 2004 1009 per

404 1024 738 1094 prophetam
769 1024 1033 1094 loquitur.
1060 1024 1119 1078 in
1148 1042 1313 1080 carne
1333 1043 1610 1097 apparens
1629 1028 1765 1082 dicit
1786 1034 2005 1099 aposto-

408 1111 496 1177 lis,
516 1112 690 1166 immo
719 1112 978 1167 omnibus
1004 1113 1294 1185 discipulis
1328 1116 1442 1169 suis
1478 1133 1541 1170 ex
1573 1134 1640 1171 ea
1662 1124 1830 1188 gente
1857 1118 1915 1171 in
1946 1134 2005 1171 se

406 1200 796 1255 credentibus:
829 1203 955 1255 Jam
988 1219 1098 1256 non
1114 1203 1293 1257 dicam
1320 1222 1416 1258 vos
1451 1207 1767 1271 servos,sed
1795 1207 2004 1261 amicos

406 1303 584 1357 meos;
603 1307 743 1360 quos
776 1291 946 1344 etiam
989 1293 1135 1346 ﬁlios
1159 1293 1532 1359 vocat,dicens
1556 1294 1788 1362 :Filioli,
1822 1297 2006 1351 adhuc

405 1375 690 1432 vobiscum
721 1396 868 1437 sum.

487 1485 511 1518 «
531 1467 602 1521 Et
614 1467 759 1523 dabo
773 1468 825 1523 ei
842 1469 1108 1525 vinitores
1139 1489 1208 1526 ex
1228 1473 1577 1528 eodemloco.
1596 1493 1623 1526 ι)
1653 1474 1788 1538 Quae
1807 1475 2008 1529 sithaec

409 1554 785 1622 vinea,Isaias
832 1558 1091 1626 ostendit,
1129 1561 1224 1631 qui
1253 1561 1386 1616 dicit
1416 1577 1428 1611 :
1458 1561 1635 1617 Vinea
1663 1564 1887 1618 Domini
1913 1580 2006 1618 sa-

2081 751 2292 807 Rubro.
2321 753 2419 805 ﬁlii
2445 754 2617 807 Israel
2647 756 2970 810 cecinerunt
2988 757 3228 813 Domino
3244 760 3549 825 canticum,
3590 758 3673 812 di-

2083 847 2274 895 centes
2307 859 2319 893 :
2354 860 2379 894 α
2408 843 2715 897 Cantemus
2763 845 3019 912 Domino,
3053 866 3078 900 »
3110 854 3214 902 etc.
3258 849 3420 913 Quod
3455 853 3678 918 tempus

2080 931 2395 1001 juventutis
2426 931 2575 985 illius
2596 934 2913 1003 appellatur
2940 936 3080 992 dies.
3099 952 3163 991 eo
3196 938 3343 1008 quod
3361 944 3497 992 tunc
3532 937 3680 991 idem

2087 1021 2326 1091 populus
2355 1019 2413 1073 in
2446 1021 2554 1075 ﬁde
2583 1028 2640 1075 et
2660 1023 2929 1093 religione
2950 1032 3227 1080 cresceret
3254 1027 3524 1090 Dei,nam
3543 1030 3681 1081 ante

2088 1109 2239 1163 idola
2266 1109 2542 1163 colebant.
2573 1110 2628 1164 id
2685 1118 2769 1165 est
2823 1113 3024 1167 vitulos
3068 1115 3479 1185 Egyptiorum.
3522 1115 3681 1171 Unde

2086 1204 2281 1269 postea
2308 1198 2544 1253 vitulum
2576 1199 2831 1255 fabricati
2851 1209 3001 1267 sunt,
3042 1203 3292 1258 dicentes
3324 1222 3386 1258 :«
3419 1205 3519 1259 Isti
3547 1210 3682 1260 sunt
3736 1210 3743 1215 ”

2086 1287 2163 1340 dii
2180 1287 2282 1345 tui.
2307 1286 2505 1354 Israel,
2531 1311 2551 1336 ι
2575 1295 2659 1343 etc
2701 1290 2770 1343 Et
2788 1308 3034 1361 congrue
3047 1292 3253 1359 dicitur
3284 1305 3338 1346 τα
3363 1295 3529 1348 Juxta
3559 1294 3678 1349 dies

2088 1377 2433 1430 ascensionis
2462 1394 2577 1432 suae
2603 1378 2672 1432 de
2700 1384 2854 1434 terra
2881 1381 3126 1452 Egypti,
3172 1401 3194 1433 ι
3240 1383 3372 1453 quia
3408 1384 3681 1455 Egyptus

2095 1467 2153 1521 in
2182 1467 2434 1536 planitie,
2468 1472 2621 1522 terra
2648 1474 2837 1523 autem
2876 1471 3330 1542 repromissionis
3377 1478 3463 1527 est
3516 1490 3679 1528 mon-

2088 1561 2277 1613 tuosa.
2314 1555 2559 1627 Ideoque
2582 1557 2651 1611 de
2670 1557 2909 1629 {Egypto
2952 1559 3011 1613 in
3051 1560 3303 1615 Judaeam
3341 1567 3666 1633 pergentes,

412 1643 604 1708 baoth,
625 1646 826 1702 domus
838 1646 1129 1704 Ismelest,
1164 1651 1232 1705 Et
1261 1650 1453 1705 David;
1479 1653 1712 1707 Vineam
1736 1654 1806 1707 de
1834 1655 2004 1726 Επ-
2022 1662 2070 1722 Β
2088 1645 2388 1700 ascendere
2407 1646 2692 1712 dicuntur,
2715 1647 2858 1702 sicut
2871 1653 2930 1702 et
2948 1648 3276 1720 frequenter
3294 1651 3421 1705 eisa
3444 1651 3684 1706 Domino

409 1739 509 1807 pto
529 1737 888 1792 transtulisti.
923 1738 1067 1792 Huic
1113 1739 1379 1794 vinitores
1427 1741 1544 1795 dati
1573 1748 1725 1805 sunt,
1765 1744 2011 1815 primum

413 1824 723 1895 egredienti
754 1826 825 1879 de
852 1826 1093 1898 Egypto
1141 1830 1361 1900 Moyses
1392 1835 1450 1883 ct
1494 1832 1702 1895 Aaron,
1731 1837 1788 1886 et
1824 1832 2011 1887 caeteri

415 1913 511 1984 qui
524 1918 661 1968 tunc
678 1915 949 1986 temporis
969 1915 1138 1971 verbo
1168 1923 1225 1971 et
1258 1920 1510 1988 exemplo
1532 1919 1661 1974 boni
1686 1930 2011 1992 operatores

416 2002 670 2057 eamdem
690 2004 1050 2059 excoluerant
1067 2007 1308 2067 vineam,
1342 2007 1544 2061 deinde
1576 2010 1917 2078 regredienti
1944 2012 2013 2065 de

413 2091 739 2162 captivitate
752 2092 1053 2148 Chaldaica
1081 2094 1405 2157 Zorobabe],
1429 2097 1457 2150 J
1463 2113 1590 2151 esus
1612 2105 1669 2151 et
1688 2099 2009 2165 Nehemias,

414 2184 587 2250 atque
634 2181 859 2247 Esdras,
895 2183 1193 2254 ceterique
1246 2185 1552 2256 prophetaa,
1586 2186 1681 2257 qui
1732 2187 1863 2241 boni
1893 2189 2016 2258 ejus

413 2268 659 2324 cultores
677 2270 956 2324 exstitere.
974 2271 1110 2325 Post
1131 2289 1352 2344 quoque
1375 2274 1433 2327 in
1463 2292 1565 2329 suo
1595 2276 1837 2330 adventu
1867 2278 2014 2348 opti-

414 2374 540 2412 mos
559 2358 641 2412 illi
660 2359 816 2413 dedit
830 2360 1401 2433 vinitores,apostolos
1414 2364 1789 2436 videlicet,qui
1819 2383 2014 2420 omnes

416 2463 483 2502 ex
515 2448 711 2502 eodem
742 2449 862 2503 Ioco
891 2450 1137 2512 fuerunt,
1170 2452 1272 2506 hoc
1300 2458 1387 2506 est
1410 2470 1475 2506 ex
1502 2454 2018 2510 eademlsraelitica

416 2535 600 2609 plebe.
640 2557 662 2589 ι
695 2538 765 2591 Et
788 2539 982 2593 vallem
1014 2540 1200 2593 Achor
1245 2541 1313 2594 ad
1374 2543 1734 2612 aperiendam
1781 2561 1956 2615 spem.
1988 2564 2010 2596 ι

417 2624 523 2680 Hic
550 2642 776 2680 necesse
796 2632 883 2681 est
906 2634 970 2681 ut
995 2629 1198 2682 veteris
1226 2631 1586 2684 recordemur
1614 2632 1875 2687 historiae.
1908 2635 2007 2688 Le-

415 2714 607 2784 gimus
650 2716 856 2787 quippe
903 2716 960 2770 in
1007 2716 1148 2772 libro
1177 2719 1311 2773 Jesu
1358 2720 1528 2784 Nave,
1564 2722 1709 2791 quod
1758 2739 1883 2776 cum
1917 2722 2017 2776 ﬁlii

419 2801 597 2858 Israel
610 2805 886 2876 cepissent
903 2807 1146 2872 Hierico,
1168 2808 1661 2863 anathematizavit
1680 2827 1802 2864 eam
1825 2812 2011 2876 Iosue,

420 2893 724 2965 omniaque
746 2911 868 2965 quae
896 2893 1163 2949 erant‘in
1223 2914 1306 2960 ea,
1351 2899 1612 2968 quodque
1648 2901 1833 2953 Achar
1869 2901 2077 2997 ﬁliusC

421 2980 672 3044 Charmi,
703 2983 894 3037 videns
915 2985 1167 3054 quadam
1219 2986 1368 3040 inter
1415 2987 1593 3057 spolia
1615 2989 1853 3043 civitatis
1896 3007 2019 3059 quis

421 3069 531 3124 sibi
556 3071 762 3141 placita
808 3073 979 3135 fuere,
1010 3074 1203 3127 tulerit
1231 3075 1299 3127 de
1344 3076 1723 3131 anathemate.
1768 3078 2020 3149 Cumque

386 3186 391 3189 -
419 3174 535 3213 non
558 3166 783 3230 possent
813 3160 911 3214 ﬁlii
935 3162 1108 3216 Israel
1139 3163 1392 3217 hostibus
1414 3167 1689 3228 resistere,
1707 3167 2021 3221 consuluis-

422 3253 662 3318 sentque
691 3247 991 3303 Dominum
1045 3267 1215 3322 super
1242 3252 1365 3316 hoc,
1411 3259 1465 3307 et
1504 3255 1598 3307 illo
1650 3256 2024 3326 respondente

424 3336 576 3406 quod
604 3336 777 3391 dediti
807 3345 996 3392 essent
1022 3339 1080 3393 in
1107 3340 1210 3394 hoc
1245 3342 1391 3411 quod
1422 3343 1632 3396 fecerat
1661 3336 1864 3409 Achar,
1896 3345 2025 3398 fecit

425 3439 553 3478 cum
573 3424 990 3497 Josuelapidari
1011 3428 1081 3480 ab
1106 3430 1364 3483 omnibus
1384 3431 1514 3484 ﬁliis
1542 3433 1732 3493 Israel,
1761 3434 2025 3504 locusque

427 3514 719 3570 occisionis
760 3518 883 3586 ejus
927 3523 1155 3572 vocatus
1199 3525 1285 3573 est
1338 3520 1496 3573 vallis
1551 3522 1757 3587 Achor,
1798 3523 1903 3577 hoc
1941 3529 2028 3578 est

426 3603 587 3657 vallis
612 3604 1078 3671 conturbationis,
1111 3623 1176 3661 eo
1217 3608 1362 3678 quod
1395 3609 1605 3663 dixerit
1639 3612 1807 3665 Josue
1840 3630 1850 3664 :
1883 3612 2028 3676 Quia

427 3692 775 3747 conturbasti
803 3710 926 3756 nos,
958 3695 1216 3750 exturbet
1265 3703 1321 3750 te
1376 3698 1645 3752 Dominus
1686 3700 1744 3753 in
1774 3700 1864 3754 die
1896 3702 2017 3756 hac.

428 3780 564 3834 Post
583 3782 744 3850 cujus
759 3781 1205 3838 interfectionem
1232 3793 1427 3857 aperta
1450 3792 1535 3841 est
1565 3789 1694 3843 ﬁliis
1717 3791 2025 3862 Israelspes

426 3868 673 3923 victoriae
713 3868 936 3935 futurae,
983 3880 1390 3945 pergentesque
1432 3883 1701 3947 ceperunt
1757 3879 2023 3950 oppidum

429 3956 1307 4020 Hai,interfectishabitatoribus
1320 3966 1438 4033 ejus
1472 3988 1484 4025 ι
1516 3973 1574 4019 et
1597 3982 1802 4021 mmror
1830 3985 2026 4024 eorum

429 4046 488 4101 in
507 4048 776 4118 gaudium
797 4066 990 4104 versus
1016 4056 1119 4116 est,
1157 4051 1346 4123 ibique
1366 4071 1520 4124 spem
1542 4063 1907 4127 sumpserunt
1931 4058 2027 4113 ubi

428 4135 617 4191 fuerat
640 4137 957 4208 desperatio
1010 4139 1116 4192 Sed
1163 4141 1295 4209 quia
1324 4142 1447 4207 hoc,
1482 4151 1547 4196 ut
1576 4145 1785 4199 dictum
1818 4152 1921 4212 est,
1953 4147 2029 4200 ia-

432 4228 585 4279 ctum
606 4230 829 4278 constat
857 4226 1046 4289 fuisse,
1065 4227 1350 4282 videamus
1376 4230 1507 4299 quid
1537 4231 1643 4284 sibi
1673 4233 1842 4286 velint
1862 4234 2031 4290 verba

432 4314 778 4386 prophetica,
816 4314 910 4385 qui
948 4314 1066 4369 haec
1094 4317 1163 4369 de
1191 4316 1378 4371 futuro
1409 4319 1760 4378 vaticinatur.
1793 4322 1984 4377 dicens
2016 4343 2028 4377 :

441 4423 466 4457 ¢
487 4405 559 4459 Et
572 4404 767 4458 vallem
789 4404 975 4457 Achor
986 4404 1057 4457 ad
1080 4406 1445 4475 aperiendam
1464 4425 1644 4478 spem.
1671 4430 1696 4461 ι)
1733 4410 2031 4465 Sciendum

435 4492 884 4564 ergo,quiasicut
900 4499 1032 4546 tunc
1042 4501 1338 4565 postquam
1356 4497 1681 4552 interfectus
1707 4505 1792 4552 est
1823 4500 2028 4561 Achar,

435 4582 616 4638 Judaei
655 4589 1020 4654 sumpserunt
1061 4600 1217 4655 spem
1272 4586 1526 4640 vincendi
1574 4587 1784 4654 hostes,
1826 4606 1928 4643 nec
1966 4607 2033 4644 ea

404 4673 692 4729 ’frustrati
717 4680 881 4739 sunt;
910 4675 991 4729 sic
1015 4674 1283 4729 nimirum
1335 4682 1631 4747 postquam
1679 4678 2031 4734 Hierusalem

435 4763 722 4819 destructa
749 4771 838 4820 est
856 4781 889 4819 a
918 4763 1212 4827 Romanis,
1243 4766 1630 4837 templumque
1678 4784 2030 4833 succensum,

435 4855 494 4906 et
518 4852 626 4923 ipsi
655 4854 833 4907 Judaei
854 4854 1178 4925 interempti
1209 4861 1264 4908 et
1306 4855 1365 4909 in
1393 4859 1572 4908 totum
1600 4857 1870 4911 mundum
1900 4864 2034 4913 sunt

434 4942 743 5014 captivati;
784 4945 1052 5013 apostolis
1088 4944 1416 5015 caeterisque
1452 4945 1807 5000 credentibus
1836 4954 2031 5017 aperta

436 5037 524 5087 est
540 5049 668 5102 spes
695 5031 960 5100 victoriae,
991 5033 1122 5103 quia
1147 5038 1327 5087 totum
1365 5034 1634 5088 mundum
1665 5035 1791 5089 ﬁdei
1822 5037 2029 5091 Christi

435 5121 896 5191 subjugaverunt,
925 5122 1184 5191 quodque
1226 5121 1282 5174 in
1318 5122 1519 5176 umbra
1552 5133 1928 5195 praecesserat,
1973 5127 2028 5181 id

436 5216 523 5265 est
551 5210 690 5264 illud
714 5211 985 5280 templum
1010 5216 1067 5264 et
1084 5210 1331 5265 omnium
1355 5213 1814 5267 caeremoniarum
1839 5214 2027 5269 obser-

433 5300 685 5354 vationes
698 5299 757 5352 in
769 5300 1116 5370 spiritualem
1133 5308 1415 5356 verterunt
1431 5303 2033 5374 intelligentiam,sicut

432 5404 585 5444 nunc
638 5389 827 5459 agitur
880 5390 938 5443 in
978 5391 1221 5446 Ecclesia
1264 5409 1298 5446 a
1345 5393 1620 5447 ﬁdelibus.
1666 5394 1733 5447 Et
1771 5394 1886 5447 haec
1925 5394 2030 5447 fuit

434 5495 631 5536 eorum
650 5495 776 5556 spes
802 5479 1065 5549 victoriae,
1099 5482 1169 5536 de
1198 5498 1309 5554 qua
1328 5482 1418 5537 hic
1437 5482 1671 5537 dicitur:
1691 5500 1715 5533 ((
1739 5483 1809 5536 Et
1826 5482 2028 5536 vallem

2094 1734 2300 1788 dicitur
2333 1753 2344 1788 :
2378 1735 2491 1805 Ego
2522 1753 2617 1790 vos
2669 1737 2970 1792 ascendere
3015 1739 3120 1793 feci
3159 1739 3229 1794 de
3259 1745 3415 1794 terra
3436 1741 3684 1813 Egypti.

2096 1824 2201 1878 Sed
2224 1824 2342 1892 jam
2372 1825 2701 1895 mysterium
2732 1826 3038 1881 videamus.
3060 1829 3352 1900 Egyptus,
3375 1830 3668 1901 quaeinter

2095 1915 2595 1983 pretaturtenebrw
2621 1915 2708 1968 vel
2729 1932 2949 1981 ma'ror,
2991 1916 3379 1972 inﬁdelitatem
3409 1919 3693 1989 signiﬁcat

2094 2001 2435 2069 Iudaeorum,
2466 2018 2621 2056 mare
2659 2003 2911 2058 Rubrum
2940 2003 3299 2077 baptismum,
3325 2008 3474 2077 quod
3505 2009 3693 2063 Domi-

2095 2089 2232 2147 nit-aa
2244 2091 2518 2161 passionis
2536 2092 2644 2145 ﬁde
2662 2099 3051 2161 consecratur;
3068 2095 3284 2149 Pharao
3312 2102 3368 2149 et
3405 2097 3685 2153 exercitus

2097 2179 2220 2248 ejus
2234 2179 2559 2235 submersus
2584 2182 2644 2235 in
2673 2182 2816 2235 mari
2845 2182 3055 2248 Rubro,
3087 2183 3372 2238 diabolum
3402 2184 3590 2256 signat
3625 2191 3683 2241 et

2097 2268 2393 2339 orig.nalia
2422 2277 2669 2340 peccata,
2689 2287 2813 2341 quae
2834 2272 2893 2325 in
2908 2272 3183 2343 baptismo
3203 2272 3648 2345 submerguntur
3670 2293 3684 2329 :

2096 2358 2383 2412 desertum
2405 2358 2566 2423 illud,
2596 2376 2695 2430 per
2713 2361 2862 2430 quod
2891 2368 3016 2433 post
3045 2377 3201 2416 mare
3229 2361 3480 2416 Rubrum
3501 2369 3691 2419 trans-

2097 2453 2295 2500 euntes
2326 2447 2471 2517 pasti
2510 2454 2643 2502 sunt
2686 2465 2895 2504 manna
2941 2455 2999 2504 et.
3038 2467 3186 2521 aqua
3225 2451 3293 2505 de
3321 2458 3501 2522 petra,
3526 2459 3584 2507 et
3612 2453 3692 2508 sic

2098 2536 2325 2590 demum
2356 2537 2425 2590 ad
2448 2542 2656 2591 terram
2676 2539 3125 2609 repromissionis
3162 2546 3560 2612 pervenerunt,
3599 2548 3693 2614 ty-

2098 2642 2231 2696 pum
2260 2626 2547 2696 praesentis
2572 2628 2698 2681 vitaa
2734 2628 2928 2698 gessit,
2953 2628 3010 2683 in
3032 2645 3143 2700 qua
3165 2630 3355 2684 ﬁdeles
3374 2631 3695 2701 percipiunt

2100 2731 2308 2768 manna
2328 2721 2386 2768 et
2410 2732 2612 2785 aquam
2641 2717 2710 2769 de
2740 2723 2916 2787 petra,
2946 2717 3003 2771 id
3036 2723 3122 2771 est
3146 2735 3347 2789 corpus
3375 2725 3433 2773 et
3471 2720 3691 2791 sangui-

2101 2820 2229 2856 nem
2274 2804 2503 2867 Christi,
2549 2805 2635 2858 vel
2687 2805 2998 2859 doctrinam
3037 2806 3209 2860 divini
3252 2807 3475 2878 eloquii.
3522 2809 3697 2864 Terra

2103 2899 2291 2946 autem
2319 2893 2790 2963 repromissionis,
2824 2888 3105 2949 caelestem
3131 2896 3413 2966 signiﬁcat
3433 2897 3694 2968 patriam,

2102 2982 2170 3035 ad
2200 2998 2367 3052 quam
2387 2989 2513 3052 post
2534 2981 2871 3053 baptismum
2897 2990 2953 3037 et
2972 2983 3222 3038 laborem
3244 2986 3414 3056 hujus
3431 2986 3555 3041 vitae
3575 3004 3698 3058 per-

2103 3072 2343 3125 venitur.
2393 3071 2749 3126 Promittitur
2798 3060 2937 3143 ergo
2974 3074 3282 3144 Synagogze
3320 3075 3694 3142 credentium,

2104 3159 2237 3230 quia
2265 3160 2409 3213 sicut
2429 3165 2565 3213 tunc
2588 3161 2878 3214 credentes
2899 3178 2965 3214 ex
2989 3162 3228 3232 JEgypto
3257 3168 3387 3233 post
3406 3163 3700 3218 interitum

2105 3248 2417 3304 Pharaonis
2440 3250 2764 3303 cecinerunt
2777 3249 2877 3303 ﬁlii
2898 3250 3070 3303 Israel
3092 3267 3316 3304 carmen
3336 3252 3595 3312 Domino.
3620 3253 3701 3308 sic

2105 3341 2224 3411 ipsa
2241 3339 2310 3392 de
2331 3337 2576 3393 tenebris
2596 3338 2944 3393 inﬁdelitatis
2964 3355 3209 3410 egressa,
3229 3345 3353 3410 post
3376 3357 3569 3395 necem
3586 3342 3702 3396 dia-

2106 3428 2220 3482 boli
2231 3434 2288 3482 et
2301 3428 2557 3482 vitiorum
2577 3427 3049 3498 compressionem
3061 3445 3206 3493 ,cum
3218 3429 3425 3499 gaudio
3437 3436 3494 3484 et
3506 3430 3704 3486 laetitia

2105 3517 2343 3573 transiet
2361 3517 2407 3571 si
2413 3517 2518 3588 piri
2528 3517 2662 3572 tuali
2679 3517 2749 3570 ad
2763 3517 3046 3571 caelestem
3068 3517 3330 3589 patriam,
3344 3518 3440 3572 ubi
3451 3525 3537 3573 est
3549 3526 3704 3574 terra

2107 3607 2431 3661 viventium.
2458 3607 2524 3659 Et
2544 3611 2695 3659 recte
2718 3606 2788 3660 de
2814 3606 3054 3678 Egypto
3077 3613 3374 3677 pergentes
3401 3609 3703 3663 ascendere

2107 3696 2388 3759 dicuntur,
2409 3693 2543 3764 quia
2569 3700 2704 3748 tunc
2727 3694 2866 3750 bene
2891 3694 3269 3759 ascendimus,
3290 3695 3514 3765 quando
3535 3714 3570 3751 a
3594 3702 3706 3751 ter-

2106 3784 2257 3839 renis
2290 3784 2361 3837 ad
2381 3784 2647 3850 ccelestia,
2682 3801 2715 3838 a
2742 3785 2891 3839 vitiis
2920 3785 2992 3838 ad
3016 3784 3251 3837 virtutes
3296 3786 3703 3856 transmigrare

2108 3874 2419 3928 studemus.

2187 3984 2210 4013 ι
2245 3963 2313 4018 Et
2341 3963 2450 4017 erit
2478 3963 2536 4016 in
2566 3963 2657 4016 die
2684 3963 2799 4023 illa,
2828 3961 2909 4015 ait
2934 3961 3229 4021 Dominus,
3261 3961 3481 4017 vocabit
3506 3980 3598 4018 me
3624 3964 3708 4018 vir

2110 4054 2310 4119 omnis,
2335 4059 2392 4106 et
2410 4069 2522 4107 non
2548 4051 2767 4106 vocabit
2789 4068 2875 4105 me
2897 4051 3045 4104 ultra
3072 4050 3307 4106 Baalim.
3345 4051 3412 4106 Et
3451 4054 3706 4107 auferam

2110 4157 2312 4196 nomen
2336 4142 2552 4194 Baalim
2580 4141 2648 4194 de
2668 4157 2764 4195 ore
2781 4141 2921 4210 ejus,
2948 4145 3005 4193 et
3024 4155 3135 4192 non
3156 4138 3544 4195 recordabitur
3561 4141 3710 4195 ultra

2091 4231 2357 4299 f‘nominis
2386 4248 2601 4284 eorum.
2631 4252 2652 4275 ιι
2682 4231 2762 4284 De
2785 4228 3009 4282 nomine
3034 4229 3245 4282 Baalim
3272 4230 3433 4299 juxta
3460 4228 3705 4284 litteram

2118 4322 2218 4375 hoc
2247 4319 2546 4372 dicendum
2577 4323 2663 4373 est
2690 4337 2701 4371 :
2740 4319 2904 4371 Belus
2924 4324 3083 4388 pater
3096 4318 3203 4371 fuit
3221 4317 3350 4371 Nini
3369 4316 3534 4388 primi
3556 4319 3707 4387 regis

2112 4408 2491 4479 Assyriorum,
2528 4409 2623 4477 qui
2655 4424 2719 4461 ex
2740 4407 2967 4462 nomine
2987 4423 3090 4461 suo
3105 4407 3384 4461 civitatem
3402 4421 3436 4459 a
3454 4423 3514 4460 se
3538 4406 3709 4460 aediﬁ-

2114 4503 2297 4550 catam
2355 4495 2657 4566 appellavit
2702 4496 2933 4553 Ninum.
2983 4511 3153 4567 quam
3189 4493 3406 4549 Hebraei
3445 4501 3504 4549 et
3529 4496 3709 4549 nostri

2115 4586 2374 4640 Ninivem
2398 4591 2619 4641 vocant.
2660 4584 2765 4648 Qui
2797 4590 3013 4655 patrem
3044 4600 3208 4637 suum
3234 4582 3425 4637 Belum
3452 4583 3510 4637 in
3540 4583 3710 4639 deum

2114 4677 2481 4735 transferens,
2514 4674 2879 4727 simulacrum
2909 4672 3057 4738 fecit,
3100 4672 3247 4743 quod
3278 4672 3374 4725 Bel
3403 4672 3580 4726 voluit
3615 4689 3712 4727 no-

2116 4765 2319 4819 minari
2352 4771 2409 4818 et
2431 4764 2501 4818 ab
2524 4763 2781 4817 omnibus
2800 4762 3050 4817 adorari.
3081 4762 3202 4826 Quo
3223 4761 3450 4815 nomine
3475 4778 3510 4814 a
3535 4762 3711 4834 Baby-

2113 4855 2295 4919 loniis,
2329 4863 2576 4919 vocatur,
2606 4853 2750 4906 sicut
2778 4852 2836 4904 in
2862 4851 3091 4904 Daniele
3118 4850 3364 4920 legitur:
3399 4866 3433 4903 a
3464 4850 3709 4904 Sidoniis

2111 4952 2300 4999 autem
2333 4950 2389 4997 et
2418 4940 2770 4996 Phoenicibus
2800 4940 2956 5006 Baal,
2998 4938 3068 4993 ab
3102 4938 3364 4993 Haebrwis
3392 4956 3520 4993 vero
3557 4939 3711 4993 Beel-

2112 5033 2287 5087 zebub
2327 5032 2397 5086 ob
2444 5029 2769 5101 spurcitiam
2800 5036 2859 5083 et
2886 5028 3079 5082 sordes
3119 5027 3464 5081 immolatitii
3494 5029 3711 5083 cruoris

2114 5128 2370 5185 vocatur;
2403 5119 2458 5173 id
2488 5124 2592 5181 est,
2621 5135 2939 5173 muscarum
2964 5118 3068 5179 vir,
3106 5117 3219 5171 sive
3245 5115 3459 5170 habens
3488 5133 3711 5172 muscas

2114 5221 2170 5265 et
2201 5213 2330 5282 quia
2360 5210 2413 5263 in
2448 5210 2636 5262 multis
2665 5208 2951 5263 colebatur
2978 5207 3132 5270 locis,
3175 5207 3386 5261 idcirco
3416 5207 3711 5277 pluraliter

2114 5300 2323 5354 Baalim
2370 5300 2713 5353 enuntiatur.
2741 5297 2845 5352 Sed
2871 5298 2988 5365 jam
3032 5312 3182 5350 nunc
3230 5296 3516 5349 videamus
3574 5295 3709 5366 quid

2109 5391 2226 5444 haec
2243 5388 2407 5442 verba
2438 5388 2662 5443 Domini
2682 5386 3018 5457 signiﬁcent,
3043 5385 3246 5456 quibus
3265 5386 3335 5440 de
3362 5384 3510 5439 ﬁdeli
3536 5401 3709 5456 popu-

2108 5480 2162 5536 Io
2192 5478 2459 5549 loquitur,
2490 5477 2679 5533 dicens
2712 5488 2724 5524 :
2756 5476 2882 5530 Non
2911 5474 3129 5529 vocabit
3156 5491 3248 5529 me
3285 5474 3437 5530 ultra
3462 5473 3700 5529 Baalim.
