4090 6164
341 279 408 336 25
1357 283 1772 343 ENARRATIO
1812 287 1891 343 IN
1927 285 2114 343 ossa
2153 284 2616 352 PROPHETAM,
3543 280 3613 337 26

341 402 556 458 Baalim
585 405 668 471 (ut
696 404 967 474 diximus)
1008 405 1154 460 idem
1184 413 1271 462 est
1301 411 1446 480 quod
1485 413 1639 479 Baal,
1673 418 1730 468 et
1757 414 1931 468 inter-
1951 415 2000 472 A
2022 414 2156 468 sabo
2185 419 2240 468 te
2261 414 2398 468 mihi
2420 415 2475 467 in
2492 412 2784 484 justitiaet
2801 411 3031 482 judicio,
3053 416 3110 465 et
3129 411 3185 464 in
3206 407 3609 477 misericordia,

338 500 592 563 pretatur
617 497 751 548 BaaI
781 497 1002 559 habens,
1031 497 1245 551 Baalim
1271 516 1397 552 vero
1417 502 1614 555 habens
1638 519 1738 560 me.
1777 504 1936 558 Unde
2022 509 2079 556 et
2108 501 2584 567 miserationibus,
2618 508 2673 555 et
2705 500 2980 572 sponsabo
3021 507 3076 553 te
3109 500 3247 553 mihi
3291 499 3347 552 in
3379 497 3515 564 ﬁde;
3558 503 3615 551 et

341 583 583 637 Hebraeae
605 589 661 636 et
683 584 840 654 Syra:
862 584 1130 640 mulieres
1155 587 1388 642 maritos
1416 607 1548 644 suos
1575 592 1678 644 hoc
1707 592 1933 645 nomine
2019 593 2160 646 scies
2188 594 2321 662 quia
2351 609 2452 661 ego
2483 591 2770 644 Dominus.
2795 611 2821 639 ιι
2850 589 3265 644 Advertendum
3290 587 3437 658 quod
3458 603 3612 641 eam-

343 678 555 734 vocant,
589 673 838 726 dicentes
873 692 884 725 :
922 675 1054 727 Baal
1088 692 1266 740 meus,
1303 677 1407 731 hoc
1445 685 1533 732 est
1562 679 1773 734 habens
1803 697 1928 748 me;
2017 682 2144 734 dem
2176 681 2392 751 plebem
2425 686 2514 734 ter
2557 697 2616 733 se
2656 679 2931 749 promittit
2968 684 3386 749 sponsaturum.
3424 676 3614 730 Primo

341 766 397 814 et
424 768 509 814 est
536 778 756 824 sensus,
786 763 999 816 habens
1039 781 1127 818 me
1169 765 1223 818 in
1257 768 1534 837 conjugio.
1571 769 1669 822 Est
1697 776 1754 823 et
1779 770 1931 824 aliud
2017 769 2222 839 quippe
2253 785 2376 822 eam
2407 768 2705 838 despondit
2734 768 2791 821 in
2822 767 3126 830 Abraham,
3150 767 3240 821 cui
3259 765 3615 836 signaculum

339 866 545 904 nomen
569 850 623 903 in
643 850 837 904 eadem
861 852 1053 922 lingua
1074 853 1176 907 sub
1197 855 1392 908 eadem
1425 856 1853 925 signiﬁcatione,
1877 859 1932 913 id
2016 857 2458 911 circumcisionis
2490 857 2646 910 dedit
2667 863 2728 910 ut
2757 862 2905 909 esset
2930 856 3154 925 signum
3179 855 3326 909 inter
3351 855 3526 908 Deum
3557 857 3615 907 et

342 942 427 990 est
449 935 526 1001 Is,
563 938 710 1008 quod
760 939 1023 994 similiter
1051 948 1215 995 sonat
1243 943 1341 996 vir.
1377 945 1534 998 Unde
1557 951 1614 999 et
1633 947 1838 1000 mulier
1864 949 1933 1002 ab
2017 963 2208 1000 semen
2241 945 2390 999 illius
2419 945 2478 998 in
2508 951 2863 1016 perpetuum,
2896 945 2983 996 vel
3028 944 3198 998 etiam
3233 943 3457 1014 quando
3486 957 3612 995 eam

341 1026 393 1080 ei
423 1025 544 1079 Issa
572 1027 914 1093 nominatur,
946 1029 1108 1099 quasi
1129 1030 1338 1101 virago,
1374 1049 1439 1086 eo
1471 1035 1615 1104 quod
1643 1052 1677 1088 a
1697 1037 1814 1090 viro
1833 1054 1934 1091 suo
2018 1035 2209 1088 eduxit
2238 1034 2307 1087 de
2339 1033 2596 1102 zEgypto.
2623 1032 2878 1086 Secundo
2907 1032 2964 1085 in
2992 1038 3181 1086 monte
3211 1031 3384 1095 Sinai,
3404 1031 3545 1082 dans
3559 1028 3611 1082 ei

338 1121 566 1184 sumpta
595 1116 693 1172 sit.
724 1117 858 1179 Quae
891 1134 1026 1187 ergo
1057 1119 1258 1173 nolunt
1273 1121 1340 1173 de
1367 1122 1484 1175 suis
1504 1123 1688 1177 dicere
1718 1126 1934 1180 maritis

338 1203 494 1266 Baal,
509 1204 625 1257 sive
644 1205 875 1268 Baalim,
893 1207 1089 1260 dicunt
1107 1207 1218 1261 alio
1237 1210 1462 1263 nomine
1493 1212 1546 1265 Is
1578 1214 1826 1279 meus,id
1849 1220 1936 1268 est

338 1291 424 1344 vir
453 1309 633 1352 meus,
663 1293 873 1347 scilicet
899 1294 1112 1348 habens
1143 1312 1231 1348 me
1257 1297 1312 1350 in
1346 1299 1607 1369 conjugio
1643 1301 1800 1364 Quod
1826 1301 1932 1355 ita-

337 1396 447 1450 que
467 1380 559 1434 hic
580 1381 709 1435 dicit
730 1381 999 1437 Dominus
1021 1398 1032 1431 :
1052 1403 1080 1434 (ι
1115 1402 1225 1438 non
1253 1386 1472 1440 vocabit
1511 1405 1600 1441 me
1633 1390 1868 1455 Baalim,
1906 1411 1930 1442 ι

337 1469 433 1522 sed
459 1469 675 1523 vocabit
692 1487 780 1524 me
812 1471 892 1524 vir
919 1489 1098 1536 meus,
1122 1473 1203 1527 ita
1232 1482 1318 1528 est
1345 1476 1936 1550 intelligendum,quia

335 1558 529 1612 volens
548 1575 636 1612 me
654 1560 950 1614 ostendere
971 1578 1134 1616 suum
1161 1565 1360 1622 virum,
1388 1582 1744 1637 nequaquam
1772 1585 1933 1623 voca-

335 1645 418 1700 bit
448 1663 538 1701 me
571 1647 812 1716 Baalim,
842 1651 987 1719 quod
1015 1652 1152 1705 bene
1182 1652 1290 1706 dici
1323 1660 1565 1723 poterat,
1589 1656 1686 1709 sed
1717 1657 1935 1712 vocabit

334 1751 426 1789 me
451 1737 526 1796 Is,
557 1736 612 1789 id
643 1742 730 1790 est
757 1738 842 1791 vir
867 1756 1044 1793 meus.
1084 1739 1152 1795 In
1180 1748 1402 1796 tantum
1448 1744 1597 1797 enim
1629 1745 1776 1799 Deus
1805 1747 1932 1800 odio
1952 1773 1997 1831 Β

335 1824 509 1879 habet
545 1825 776 1880 nomina
813 1826 1113 1890 idolorum,
1148 1836 1212 1884 ut
1248 1848 1351 1884 nec
1378 1833 1662 1886 recordari
1705 1834 1932 1904 quidem

339 1915 546 1968 electos
564 1931 699 1968 suos
725 1916 878 1978 velit,
902 1918 1133 1972 nominu
1147 1936 1197 1972 m
1222 1937 1440 1986 eorum,
1457 1922 1693 1992 ideoque
1713 1923 1850 1977 dicit
1864 1925 1934 1978 de

339 2003 491 2057 ﬁdeli
514 2004 720 2074 populo
744 2028 754 2061 :
781 2005 906 2059 Non
936 2007 1158 2062 vocabit
1182 2025 1272 2062 me
1294 2009 1444 2064 ultra
1462 2012 1935 2083 Baalim,propter

339 2091 767 2162 ambiguitatem
805 2094 979 2165 verbi,
1009 2113 1098 2160 ne,
1126 2097 1258 2151 dum
1295 2099 1450 2152 aliud
1481 2101 1748 2170 loquitur,
1779 2102 1934 2156 aliud

338 2181 686 2245 recordetur,
730 2189 787 2236 et
831 2184 1013 2238 virum
1060 2187 1380 2251 nominans,
1441 2188 1653 2242 idolum
1704 2191 1928 2260 cogitet.

339 2269 500 2324 Unde
520 2277 578 2324 et
612 2271 874 2325 subditur
901 2289 914 2325 :
949 2293 970 2323 ι
1012 2274 1080 2327 Et
1113 2275 1365 2329 auferam
1397 2277 1628 2330 nomina
1660 2279 1874 2332 Baalim
1907 2299 1930 2329 ι

344 2358 413 2411 de
454 2375 552 2412 ore
603 2360 743 2429 ejus,
795 2367 852 2414 et
893 2378 1004 2416 non
1052 2365 1442 2419 recordabitur
1483 2367 1633 2421 ultra
1693 2368 1936 2422 nominis

340 2463 536 2502 eorum
553 2493 565 2504 .

417 2556 440 2586 ι
466 2537 537 2591 Et
552 2536 862 2607 percutiam
879 2555 1006 2592 cum
1028 2538 1108 2593 eis
1126 2541 1304 2595 foedus
1323 2541 1381 2595 in
1409 2542 1499 2596 die
1525 2544 1641 2604 illa,
1658 2561 1786 2598 cum
1806 2544 1934 2599 bes-

337 2625 420 2677 tia
441 2625 585 2695 agri,
612 2633 808 2679 etcum
829 2627 1052 2681 volucre
1066 2630 1210 2694 coeli,
1244 2637 1299 2684 et
1329 2647 1455 2683 cum
1485 2633 1668 2702 reptili
1696 2640 1874 2686 terrai.
1903 2653 1929 2685 »

2018 1124 2218 1192 legem.
2244 1122 2490 1175 Unde-et
2511 1121 2599 1174 hic
2630 1120 2686 1172 in
2715 1120 2958 1174 secundo
2988 1120 3106 1174 loco
3140 1119 3345 1172 dicitur
3371 1136 3382 1170 :
3427 1120 3612 1188 Spon-

2017 1211 2150 1266 sabo
2173 1219 2226 1264 te
2260 1210 2394 1262 mihi
2425 1210 2480 1263 in
2504 1209 2744 1278 justitia,
2763 1209 2819 1261 id
2841 1214 2926 1261 est
2957 1209 3012 1260 in
3046 1207 3431 1261 observatione
3449 1205 3607 1275 legis,

2019 1307 2076 1354 et
2112 1301 2169 1353 in
2189 1299 2401 1369 judicio
2433 1299 2824 1352 mandatorum
2844 1313 3116 1360 meorum,
3136 1302 3201 1348 ut
3229 1301 3285 1348 et
3294 1297 3446 1364 juste
3467 1295 3611 1348 vive-

2018 1406 2108 1442 res
2129 1403 2185 1442 et
2212 1388 2604 1442 discretionem
2625 1387 2772 1440 inter
2799 1385 3002 1439 bonum
3033 1391 3087 1437 et
3110 1384 3318 1437 malum
3340 1383 3530 1446 scires;
3555 1388 3613 1436 et

2020 1476 2404 1531 misericordia
2427 1482 2485 1530 et
2502 1473 2975 1538 miserationibus,
2996 1480 3058 1526 ut
3075 1473 3120 1525 si
3139 1476 3368 1542 propter
3387 1475 3617 1541 peccata

2017 1572 2115 1620 tua
2149 1567 2359 1620 tradita
2398 1566 2572 1619 fueris
2609 1565 2668 1618 in
2713 1563 3095 1634 captivitatem
3135 1567 3193 1614 et
3220 1560 3610 1632 paenitentiam

2016 1655 2217 1725 egeris,
2250 1656 2456 1709 iterum
2509 1653 2947 1708 misericordiam
2997 1651 3376 1721 consequaris.
3421 1649 3611 1704 Tertio

2016 1744 2073 1796 in
2103 1744 2405 1797 adventum
2459 1744 2584 1796 Filii
2635 1742 2755 1805 Dei,
2790 1741 2938 1796 unde
2986 1746 3042 1793 et
3079 1739 3170 1793 hic:
3198 1738 3445 1792 dicitur:
3483 1756 3509 1788 α
3540 1737 3611 1791 Et

2017 1831 2295 1901 sponsabo
2318 1838 2372 1885 te
2391 1831 2526 1884 mihi
2546 1832 2603 1884 in
2627 1831 3000 1894 ﬁde,-sanctaa
3023 1828 3280 1882 videlicet
3293 1826 3610 1882 Trinitatis.

2016 1920 2096 1973 De
2128 1937 2239 1990 qua
2267 1920 2699 1990 desponsatione
2719 1918 2856 1972 dicit
2868 1917 3168 1988 Apostolus
3189 1916 3258 1968 de
3277 1915 3501 1970 Christo
3531 1916 3611 1968 lo-

2018 2024 2194 2078 quens
2238 2027 2249 2061 :
2295 2009 2634 2079 Desponsavi
2677 2023 2770 2060 vos
2798 2006 2897 2060 uni
2926 2006 3043 2058 viro
3075 2003 3347 2073 virginem
3394 2008 3646 2088 castam.

2017 2097 2279 2150 exhibere
2309 2097 2550 2152 Christo.
2584 2098 2651 2150 Et
2671 2097 2876 2150 iterum
2908 2095 2976 2148 de
3005 2109 3244 2164 persona
3275 2090 3484 2145 Christi
3520 2091 3607 2144 lo-

2019 2201 2215 2254 quens,
2250 2185 2331 2238 ait
2363 2203 2374 2237 :
2406 2184 2773 2255 Desponsavit
2791 2183 2899 2237 sibi
2926 2182 3231 2236 Ecclesiam
3262 2195 3372 2232 non
3395 2178 3609 2232 haben-

2018 2279 2132 2327 tem
2177 2275 2452 2328 maculam
2499 2291 2680 2345 neque
2726 2289 2942 2343 rugam.
2974 2271 3085 2326 Sed
3125 2271 3422 2341 Synagoga
3451 2273 3538 2321 ter
3575 2283 3611 2320 a

2019 2363 2257 2417 Domino
2269 2364 2627 2433 desponsata,
2640 2378 2862 2416 omnem
2877 2359 3365 2431 desponsationem
3389 2356 3612 2410 irritam

2019 2449 2169 2504 fecit.
2223 2451 2382 2504 Unde
2430 2452 2562 2522 quia
2611 2451 2949 2522 desponsata
2980 2448 3037 2501 in
3075 2447 3316 2518 Egypto
3364 2444 3608 2515 primam

2017 2539 2508 2610 desponsationem
2538 2557 2650 2594 non
2681 2538 2994 2603 custodivit,
3020 2542 3077 2590 et
3101 2535 3380 2589 fornicata
3408 2538 3494 2587 est
3509 2532 3613 2586 tibi

2017 2628 2152 2682 deos
2173 2630 2385 2682 alienos
2417 2629 2666 2692 colendo,
2691 2644 2912 2682 rursum
2945 2633 3045 2696 per
3064 2626 3241 2695 legem
3273 2630 3332 2677 et
3357 2622 3614 2692 Scriptu-

338 2714 465 2766 Jam
493 2714 584 2767 hic
603 2721 797 2784 aperte
825 2715 1162 2770 describitur
1181 2719 1502 2787 conjunctio
1531 2721 1851 2774 Judaeorum
1880 2727 1939 2775 et
2017 2735 2110 2772 ras
2150 2735 2336 2772 sacras
2366 2713 3350 2789 prOphetarumVeterisTestamenti
3368 2712 3611 2766 assumi-

335 2803 593 2872 gentium
618 2803 674 2856 in
695 2805 912 2858 unitate
935 2805 1064 2859 fidei
1096 2806 1323 2869 Christi,
1348 2808 1442 2878 qui
1474 2815 1604 2862 ante
1635 2810 1936 2863 adventum
2018 2814 2130 2868 tur,
2160 2815 2226 2862 ut
2246 2808 2402 2878 quasi
2435 2805 2788 2878 sponsalibus
2809 2803 3070 2859 secundis
3109 2805 3352 2864 ﬁrmata,
3381 2803 3502 2871 jam
3539 2799 3610 2854 ab

337 2892 467 2960 ejus
500 2892 837 2946 dissidentes
867 2900 1030 2948 erant
1059 2895 1129 2948 ab
1159 2895 1417 2949 invicem.
1455 2897 1614 2951 Unde
1661 2903 1717 2951 et
1757 2897 1936 2951 Judaei
2019 2897 2278 2966 amplexu
2296 2913 2405 2950 non
2423 2894 2932 2949 recederet.Tertio
2958 2899 3147 2946 autem
3167 2893 3329 2947 Jesus
3349 2889 3609 2945 Christus

333 2981 580 3049 gentiles
610 2998 642 3034 a
665 2983 947 3036 consortio
976 3000 1078 3037 suo
1109 2985 1481 3054 repellebant:
1519 2992 1711 3056 postea
1745 2993 1934 3040 autem
1958 3043 1994 3056 Α
2017 2985 2191 3039 Filius
2221 2985 2321 3038 Dei
2347 2991 2403 3039 et
2428 3001 2527 3056 per
2553 2984 2794 3054 gratiam
2825 2983 3003 3036 sancti
3035 2981 3320 3050 Evangelii
3359 2995 3482 3033 eam
3515 2994 3610 3032 co-

336 3069 395 3123 in
428 3087 607 3124 unum
641 3071 848 3125 Christi
874 3073 1014 3125 ovile
1044 3075 1457 3133 convenientes.
1476 3076 1593 3144 jam
1620 3076 1678 3128 in
1700 3092 1812 3129 una
1829 3043 1996 3130 ﬁdeC
2021 3075 2216 3144 pulare
2243 3074 2347 3128 sibi
2380 3074 2554 3128 voluit
2577 3096 2590 3134 ς
2615 3073 2713 3127 sed
2747 3072 2938 3144 paucis
2962 3069 3337 3133 credentibus,
3373 3068 3616 3121 maxima

338 3159 439 3212 Dei
476 3160 881 3230 omnipotentis
915 3178 1106 3231 pacem
1141 3170 1196 3216 et
1227 3163 1533 3216 fraternam
1579 3164 1934 3218 dilectionem

338 3265 398 3302 se
412 3249 739 3318 gloriantur
752 3250 978 3304 habere.
1001 3251 1144 3304 Hinc
1165 3251 1341 3305 Isaias
1365 3253 1542 3306 eidem
1559 3255 1764 3324 populo
1779 3254 1932 3308 dicit:

335 3337 572 3391 Advena
601 3339 884 3408 quondam
907 3346 1040 3393 tuus
1070 3340 1415 3410 adjungetur
1445 3341 1563 3404 tibi,
1601 3347 1663 3396 ut
1688 3359 1797 3396 non
1816 3344 1936 3412 jam

334 3425 408 3478 sit
435 3426 675 3488 advena,
719 3427 814 3480 sed
855 3438 1288 3498 recognoscatur
1309 3430 1502 3484 frater.
1529 3431 1769 3485 Nomine
1788 3433 1936 3486 enim

333 3513 672 3576 bestiarum,
705 3515 1010 3582 volucrum,
1031 3524 1088 3571 et
1111 3518 1480 3588 serpentium,
1499 3519 1739 3588 gentiles
1759 3521 1939 3590 expri-

334 3610 578 3657 muntur
615 3604 711 3674 qui
742 3605 857 3659 haec
885 3622 984 3676 pro
1024 3607 1136 3660 Deo
1158 3607 1436 3660 colebant.
1481 3607 1691 3662 Verum
1744 3608 1813 3662 ab
1852 3610 1938 3663 his

334 3695 659 3765 expurgati,
686 3697 803 3763 jam
834 3712 945 3749 non
978 3696 1066 3748 his
1095 3696 1416 3750 nominibus
1445 3699 1820 3768 appellantur,
1841 3700 1937 3753 sed

333 3782 600 3836 homines
623 3783 1012 3837 rationabiles.
1038 3785 1196 3838 Unde
1217 3803 1342 3839 cum
1376 3787 1576 3840 Petrus
1607 3787 1842 3842 linteum
1867 3789 1937 3842 ad

330 3887 389 3923 se
417 3871 663 3924 missum
696 3871 765 3924 de
785 3873 924 3926 coelo
957 3873 1204 3936 vidisset,
1240 3874 1296 3927 in
1321 3891 1431 3944 quo
1455 3874 1668 3938 bestiae,
1686 3877 1938 3931 volucres

329 3965 508 4030 atque
532 3968 820 4030 serpentes
842 3962 1319 4027 monstrabantur,
1345 3970 1402 4016 et
1421 3965 1645 4017 audiret
1665 3981 1724 4018 se
1741 3965 1836 4019 illa
1854 3982 1941 4019 oc-

2021 3179 2216 3216 eorum
2247 3180 2374 3234 pars
2403 3164 2605 3216 collata
2633 3161 2916 3232 sponsalia
2945 3161 3256 3230 negligens.
3287 3159 3346 3212 in
3375 3157 3617 3211 inﬁdeli-

2022 3257 2138 3305 tate
2162 3253 2492 3322 permansit,
2535 3252 2680 3308 sicut
2704 3251 2902 3304 beatus
2929 3250 3248 3320 Stephanus
3288 3246 3370 3300 eis
3400 3247 3614 3316 impro-

2021 3347 2200 3411 perat,
2231 3342 2421 3394 dicens
2453 3359 2464 3395 :
2503 3359 2529 3393 α
2562 3341 2673 3394 Vos
2699 3355 2923 3410 semper
2958 3337 3191 3408 Spiritui
3233 3341 3424 3390 sancto
3455 3333 3616 3388 resti-

2020 3431 2188 3491 tistis,
2214 3431 2358 3485 sicut
2380 3436 2436 3484 et.
2455 3436 2642 3501 patres
2667 3429 2854 3483 vestri.
2876 3449 2898 3479 ι
2922 3428 3029 3492 Qui
3049 3433 3240 3481 autem
3280 3427 3616 3496 receperunt

2021 3519 2187 3572 ﬁdem
2219 3521 2362 3589 ejus,
2410 3519 2691 3588 conjuncti
2723 3524 2860 3572 sunt
2900 3517 2983 3570 illi
3010 3517 3228 3570 vinculo
3271 3512 3610 3578 dilectionis,

2021 3609 2312 3662 credentes
2327 3609 2473 3678 quod
2499 3609 2616 3679 ipse
2635 3606 2890 3661 Christus
2908 3607 3056 3660 Deus
3068 3610 3234 3666 esset,
3270 3619 3435 3674 quem
3459 3601 3616 3672 prius

2020 3704 2385 3767 negaverunt.
2419 3697 2493 3750 Ex
2525 3697 2731 3767 quibus
2753 3696 2983 3750 fuerunt
3006 3695 3087 3748 illi
3118 3693 3213 3764 qui
3251 3692 3320 3746 ad
3353 3690 3616 3763 praedica-

2020 3786 2230 3838 tionem
2264 3785 2413 3839 beati
2456 3785 2607 3839 Petri
2639 3801 2752 3838 una
2781 3784 2870 3838 die
2911 3783 3160 3854 quinque
3189 3781 3385 3846 millia,
3409 3787 3465 3835 et
3503 3779 3616 3833 alia

2021 3875 2110 3929 die
2139 3875 2249 3928 tria
2269 3875 2445 3928 millia
2468 3875 2846 3928 crediderunt.

2095 3981 2119 4013 ι
2145 3964 2213 4016 Et
2231 3963 2339 4016 erit
2368 3963 2426 4016 in
2456 3964 2546 4016 die
2570 3963 2662 4015 illa
2691 3981 2702 4014 :
2735 3962 3060 4022 Exaudiam,
3081 3961 3216 4015 dicit
3244 3960 3537 4021 Dominus,
3557 3963 3616 4011 et

328 4049 525 4104 cidere
557 4056 612 4103 ct
643 4050 983 4104 manducare
1011 4051 1232 4117 debere,
1257 4053 1937 4123 respondissetque:«Ab-
2023 4052 2314 4104 exaudiam
2346 4052 2532 4115 ccelos,
2565 4057 2621 4104 et
2651 4051 2729 4103 illi
2761 4050 3062 4103 exaudient
3081 4055 3314 4110 terram,
3358 4053 3415 4100 et
3459 4053 3614 4098 terra

331 4139 421 4202 sit,
447 4139 714 4203 Domine,
749 4140 881 4210 quia
912 4156 1198 4210 nunquam
1237 4157 1534 4195 commune
1563 4149 1662 4196 aut
1690 4142 1936 4196 immun-
2019 4139 2283 4194 exaudiet
2301 4139 2572 4202 triticum,
2594 4145 2651 4192 et
2679 4139 2962 4198 vinum,et
2990 4138 3197 4203 oleum,
3225 4142 3281 4190 et
3303 4139 3418 4189 haec
3448 4150 3614 4188 exau-

329 4226 465 4281 dum
498 4227 737 4280 intravit
758 4228 813 4280 in
845 4245 906 4282 os
928 4245 1138 4294 meum,
1176 4249 1197 4278 ι
1233 4229 1440 4283 dictum
1466 4236 1552 4283 est
1577 4230 1626 4283 ei
1671 4249 1683 4283 :
1718 4249 1746 4282 ι(
1776 4231 1935 4294 Quod
2019 4228 3159 4283 dientJezrael.»Secundumlitteramhoc
3174 4231 3357 4296 potest
3376 4223 3615 4294 intelligi

328 4316 482 4370 Deus
518 4317 855 4387 puriﬁcavit,
887 4325 950 4372 tu
980 4335 1050 4372 ne
1079 4335 1376 4373 commune
1415 4319 1638 4373 dixeris.
1673 4340 1698 4378 ι,
1951 4319 2075 4413 Βὶη
2104 4320 2190 4372 his
2220 4320 2403 4373 verbis
2436 4337 2446 4370 :
2479 4336 2601 4389 quae
2638 4319 2787 4373 bona
2822 4319 3158 4390 temporalia
3200 4316 3480 4413 promittit
3506 4315 3614 4370 Do-

403 4427 428 4453 α
465 4406 543 4460 Et
575 4406 920 4476 pharetram,
955 4415 1012 4461 et
1039 4424 1250 4472 arcum,
1278 4415 1335 4462 et
1358 4409 1630 4477 gladium,
1653 4413 1710 4462 et
1727 4408 1931 4463 bellum
1957 4406 1994 4413 ⁷
2017 4409 2204 4462 minus
2231 4409 2317 4462 his
2336 4409 2429 4480 qui
2461 4409 2514 4462 in
2543 4426 2601 4462 se
2632 4409 2887 4463 credunt.
2923 4408 3306 4479 Spiritualiter
3334 4406 3456 4461 coeli
3481 4411 3616 4460 sunt

325 4501 623 4548 conteram
655 4495 724 4548 de
751 4502 920 4549 terra.
937 4519 957 4546 ι
975 4498 1036 4550 1d
1058 4503 1362 4568 est,pacem
1385 4506 1442 4552 et
1465 4498 1933 4568 tranquillitatem
2016 4498 2275 4569 apostoli,
2299 4499 2368 4552 de.
2399 4497 2598 4568 quibus
2620 4498 2918 4552 Psalmista
2945 4498 3025 4551 ait
3058 4516 3070 4551 :
3110 4516 3135 4548 «
3169 4495 3307 4550 Coeli
3346 4499 3615 4550 enarrant

325 4599 617 4637 summam
658 4584 801 4638 dabo
833 4585 891 4638 in
921 4592 1092 4648 terra,
1126 4587 1229 4640 hoc
1259 4593 1346 4640 est
1373 4587 1428 4640 in
1470 4585 1738 4641 Ecclesia.
1780 4588 1935 4641 Licet
2014 4587 2254 4656 gloriam
2289 4589 2406 4651 Dei,
2441 4594 2543 4640 etc.
2579 4606 2601 4636 ι
2640 4587 2709 4640 Ηί
2758 4587 2881 4641 coeli
2921 4585 3166 4641 exauditi
3194 4592 3327 4639 sunt
3354 4591 3608 4655 tempore

325 4674 479 4726 enim
507 4674 689 4727 multa
706 4673 852 4728 bella
873 4675 1228 4729 crebrescant
1243 4676 1298 4729 in
1321 4682 1555 4741 terra,ta
1566 4693 1692 4730 men
1714 4676 1770 4730 in
1787 4693 1935 4729 com-
2018 4677 2321 4730 Dominicaa
2342 4676 2766 4740 incarnationis,
2792 4682 3056 4746 rogantes
3086 4692 3187 4746 pro
3210 4675 3446 4728 muliere
3469 4672 3612 4726 Cha-

323 4763 630 4832 paratione
661 4763 811 4817 illius
833 4765 1101 4835 temporis
1119 4782 1323 4834 magna
1354 4772 1440 4818 est
1469 4783 1571 4836 pax
1596 4765 1654 4818 in
1687 4755 1932 4848 homini-
2015 4783 2213 4819 namea
2241 4772 2297 4819 et
2326 4782 2426 4836 pro
2455 4782 2616 4818 socru
2641 4765 2811 4819 Petri.
2844 4765 2941 4819 Isti
2975 4765 3098 4818 caeli
3121 4780 3268 4817 nunc
3307 4761 3614 4816 exaudiunt

323 4852 450 4914 bus,
480 4853 726 4906 maxime
747 4854 895 4907 inter
915 4855 1142 4917 electos,
1163 4855 1308 4925 apud
1325 4872 1464 4924 quos
1493 4855 1704 4908 nullius
1724 4855 1933 4908 discor-
2015 4862 2246 4916 terram,
2297 4854 2353 4907 id
2383 4859 2470 4908 est
2520 4854 2772 4907 homines
2821 4853 2879 4906 in
2911 4852 3151 4906 Ecclesia
3188 4850 3528 4914 habitantes,
3557 4856 3614 4905 et

323 4943 430 4995 diae
452 4941 638 4995 fomes
662 4945 844 4996 locum
867 4943 1185 4998 invenit.De
1204 4944 1308 4996 hoc
1320 4949 1571 5014 tempore
1589 4944 1928 4997 dicitlsaias:
2015 4944 2133 4998 haec
2154 4949 2307 4997 terra
2335 4943 2563 4997 exaudit
2577 4943 2848 5002 triticum,
2864 4942 2916 4995 id
2941 4950 3048 5010 est,
3070 4940 3281 5012 profert
3299 4939 3614 5011 simplicem

321 5033 449 5086 Non
471 5031 683 5086 levabit
701 5047 842 5101 gens
871 5040 1068 5084 contra
1099 5038 1326 5102 gentem
1364 5032 1637 5101 gladium,
1663 5049 1766 5085 nec
1783 5049 1934 5085 exer—
2015 5033 2328 5088 doctrinam
2358 5032 2574 5086 Veteris
2593 5037 2649 5085 et
2677 5032 2816 5085 Novi
2836 5031 3282 5094 Testamenti,ut
3311 5030 3614 5100 impleatur

322 5121 614 5175 cebuntur
643 5121 792 5174 ultra
822 5121 890 5173 ad
914 5121 1186 5191 praelium.
1212 5138 1236 5170 ‹
1261 5121 1328 5174 Et
1350 5121 1596 5176 dormire
1618 5139 1711 5175 eos
1732 5121 1932 5175 faciam
2016 5123 2151 5176 illud
2184 5121 2539 5175 Dominicum
2574 5140 2584 5173 :
2616 5139 2642 5171 ((
2667 5121 2871 5175 Beatus
2897 5121 2990 5174 ille
3011 5137 3204 5194 servus
3225 5137 3388 5190 quem
3408 5119 3613 5174 consti-

321 5210 687 5269 ﬁducialiter.
727 5229 750 5260 »
785 5209 838 5262 id
872 5215 957 5262 est
979 5227 1206 5264 securos
1228 5226 1322 5263 eos
1353 5211 1550 5264 faciam
1581 5212 1636 5264 in
1665 5228 1789 5264 mea
1823 5212 1932 5265 ﬁde
2019 5211 2129 5264 tuit
2174 5209 2446 5263 Dominus
2488 5225 2658 5279 super
2698 5208 2969 5262 familiam
2998 5226 3179 5272 suam,
3208 5214 3269 5262 ut
3291 5208 3386 5261 det
3414 5207 3524 5261 illis
3556 5207 3614 5261 in

321 5307 378 5354 et
410 5316 557 5371 pace
587 5300 952 5368 requiescere.
978 5299 1076 5352 Vel
1102 5305 1251 5352 certe
1280 5317 1510 5353 somnus
1531 5301 1637 5354 iste
1665 5301 1933 5370 intelligi-
2015 5307 2272 5370 tempore
2293 5297 2464 5352 tritici
2484 5298 3149 5351 mensuram.»Exaudiet
3169 5297 3485 5364 vinum,hoc
3506 5303 3610 5365 est;

320 5397 421 5444 tur
451 5389 715 5460 pausatio
745 5389 1070 5452 electorum,
1105 5388 1199 5458 qui
1233 5389 1397 5442 modo
1428 5389 1614 5459 quiete
1644 5389 1934 5443 dormiunt
2018 5389 2373 5459 Spiritualem
2429 5387 2858 5458 intelligentiam
2892 5389 2968 5440 ita
3013 5387 3238 5458 praebet,
3291 5394 3351 5441 ut
3381 5404 3482 5441 sua
3511 5387 3614 5441 do-

323 5480 381 5532 in
413 5494 522 5549 spe
543 5477 748 5530 futurae
772 5477 1219 5531 resurrectionis.
2015 5479 2196 5532 ctrina
2227 5478 2472 5531 laetiticet
2501 5480 2669 5530 corda
2698 5477 3069 5530 audientium.
3091 5477 3408 5530 Secundum
3427 5477 3613 5547 quali-

403 5589 426 5620 ι
469 5567 545 5620 Et
572 5565 850 5636 sponsabo
876 5572 934 5621 te
955 5567 1095 5622 mihi
1114 5567 1174 5622 in
1205 5567 1632 5642 sempiternum,
1673 5573 1730 5622 et
1758 5585 1929 5641 spon-
2015 5574 2190 5624 tatem
2226 5565 2375 5621 enim
2405 5565 2724 5620 auditorum
2757 5565 2925 5620 debet
2949 5565 3180 5622 formari
3209 5581 3394 5620 sermo
3418 5565 3610 5618 docto-
