4062 6168
426 281 487 339 31
839 279 1218 340 HAYMONIS
1258 277 1749 338 HALBERSTAT.
1791 278 2010 337 EPISC.

2094 277 2219 334 iPP.
2260 277 2443 334 PARS
2482 277 2527 333 Ῑ.
2571 307 2636 319 -
2676 273 3052 333 ΟΟΜΜΕΝΤ.
3094 273 3278 333 BIBL.
3626 277 3694 338 32

429 404 574 471 silio,
608 410 665 461 et
679 407 917 462 eruditis
945 408 1218 463 intersum
1233 377 1686 478 cogitationibus.
1700 425 1722 456 ι
1743 406 1810 460 Et
1825 405 1893 459 de
1913 421 2023 476 quo
2040 407 2085 464 A
2104 419 2229 457 rum
2258 402 2653 474 temporalium
2680 403 2971 474 profundis
2991 402 3390 474 quaestionibus
3421 401 3696 458 desudan-

423 496 745 566 Apostolus.
770 516 792 547 ι
819 497 1100 559 Christum
1119 498 1304 568 inquit
1325 497 1422 551 Dei
1447 497 1706 550 virtutem
1731 501 1787 548 et
1815 494 1914 548 Dei
1938 510 2023 547 sa-

423 584 715 655 pientiam.
757 605 783 638 »
826 587 950 640 Non
997 587 1216 640 habitat
1245 587 1301 640 in
1333 592 1502 644 terra.
1533 586 1638 638 hoc
1665 589 1767 648 est,
1793 600 1905 637 non
1929 600 2020 637 re-

426 674 664 744 quiescit
694 675 753 728 in
781 675 1009 729 illorum
1040 676 1340 739 mentibus,
1374 675 1470 746 qui
1498 673 1567 727 ab
1598 675 1720 743 ejus
1757 674 1866 726 fide
1885 677 2020 727 sunt

425 762 616 816 alieni.
643 763 722 816 De
753 764 957 835 quibus
988 764 1170 818 adhuc
1199 763 1470 834 sequitur.

497 851 977 928 «Maledictumet
997 851 1433 915 mendacium,et
1447 849 1894 913 homicidium,et
1907 849 2020 903 fur-

423 942 626 1005 tum,et
643 941 979 994 adulterium
1004 941 1434 994 inundaverunt.
1463 959 1484 989 ι
1509 940 1866 993 Maledictum
1897 955 2018 1010 per-

423 1027 567 1081 tinet
591 1029 661 1082 ad
693 1045 886 1082 eorum
927 1029 1174 1082 convicia
1211 1035 1268 1082 et
1315 1028 1630 1100 opprobria,
1675 1027 1771 1097 qui
1821 1033 2018 1081 contra

424 1115 602 1170 Deum
624 1117 1194 1182 tumebant,dicentes
1220 1136 1268 1170 :«
1295 1117 1642 1171 Dzemonium
1667 1115 1860 1182 habes,
1891 1134 1916 1168 ιο
1939 1121 2010 1176 et.

422 1216 455 1251 α
486 1201 873 1254 Samaritanus
901 1219 979 1266 es,
1018 1220 1038 1251 ι
1075 1209 1130 1255 et
1158 1207 1359 1255 cmtera
1387 1201 1542 1254 talia.
1567 1200 1915 1254 Mendacium
1947 1201 2017 1254 ad

421 1288 526 1341 hoc
539 1289 684 1358 quod
709 1291 970 1343 dixerunt
1005 1309 1049 1343 ε(
1083 1291 1232 1344 Reus
1261 1296 1346 1344 est
1371 1289 1587 1354 mortis,
1624 1309 1651 1342 »
1683 1298 1757 1353 et,
1781 1289 1917 1342 «Hic
1932 1295 2018 1342 est

2102 498 2206 548 tes.
2237 512 2258 543 ι
2287 491 2476 546 Pisces
2509 492 2732 563 iinquit)
2754 493 2925 547 maris
2955 491 3466 563 congregabuntur,
3501 512 3527 544 ι)
3560 492 3696 547 sub-

2102 581 2330 635 auditur
2357 581 2414 634 in
2449 587 2706 636 mortem.
2735 580 2894 636 Unde
2923 588 2980 635 et
3022 581 3132 634 alia
3163 581 3457 635 translatio
3475 581 3646 635 habet
3678 599 3690 634 :

2101 669 2287 724 Pisces
2309 671 2479 723 maris
2499 671 2786 726 deficient.

2179 779 2202 810 ι
2230 760 2636 814 Verumtamen
2667 759 3054 830 unusquisque
3101 775 3214 813 non
3245 759 3470 825 iudicet,
3499 764 3556 814 et
3581 775 3695 814 non

2101 855 2373 921 arguatur
2400 849 2500 903 vir.
2537 867 2563 901 »
2597 849 3000 902 Provocaverat
3036 865 3130 902 eos
3167 848 3426 919 superius
3445 849 3514 902 ad
3539 849 3697 918 judi-

2099 940 2270 1004 cium,
2303 944 2367 991 ut
2397 944 2799 1007 cognoscerent
2847 954 2906 991 se
2946 954 3011 990 ex
3041 937 3275 990 veritate
3295 937 3598 1007 judicatos,
3640 943 3698 991 et

2099 1039 2211 1081 non
2241 1044 2342 1098 per
2360 1026 2670 1097 potentiam
2699 1026 2800 1079 Dei
2829 1042 3144 1096 oppressos,
3175 1026 3273 1079 sed
3315 1032 3546 1096 propter
3575 1041 3699 1097 pec-

2099 1122 2222 1169 cata
2263 1115 2547 1187 praeterita
2574 1113 2827 1168 hostibus
2854 1114 3111 1170 traditos.
3155 1114 3362 1168 Verum
3385 1115 3520 1185 quia
3537 1115 3697 1169 dete—

2100 1207 2280 1259 riores
2300 1205 2481 1258 effecti
2520 1211 2669 1264 sunt,
2694 1210 2866 1258 tanta;
2901 1211 3060 1258 erant
3084 1204 3496 1275 imprudentiae.
3522 1211 3588 1258 ut
3625 1221 3696 1261 ne

2099 1294 2336 1348 convicti
2366 1293 2592 1364 quidem
2628 1292 3015 1346 verecundiam
3040 1291 3332 1346 haberent.
3374 1291 3642 1348 Prohibet
3661 1310 3696 1348 a

422 1383 649 1430 vorator
668 1383 724 1430 et
753 1383 976 1448 potator
1000 1379 1131 1433 vini.
1171 1400 1192 1431 ι
1228 1379 1610 1434 Homicidium
1642 1379 1712 1432 ad
1741 1379 1845 1431 hoc
1865 1379 2011 1448 quod
2093 1384 2263 1453 justis
2288 1382 2528 1452 judicari
2561 1381 2801 1450 injustos
2849 1386 2901 1435 et
2934 1381 3117 1451 argui,
3152 1381 3285 1450 quia
3315 1381 3530 1450 indigni
3561 1388 3696 1437 sunt

421 1464 608 1535 ipsum
639 1468 807 1520 morti
835 1468 1194 1522 tradiderunt
1221 1474 1277 1522 et
1303 1485 1496 1522 omnes
1517 1468 1836 1538 prophetas,
1867 1467 2015 1521 sicut
2096 1472 2509 1542 correptionem
2531 1470 2834 1540 suscipere.
2855 1469 3252 1540 Unusquisque
3273 1468 3493 1540 (inquit)
3503 1471 3694 1539 justus

422 1552 544 1624 ipse
565 1554 644 1608 eis
669 1555 1017 1627 improperat
1043 1557 1232 1610 dicens
1263 1576 1277 1612 :
1309 1556 1378 1610 Et
1412 1573 1507 1610 vos
1529 1556 1755 1626 implete
1786 1571 2014 1608 mensu-
2096 1576 2208 1614 non
2233 1560 2450 1630 judicet
2477 1559 2768 1629 injustum,
2804 1564 2862 1612 et
2888 1574 2998 1612 non
3019 1565 3293 1628 arguatur
3320 1557 3403 1611 vir
3428 1557 3634 1629 impius
3660 1576 3696 1613 a

419 1657 541 1694 ram
569 1648 790 1712 patrum
825 1652 1192 1702 vestrorum.«
1216 1647 1351 1700 Ecce
1365 1663 1466 1716 ego
1491 1646 1652 1706 mitto
1672 1645 1742 1698 ad
1773 1660 1869 1696 vos
1890 1659 2014 1713 pI‘O-
2097 1649 2210 1721 pio,
2243 1649 2389 1720 quod
2413 1649 2608 1719 utique
2638 1647 2973 1701 enormitate
3001 1647 3274 1700 scelerum
3309 1646 3416 1717 ipsi
3447 1647 3604 1717 impii
3639 1651 3696 1702 et

419 1729 619 1799 phetas
632 1737 689 1785 et
709 1733 988 1803 sapientes
1007 1740 1064 1788 et
1082 1733 1310 1799 scribas,
1335 1756 1356 1782 η
1373 1743 1476 1788 etc.
1490 1733 1762 1787 Etbeatus
1782 1731 2010 1801 Stepha-

2099 1739 2291 1809 injusti
2319 1755 2430 1792 non
2456 1743 2762 1791 merentur.
2792 1756 2815 1787 «
2835 1737 3082 1806 P0pulus
3111 1736 3256 1789 enim
3280 1741 3430 1792 tuus.
3466 1737 3610 1790 sicut
3634 1735 3694 1789 hi

421 1833 529 1871 nus
544 1836 592 1873 τι
611 1820 786 1883 Quem
802 1821 1032 1891 (inquit)
1044 1823 1442 1893 prophetarum
1461 1839 1572 1875 non
1587 1827 1721 1874 sunt
1739 1818 2015 1891 persecuti
2035 1818 2075 1828 “’
2100 1827 2193 1898 qui
2214 1828 2604 1881 contradicunt
2623 1825 3031 1880 sacerdoti.»Et
3047 1831 3132 1879 est
3147 1842 3343 1880 sensus
3362 1843 3373 1876 :
3401 1824 3557 1879 Sicut
3573 1826 3695 1896 ple-

421 1912 609 1975 paires
630 1909 838 1962 vestri?
861 1911 928 1963 Et
951 1911 1274 1965 occiderunt
1302 1928 1398 1965 eos
1430 1911 1524 1981 qui
1562 1907 2018 1981 praenuntiabant
2098 1916 2294 1971 becula
2320 1916 2644 1970 inobediens
2666 1921 2753 1968 est
2771 1914 3065 1979 sacerdoti,
3091 1916 3251 1985 cujus
3269 1931 3379 1968 non
3402 1913 3692 1968 vultobse-

423 1993 493 2047 de
523 1996 2018 2081 adxrenthqqtiggujusmmnciﬂoditqmsﬁfrflomi-
2100 2006 2194 2076 qui
2227 2005 2526 2067 mandatis,
2573 2010 2630 2057 et
2665 2004 2831 2057 sicuti
2871 2003 3178 2074 discipulus
3212 2002 3540 2056 inobediens
3569 2019 3692 2056 ma-

421 2082 559 2136 cidae
577 2068 1087 2157 Γυίευῖεῗο.»ξὲὓίπὶὓίη
1101 2078 1363 2159 ἑςὲθῆθξ
1388 2068 1772 2160 ἐέῖὲιρίξνίιὲὅξί
1785 2068 2016 2161 ’έέίρεοε

423 2175 479 2223 et
507 2172 651 2226 filios
675 2190 805 2228 suos
843 2175 1012 2230 furati
1056 2184 1206 2241 sunt,
1235 2177 1483 2231 dicentes
1515 2195 1527 2230 :
1567 2195 1593 2228 α
1625 2177 1864 2246 Sanguis
1894 2177 2015 2244 ejus

422 2265 2015 2348 ξηρθνξιρείειτειειξξῑδηρεηοειφειτθξνςξίιιιεςηϋοὲιφιξι

422 2342 993 2422 Chrisyjih}
1007 2342 2016 2428 ᾶιέιϋῇιτὶςῖρωξαιξέέῖᾖξίεέριξῶιᾷ·

419 2434 589 2501 rium,
606 2438 676 2492 ad
696 2439 1111 2496 immunditiam
1137 2443 1224 2495 vel
1249 2444 1316 2496 ad
1339 2443 1871 2496 idololatriamJlaec
1901 2457 2016 2494 om-

423 2525 519 2579 nia
546 2526 605 2581 in
633 2526 844 2584 Judaais
886 2531 1314 2595 inundaverant,
1349 2532 1402 2585 id
1444 2538 1529 2585 est
1570 2532 2012 2585 abundaverant.

420 2613 531 2668 Per
549 2617 777 2672 verbum
801 2621 949 2674 enim
969 2621 1826 2691 inundationis,magnitudinem
1848 2620 2016 2674 scele-

419 2719 545 2758 rum
577 2709 875 2762 ostendit.«
899 2711 968 2764 Et
995 2710 1225 2779 sanguis
1254 2711 1582 2780 sanguinem
1613 2709 2015 2778 tetigit.»San-

415 2794 544 2862 guis
571 2798 901 2867 sanguinem
933 2801 1134 2870 tangit,
1159 2817 1282 2855 cum
1314 2800 1679 2854 homicidium
1712 2798 2011 2852 homicidio

413 2883 694 2954 jungitur,
733 2893 790 2941 et
838 2904 963 2942 cum
1005 2895 1296 2960 peccatum
1327 2894 1550 2961 peccato
1582 2895 1840 2958 augetur.
1874 2887 2012 2941 San-

415 2975 605 3042 guinis
648 2976 797 3030 enim
850 2978 1078 3032 nomine
1108 2985 1395 3050 peccatum
1445 2980 1792 3050 designatur,
1836 2985 1900 3032 ut
1929 2983 2013 3031 est

419 3061 559 3117 illud
593 3083 603 3117 :
638 3085 660 3116 ι
690 3065 890 3120 Libera
921 3083 1009 3120 me
1039 3068 1106 3121 de
1132 3069 1518 3139 sanguinibus.
1558 3089 1579 3120 ι

493 3170 519 3203 α
543 3153 782 3224 Pr0pter
800 3155 904 3209 hoc
931 3156 1148 3226 lugebit
1169 3163 1339 3221 terra,
1362 3164 1417 3211 et
1436 3157 1815 3211 inﬁrmabitur
1830 3157 2012 3211 omnis

421 3241 514 3310 qui
542 3241 760 3297 habitat
790 3244 845 3298 in
871 3261 955 3305 ea,
983 3245 1039 3298 in
1058 3245 1238 3299 bestia
1267 3247 1407 3316 agri,
1443 3253 1500 3300 et
1527 3247 1584 3300 in
1607 3247 1828 3300 volucre
1848 3246 1972 3300 caeli
1996 3263 2006 3295 :

416 3330 516 3383 sed
542 3336 599 3384 et
625 3332 804 3403 pisces
834 3335 1005 3388 maris
1028 3336 1543 3406 congregabuntur.
1575 3357 1597 3387 ι
1633 3337 1869 3407 Propter
1881 3337 2004 3402 hoc,

419 3417 552 3487 quia
569 3435 670 3489 pro
683 3419 845 3475 bonis
875 3422 1136 3493 operibus
1159 3424 1290 3477 vitia
1318 3424 1578 3494 superius
1598 3425 1747 3477 dicta
1775 3423 2011 3478 inunda-

415 3513 634 3573 verunt,
670 3509 881 3580 lugebit
908 3519 1080 3569 terra.
1108 3514 1282 3567 Terra
1311 3514 1504 3582 lugere
1535 3513 1757 3567 videtur
1786 3514 2008 3582 quando

412 3593 622 3650 inculta
646 3607 918 3665 remanet,
943 3601 1177 3654 sublatis
1193 3600 1686 3660 habitatoribus.et
1706 3619 1827 3672 quae
1845 3607 2009 3654 antea

414 3685 530 3737 suis
550 3685 704 3739 laetos
714 3687 1034 3756 proferebat
1050 3689 1395 3748 fructus,inci
1401 3690 1484 3760 pit
1503 3707 1698 3760 vepres
1715 3706 2008 3760 procreare

414 3778 472 3826 et
499 3773 709 3843 spinas.
745 3776 989 3847 Ideoque
1030 3778 1086 3832 in
1119 3779 1222 3831 hoc
1264 3779 1383 3831 loco
1430 3779 1704 3832 desolatio
1732 3779 1922 3832 decem
1954 3784 2010 3831 et

414 3861 654 3917 duarum
684 3864 933 3920 tribuum
956 3867 1441 3938 exprimitur,cum
1468 3868 1673 3922 dicitur
1692 3886 1738 3921 :«
1772 3868 2006 3938 Lugebit

414 3956 586 4006 terra.
615 3973 640 4006 »
673 3954 798 4008 Sive
828 3972 929 4026 per
943 3961 1152 4011 terram
1183 3957 1332 4028 ipsos
1353 3957 1574 4012 Iudaeos
1603 3958 2008 4028 possumusin-

414 4040 685 4112 telligere,
731 4049 942 4099 terram
973 4055 1304 4116 quaerentes,
1340 4053 1397 4101 et
1440 4052 1662 4101 terrena
1702 4047 2003 4118 sapientes.

415 4129 574 4183 Unde
601 4137 658 4184 et
681 4133 873 4186 statim
923 4136 1180 4204 sequitur
1211 4153 1221 4187 :
1263 4154 1285 4184 ι
1320 4136 1390 4188 Et
1423 4135 1803 4189 infirmabitur
1825 4136 2007 4189 omnis

415 4216 511 4286 qui
543 4217 762 4272 habitat
790 4221 847 4272 in
877 4237 962 4283 ea,
999 4241 1023 4272 »
1049 4222 1153 4275 hoc
1177 4229 1281 4287 est,
1307 4223 1400 4291 qui
1426 4241 1528 4293 per
1556 4240 1804 4277 amorem
1836 4231 1893 4276 et
1915 4224 2009 4277 de-

414 4304 683 4360 siderium
711 4307 787 4360 ibi
815 4315 1022 4362 manet.
1040 4311 1438 4380 Comprehensi
1453 4312 1599 4364 enim
1633 4311 1702 4364 ab
1730 4311 2001 4376 hostibus,

415 4394 678 4448 luxerunt
696 4395 1038 4450 etinfirmati
1069 4404 1218 4458 sunt.
1252 4399 1515 4468 quoniam
1547 4415 1613 4453 ea
1635 4415 1756 4469 quae
1785 4417 2006 4454 summo

415 4499 607 4536 amore
635 4484 1026 4550 dilexerant,et
1046 4486 1103 4539 in
1125 4485 1327 4556 quibus
1345 4487 1569 4557 gloriati
1595 4488 2007 4551 fuerant,amit-

410 4570 625 4626 tebant.
647 4593 667 4623 ι
696 4574 760 4628 In
779 4573 954 4628 bestia
971 4576 1113 4644 agri.
1144 4582 1200 4629 et
1218 4576 1275 4630 in
1306 4577 1524 4631 volucre
1553 4577 2005 4632 cmli.»Naturale

414 4667 518 4727 est,
551 4669 615 4716 ut
643 4661 839 4718 beatus
869 4664 1247 4736 Hieronymus
1278 4665 1430 4730 dicit,
1466 4672 1527 4720 ut
1557 4667 1600 4720 si
1626 4673 1780 4721 terra
1814 4667 1884 4720 ab
1913 4668 2007 4721 ha-

413 4749 747 4807 bitatoribus
791 4753 906 4808 suis
942 4754 1114 4808 fuerit
1152 4755 1437 4819 derelicta,
1480 4756 1669 4810 bestiae
1698 4773 1918 4827 quoque
1951 4766 2009 4812 et

414 4855 543 4893 aves
573 4840 643 4893 ab
673 4858 736 4895 ea
762 4843 1040 4898 deficiant.
1075 4844 1279 4898 Altiori
1327 4850 1513 4898 autem
1545 4861 1734 4910 sensu,
1776 4862 1876 4916 per
1907 4846 2003 4900 be-

412 4928 551 4982 stias
594 4929 736 4999 agri,
795 4931 1006 4986 feroces
1035 4933 1289 5004 populos,
1341 4939 1397 4986 et
1434 4932 1652 4987 bestiali
1701 4934 2005 4989 stoliditate

409 5034 634 5089 pressos
664 5019 971 5088 signiﬁcat;
1016 5037 1116 5090 per
1161 5022 1410 5076 volucres
1447 5039 1596 5087 vero,
1630 5022 1915 5092 superbos,
1951 5030 2007 5079 et

412 5107 607 5172 elatos,
637 5123 702 5161 ac
729 5109 878 5190 leves
909 5125 1204 5178 possumus
1255 5110 1587 5182 intelligere,
1623 5113 1816 5182 quales
1845 5120 2007 5167 erant

409 5195 518 5267 ipsi
538 5196 733 5262 Judaei,
749 5197 816 5250 de
839 5197 1167 5252 meritorum
1194 5199 1465 5268 dignitate
1486 5202 1849 5270 jactantes,et
1869 5202 2006 5257 alios

411 5285 810 5356 despicientes;
846 5303 946 5357 per
957 5287 1132 5357 pisces
1162 5286 1464 5360 maris,ipsi
1482 5307 1590 5344 non
1615 5292 2006 5346 inconvenien-

409 5380 498 5428 ter
522 5375 872 5445 accipiuntur
885 5376 978 5446 qui
1001 5376 1057 5429 in
1086 5378 1464 5448 profunditate
1483 5381 1744 5434 vitiorum
1770 5387 1826 5435 et
1847 5381 1900 5434 in
1923 5388 2003 5434 te-

409 5461 594 5516 nebris
631 5472 982 5534 peccatorum
1023 5466 1511 5522 conversabantur.
1541 5469 1664 5523 Sive
1687 5487 1785 5540 per
1801 5471 2000 5540 pisces,

408 5551 768 5625 philosophos
803 5553 999 5609 mundi
1025 5553 1424 5625 intelligamus,
1450 5557 1508 5613 in
1522 5559 1881 5634 exquirendis
1912 5576 2000 5614 re.

2096 2095 2294 2164 gistro,
2318 2095 2396 2147 sic
2425 2094 2662 2164 populus
2687 2098 2820 2146 tuus
2842 2093 3177 2146 contradicit
3206 2091 3387 2146 verbis
3418 2093 3531 2145 oris
3559 2092 3692 2159 mei,

2098 2189 2155 2236 et
2181 2183 2306 2236 ideo
2335 2199 2446 2236 non
2476 2187 2562 2235 est
2588 2181 2791 2251 dignus
2808 2181 2891 2234 vel
2918 2197 2952 2234 a
2979 2182 3273 2252 propheta,
3300 2180 3695 2251 velaquolibet

2096 2271 2358 2341 redargui
2375 2271 2548 2340 justo.

2171 2379 2194 2410 (
2230 2361 2299 2413 Et
2324 2376 2550 2413 corrues
2579 2358 2762 2425 hodie,
2790 2364 2846 2412 et
2864 2362 3088 2412 corruet
3115 2357 3284 2411 etiam
3315 2357 3587 2428 prOpheta
3613 2361 3693 2412 te-

2097 2465 2244 2502 cum.
2264 2468 2288 2499 υ
2308 2449 2577 2518 Superius
2598 2449 2665 2501 ad
2683 2448 3010 2518 prophetam
3032 2447 3252 2500 locutus
3271 2453 3356 2500 est
3375 2446 3443 2498 de
3464 2446 3687 2517 pOpulo,

2097 2554 2246 2592 nunc
2281 2543 2470 2591 autem
2503 2537 2572 2590 ad
2591 2537 2771 2607 ipsum
2788 2536 3076 2607 populum,
3095 2535 3287 2589 decem
3313 2535 3568 2589 videlicet
3593 2535 3692 2588 tri-

2095 2626 2220 2692 bus,
2251 2626 2420 2680 vertit
2448 2641 2783 2691 sermonem,
2833 2625 3023 2678 dicens
3055 2639 3068 2679 :
3109 2641 3135 2674 α
3177 2624 3418 2678 Corrues
3445 2622 3629 2688 hodie,
3660 2644 3683 2673 ι

2096 2714 2154 2768 id
2183 2721 2269 2768 est
2299 2716 2353 2768 in
2387 2715 2646 2784 praesenti
2675 2719 2947 2784 tempore,
2971 2715 3056 2767 vel
3073 2719 3223 2767 certe
3253 2713 3306 2766 in
3336 2713 3682 2783 apertaluce,

2095 2817 2152 2857 et
2180 2803 2237 2858 in
2267 2804 2516 2857 omnium
2567 2803 2741 2858 oculis
2780 2803 3000 2858 duceris
3030 2803 3090 2856 in
3116 2802 3518 2873 captivitatem.
3558 2821 3580 2851 ι
3617 2799 3690 2854 Et

2093 2898 2318 2947 corruet
2346 2893 2516 2946 etiam
2540 2893 2815 2964 propheta
2833 2898 3040 2946 tecum.
3057 2910 3083 2944 (ι
3109 2890 3338 2946 Duobus
3367 2890 3548 2944 modis
3569 2906 3690 2960 pos-

2093 2999 2289 3036 sumus
2319 2982 2410 3034 hic
2433 2982 2763 3052 prophetam
2796 2980 3128 3051 intelligere,
3159 2980 3245 3033 vel
3274 2979 3477 3032 falsum
3499 2978 3692 3032 videli-

2095 3077 2184 3125 cet
2235 3071 2586 3141 pr0phetam,
2649 3070 2782 3141 quia
2833 3069 3176 3139 aequivocum
3211 3071 3416 3122 nomen
3463 3072 3567 3132 est,
3603 3067 3686 3120 vel

2093 3161 2262 3215 etiam
2293 3161 2678 3232 prophetalem
2708 3159 3064 3229 dignitatem,
3096 3158 3228 3230 quia
3271 3157 3463 3211 decem
3511 3155 3689 3210 tribus

2093 3256 2218 3322 post
2236 3249 2614 3320 captivitatem
2629 3265 2739 3301 non
2771 3248 3011 3317 legimus
3040 3247 3304 3301 habuisse
3332 3245 3685 3318 prophetam.

2091 3339 2352 3403 Quandiu
2382 3339 2531 3391 enim
2563 3354 2674 3391 non
2695 3343 2829 3391 sunt
2847 3342 3020 3407 captaa
3049 3336 3240 3390 decem
3272 3333 3690 3389 tribushabue-

2091 3435 2223 3481 runt
2242 3428 2417 3481 Eliam
2442 3427 2770 3498 prophetam
2793 3431 2850 3479 et
2879 3426 3512 3494 Elisaeumczeterosque
3544 3423 3687 3476 filios

2093 3517 2516 3587 prophetarum,
2552 3515 2647 3586 qui
2689 3515 3164 3586 pr0phetaverunt
3195 3514 3254 3566 in
3303 3511 3575 3567 Samaria.
3621 3510 3690 3564 Et

2093 3604 2318 3674 quidem
2351 3605 2474 3657 duae
2505 3603 2681 3657 tribus
2712 3603 2766 3656 in
2792 3603 2911 3673 ipsa
2944 3602 3264 3672 captivitate
3294 3606 3351 3654 et
3379 3606 3572 3671 postea
3591 3598 3687 3650 ha-

2093 3692 2264 3746 buere
2295 3680 2863 3763 prophetas.'Decem
2892 3707 3042 3755 vero,
3077 3696 3374 3761 postquam
3401 3687 3688 3742 translata:

2091 3787 2224 3834 sunt
2251 3781 2310 3834 in
2340 3781 2530 3834 Medos
2552 3787 2609 3834 et
2637 3781 2693 3833 in
2715 3779 3227 3841 Persas,neminem
3251 3777 3571 3832 referuntur
3592 3776 3686 3828 ha-

2089 3872 2276 3927 buisse
2319 3873 2669 3943 prephetam.
2703 3871 2948 3942 Ideoque
2988 3871 3069 3924 eis
3097 3870 3304 3924 dicitur
3335 3888 3346 3923 :
3384 3888 3408 3920 «
3449 3869 3688 3923 Corruet

2091 3961 2262 4014 etiam
2291 3961 2567 4030 propheta
2580 3966 2784 4024 tecum,
2810 3976 2837 4012 ι)
2867 3959 2921 4012 id
2948 3957 3310 4028 est,dignitas
3342 3955 3685 4028 prophetalis

2089 4065 2124 4102 a
2153 4054 2209 4101 te
2241 4047 2444 4119 peribit
2468 4067 2479 4114 ;
2502 4049 2590 4101 vel
2606 4049 2731 4101 falsi
2747 4048 3153 4119 prophetae.qui
3175 4047 3330 4101 vobis
3343 4047 3540 4100 falsam
3563 4061 3687 4116 prov

2090 4136 2340 4208 phetiam
2377 4136 2747 4202 resolvebant,
2781 4153 2894 4190 una
2924 4135 3204 4190 vobiscum
3236 4135 3522 4206 peribunt.
3558 4153 3585 4185 α
3619 4133 3686 4186 Et

2089 4232 2251 4280 nocte
2280 4226 2385 4279 feci
2418 4232 2603 4280 tacere
2633 4232 2870 4279 matrem
2888 4231 3067 4283 tuam.
3087 4246 3109 4276 ι
3135 4228 3311 4282 Mater
3337 4226 3459 4296 ipka
3487 4224 3683 4278 Judai—

2089 4330 2154 4367 ca
2181 4315 2336 4384 plebs
2356 4315 2413 4366 in
2442 4315 2813 4379 generalitate
2841 4315 3174 4385 appellatur.
3209 4313 3334 4368 Filii
3362 4314 3530 4382 hujus
3561 4328 3683 4365 ma-

2089 4403 2192 4456 tris
2222 4403 2306 4456 vel
2337 4403 2541 4472 singuli
2569 4420 2598 4456 e
2635 4404 2861 4474 populo,
2895 4403 2978 4456 vel
3007 4403 3065 4456 hi
3096 4403 3191 4474 qui
3220 4419 3321 4473 per
3349 4401 3554 4472 oppida
3582 4401 3680 4454 vil-
3782 4443 3785 4445 .

2089 4493 2284 4562 lasque
2306 4492 2717 4562 erantdispersi
2760 4491 2825 4546 In
2851 4498 3011 4546 nocte
3037 4509 3192 4563 ergo,
3225 4491 3278 4544 id
3307 4495 3410 4556 est,
3443 4489 3501 4544 in
3531 4494 3684 4544 tene-

2087 4579 2202 4633 bris
2227 4580 2567 4650 captivitatis
2596 4587 2653 4634 et
2691 4581 2944 4635 mceroris
2969 4586 3025 4634 et
3053 4585 3358 4652 prementis
3387 4581 3681 4650 angustia.

2088 4669 2194 4723 feci
2226 4675 2412 4724 tacere
2443 4675 2680 4723 matrem
2711 4677 2888 4735 tuam,
2915 4670 3047 4740 quia
3080 4686 3192 4724 non
3214 4674 3299 4723 est
3327 4685 3467 4722 ausa
3492 4669 3681 4723 dolere

2089 4759 2300 4813 malum
2325 4775 2489 4813 suum
2515 4775 2703 4813 coram
2732 4758 3006 4813 hostibus.

2163 4866 2188 4898 «
2224 4848 2508 4902 Conticuit
2531 4848 2770 4918 populus
2800 4864 2976 4912 meus,
3009 4863 3074 4901 eo
3108 4846 3255 4916 quod
3283 4862 3396 4900 non
3423 4845 3686 4901 habuerit

2087 4936 2397 4990 scientiam.
2430 4958 2454 4983 ιο
2490 4937 2606 4989 Hoc
2635 4943 2738 4997 est,
2763 4935 3203 5006 comprehensus
3225 4934 3294 4988 ab
3322 4934 3577 4988 hostibus
3606 4935 3684 4988 si-

2087 5025 2260 5080 lentio
2281 5026 2483 5090 tabuit,
2507 5043 2619 5079 non
2641 5027 2852 5080 audens
2874 5026 2954 5080 eis
2974 5041 3305 5096 repugnare.
3328 5022 3401 5077 Et
3428 5023 3686 5077 redditur

2089 5132 2260 5169 causa
2291 5132 2391 5169 cur
2419 5120 2673 5168 sanctum
2697 5116 2772 5169 sit
2790 5114 3078 5169 ei.scilicet
3106 5130 3171 5167 eo
3193 5112 3338 5184 quod
3353 5112 3684 5167 nonhabue-

2089 5206 2163 5257 rit
2191 5203 2480 5258 scientiam
2511 5205 2652 5273 legis
2675 5204 2793 5264 Dei,
2810 5211 2867 5257 et
2886 5208 3161 5274 praecepta
3172 5201 3272 5256 Dei
3295 5217 3406 5254 non
3426 5218 3683 5255 servave-

2088 5293 2181 5355 rit,
2215 5299 2279 5346 ut
2303 5293 2381 5346 illi
2405 5293 2639 5347 serviret
2667 5299 2724 5346 et
2751 5293 2901 5346 idola
2921 5295 3324 5347 contemneret.
3354 5290 3496 5353 Quia
3527 5291 3680 5343 enim

2087 5381 2243 5453 prius
2264 5397 2297 5434 a
2317 5381 2576 5435 laudibus
2600 5382 2695 5436 Dei
2717 5398 2777 5434 os
2796 5381 3248 5451 clauserat.juste
3268 5379 3337 5433 ad
3358 5379 3504 5432 hanc
3518 5379 3680 5432 deve-

2084 5471 2169 5524 nit
2190 5470 2564 5534 miseriam,ut
2579 5487 2681 5524 nec
2700 5471 2909 5524 malum
2928 5487 3091 5524 suum
3106 5471 3255 5523 inter
3267 5469 3458 5522 hostes
3475 5467 3681 5521 deﬂere

2086 5559 2341 5614 auderet.
2378 5579 2404 5613 «
2437 5560 2583 5626 Quia
2602 5566 2664 5614 tu
2688 5558 2980 5614 scientiam
3010 5559 3285 5631 repulisti,
3305 5556 3574 5628 repellam
3601 5562 3678 5623 te,
