4062 6168
341 321 409 380 33
1125 317 1134 321 ’
1365 313 1782 371 ENARRATIO
1820 314 1899 369 IN
1938 314 2119 371 OSEE
2157 317 2615 374 PROPHETAM.
3547 320 3617 377 34

340 462 412 500 ne
443 442 764 499 sacerdotio
815 440 1066 513 fungaris
1113 440 1272 495 mihi.
1322 459 1346 492 »
1383 439 1609 510 Repulit
1640 441 1760 511 ipsa
1790 439 2160 510 plebsAbant
2197 444 2369 498 erecti
2415 444 2473 498 in
2515 444 2858 516 superbiam,
2899 445 2985 499 vel
3025 445 3198 500 etiam
3238 446 3382 501 falsa
3423 449 3616 503 adula-

341 533 658 593 scientiam,
688 534 794 586 hoc
825 537 912 586 est
931 532 1129 594 Deum,
1151 530 1372 601 quando
1395 529 1725 584 stultissima
1753 536 1941 583 mente

340 640 482 694 opus
497 637 772 675 manuum
804 636 1032 674 suarum
1065 618 1233 690 coepit
1258 619 1514 685 adorare,
1538 619 1580 672 F
1582 625 1940 690 actoremque

339 713 468 766 ςαξὶὶ
498 717 554 765 et
581 718 748 765 terrae
778 711 1059 769 deserens,
1095 708 1298 762 vitulos
1335 724 1535 762 aureos
1563 713 1827 762 venerata
1855 713 1942 762 est

335 800 398 854 in
432 802 554 854 Dan
583 806 641 854 et
667 800 724 853 in
752 799 966 861 Bethel,
1003 797 1241 867 ideoque
1267 797 1493 868 repulsa
1515 802 1619 863 est,
1653 813 1722 850 ne
1753 802 1942 850 essent

338 906 405 943 ex
436 906 506 942 ea
535 889 854 943 sacerdotes
884 887 941 940 in
966 887 1132 940 domo
1161 885 1518 950 Domini,sed
1546 886 1730 956 potius
1759 885 1816 939 in
1846 886 1939 940 de-

337 977 518 1032 lubris
539 977 841 1031 idolorum.
879 995 900 1027 «
939 974 1010 1029 Et
1044 975 1219 1029 oblita
1248 991 1307 1028 es
1333 974 1473 1045 legis
1499 975 1598 1029 Dei
1627 976 1731 1040 tui,
1769 995 1793 1028 »
1813 992 1936 1046 quae

335 1067 602 1139 prohibet
618 1067 754 1120 deos
773 1066 987 1120 alienos
1015 1065 1271 1130 adorare,
1299 1082 1325 1114 «
1354 1063 1662 1119 Obliviscar
1691 1066 1936 1120 ﬁliorum

337 1165 570 1214 tuorum
592 1165 650 1212 et
667 1175 793 1229 ego,
817 1176 844 1210 n
867 1157 1095 1211 tradens
1115 1173 1210 1211 eos
1230 1162 1452 1210 aeternae
1482 1157 1815 1228 captivitati,
1835 1174 1941 1211 nec

339 1247 653 1302 miserebor
693 1263 910 1313 eorum,
953 1251 1017 1300 ut
1063 1246 1197 1300 olim
1244 1245 1510 1300 misertus
1556 1262 1680 1300 sum
1713 1252 1940 1317 patrum

339 1353 537 1392 eorum
574 1337 632 1390 in
665 1337 908 1392 deserto.
953 1335 1062 1399 Qui
1101 1334 1249 1388 enim
1280 1334 1523 1404 ignorat,
1567 1334 1938 1404 ignorabitur.

341 1427 474 1480 Haec
510 1425 699 1478 omnia
720 1429 957 1496 possunt
976 1430 1036 1478 ct
1064 1423 1134 1477 ad
1151 1423 1441 1476 haereticos
1457 1422 1671 1486 referri,
1697 1423 1792 1493 qui
1816 1423 1941 1476 reli-

338 1515 832 1585 queruntdomum
852 1513 1025 1567 David
1052 1518 1110 1566 et
1128 1513 1458 1575 Jerusalem,
1476 1511 1532 1564 id
1547 1516 1633 1566 est
1653 1511 1937 1566 Christum

339 1611 397 1657 et
421 1603 753 1657 Ecclesiam.
780 1603 848 1656 Et
876 1601 1002 1655 ideo
1033 1606 1245 1654 aeterna
1274 1606 1437 1654 nocte
1468 1599 1734 1670 cooperti,
1767 1600 1940 1654 conti-

2021 529 2176 583 tione
2206 538 2501 600 peccantes
2521 533 2892 606 decipiebant,
2915 534 3166 588 dicentes
3188 553 3200 587 :
3221 535 3464 590 Dimissa
3483 543 3618 592 sunt

2023 619 2177 674 vobis
2207 626 2433 691 peccata
2462 627 2668 676 vestra.
2703 622 2904 694 Sicque
2932 623 3150 678 animas
3179 623 3406 678 illorum
3434 626 3618 681 suble-

2024 708 2244 773 vabant,
2281 711 2546 780 quoniam
2574 728 2768 766 eorum
2801 712 2979 766 verbis
3010 713 3134 783 plus
3164 729 3331 784 quam
3353 731 3470 769 suae
3491 733 3619 770 con-

2023 797 2267 853 scientiae
2298 800 2747 864 credentes,cum
2779 808 3097 871 peccatores
3127 809 3332 868 essent,
3351 805 3535 874 justos
3555 822 3616 860 se

2022 903 2143 940 esse
2175 887 2548 942 aestimabant.
2581 889 2739 943 Unde
2771 895 2857 943 est
2889 909 2900 943 :
2931 910 2953 942 α
2999 892 3208 962 Popule
3235 909 3413 961 meus,
3439 894 3534 965 qui
3555 900 3611 950 te

2020 974 2245 1030 beatum
2279 976 2492 1042 dicunt,
2525 976 2630 1048 ipsi
2660 987 2715 1032 te
2745 979 3054 1050 decipiunt.
3088 1001 3112 1034 »

2097 1083 2124 1116 σι
2165 1065 2234 1118 Et
2277 1065 2383 1118 erit
2418 1065 2563 1120 sicut
2599 1068 2857 1137 p0pulus,
2897 1068 2977 1122 sic
3021 1071 3300 1126 sacerdos.
3348 1093 3370 1124 ι
3413 1073 3475 1128 Id
3507 1080 3613 1140 est,

2024 1152 2152 1222 quia
2181 1153 2473 1224 aequaliter
2509 1160 2765 1224 peccant,
2797 1156 3089 1226 aequaliter
3135 1157 3481 1230 indignantis
3511 1162 3611 1217 Dei

2022 1241 2359 1296 sententiam
2381 1244 2758 1298 sustinebunt.
2795 1246 3122 1300 Sacerdotes
3151 1253 3340 1303 autem
3364 1249 3614 1321 isti,qui-

2024 1329 2126 1384 bus
2156 1348 2312 1401 aeque
2343 1338 2406 1386 ut
2435 1334 2638 1403 populo
2673 1333 2820 1387 mala
2846 1340 3115 1389 eventura
3143 1353 3176 1389 a
3205 1337 3444 1393 Domino
3469 1357 3612 1410 pra:-

2023 1419 2306 1485 dicuntur,
2334 1438 2445 1475 non
2474 1427 2633 1476 erant
2659 1422 2728 1476 de
2753 1422 2905 1477 tribu
2949 1423 3104 1488 Levi,
3137 1426 3233 1479 sed
3265 1443 3330 1480 ex
3360 1444 3614 1497 quacun-

2022 1525 2130 1580 que
2147 1509 2298 1564 tribu
2310 1511 2598 1565 venientes
2617 1511 2927 1582 implebant
2948 1530 3176 1568 manum
3194 1531 3354 1570 suam
3375 1533 3515 1572 auro
3530 1519 3617 1572 vel

2020 1605 2272 1668 argento,
2297 1600 2493 1654 dantes
2515 1617 2750 1654 munera
2770 1602 2994 1672 regibus
3011 1603 3202 1657 decem
3223 1605 3496 1672 tribuum,
3522 1608 3619 1661 ﬁes

338 1697 572 1747 cescunt
600 1709 635 1746 a
665 1691 764 1746 Dei
791 1689 1244 1756 laudibusysicut
1263 1689 1532 1758 scriptum
1555 1694 1641 1742 est
1665 1707 1676 1742 :
1702 1712 1721 1736 υ
1751 1688 1819 1742 In
1849 1689 1936 1742 in-
1955 1758 1989 1761 _
2018 1686 2157 1740 bant
2183 1690 2501 1743 sacerdotes
2527 1690 2585 1743 in
2624 1691 2850 1761 templis
2884 1692 3182 1748 idolorum.
3221 1695 3329 1749 Sed
3354 1701 3410 1749 et
3428 1713 3614 1751 sacer-

338 1782 500 1835 ferno
529 1787 721 1834 autem
763 1779 890 1850 quis
923 1777 1282 1832 conﬁtebitur
1310 1777 1458 1831 tibi?
1494 1800 1518 1826 υ
1543 1778 1612 1831 Et
1635 1778 1740 1831 hoc
1769 1794 1936 1848 prop-
1955 1758 2001 1817 Β
2020 1774 2120 1828 dos
2152 1781 2208 1829 et
2235 1777 2497 1847 praelatus
2535 1758 2788 1848 quilibet,
2819 1781 2915 1850 qui
2950 1782 3098 1836 mala
3113 1782 3355 1838 aliorum
3384 1783 3490 1838 sibi
3520 1802 3613 1839 as-

336 1875 513 1935 terea,
564 1869 698 1939 quia
745 1884 858 1920 non
906 1865 1223 1920 habuerunt
1261 1865 1552 1920 scientiam
1602 1866 1722 1928 Dei,
1754 1866 1809 1919 id
1854 1871 1940 1920 est

339 1957 648 2022 Christum,
681 1962 746 2010 ut
774 1962 984 2009 rectam
1016 1955 1184 2008 ﬁdem
1215 1956 1338 2024 ejus
1361 1955 1674 2009 crederent.
1699 1955 1857 2010 Unde
1884 1962 1942 2010 et

340 2046 543 2101 merito
573 2063 608 2099 a
639 2045 878 2099 Domino
900 2045 1270 2115 repelluntur,
1291 2060 1359 2098 ne
1375 2043 1685 2098 sacerdotio
1707 2043 1942 2114 fungan-

340 2142 435 2189 tur
465 2135 535 2188 ei.
556 2133 880 2190 Sacerdotio
899 2134 1038 2204 ejus,
1064 2132 1192 2204 quia
1216 2133 1548 2203 plerumque
1580 2133 1721 2187 tales
1741 2133 1939 2187 imma-

338 2230 468 2278 tura
498 2230 682 2278 morte
717 2222 789 2277 ab
835 2223 936 2276 hac
963 2225 1079 2276 vita
1117 2221 1408 2286 subtracti,
1443 2222 1782 2276 aiternaliter
1811 2239 1937 2293 per-

344 2319 500 2380 eunt,
534 2329 606 2366 ne
634 2312 720 2364 vel
747 2311 854 2383 ipsi
883 2311 1113 2381 indigne
1155 2328 1358 2382 corpus
1388 2315 1444 2365 et
1473 2312 1804 2382 sanguinem
1835 2313 1938 2366 Do-

341 2402 478 2456 mini
509 2407 902 2463 attrectantes,
932 2401 1061 2454 aliis
1091 2400 1204 2455 sint
1231 2401 1648 2466 oﬁ‘endiculum,
1671 2401 1753 2455 vel
1789 2403 1938 2456 mala

339 2508 444 2546 sua
471 2491 732 2545 doctrina
761 2507 930 2544 causa
959 2489 1289 2560 perditionis
1326 2490 1520 2543 multis
1565 2490 1662 2544 diu
1704 2491 1936 2545 vivendo

337 2581 602 2635 existant.
643 2580 895 2644 Quorum
926 2580 1094 2633 etiam
1124 2580 1223 2632 ﬁlii
1253 2595 1288 2632 a
1316 2579 1429 2632 Deo
1460 2578 1709 2632 oblivisci
1740 2580 1937 2634 dicun-

336 2680 453 2736 tur,
484 2670 544 2723 id
574 2674 677 2736 est,
710 2669 766 2722 hi
793 2668 889 2739 qui
913 2667 983 2721 ab
1014 2668 1238 2722 illorum
1271 2684 1532 2738 perversa
1559 2669 1813 2723 doctrina
1838 2686 1938 2739 ge-

337 2759 524 2813 nerati
583 2764 736 2823 sunt,
797 2757 931 2828 quia
975 2757 1144 2812 simul
1187 2773 1316 2811 cum
1365 2756 1618 2827 patribus
1654 2749 1938 2830 perpetuae

345 2847 694 2902 damnationi
733 2847 1048 2900 tradentur.

422 2957 449 2988 ι
465 2937 783 2990 Secundum
799 2934 1219 2990 multitudinem
1242 2951 1436 2989 eorum
1447 2974 1460 2998 ,
1475 2935 1553 2989 sic
1566 2939 1937 3005 peccaverunt

2021 1864 2213 1928 sumit,
2247 1865 2327 1918 eis
2355 1866 2636 1919 adulando
2652 1869 2883 1938 aequalis
2906 1870 3164 1937 efﬁcitur,
3191 1871 3428 1942 ideoque
3457 1890 3615 1944 aeque

2022 1968 2149 2005 cum
2180 1952 2260 2006 eis
2281 1954 2661 2009 damnabitur.
2693 1975 2719 2008 α
2763 1957 2832 2010 Et
2860 1957 3092 2012 visitabo
3122 1977 3290 2030 super
3313 1978 3467 2026 eum,
3504 1979 3531 2014 ιι
3555 1961 3614 2016 id

2023 2055 2110 2102 est
2127 2048 2493 2109 sacerdotem,
2512 2068 2534 2098 ι
2571 2047 2688 2100 vias
2711 2047 2834 2116 ejus
2860 2066 2904 2098 ι.
2929 2047 3132 2102 Omnia
3156 2049 3415 2106 videlicet
3441 2070 3614 2125 opera

2023 2139 2146 2207 ejus
2176 2137 2431 2208 puniam,
2457 2136 2590 2206 quia
2620 2135 2873 2200 visitabo,
2901 2136 2992 2190 hic
3006 2154 3106 2207 pro
3127 2138 3429 2195 afflictione
3455 2144 3614 2214 poni-

2021 2232 2116 2280 tur
2139 2234 2196 2280 et
2223 2230 2523 2280 tormento.
2551 2244 2574 2277 α
2602 2226 2670 2278 Et
2699 2224 3066 2295 cogitationes
3087 2227 3208 2296 ejus
3233 2229 3465 2284 reddam
3486 2233 3555 2287 ei.
3579 2253 3607 2285 ι

2020 2316 2161 2380 Quia
2179 2332 2290 2369 non
2307 2315 2488 2368 solum
2512 2331 2612 2384 pro
2634 2313 2795 2368 malis
2815 2315 3096 2385 operibus,
3117 2333 3306 2372 verum
3324 2320 3494 2375 etiam
3511 2339 3611 2393 pro

2020 2404 2277 2475 pessimis
2331 2403 2784 2474 cogitationibus.
2832 2403 3032 2473 quibus
3070 2411 3136 2460 ut
3183 2407 3320 2462 talia
3367 2409 3614 2468 facerent

2018 2498 2422 2557 tractaverunt,
2451 2508 2644 2562 pmnas
2667 2491 2838 2556 luent.
2875 2493 2955 2546 De
2982 2493 3261 2549 haereticis
3303 2496 3483 2552 facilis
3525 2498 3615 2554 in-

2020 2579 2333 2650 telligentia
2344 2588 2448 2647 est,
2462 2580 2609 2650 quod
2632 2586 2841 2650 quanto
2858 2581 3046 2650 plures
3060 2581 3308 2649 fuerunt,
3324 2589 3483 2641 tanto
3499 2605 3614 2643 ma-

2018 2669 2106 2739 gis
2146 2668 2478 2739 delinquant
2502 2669 2761 2730 Domino,
2801 2675 2859 2722 et
2893 2670 3054 2737 juxta
3102 2687 3267 2726 suum
3315 2689 3613 2732 numerum

2021 2757 2399 2828 multiplicant
2423 2757 2576 2810 varia
2596 2757 2858 2827 dogmata
2875 2774 3128 2812 errorum
3152 2777 3388 2831 quorum
3407 2765 3610 2834 gloria,

2018 2847 2075 2901 id
2096 2853 2198 2911 est,
2219 2846 2507 2917 sapientiae
2532 2851 2588 2899 et
2617 2845 3059 2900 Christianitatis
3092 2848 3337 2919 dignitas
3366 2852 3424 2906 in
3449 2853 3614 2924 igno-

2020 2936 2250 2990 miniam
2276 2940 2673 3000 commutatur,
2690 2935 2912 3005 quando
2929 2953 3029 3006 pro
3042 2939 3340 3007 praeteritis
3369 2944 3612 3012 peccatis

341 3025 504 3080 mihi.
541 3045 567 3078 ι
592 3025 653 3079 Id
675 3030 779 3088 est,
814 3030 950 3095 quot
979 3023 1232 3078 homines
1253 3023 1450 3078 habuit
1480 3023 1673 3088 Israel,
1703 3028 1790 3076 tot
1809 3040 1936 3076 aras
1958 3036 2001 3096 ο
2012 3027 2168 3097 justo
2196 3026 2288 3079 Dei
2305 3024 2516 3095 judicio
2539 3024 2594 3078 in
2615 3041 2834 3078 errores
2849 3025 3028 3079 varios
3048 3026 3160 3080 labi
3183 3030 3607 3098 permittuntur,

339 3113 612 3169 instruxit
641 3113 1004 3179 daemonibus,
1040 3113 1108 3175 in
1134 3129 1372 3184 quorum
1414 3113 1653 3166 victimis
1683 3128 1940 3183 peccave-

340 3209 476 3258 runt
492 3203 652 3257 mihi.
678 3222 704 3254 ρ(
729 3202 977 3257 Gloriam
998 3219 1192 3256 eorum
1222 3203 1278 3256 in
1306 3201 1672 3273 ignominiam
1693 3218 1940 3256 commu-

336 3293 488 3348 tabo.
542 3313 564 3343 ι
603 3293 858 3346 Gloriam
907 3308 1100 3346 eorum
1141 3291 1350 3346 idolum
1397 3292 1659 3363 appellat.
1714 3291 1774 3344 in
1827 3307 1936 3362 quo

335 3382 881 3453 gloriabantur.etin
893 3381 1051 3450 cujus
1063 3380 1416 3434 veneratione
1428 3380 1726 3435 laetabantu
1736 3381 1937 3450 r,quod

336 3475 473 3525 tunc
501 3471 558 3524 in
591 3470 957 3540 ignominiam
987 3475 1393 3524 commutatum
1427 3475 1530 3528 est.
1555 3468 1818 3539 quoniam
1838 3485 1936 3538 pro

335 3560 461 3631 ipso
490 3560 702 3615 scelere
731 3559 898 3614 simul
927 3576 1052 3613 cum
1085 3560 1204 3630 ipso
1223 3558 1376 3612 ducti
1402 3563 1536 3612 sunt
1560 3558 1617 3612 in
1643 3557 1936 3628 captivita-

336 3655 476 3706 tem.

413 3758 438 3791 ε
475 3740 710 3791 Peccata
735 3735 921 3806 populi
955 3736 1060 3789 mei
1091 3735 1404 3789 comedent.
1436 3755 1460 3786 γ)
1483 3735 1792 3802 Dupliciter
1821 3736 1937 3790 haec

337 3827 623 3881 sententia
652 3825 1016 3895 intelligenda
1043 3830 1162 3878 est:
1193 3824 1428 3877 Peccata
1449 3824 1642 3894 μορυὶὶ
1671 3825 1932 3878 sacerdo-

337 3924 426 3970 tes
453 3915 769 3977 comedent,
799 3914 854 3967 id
886 3919 989 3977 est,
1020 3913 1294 3967 sacriﬁcia
1331 3929 1430 3983 pro
1472 3913 1712 3983 peccatis
1750 3913 1933 3985 homi-

336 4021 475 4059 num
507 4003 715 4057 oblata.
750 4003 824 4056 Ea
855 4003 1182 4073 quippe,vel
1212 4019 1335 4072 quae
1366 4007 1499 4056 tunc
1529 4001 1930 4068 oll‘erebantur,

335 4093 425 4148 vel
451 4109 602 4146 nunc
618 4091 674 4145 in
701 4091 912 4161 templo
935 4091 1157 4144 Domini
1173 4091 1504 4154 offeruntur,
1525 4090 1580 4144 in
1600 4107 1735 4145 usus
1755 4097 1937 4145 trans—

336 4186 478 4236 eunt
515 4180 892 4234 sacerdotum.
929 4180 1086 4233 Unde
1116 4185 1172 4232 et
1198 4179 1256 4232 in
1288 4178 1594 4232 canonibus
1624 4179 1847 4243 dicitur,
1873 4186 1937 4233 ut

338 4270 465 4324 laici
497 4269 567 4322 de
596 4269 938 4322 consecratis
980 4285 1094 4322 non
1138 4267 1456 4322 comedant.
1498 4267 1606 4322 Sed
1638 4273 1696 4320 et
1724 4267 1808 4320 illi
1839 4267 1935 4338 qui

336 4360 730 4430 eleemosynas
754 4357 992 4411 aliorum
1024 4356 1345 4422 comedunt,
1379 4356 1487 4410 nisi
1515 4356 1684 4426 digne
1726 4373 1825 4427 pro
1855 4356 2003 4444 eisD

339 4448 648 4513 oraverint,
677 4446 885 4500 Judaeis
923 4445 1134 4500 similes
1161 4453 1311 4500 sunt.
1348 4445 1454 4508 Qui
1485 4462 1614 4500 vero
1635 4445 1803 4515 digne
1835 4462 1934 4516 pro

338 4537 422 4592 eis
446 4541 634 4601 orant,
668 4535 931 4607 operibus
973 4551 1239 4588 manuum
1288 4551 1518 4588 suarum
1569 4534 1777 4588 vivunt.
1809 4535 1934 4589 Sive

337 4633 572 4698 peccata
601 4624 793 4696 populi
817 4624 1134 4678 sacerdotes
1154 4623 1474 4690 comedunt,
1495 4623 1626 4694 quia
1641 4640 1767 4677 cum
1793 4624 1937 4678 male

337 4715 640 4786 agentibus
664 4713 986 4778 adulantur,
1013 4729 1208 4767 eorum
1229 4720 1455 4784 peccata
1487 4712 1592 4766 sibi
1617 4717 1932 4767 assumunt.

2021 3133 2122 3186 pro
2148 3114 2350 3185 quibus
2377 3113 2604 3166 demum
2629 3119 2687 3166 et
2723 3113 2948 3166 mternis
2973 3115 3260 3185 suppliciis
3289 3119 3616 3180 tradantur.

2022 3205 2100 3258 De
2122 3202 2325 3274 quibus
2351 3201 2488 3255 dicit
2516 3202 2816 3272 Apostolus
2860 3220 2873 3254 :
2906 3202 3164 3258 Tradidit
3203 3205 3329 3259 illos
3375 3208 3523 3264 Deus
3550 3210 3610 3266 in

2021 3289 2323 3361 reprobum
2345 3305 2592 3348 sensum,
2624 3293 2688 3342 ut
2712 3288 2920 3343 faciant
2958 3307 3080 3360 quae
3109 3308 3222 3346 non
3250 3296 3615 3354 conveniunt.

2020 3378 2126 3442 Qui
2151 3384 2377 3449 peccata
2406 3377 2598 3449 populi
2628 3362 2950 3442 comedunt,
2983 3381 3207 3450 quando
3235 3388 3293 3437 et
3332 3384 3612 3454 placentia

2021 3469 2347 3538 loquuntur,
2377 3473 2432 3520 et
2461 3483 2559 3537 per
2588 3467 2778 3520 dulces
2797 3485 3084 3523 sermones
3113 3471 3404 3542 decipiunt
3440 3475 3611 3530 corda

2019 3555 2386 3616 credentium,
2407 3561 2462 3609 et
2475 3555 2743 3608 devorant
2759 3556 2954 3610 domos
2975 3557 3060 3610 vid
3071 3563 3438 3615 uarum.Cum
3462 3563 3612 3617 enim

2019 3645 2257 3699 viderint
2285 3645 2425 3698 alios
2454 3644 2861 3714 delinquentes,
2886 3645 3387 3706 aiunt,nihilaliud
3411 3652 3613 3721 quaerit

2021 3735 2187 3799 Deus,
2205 3733 2312 3788 nisi
2333 3733 2461 3787 ﬁdei
2483 3733 2796 3791 veritatem.
2823 3751 2987 3804 quam
3007 3735 3053 3788 si
3075 3737 3472 3804 custodieritis,
3499 3757 3613 3795 non

2015 3829 2174 3878 curat
2191 3822 2321 3893 quid
2335 3823 2689 3892 agatis,male
2704 3823 3610 3893 intelligentesilludDominicum:

2019 3930 2046 3963 ι
2087 3911 2194 3976 Qui
2219 3911 2523 3965 crediderit
2548 3917 2605 3964 et
2637 3911 2947 3981 baptizatus
2976 3912 3165 3972 fuerit.
3197 3915 3384 3970 salvus
3407 3917 3535 3971 erit.
3583 3938 3608 3969 ι

2016 4001 2275 4070 Dumque
2306 4001 2420 4053 haec
2448 4000 2664 4064 dicunt,
2696 3999 2755 4052 in
2783 4000 3178 4070 iniquitatibus
3203 4019 3396 4057 eorum
3426 4006 3610 4060 suble-

2019 4087 2228 4142 vabunt
2255 4088 2473 4141 animas
2504 4104 2718 4147 eorum,
2743 4092 2807 4141 ut
2836 4104 2944 4140 non
2966 4089 3147 4142 solum
3161 4107 3271 4144 non
3303 4099 3474 4162 agant
3492 4110 3613 4164 pue-

2019 4176 2313 4231 nitentiam
2339 4193 2440 4230 nec
2482 4176 2870 4241 humilientur,
2903 4178 3001 4231 sed
3033 4178 3202 4232 etiam
3231 4181 3518 4250 gaudeant
3553 4183 3613 4238 in

2018 4266 2320 4321 sceleribus
2350 4266 2487 4330 suis,
2521 4272 2578 4319 et
2607 4272 2792 4320 erecta
2818 4266 3155 4337 gradiantur
3183 4269 3414 4325 cervice.
3450 4272 3611 4328 Unde

2017 4363 2075 4410 et
2093 4356 2330 4427 populus
2361 4361 2418 4409 et
2445 4355 2726 4416 sacerdos.
2755 4355 2810 4409 id
2841 4362 2944 4422 est,
2978 4357 3036 4410 hi
3077 4357 3173 4428 qui
3215 4359 3365 4414 docti
3395 4367 3530 4415 sunt
3557 4371 3618 4417 et

2017 4446 2072 4499 hi
2099 4445 2195 4516 qui
2224 4445 2538 4499 docuerunt
2568 4445 2687 4515 pari
2714 4445 2931 4516 judicio
2961 4447 3434 4518 constringentur,
3483 4467 3614 4504 cum

2019 4550 2129 4588 non
2160 4533 2325 4587 modo
2356 4550 2456 4603 pro
2495 4533 2676 4599 factis,
2709 4550 2902 4587 verum
2932 4534 3103 4588 etiam
3135 4552 3235 4606 pro
3262 4537 3615 4608 cogitationi-

2022 4623 2123 4677 bus
2153 4623 2315 4676 malis
2346 4621 2546 4676 debitae
2579 4639 2756 4692 poenae
2788 4623 2900 4677 illis
2923 4623 3154 4678 reddita:
3183 4624 3315 4679 sint.

2098 4729 2120 4760 ι
2167 4709 2235 4763 Et
2258 4708 2570 4770 comedent,
2617 4714 2673 4762 et
2717 4724 2829 4762 non
2872 4708 3313 4777 saturabuntur;
3361 4731 3384 4762 ι
3418 4713 3474 4766 id
3506 4719 3610 4780 est,

341 4805 452 4868 Qui
481 4804 632 4858 enim
665 4802 900 4857 alterius
928 4801 1169 4874 peccatis
1215 4801 1592 4867 consentiunt,
1635 4801 1939 4872 participes
2023 4799 2173 4852 mala
2195 4815 2368 4869 Opera
2394 4796 2752 4866 exercebunt,
2782 4802 2839 4850 et
2876 4813 2986 4851 non
3018 4797 3404 4867 implebuntur
3433 4818 3445 4853 :
3479 4801 3614 4873 quia

339 4893 666 4948 earumdem
689 4892 1076 4963 peccaminum
1099 4891 1260 4956 ﬁunt;
1281 4889 1544 4960 quoniam
1561 4907 1687 4945 cum
1709 4907 1804 4945 eos
1815 4909 1941 4963 pec-
2020 4887 2291 4941 luxuriosi
2321 4893 2378 4941 et
2403 4887 2557 4941 avari
2583 4902 2873 4956 nunquam
2904 4885 3120 4939 malitia
3139 4903 3239 4941 sua
3269 4890 3612 4946 saturabun-

339 4998 470 5036 care
485 4980 896 5052 conspexerint,
916 4996 1028 5034 non
1049 4979 1229 5033 solum
1251 4994 1364 5032 non
1394 4986 1662 5048 arguunt.
1694 4980 1790 5033 sed
1820 4980 1937 5034 lau-
2019 4983 2130 5032 tur.
2163 4976 2488 5030 Econtrario
2516 4981 2704 5029 autem
2739 4993 2750 5027 :
2791 4993 2816 5026 ι
2860 4973 3022 5028 Beati
3050 4975 3145 5046 qui
3174 4977 3432 5034 esuriunt
3456 4986 3511 5036 et
3531 4982 3610 5036 si-

336 5070 504 5125 dibus
517 5076 810 5142 peccantes
830 5068 1116 5122 attollunt.
1138 5067 1295 5121 Unde
1315 5066 1576 5121 subditur
1595 5087 1642 5122 :u
1662 5073 1719 5122 et
1738 5068 1807 5122 ad
1827 5068 1933 5121 ini-
2016 5067 2164 5122 tiunt
2179 5065 2480 5135 justitiam,
2504 5064 2766 5135 quoniam
2791 5063 2898 5134 ipsi
2919 5065 3343 5122 saturabuntur.
3373 5071 3492 5124 »Ιιιί
3512 5073 3614 5126 sci-

338 5160 615 5231 quitatcm
644 5175 839 5213 eorum
871 5155 1240 5211 sublevabunt
1267 5156 1486 5210 animas
1505 5173 1720 5211 eorum.
1748 5178 1770 5208 ι
1788 5158 1933 5211 Dum
2015 5156 2150 5209 licet
2177 5155 2247 5209 de
2277 5153 2478 5226 quibus
2509 5153 2790 5223 Propheta
2818 5153 2954 5207 dicit
2983 5172 2994 5207 :
3026 5175 3048 5205 ι
3095 5155 3275 5210 Edent
3311 5174 3606 5230 pauperes,

336 5250 418 5303 illi
477 5248 722 5321 peccatis
779 5245 1144 5305 deservirem,
1197 5245 1518 5300 sacerdotes
1571 5246 1936 5300 sublevabant
2017 5250 2075 5299 et
2099 5243 2522 5298 saturabuntur.
2557 5262 2578 5292 ι
2613 5242 2772 5296 Sicut
2817 5245 2965 5298 enim
3006 5244 3230 5314 justitia
3259 5253 3498 5312 saturat,
3533 5249 3613 5304 sic

337 5340 558 5393 animas
577 5353 794 5401 eorum,
809 5336 1056 5390 dicentes
1083 5354 1093 5388 :
1112 5335 1388 5399 Quoniam
1406 5336 1646 5405 populus
1666 5336 1764 5389 Dei
1777 5336 1931 5402 estis,
2017 5333 2284 5404 iniquitas
2305 5331 2677 5385 substantiam
2697 5349 2810 5386 non
2836 5332 3064 5392 habens,
3091 5350 3231 5388 vana
3252 5337 3612 5394 comedentes

337 5444 402 5483 ex
424 5443 634 5498 genere
649 5423 932 5479 Abraham
957 5423 1343 5489 descendistis,
1366 5430 1596 5493 propter
1620 5423 1768 5478 illius
1791 5424 1929 5477 ami-

336 5517 530 5572 citiam
563 5520 758 5587 parcet
785 5512 940 5567 vobis
971 5512 1140 5576 Deus,
1184 5513 1231 5567 si
1273 5511 1636 5588 peccaveritis
1678 5512 1748 5566 ei.
1783 5513 1934 5577 Quo-

334 5624 463 5663 rum
484 5603 671 5661 verbis
689 5603 1028 5676 accipientes
1048 5602 1130 5658 illi
1151 5603 1434 5670 ﬁduciam,
1459 5601 1726 5658 audacter
1744 5619 1936 5676 pecca-

2017 5422 2211 5477 fraude
2240 5420 2479 5486 deludit,
2514 5427 2569 5475 et
2597 5426 2788 5476 uteros
2816 5423 3204 5476 devorantium
3227 5440 3430 5479 vacuos
3444 5426 3610 5482 dere-

2017 5511 2241 5582 linquit,
2261 5510 2316 5564 id
2338 5515 2424 5564 est
2444 5526 2642 5566 sensus
2663 5529 2709 5563 τι
2737 5511 3017 5565 Fornicati
3049 5517 3201 5576 sunt,
3218 5519 3276 5567 et
3294 5530 3404 5568 non
3430 5531 3608 5569 cessa-

2018 5605 2236 5656 verunt.
2258 5622 2280 5652 ι
2309 5598 2656 5656 Subauditur
2679 5600 2960 5667 fornicari,
2987 5600 3120 5672 quia
3149 5608 3302 5656 utres
3328 5618 3613 5673 perverso-
