4062 6168
417 227 484 311 3.5.

837 220 1220 283 HAYMONIS
1257 224 1749 315 ΗΑιΒξξξςξΤρίς.
1792 222 2016 315 ξςρξξρ.
2060 224 2219 315 pre.
2260 224 2446 317 aliis
2486 222 2532 313 ξ.
2572 256 2639 304 τε
2676 224 3051 301 βοΜΜΕΝΤ.
3095 224 3277 293 BIBL.

3625 219 3694 315 3,6,

414 369 543 443 rum
571 350 864 443 hominum
911 352 970 429 in
1016 352 1386 443 fornicatione
1428 356 1720 441 deﬁciunt,
1751 358 1809 407 et
1836 352 2317 445 forni-ARegum
2352 373 2363 407 :
2389 356 2793 439 Verumtamen
2823 352 3039 425 excelsa
3057 368 3169 439 non
3198 351 3450 445 abstulit.
3491 351 3692 405 Adhuc

415 423 582 494 calidi
611 421 965 520 desideriiir‘n~
985 421 1097 516 non
1128 421 1387 511 quiescit.
1421 438 1650 512 Et'quia
1676 432 1787 494 non
1818 435 2015 511 audie-

415 520 550 607 runt
584 544 641 582 τα
679 518 948 607 Peccasti,
973 518 1216 605 quiesce,
1254 554 1276 580 ιι
1303 532 1537 607 audient
1564 526 1742 584 indie
1766 522 1962 599 judicii
1997 546 2008 580 :

420 635 446 669 α
488 602 769 673 Discedite
797 600 830 672 si
859 615 969 681 me,
992 601 1399 681 ‘maledictiiin
1429 612 1617 693 ignem
1644 614 1937 673 aeternum.
1984 637 2010 669 »

414 707 727 762 F‘ornicatae
755 710 888 763 Sunt
917 709 1085 762 etiam
1116 709 1306 762 decem
1337 704 1519 763 tribus
1556 724 1683 781 cum
1715 704 1879 781 idolis
1913 705 2016 779 sub

417 784 887 859 Jero’boam,'ﬁlio
917 795 1158 871 Nabath.
1190 803 1247 849 et
1275 812 1383 871 non
1415 801 1774 869 cessaverunt
1823 800 2017 865 postea

415 883 567 937 idola
592 885 794 939 colere.
823 885 892 938 Et
920 867 1268 961 hoc‘quare?
1299 903 1325 938 α
1351 864 1497 959 tQuia
1528 864 1840 939 Dominum
1855 884 2018 937 dere-

416 973 706 1050 liquerunt
726 974 781 1027 in
804 990 913 1050 non
944 973 1326 1050 custodiendo.
1370 966 1706 1048 Fornicatio,
1728 976 1784 1027 et
1804 973 2012 1050 vinum,

417 1042 754 1121 etfebrietas,
786 1048 1052 1114 auferunt
1079 1077 1190 1115 cor.
1231 1078 1257 1111 υ
1288 1042 1411 1114 Non
1442 1043 1805 1133 custodiendo
1832 1042 2013 1133 illum,

417 1138 753 1219 subauditur
772 1134 920 1202 idola
944 1136 1257 1211 coluerunt,
1284 1135 1408 1203 ideo
1440 1149 1570 1223 quia
1595 1130 2020 1225 dereliquerunt

415 1224 717 1292 Dominum
738 1227 920 1293 Deum
940 1251 1245 1299 suum,non
1268 1240 1517 1292 valentes
1538 1230 1756 1292 duobus
1774 1224 2017 1291 dominis

417 1326 630 1383 servire
660 1327 847 1387 simul,
882 1332 938 1379 et
970 1327 1075 1379 hoc
1102 1327 1157 1379 in
1189 1314 1301 1405 non
1330 1312 1715 1405 custodiendo,
1746 1326 2016 1405 subaudis

417 1415 687 1469 mandata
715 1414 888 1477 illius,
916 1414 1118 1485 quibus
1139 1400 1417 1491 jusserat:
1448 1436 1471 1466 ε
1506 1416 1805 1470 Dominum
1836 1400 2012 1491 Deum

417 1495 580 1557 tuum
603 1502 883 1567 adorabis,
909 1508 965 1556 et
984 1504 1066 1557 illi
1090 1504 1193 1557 soli
1213 1488 1440 1559 servies.
1464 1524 1492 1555 υ
1513 1488 1846 1558 Ροιδηὶρθιὶό
1862 1499 1919 1556 et
1943 1502 2018 1556 vi-

2097 442 2243 495 enim
2276 444 2516 514 p0pulus
2558 424 2886 515 immolabat
2926 440 2984 494 in
3031 430 3278 493 excelsis.
3312 420 3421 494 Vell
3454 445 3605 494 certe
3635 439 3694 515 in

2097 522 2330 584 excelsis
2354 528 2475 585 haec
2506 530 2701 585 fecisse
2726 529 2994 584 dicuntur
3032 527 3237 599 quiain
3259 528 3479 581 solariis
3497 527 3694 582 domo-

2096 612 2221 673 rum
2253 614 2481 673 suarum
2509 614 2841 679 adorabant,
2877 623 2934 670 et
2962 614 3068 670 hoc
3089 633 3155 670 ex
3183 616 3607 691 consuetudine.
3631 620 3697 669 ut

2098 723 2246 767 reor,
2271 702 2550 778 serpentis
2570 707 2626 760 in
2650 704 2839 777 Stipite
2861 703 3083 778 elevati.
3112 723 3137 755 «
3165 705 3374 759 Subtus
3402 704 3690 775 quercum.

2101 800 2158 849 et
2177 772 2466 869 populum,
2501 800 2558 869 et
2585 772 3033 869 terebinthumfu
3064 778 3400 867 subauditur
3417 772 3697 847 bacriﬁca-

2100 866 2302 941 babtft
2334 880 2468 959 quia
2494 866 2642 955 bona
2672 866 2795 957 erat
2822 866 3024 961 umbra
3051 866 3193 959 ejus.
3232 902 3257 933 »
3276 882 3584 961 Veritatem
3602 883 3699 961 Ju-

2097 968 2199 1026 daei
2231 952 2623 1048 perdiderunt,
2647 952 3054 1051 et'idcirco'boc
3081 952 3376 1051 iaciebant.
3410 954 3697 1051 Praecepe-

2096 1068 2188 1115 rat
2207 1044 2412 1131 quippe
2440 1044 2712 1115 Dominus
2733 1061 2790 1113 in
2812 1060 2935 1129 lege
2957 1044 3028 1112 ne
3057 1048 3472 1113 sacrificaretur
3502 1044 3611 1113 nisi
3640 1059 3700 1113 in

2101 1151 2220 1203 loco
2242 1134 2408 1220 quem
2426 1148 2707 1219 elegisset;
2728 1148 2823 1202 sed
2842 1147 2925 1201 illi
2946 1154 3179 1219 prOpter
3205 1144 3521 1217 voluptates
3542 1164 3693 1214 suas,

2099 1244 2163 1292 ut
2189 1240 2449 1311 superius
2480 1239 2692 1292 dictum
2720 1243 2822 1299 est,
2848 1237 2905 1290 in
2923 1224 3344 1291 delebtabilibus'
3366 1237 3619 1290 lucorum
3642 1242 3701 1291 et

2100 1311 2376 1380 montium
2398 1312 2533 1401 lueis
2554 1312 2946 1379 sacriﬁcabant
2964 1312 3149 1380 idolis.
3177 1324 3280 1378 sub
3307 1324 3509 1378 umbra
3539 1324 3701 1379 arbo—

2098 1432 2222 1470 rum
2254 1400 2456 1469 altaria
2502 1415 2788 1475 facientes,
2842 1430 3078 1484 quarum
3129 1413 3456 1468 ammnitate
3489 1413 3695 1476 allecti,

2098 1492 2514 1557 immunditiam
2535 1519 2649 1557 suae
2669 1502 2853 1556 carnis
2864 1501 3214 1555 exercebant.
3242 1501 3401 1555 Unde
3423 1490 3698 1559 Dominus

416 1587 574 1656 num,
609 1581 829 1657 etc.,'id
860 1597 965 1654 est,
1005 1608 1230 1647 sensum
1278 1599 1335 1647 et
1382 1577 1737 1647 intellectum,
1772 1592 2015 1647 hominis
2094 1591 2462 1666 prohibuerat
2484 1591 2727 1661 plantari
2746 1606 2943 1644 nemus
2957 1590 3119 1659 juxta
3133 1578 3313 1643 altare
3334 1580 3698 1645 suum.aldeo

416 1681 692 1736 subvertit
713 1672 737 1748 ς’
758 1675 815 1735 et
840 1688 926 1735 est
969 1668 1168 1736 sensus
1202 1707 1211 1740 :
1247 1682 1403 1759 Sicut
1438 1682 1627 1736 vinum
1663 1687 1721 1736 et
1748 1681 2010 1744 ebrietas,
2039 1670 2527 1757 Bfornicabuntur
2553 1678 2684 1732 filiae
2706 1684 2920 1759 vestrae.
2956 1683 2985 1729 ἱ
3020 1667 3369 1732 Subauditur
3396 1695 3523 1732 cum
3554 1679 3695 1733 alie-

421 1770 517 1842 qui
547 1770 786 1824 nimium
816 1758 1036 1834 biberit,
1071 1772 1277 1825 mentis
1309 1758 1424 1825 suae
1454 1771 1722 1841 impotem
1766 1768 2018 1838 facit,ita

416 1858 713 1916 furnicatio
750 1858 866 1911 sive
893 1859 1219 1927 corporalis,
1252 1857 1367 1911 sive
1410 1842 1720 1927 spiritualis
1749 1857 2019 1927 pervertit

417 1962 666 2010 sensum,
693 1947 1057 2015 animumque
1084 1945 1360 2009 debilitat,
1386 1951 1441 1999 et
1458 1946 1526 1999 de
1547 1946 1810 1999 rationali
1840 1945 2018 1999 homi-

418 2049 492 2087 ne
514 2033 745 2097 brutum
779 2024 1208 2093 etﬂcitlanimal.
1233 2039 1299 2086 ut
1316 2033 1615 2100 lupanaria
1639 2038 1697 2087 et
1717 2032 2014 2087 libidinum

416 2122 601 2185 lustra
621 2116 882 2183 sectetur,
916 2121 1184 2190 lignaque
1200 2127 1257 2174 et
1270 2120 1486 2190 lapides
1508 2112 1650 2178 deos
1684 2126 1862 2191 putet,
1888 2116 2019 2180 ado-

418 2226 554 2264 rans
582 2206 755 2280 opera
783 2222 1056 2265 manuum
1088 2200 1339 2263 suarum;

2097 1767 2335 1837 nigenis,
2361 1752 2445 1820 vel
2478 1760 2776 1820 Dominum
2808 1754 2976 1820 etiam
3007 1766 3409 1836 relinquentes,
3443 1766 3594 1819 idola
3609 1782 3699 1820 co—

2098 1855 2218 1908 lent
2248 1842 2259 1908 ξ
2293 1876 2314 1906 ι
2340 1860 2397 1908 et
2426 1842 2643 1925 sponsae
2674 1860 2871 1908 vestrae
2900 1854 3171 1908 adulterae
3192 1862 3379 1921 erunt,
3398 1846 3430 1903 ἰ
3457 1855 3563 1911 hoc
3588 1860 3696 1919 est,

2100 1944 2326 1998 thorum
2359 1944 2647 2014 proprium
2677 1943 3079 2013 relinquentes,
3116 1942 3324 1996 alienis
3342 1952 3402 1997 8e
3425 1935 3692 2013 iungent.

2177 2050 2202 2084 α
2242 2034 2369 2087 Non
2391 2032 2622 2087 visitabo
2641 2048 2810 2102 super
2820 2028 2964 2084 tilias
2987 2037 3197 2085 vestras
3218 2046 3345 2084 cum
3362 2023 3696 2085 fuerint'for—

2100 2121 2318 2183 nicatae.
2359 2110 2416 2175 et
2461 2137 2631 2191 super
2658 2110 3137 2191 sponsasvestras
3166 2135 3296 2173 cum
3341 2114 3696 2173 adulterave-

2099 2209 2232 2264 rint.
2273 2228 2294 2260 ι
2324 2209 2656 2264 Fornicatus
2700 2209 2886 2262 fuerat
2917 2207 3091 2262 Israel
3122 2224 3155 2260 a
3184 2202 3423 2262 Domino
3452 2208 3565 2262 Deo
3595 2224 3697 2263 suo

495 2317 521 2349 ι
550 2298 798 2368 Populus
820 2313 998 2361 meus,
1024 2297 1719 2369 usubauditurquondam,
1739 2319 1759 2347 ι
1785 2299 1842 2352 in
1862 2298 2017 2369 ligno
2101 2290 2384 2361 recedens,
2418 2298 2543 2353 ideo
2590 2297 3013 2363 fornicabantur
3059 2288 3186 2351 tiliae
3232 2298 3356 2366 ejus
3386 2302 3443 2350 et
3476 2313 3697 2366 sponsa

422 2401 526 2441 suo
554 2386 942 2456 interrogavit,
977 2391 1035 2440 et
1076 2386 1310 2443 baculus
1339 2386 1462 2455 ejus
1492 2382 1849 2441 annuntiavit
1870 2387 1943 2440 ei.
1987 2404 2013 2438 ι
2098 2387 2310 2457 absque
2329 2388 2445 2441 ulla
2467 2387 2725 2449 vindicta,
2749 2379 2850 2440 suo
2877 2378 3075 2439 sceleri
3106 2385 3519 2456 relinquuntur,
3546 2392 3609 2438 ut
3628 2401 3697 2439 ex

418 2475 611 2530 Genus
639 2480 762 2528 erat
797 2467 1177 2540 divinationis,
1199 2474 1346 2545 quod
1374 2466 1547 2528 iiebat
1576 2475 1636 2529 in
1671 2475 1821 2544 ligno
1844 2481 1902 2529 et
1927 2474 2021 2529 ba-
2103 2476 2328 2547 proprio
2340 2476 2529 2530 dolore
2553 2466 2875 2545 intelligant
2894 2473 3140 2530 dolorem
3156 2474 3278 2539 Dei,
3301 2468 3693 2544 quiintantum

421 2565 582 2627 culis,
617 2578 727 2635 quo
758 2566 1075 2618 futurarum
1120 2578 1309 2618 rerum
1356 2563 1731 2634 captabantur
1759 2564 2016 2634 auguria.
2103 2565 2282 2618 iratus
2338 2571 2440 2622 est.
2480 2569 2544 2618 ut
2576 2580 2932 2635 nequaquam
2974 2562 3256 2633 percutiat
3282 2563 3690 2634 delinquentes.

421 2651 580 2708 Unde
600 2652 658 2706 in
678 2653 962 2707 Ezechiele
983 2652 1208 2722 legitur.
1230 2652 1379 2722 quod
1397 2673 1417 2702 ι
1457 2668 1700 2723 pergens
1720 2652 2021 2709 Nabucho-
2108 2673 2130 2704 ‹
2166 2654 2290 2725 Non
2316 2652 2784 2724 (inquitivisitabo
2805 2647 3148 2724 super'ﬂlias
3174 2660 3388 2708 vestras
3409 2664 3535 2707 cum
3561 2654 3696 2707 fue-

417 2742 660 2805 donosor
683 2748 878 2803 contra
906 2742 1087 2795 Amon
1119 2746 1175 2795 et
1198 2740 1539 2807 Jerusalem,
1577 2734 1815 2795 steterat
1852 2734 2022 2795 in'bi-
2101 2743 2213 2797 rint
2228 2743 2537 2807 fornicatus,
2560 2746 2617 2795 et
2628 2758 2799 2813 super
2819 2757 3055 2812 sponsas
3084 2748 3300 2795 vestras
3321 2758 3447 2795 cum
3478 2736 3694 2795 adulte-

425 2831 530 2897 vio,
550 2829 646 2897 ubi
666 2831 816 2886 inter
828 2822 1060 2891 caeteras
1080 2829 1451 2884 divinationes
1481 2830 1899 2888 commiscuerit
1922 2826 2015 2884 sa-
2101 2832 2367 2895 raverint,
2403 2851 2429 2885 »
2454 2831 2557 2884 hoc
2583 2836 2687 2891 est,
2712 2847 2822 2884 non
2841 2830 3067 2901 puniam
3087 2847 3181 2884 eas
3196 2847 3297 2900 pro
3326 2845 3429 2884 sua
3456 2829 3694 2884 fornica-

418 2920 676 2989 gittas,et
694 2920 842 2974 inter
854 2925 1084 2977 caeteras
1095 2935 1208 2977 una
1228 2920 1427 2977 exierit
1441 2920 2012 2973 contraJerusalemJ
2033 2904 2076 2965 C
2097 2920 2249 2975 tione
2271 2925 2329 2974 et
2357 2920 2654 2981 adulterio,
2690 2920 2786 2973 sed
2818 2918 2993 2972 libere
3029 2918 3408 2989 voluptatibus
3434 2919 3551 2973 suis
3580 2935 3691 2973 ser-

419 3009 586 3065 Eorte
615 3009 879 3069 similiter
893 3002 1148 3062 fecerunt
1171 3008 1285 3076 isti,
1311 3000 1625 3079 quaerentes
1645 3002 1740 3078 qui
1765 3008 1846 3061 eis
1869 3014 2019 3062 esset
2100 3010 2215 3063 vire
2237 3002 2580 3080 permittam,
2597 3014 2660 3063 ut
2674 3014 2859 3062 vestra
2880 3007 3087 3078 injuria
3114 3023 3295 3066 meam
3321 3007 3687 3077 cognoscatis,

420 3098 638 3159 utilius,
653 3092 845 3151 utrum
871 3097 1049 3157 Deum
1070 3114 1143 3150 an
1160 3097 1310 3150 idola
1329 3097 1612 3151 colerent?
1636 3090 1701 3150 Et
1722 3090 1855 3167 quia
1876 3097 2014 3155 adeo
2098 3115 2201 3153 nec
2223 3099 2372 3154 mala
2400 3098 2626 3151 illarum
2648 3097 2957 3159 vindicabo,
2984 3096 3090 3151 nisi
3115 3112 3213 3167 per
3234 3094 3489 3151 ultimam
3520 3097 3694 3168 capti-

417 3186 665 3257 perversi
688 3191 867 3251 erant,
887 3185 950 3238 ut
970 3180 1166 3239 relicta
1186 3185 1419 3239 veritate
1447 3185 1799 3241 mendacium
1821 3202 2019 3257 seque-

418 3280 634 3340 rentur,
650 3275 804 3344 justo
819 3274 1032 3344 judicio
1057 3274 1243 3331 relicti
1263 3290 1295 3327 a
1316 3264 1451 3337 Deo,
1470 3291 1571 3345 per
1593 3275 2013 3344 responsionem

417 3361 599 3416 baculi
630 3362 844 3423 seducti
866 3354 1000 3416 sunt
1017 3378 1051 3422 ιι
1078 3361 1317 3416 diabolo.
1338 3356 1499 3415 Unde
1518 3361 1772 3432 sequitur
1798 3380 1809 3414 :
1840 3380 1863 3414 α
1888 3362 2015 3432 Spi-

419 3453 565 3507 ritus
592 3451 742 3505 enim
774 3446 1207 3511 fornicationum
1238 3451 1459 3522 decepit
1487 3467 1603 3511 eos,
1656 3457 1713 3504 et
1755 3450 2015 3505 fornicati

418 3538 553 3596 sunt
578 3557 612 3593 a
644 3541 759 3595 Deo
788 3557 922 3608 suo;
972 3534 999 3589 pi
1013 3540 1069 3593 id
1101 3546 1204 3594 est.
1239 3556 1338 3610 per
1364 3538 1741 3593 i'dololatriam
1776 3554 2016 3592 recesse-

364 3676 370 3681 .
419 3636 555 3686 runt
578 3648 612 3684 a
640 3631 755 3684 Deo
776 3624 895 3684 suo.
934 3630 1176 3700 Spiritus
1197 3629 1346 3683 enim
1371 3629 1806 3682 fornicationum
1828 3627 2017 3682 diabo-

418 3722 508 3774 lus
540 3712 894 3790 intelligitur,
932 3721 1026 3791 qui
1050 3720 1249 3774 suadct
1270 3708 1709 3772 hominibus-uta
1726 3720 1841 3771 Deo
1860 3734 2013 3771 rece-

417 3810 575 3875 dant,
600 3804 657 3863 et
672 3827 731 3865 se
752 3810 810 3863 in
826 3810 1143 3863 simulacris
1160 3809 1359 3877 ligneis
1380 3807 1729 3878 etlapidibus
1749 3824 2016 3861 veneren-

417 3903 534 3955 tur.
546 3894 891 3969 Principium
907 3897 1113 3968 quippe
1126 3897 1296 3967 hujus
1324 3896 1711 3952 fornicationis
1734 3896 2011 3950 idolorum

418 3987 696 4043 formatio.
713 3988 823 4042 Sed
833 3994 891 4040 et
910 3986 1177 4047 haeretici,
1203 3974 1406 4057 quibus
1422 3986 1538 4039 haec
1553 3976 1863 4055 congruere
1883 4002 2016 4056 pos-

417 4082 568 4144 sunt,
601 4090 889 4147 nunquam
910 4076 1028 4129 suis
1051 4076 1331 4129 satiantur
1351 4074 1656 4135 erroribus.
1672 4092 1775 4129 nec
1793 4081 2016 4129 cessant

417 4184 452 4220 a
468 4160 855 4219 fornicationis
869 4166 1238 4234 turpitudine;
1255 4164 1675 4218 immunditiam
1688 4164 1872 4218 carnis
1888 4180 2015 4234 Ope-

417 4250 628 4317 rantes,
655 4261 708 4306 et
731 4266 844 4305 non
862 4252 1243 4305 custodientes
1264 4252 1445 4322 legem
1467 4244 1809 4323 ceterasque
1824 4244 2016 4323 Scrip-

2097 3189 2326 3242 vitatem
2339 3229 2348 3239 .
2361 3208 2393 3256 ε
2419 3178 2697 3251 Quoniam
2717 3186 2823 3257 ipsi
2843 3203 2969 3240 cum
2995 3184 3383 3240 meretricibus
3402 3189 3691 3240 conversa-

2095 3274 2324 3340 bantur,
2356 3280 2414 3328 et
2442 3290 2573 3331 cum
2611 3273 2948 3327 effeminatis
2983 3270 3392 3326 sacriﬁcabant.
3428 3291 3455 3325 ιδ
3488 3270 3697 3326 Reddit

2050 3436 2060 3445 ν
2098 3379 2321 3419 causam
2355 3379 2528 3434 quare
2545 3379 2604 3417 se
2622 3362 2773 3416 dicat
2794 3378 2906 3415 non
2927 3360 3335 3419 vindicaturum
3366 3360 3695 3431 iniquitates

2101 3453 2343 3507 filiarum
2375 3459 2545 3522 atque
2574 3467 2809 3505 uxorum
2837 3450 3026 3521 populi
3049 3450 3237 3503 Israel.
3256 3449 3470 3507 Tantus
3486 3449 3694 3520 quippe

2097 3542 2204 3595 fuit
2225 3557 2496 3599 numerus
2513 3540 2755 3594 ﬁliorum
2778 3540 2973 3601 Israel,
2991 3544 3052 3592 ut
3067 3538 3366 3592 essetultio
3387 3537 3693 3608 desperans

2099 3628 2605 3682 emendationem:
2633 3629 2772 3682 Cum
2808 3626 3195 3681 meretricibus
3219 3626 3446 3697 (inquit)
3468 3643 3694 3681 conver-

2097 3717 2376 3771 sabantur.
2415 3724 2615 3770 etcum
2649 3716 2983 3770 effeminatis
3008 3715 3415 3780 sacrificabant,
3445 3736 3467 3766 ι
3484 3721 3541 3769 et
3562 3733 3688 3770 cum

2096 3806 2429 3863 mulieribus
2453 3814 2510 3862 et
2537 3824 2660 3863 cum
2686 3807 2819 3860 viris
2836 3806 3243 3878 turpitudinem
3273 3805 3608 3861 exercebant
3635 3806 3690 3860 in

2096 3899 2320 3970 templis
2349 3899 2583 3952 deorum
2614 3913 2865 3952 suorum.
2906 3915 2930 3947 ί(
2964 3896 3038 3950 Et
3065 3897 3306 3968 populus
3346 3911 3456 3949 non
3488 3895 3696 3949 intelli-

2094 4005 2234 4059 gens
2261 4007 2283 4039 ο
2318 3986 2653 4042 subauditur
2690 3988 2866 4040 Deum
2891 3985 2979 4039 vel
3009 3992 3296 4056 peccatum
3321 4001 3507 4049 suum,
3544 4003 3570 4035 α
3603 4000 3692 4038 va-

2097 4077 2331 4149 pulabit,
2372 4096 2390 4126 ι
2416 4077 2473 4130 id
2504 4082 2608 4139 est,
2631 4092 2731 4146 per
2751 4074 3131 4146 captivitatem
3148 4073 3326 4144 plagis
3345 4072 3693 4127 verberibus-

2097 4186 2205 4241 que
2233 4156 2480 4224 attritus.
2512 4156 2570 4223 Si
2602 4183 2772 4237 super
2800 4164 3074 4220 haereticis
3100 4160 3209 4219 ista
3237 4164 3579 4218 voluerimus
3607 4163 3691 4216 in-

2094 4243 2511 4328 telligereﬁliie
2541 4257 2624 4309 vel
2654 4272 2874 4326 sponsae
2902 4253 3127 4308 illorum
3149 4246 3545 4323 intelliguntur
3563 4251 3687 4315 ani-

415 4346 594 4406 turas,
626 4333 813 4395 Deum'
833 4330 1251 4409 derelinquunt,
1293 4339 1585 4394 insaniunt
1626 4344 1683 4393 et
1726 4334 2220 4415 iiiebrian-Dmm,
2250 4361 2389 4416 quas
2415 4344 2471 4398 in
2502 4360 2694 4397 errore
2723 4347 3060 4413 genuerunt,
3092 4346 3150 4395 et
3177 4336 3295 4396 suis
3332 4339 3692 4410 dogmatibus

416 4435 546 4497 tur;
571 4434 630 4484 et
655 4428 875 4501 perdito
902 4427 1104 4480 mentis
1130 4418 1340 4497 vigore.
1371 4428 1610 4481 adorant
1629 4428 1778 4482 idola
1799 4444 1921 4499 quae
1941 4429 2010 4483 de

418 4514 522 4573 suo
552 4510 721 4577 corde
749 4519 1052 4581 tinxerunt,
1082 4512 1578 4587 fornicationisque
1598 4516 1855 4587 spiritum
1879 4533 2009 4588 pos-

415 4607 619 4663 sident.
830 4598 835 4601 ’
1038 4600 1043 4605 ’
1188 4596 1193 4601 ⁷
1209 4596 1215 4601 ’

492 4714 518 4751 α
560 4688 743 4768 Super
767 4696 949 4766 capita
997 4694 1276 4749 montium
1320 4694 1726 4759 sacriﬁcabant,
1759 4701 1817 4750 et
1843 4712 2012 4767 super

417 4780 588 4847 colles
604 4772 984 4841 accendebant
994 4785 1327 4856 thymiama.
1358 4804 1380 4835 ι
1398 4770 1524 4837 Filii
1539 4783 1713 4837 Israel
1730 4776 2014 4854 sequendo

417 4874 733 4943 voluptates
758 4890 890 4928 suas
931 4862 989 4928 et
1020 4862 1309 4928 desideria
1344 4861 1547 4937 carnis,
1582 4873 1696 4926 Deo
1726 4872 2011 4940 derelicto,

419 4958 723 5034 spretoque
752 4963 874 5032 ejus
909 4963 1138 5032 templo.
1171 4960 1227 5016 in
1257 4958 1545 5016 montibus
1588 4967 1646 5016 et
1692 4962 1748 5016 in
1781 4956 2014 5017 collibus

419 5044 812 5108 sacrificabant
842 5051 1026 5112 idolis,
1058 5051 1250 5121 eisque
1270 5042 1583 5123 thymiama
1607 5039 1807 5117 (idest,
1833 5052 2019 5106 incen-

420 5158 546 5197 sum
576 5139 888 5208 suavitatis)
909 5137 1302 5203 incendebant,
1327 5141 1517 5211 ibique
1541 5147 1770 5212 propter
1785 5141 2017 5195 amoeni-

419 5236 594 5285 tatem
626 5230 873 5283 locorum
907 5226 1290 5292 comedebant,
1322 5218 1609 5290 bibebant.
1639 5230 2010 5292 dormiebant,

421 5324 480 5375 et
506 5317 935 5374 luxuriabantur
962 5304 1271 5387 eademque
1312 5318 1435 5372 loca
1471 5306 1691 5374 excelsa
1720 5319 2009 5374 vocabant.

421 5408 556 5463 Ideo
579 5398 768 5461 autem
792 5406 904 5461 ista
925 5405 1222 5460 faciebant.
1249 5406 1513 5477 quoniam
1536 5396 1810 5463 excelsum
1832 5410 2010 5464 Deum

422 5513 535 5553 non
550 5494 853 5551 habebant.
869 5492 951 5550 De
969 5492 1172 5577 quibus
1192 5484 1420 5577 excelsis
1448 5495 1688 5565 legimus
1708 5487 1783 5552 in.
1798 5499 2013 5555 actibus

2093 4435 2522 4504 desponsarunt.
2560 4431 2883 4486 Istiusmodi
2926 4431 3143 4501 indigni
3174 4434 3308 4484 sunt
3333 4427 3695 4499 correptione

2092 4523 2213 4586 Dei,
2246 4508 2509 4593 quoniam
2537 4520 2721 4574 omnis
2749 4536 2945 4575 eorum
2969 4520 3154 4574 cultus
3189 4516 3480 4578 fornicatio
3506 4522 3612 4581 est;
3631 4514 3691 4572 et

2091 4617 2287 4682 turpes
2317 4611 2580 4682 turpibus
2620 4608 3075 4663 commiscentur.
3100 4609 3168 4663 Et
3196 4612 3497 4679 propterea
3520 4622 3691 4678 vapu-

2090 4699 2308 4759 labunt.
2362 4703 2428 4755 ut
2481 4698 2784 4770 aliquando
2820 4714 2921 4769 per
2961 4698 3156 4768 plagas
3204 4698 3301 4768 qui
3340 4696 3693 4767 reliquerunt

2096 4789 2419 4853 Dominum,
2460 4778 2809 4859 resipiscam.
3230 4778 3243 4789 ’
3340 4778 3347 4785 ’
3464 4779 3491 4803 ·’
3608 4781 3614 4785 ’

2170 4897 2197 4930 (ι
2238 4878 2295 4932 Si
2325 4877 2618 4932 fornicarls
2645 4881 2709 4930 tu
2743 4875 2942 4939 Israel,
2990 4892 3101 4931 non
3149 4875 3443 4945 delinquat
3488 4875 3689 4929 saltem

2097 4967 2260 5022 Juda.
2301 4985 2323 5017 ι
2360 4966 2533 5021 Israel
2564 4965 2620 5020 in
2654 4965 2758 5020 hoc
2784 4956 2931 5027 loco,
2967 4966 3115 5020 sicut
3152 4983 3298 5036 saepe
3344 4965 3556 5019 dictum
3584 4970 3686 5029 est,

2099 5057 2291 5110 decem
2321 5055 2503 5111 tribus
2535 5044 2835 5121 signiﬁcat,
2872 5054 3045 5109 Judas
3072 5060 3283 5109 autem.
3310 5053 3607 5123 Benjamin
3634 5058 3691 5106 et

2099 5145 2522 5207 sacerdotalem,
2557 5144 2613 5197 id
2659 5149 2766 5207 est,
2801 5144 3122 5209 Leviticam,
3155 5159 3281 5197 cum
3313 5142 3510 5196 eadem
3541 5140 3693 5201 tribu

2098 5222 2427 5304 c‘onjunctas
2455 5234 2635 5297 Quam
2658 5228 2868 5287 tribum
2890 5249 3040 5287 nunc
3055 5222 3316 5286 hortatur
3334 5231 3692 5302 propheticus

2097 5324 2299 5385 sermo,
2330 5340 2401 5376 ne
2432 5310 2609 5377 Deum
2626 5323 2851 5378 deserat
2874 5336 2975 5393 per
2991 5320 3269 5376 culturam
3301 5319 3601 5384 idolorum,
3620 5319 3693 5372 si-

2094 5418 2190 5467 cut
2216 5413 2429 5467 fecerat
2456 5413 2650 5476 Israel,
2702 5400 2767 5465 id'
2803 5415 2890 5465 est
2933 5402 3124 5466 decem
3166 5400 3370 5474 tribus,
3405 5408 3692 5467 adorando

2094 5490 2261 5569 idola,
2294 5517 2417 5572 quae
2440 5501 2652 5555 fecerat
2686 5499 2768 5554 eis
2811 5492 3130 5565 Jeroboam,
3174 5496 3325 5554 ﬁlius
3358 5498 3601 5559 Nahath.
3633 5494 3692 5552 Si
