4062 6168
463 255 532 316 39

876 237 1263 303 HAYMONIS'
1295 235 1784 296 HALBERSTAT.
1827 228 2056 287 EPISC.
2096 228 2256 284 OPP.
2296 228 2481 284 PARS
2519 229 2563 284 Ι.
2613 258 2677 269 -
2716 227 3088 286 COMMENT.
3129 230 3314 287 BIBL.

3665 231 3748 290 40

461 396 662 452 nempe
685 379 844 432 illum
875 376 994 447 ipse
1021 370 1269 444 spiritus,
1295 354 1518 440 quando
1545 362 1649 418 sibi
1671 358 1973 452 conjunxit,
1999 361 2056 452 et
2073 355 2119 414 A
2139 354 2528 452 Domini_sunt
2556 355 2748 408 laudes
2778 354 3147 452 (ξΐθάθηῒρίξιηι.
3179 354 3512 452 ξξωηίῐθηρίεῑ
3543 372 3748 426 Pecca-

462 472 543 526 ita
571 447 771 532 univit,
796 472 858 520 ut
880 464 1128 519 nondum
1155 461 1274 530 jam
1301 457 1525 516 coleret,
1550 452 1644 506 sed
1674 451 1831 504 illum
1857 450 1972 518 jam
2000 447 2058 499 in

464 556 778 613 simulacris
807 555 1087 608 adoraret.
1118 569 1138 598 α
1165 547 1240 601 Et
1268 543 1682 599 confundantur
1711 556 1745 592 a
1773 535 2059 591 sacriﬁciis

465 647 599 702 suis.
623 665 647 698 »
666 646 782 698 Hoc
801 647 906 707 est,
922 656 1046 694 cum
1066 635 1278 690 fuerint
1296 628 1682 701 comprehensi
1697 626 1766 680 ab
1784 623 2056 684 hostibus,

464 733 878 790 confundantur
901 735 959 783 et
986 725 1332 781 erubescent.
1358 721 1753 788 cognoscentes
1782 712 1888 766 sibi
1917 713 2060 764 hanc

467 839 688 896 poenam
720 821 931 874 illatam
969 820 1195 885 propter
1223 808 1514 873 sacriﬁcia,
1549 823 1671 896 quae
1700 803 1862 896 idolis
1904 800 2059 896 prius

465 889 853 968 immolabant.
883 903 1082 960 Altiori
1105 916 1292 961 sensu,
1311 899 1416 951 hoc
1440 901 1497 950 et
1516 895 1586 948 ad
1610 891 1898 946 hmreticos
1917 889 2060 942 refe-

464 1001 722 1065 rendum,
737 997 833 1068 qui
850 992 1149 1067 participes
1164 989 1394 1043 fuerunt
1406 985 1681 1038 idolorum
1693 1025 1704 1044 ,
1719 979 1943 1051 quando
1957 994 2061 1068 sua

465 1089 620 1143 varia
637 1067 903 1156 dogmata
921 1081 1127 1136 colunt.
1155 1078 1398 1146 Ideoque
1423 1074 1682 1126 hortatur
1695 1069 1873 1123 virum
1892 1067 2060 1120 eccle-

462 1177 749 1233 siasticum
772 1173 1065 1245 propheta,
1093 1173 1158 1222 ut
1176 1165 1427 1220 dimittat
1446 1166 1503 1216 et
1526 1164 1846 1216 contemnat
1866 1172 2060 1211 eorum

2141 450 2346 510 torum,
2377 446 2634 516 lacrymze
2661 445 2998 510 orationum,
3019 446 3088 499 de
3109 445 3312 515 quibus
3331 447 3603 516 scriptum
3623 453 3746 501 est:

2145 552 2170 583 «
2200 535 2544 588 Sacriﬁcium
2571 536 2685 588 Deo
2708 535 2940 605 spiritus
2965 534 3394 588 contribulatus.
3428 557 3450 583 ο
3478 537 3584 590 Sed
3608 542 3756 591 sunt

2141 623 2396 676 nonnulli
2423 623 2538 693 qui,
2557 629 2681 694 post
2701 624 2978 694 lacrymas
3003 629 3060 676 et
3083 623 3468 694 paenitentiam
3495 632 3758 695 peccato-

2140 729 2286 778 rum,
2313 712 2384 765 ad
2403 713 2519 781 jam
2553 718 2875 782 perpetrata
2898 713 3138 765 redeunt
3168 719 3416 783 peccata.
3454 714 3549 782 Hi,
3579 715 3752 768 nimi-

2141 817 2265 853 rum
2295 800 2682 870 paenitentiam
2723 816 2890 870 quam
2921 800 2989 853 de
3022 799 3272 870 pristinis
3301 801 3543 870 peccatis
3585 819 3756 856 exer-

2140 895 2392 951 cuerant,
2427 889 2482 942 in
2517 889 2854 960 profundum
2886 889 3189 953 declinant,
3224 889 3357 960 quia
3380 891 3600 960 pejores
3628 885 3756 946 efﬁ-

2141 977 2384 1032 ciuntur.
2412 979 2492 1032 De
2523 978 2783 1048 qualibus
2812 978 3082 1048 scriptum
3109 983 3210 1036 est.
3241 997 3268 1030 α
3299 979 3466 1032 Canis
3487 997 3755 1036 reversus

2141 1067 2212 1120 ad
2230 1066 2498 1120 vomitum
2519 1084 2705 1121 suum.
2733 1086 2759 1120 »
2787 1069 2954 1123 Juxta
2980 1069 3245 1140 mysticos
3267 1086 3490 1141 quoque
3519 1086 3751 1138 sensus,

2141 1155 2459 1209 sacerdotes
2487 1162 2543 1209 et
2582 1156 2860 1227 principes
2907 1157 3156 1211 haeretici
3200 1157 3610 1229 intelliguntur,
3640 1176 3756 1230 po-

461 1243 791 1328 vesaniam;
819 1273 1158 1328 omnemque
1201 1255 1424 1308 illorum
1455 1257 1686 1322 spernat
1709 1247 2056 1310 societatem,
2142 1243 2259 1314 puli
2281 1249 2470 1298 autem
2498 1245 2758 1315 discipuli
2787 1251 2844 1299 et
2872 1246 3109 1317 subjecti
3129 1263 3345 1300 eorum.
3371 1248 3757 1319 Increpantur

465 1357 599 1428 quia
615 1351 951 1408 sacriﬁcium
976 1348 1225 1418 ipsorum
1249 1361 1283 1397 a
1305 1340 1580 1396 sacriﬁcio
1606 1337 1853 1392 ﬁdelium
1876 1342 1961 1389 est
1984 1334 2062 1387 di-
2144 1337 2202 1386 et
2231 1333 2531 1403 principes,
2558 1340 2621 1428 et
2641 1334 2711 1428 ad
2735 1335 3012 1404 judicium
3045 1335 3400 1428 deducuntur
3420 1337 3756 1428 damnatio-

467 1421 668 1500 visum.
687 1442 821 1496 dum
841 1455 954 1492 non
974 1440 1125 1490 recte
1145 1431 1431 1488 celebrant
1451 1427 1719 1500 mysteria
1740 1423 1986 1496 corporis
2008 1427 2065 1475 et
2145 1421 2232 1474 nis
2257 1435 2268 1468 ε
2303 1422 2436 1491 quia
2465 1423 2561 1493 qui
2590 1422 2903 1477 debuerant
2933 1441 3054 1478 esse
3093 1425 3348 1479 doctores
3383 1427 3755 1496 populorum,

469 1525 761 1598 sanguinis
792 1521 1035 1583 Domini,
1068 1524 1236 1589 atque
1266 1516 1472 1569 idcirco
1506 1513 1854 1568 fornicantur
1881 1508 2062 1562 varios
2145 1516 2415 1580 ceperunt
2435 1527 2535 1580 per
2558 1527 2782 1580 pravam
2814 1512 3146 1578 doctrinam,
3172 1512 3626 1584 induxeruntque
3651 1531 3764 1568 eos

469 1597 752 1688 sequendo
783 1627 1020 1675 errores,
1053 1615 1110 1662 et
1137 1603 1508 1660 immunditim
1535 1601 1722 1656 carnis
1751 1597 2058 1654 serviendo.
2087 1598 2208 1688 “in
2239 1615 2504 1654 errorem.
2537 1599 2712 1653 Iidem
2746 1617 2969 1671 quoque
2998 1601 3245 1655 haeretici
3277 1603 3602 1673 expandunt
3631 1608 3767 1657 rete

458 1670 833 1776 Diliguntque
853 1670 1054 1754 aﬂerre
1073 1694 1458 1767 ignominiam,
1475 1693 1583 1745 hoc
1603 1696 1893 1755 est,vanas
1907 1693 1964 1740 et
1981 1702 2069 1739 su-
2087 1670 2134 1730 Β
2153 1703 2322 1756 super
2368 1686 2609 1753 Thabor,
2661 1687 2755 1758 qui
2806 1688 3213 1759 interpretatur
3265 1693 3487 1743 veniens
3537 1693 3764 1757 lumen,

468 1797 714 1867 perﬂuas
744 1789 1078 1846 traditiones
1110 1783 1459 1867 auditoribus
1494 1782 1612 1836 suis
1644 1780 1894 1851 gaudent
1924 1795 2067 1867 praef
2152 1776 2375 1867 quando
2405 1792 2535 1830 suas
2561 1776 2618 1829 in
2645 1776 2889 1831 Ecclesia
2916 1778 3158 1831 tendunt
3198 1777 3450 1842 insidias,
3497 1795 3598 1849 per
3624 1796 3763 1850 quae

471 1857 633 1950 bere;
667 1897 808 1953 quos
825 1877 1076 1949 spiritus,
1099 1875 1157 1928 id
1177 1857 1281 1928 est.
1305 1872 1579 1936 diabolus,
1604 1871 1760 1940 ligat,
1786 1887 1856 1922 ne
1878 1866 2066 1921 stabili
2151 1865 2413 1934 dogmata
2443 1882 2704 1935 perversa
2749 1883 2879 1920 aves
2912 1867 2985 1932 (id
3017 1873 3102 1920 est
3147 1867 3364 1921 animas
3402 1868 3473 1921 ad
3502 1869 3767 1923 cmlestia

471 1943 954 2045 pede'in‘Eccle-sia
975 1967 1361 2036 permaneant.
1388 1962 1485 2014 sed
1510 1979 1534 2011 (ς
1560 1961 1663 2013 hac
1686 1967 1743 2013 et
1763 1959 1891 2012 illac
1916 1954 2068 2010 omni
2152 1953 2422 2022 volantes)
2456 1954 2702 2024 capiunt.
2743 1955 3196 2045 Victimasdenim
3225 1957 3508 2010 declinant
3536 1958 3595 2010 in
3623 1973 3763 2028 pro—

471 2041 637 2116 vento
681 2057 946 2112 doctrinae
993 2052 1478 2107 circumferantur.
1516 2069 1540 2100 »
1576 2047 1684 2114 Qui
1713 2063 1839 2100 vere
1866 2046 1923 2099 in
1953 2045 2069 2099 suis
2151 2041 2408 2105 fundum,
2429 2041 2525 2112 qui
2555 2042 2794 2095 suadent
2822 2043 3140 2097 hominibus
3161 2044 3451 2099 immolare
3480 2046 3764 2100 daemoni-

472 2147 763 2204 sacriﬁciis
791 2142 1228 2206 confunduntur,
1263 2140 1395 2210 quia
1420 2137 1581 2209 panis
1607 2153 1821 2202 eorum,
1854 2135 1959 2188 hoc
1987 2139 2073 2187 est

476 2234 878 2297 remuneratio,
913 2235 1218 2302 perpetuus
1247 2227 1354 2282 erit
1380 2229 1580 2282 luctus.

1105 2388 1337 2444 CAPUT
1372 2387 1440 2444 V.

554 2580 579 2609 ι
616 2556 823 2613 Audite
849 2555 955 2609 hoc
986 2551 1321 2610 sacerdotes.
1355 2554 1412 2603 et
1437 2548 1731 2615 attendite,
1765 2548 1964 2602 domus
1992 2544 2072 2599 Is-

479 2649 618 2716 rael,
649 2653 706 2702 et
728 2647 927 2700 domus
956 2642 1107 2712 regis
1133 2639 1445 2695 auscultate
1473 2656 1484 2690 :
1519 2637 1651 2709 quia
1673 2636 1946 2708 judicium
1973 2653 2070 2690 vo-

479 2736 563 2792 bis
601 2743 704 2798 est,
743 2733 1006 2806 quoniam
1056 2732 1289 2801 laqueus
1338 2728 1468 2782 facti
1518 2728 1653 2781 estis
1692 2725 2072 2797 speculatione

480 2831 536 2880 et
561 2832 682 2880 rete
703 2838 1007 2894 expansum
1031 2835 1201 2890 super
1218 2816 1458 2872 Thabor.
1488 2837 1513 2868 ιι
1538 2816 1864 2870 Sacerdotes
1880 2815 2073 2868 decem

479 2915 730 2970 tribuum
761 2910 1085 2981 alloquitur,
1129 2912 1185 2960 et
1222 2911 1383 2960 vocat
1411 2922 1570 2975 reges
1599 2921 1791 2959 eorum
1825 2905 1895 2957 ad
1916 2903 2074 2974 judi-

480 3004 649 3067 cium,
692 3017 805 3055 non
835 2998 980 3069 quod
1009 2997 1123 3050 sint
1156 2995 1474 3049 sacerdotes
1507 2995 1575 3048 de
1613 2993 1762 3048 tribu
1792 2993 1944 3047 Levi.
1978 2984 2134 3047 sedC

481 3092 746 3163 quoniam
765 3088 1084 3143 sacerdotes
1099 3091 1364 3139 vocentur
1384 3101 1413 3136 a
1438 3084 1662 3154 populo.
1683 3083 1789 3138 Sed
1808 3091 1865 3136 et
1882 3084 2076 3149 Israel,

479 3180 536 3235 id
573 3186 657 3234 est
687 3179 946 3251 pOpulus,
981 3181 1211 3229 vocatur
1239 3175 1311 3228 ad
1333 3173 1630 3242 judicium,
1663 3173 1962 3243 nullusque
1993 3190 2081 3227 ex-

482 3269 705 3341 cipitur,
729 3274 793 3322 ut
812 3272 868 3321 et
888 3265 1229 3331 sacerdotes,
1243 3268 1299 3316 et
1317 3263 1573 3333 populus,
1599 3280 1664 3315 ac
1686 3278 1866 3332 reges,
1883 3263 1977 3332 qui
1999 3279 2083 3316 se-

481 3360 758 3414 duxerant
787 3355 1054 3427 populum
1084 3360 1140 3407 et
1167 3352 1578 3406 constituerant
1612 3351 1694 3404 illi
1722 3352 1862 3404 tales
1892 3369 2079 3406 sacer-

481 3448 656 3502 dotes.
684 3445 847 3500 simul
879 3444 1114 3498 audiant
1143 3441 1277 3512 quid
1320 3441 1588 3500 facerent.
1619 3445 1672 3493 et
1702 3457 1802 3493 cur
1840 3439 2081 3494 inimicis

480 3537 801 3592 traduntur.
846 3532 1049 3588 Audite
1078 3533 1182 3585 hoc
1211 3547 1406 3584 omnes
1437 3534 1494 3583 et
1523 3530 1854 3588 auscultate,
1886 3529 1942 3582 id
1971 3537 2075 3592 est,

483 3624 733 3696 corporis
749 3639 884 3677 aure
907 3621 1194 3692 percipite,
1220 3624 1276 3672 et
1298 3619 1500 3671 mentis
1522 3618 1806 3672 intellectu
1820 3619 2074 3683 retinete,

484 3713 616 3784 quia
643 3712 798 3766 vobis
825 3709 1101 3780 judicium
1131 3713 1236 3769 est,
1268 3706 1325 3760 id
1364 3713 1466 3770 est,
1499 3706 1781 3759 damnatio
1827 3707 2085 3760 imminet

482 3801 686 3856 merito
737 3805 931 3853 vestrae
976 3795 1312 3867 iniquitatis,
1360 3795 1624 3865 quoniam
1676 3796 1908 3863 laqueus
1952 3795 2083 3849 facti

484 3891 621 3946 estis
641 3888 980 3961 captivitatis
1001 3893 1058 3940 et
1092 3884 1515 3939 interfectionis.
1537 3885 1652 3955 Ego
1675 3884 1898 3955 quidem
1923 3885 2082 3956 posui

482 3997 578 4036 vos
609 3980 988 4052 speculatores
1017 3982 1074 4030 et
1101 3975 1382 4047 principes
1409 3974 1464 4027 in
1496 3975 1718 4045 populo,
1747 3979 1811 4027 ut
1840 3990 1966 4027 eum
1999 3991 2083 4028 re-

480 4070 690 4140 geretis
737 4076 1040 4123 errantem.
1073 4066 1185 4119 Vos
1227 4072 1417 4120 autem
1462 4064 1591 4117 lacti
1641 4065 1776 4118 estis
1823 4065 2076 4135 laqueus,

482 4159 720 4228 ideoque
742 4159 852 4227 iam
876 4174 988 4210 non
1009 4155 1386 4225 speculatores
1403 4159 1459 4206 et
1483 4153 1781 4224 principes,
1803 4155 1898 4208 sed
1921 4173 2082 4208 vena-

2155 2128 2276 2193 bus,
2296 2130 2428 2183 dum
2453 2147 2547 2184 eos
2576 2132 2884 2186 affectando
2911 2149 3129 2186 errores
3159 2151 3289 2187 suos
3315 2136 3667 2204 pertrahunt,
3686 2140 3764 2190 ut

2153 2235 2265 2272 non
2294 2220 2626 2290 resipiscant
2648 2221 2947 2292 aliquando
2968 2239 2999 2275 a
3025 2223 3207 2287 malis,
3239 2230 3296 2276 et
3324 2241 3384 2278 se
3429 2225 3650 2296 erigant
3678 2226 3762 2280 ad

2155 2309 2406 2363 ccelestia
2437 2311 2772 2364 contuenda.
2807 2334 2831 2361 α
2864 2310 2939 2365 Et
2968 2329 3069 2382 ego
3100 2312 3354 2366 eruditor
3381 2314 3630 2368 omnium
3663 2332 3764 2370 eo-

2153 2415 2298 2453 rum.
2320 2417 2346 2451 ν
2364 2398 2449 2453 Ne
2478 2399 2844 2470 desperarent
2859 2401 3048 2472 populi
3066 2408 3122 2454 et
3138 2402 3390 2473 magistri
3412 2421 3626 2468 eorum,
3645 2405 3759 2459 hoc

2154 2494 2239 2542 est
2266 2488 2543 2558 principes
2572 2494 2630 2543 et
2674 2490 3008 2555 sacerdotes,
3052 2491 3234 2545 redire
3262 2509 3321 2546 se
3353 2510 3516 2564 posse
3553 2494 3624 2547 ad
3657 2511 3758 2548 ve-

2156 2577 2328 2640 niam,
2339 2577 2772 2632 misericorditer
2786 2596 2844 2632 se
2859 2579 3126 2634 Dominus
3144 2581 3487 2636 eruditorem
3500 2583 3756 2638 omnium

2157 2682 2350 2719 eorum
2382 2666 2498 2720 fore
2547 2668 2894 2738 pronuntiat,
2925 2668 3117 2722 dicens
3155 2687 3165 2722 :
3207 2692 3228 2718 (ι
3264 2671 3333 2723 Et
3359 2688 3462 2741 ego
3503 2673 3766 2727 eruditor

2157 2755 2409 2809 omnium
2432 2773 2642 2809 eorum.
2663 2759 2768 2810 »Λς
2781 2757 2826 2810 si
2848 2757 3088 2811 diceret:
3113 2758 3166 2812 Si
3188 2759 3572 2829 pmnitentiam
3588 2779 3764 2832 agere

2157 2845 2454 2909 voluerint,
2484 2852 2540 2898 et
2583 2845 2690 2899 diis
2731 2863 2871 2916 quos
2916 2847 3186 2900 hactenus
3226 2850 3522 2904 coluerunt
3549 2852 3764 2906 servire

2157 2933 2514 2994 cessaverint,
2541 2951 2610 2987 ne
2630 2934 2929 3005 desperent
2951 2953 2962 2987 :
2991 2936 3125 3005 quia
3150 2953 3253 3007 ego
3287 2939 3538 2992 eruditor
3561 2955 3762 2994 eorum

2161 3021 2370 3075 docebo
2388 3021 2511 3076 illos
2541 3023 2676 3094 quid
2694 3040 2862 3094 agere
2890 3023 3148 3090 debeant,
3174 3026 3271 3095 qui
3300 3028 3621 3095 emendare,
3645 3046 3762 3084 non

2162 3111 2363 3180 punire
2394 3113 2555 3182 cupio
2587 3131 2599 3166 :
2631 3118 2688 3166 et
2715 3113 2949 3176 salvare,
2983 3130 3092 3167 non
3124 3116 3358 3185 perdere
3390 3133 3595 3187 quaero.

2231 3221 2257 3253 α
2286 3201 2400 3271 Ego
2424 3201 2688 3272 Ephraim
2715 3203 2850 3266 scio,
2872 3209 2930 3256 et
2952 3204 3126 3257 Israel
3149 3221 3260 3257 non
3283 3210 3369 3258 est
3398 3205 3762 3262 absconditus

2163 3307 2197 3342 a
2230 3306 2338 3343 me.
2357 3309 2384 3341 ι)
2410 3291 2648 3345 Nomine
2678 3291 2965 3361 Ephraim.
2991 3294 3418 3362 comprehendit
3437 3294 3761 3364 Jeroboam,

2164 3377 2339 3432 ﬁlium
2371 3379 2613 3444 Nabath,
2649 3386 2704 3434 et
2724 3398 2917 3435 omnes
2948 3399 3011 3435 ex
3035 3382 3229 3435 eadem
3261 3382 3410 3436 tribu
3442 3400 3624 3453 reges.
3646 3384 3766 3455 Ego

2165 3467 2335 3520 etiam
2368 3469 2592 3522 condidi
2618 3471 2852 3540 populos
2883 3470 3109 3540 regibus
3140 3470 3419 3541 subjectos
3460 3473 3604 3536 Quia
3633 3490 3768 3544 ergo

2164 3571 2292 3609 mea
2320 3562 2453 3609 sunt
2476 3562 2756 3623 creatura,
2792 3563 2849 3611 et
2881 3560 3071 3612 omnia
3101 3575 3293 3613 eorum
3321 3560 3546 3616 intueor
3574 3580 3766 3633 opera,

2166 3661 2278 3697 non
2304 3645 2621 3714 desperent,
2642 3646 2738 3699 sed
2762 3647 3148 3716 paenitentiam
3173 3656 3362 3719 agant,
3389 3656 3446 3704 et
3467 3651 3773 3722 suscipiam

2167 3749 2314 3787 eos.«
2348 3734 2490 3797 Quia
2519 3735 2824 3788 fornicatus
2855 3742 2940 3790 est
2963 3753 3111 3791 nunc
3137 3738 3423 3809 Ephraim.
3467 3759 3488 3788 ι
3515 3741 3633 3794 Hoc
3663 3747 3772 3808 est,

2165 3839 2330 3890 reges
2355 3839 2549 3876 eorum
2581 3823 2637 3876 in
2666 3825 2926 3894 praesenti
2960 3831 3214 3896 tempore
3237 3844 3271 3880 a
3297 3828 3387 3881 Dei
3417 3829 3574 3883 cultu
3616 3847 3774 3884 rece-

2165 3911 2378 3978 dentes,
2406 3911 2667 3966 fornicari
2698 3921 2990 3983 coeperunt
3018 3915 3222 3970 vitulos
3252 3906 3452 3970 aureos
3483 3917 3773 3974 adorando

2167 4023 2193 4048 α
2218 3999 2293 4054 Et
2308 4001 2480 4055 Israel
2499 4002 2915 4057 contaminatus
2936 4009 3041 4057 est.
3072 4027 3096 4053 ιι
3114 4005 3255 4068 Quia
3279 4005 3591 4060 fornicante
3613 4025 3769 4078 rege,

2164 4086 2403 4156 populus
2422 4092 2507 4140 est
2536 4093 2781 4147 secutus.
2805 4103 3110 4159 paremque
3127 4089 3474 4160 impietatem
3501 4091 3621 4162 pari
3643 4102 3764 4146 stu.

2163 4175 2256 4228 dio
2281 4176 2718 4245 compleverunt,
2752 4177 2847 4231 ubi
2892 4194 2926 4230 a
2969 4178 3351 4248 superioribus
3387 4180 3766 4250 jungendum,

484 4252 635 4300 tores
664 4244 798 4298 estis
820 4241 1103 4314 appellati.
1130 4242 1200 4294 Et
1221 4241 1365 4293 sicut
1395 4257 1565 4310 super
1585 4247 1829 4294 montem
1859 4242 2145 4333 ThaborD
2167 4268 2222 4316 et
2251 4263 2355 4317 hoc
2383 4241 2485 4333 θέο
2515 4265 2648 4321 scio.

483 4339 603 4390 rete
632 4331 967 4403 expanditur
991 4335 1054 4383 ut
1103 4345 1230 4382 aves
1259 4328 1570 4399 capiantur,
1605 4329 1685 4382 ita
1723 4337 1906 4384 vestra
1949 4331 2080 4386 doc-

483 4423 636 4479 trina
680 4428 737 4475 et
783 4419 1033 4490 exemplo
1074 4416 1299 4488 cepistis
1331 4417 1618 4488 populum.
1653 4424 1710 4472 et
1740 4418 1810 4472 ad
1841 4425 2080 4474 mortem

483 4509 739 4567 duxistis.
770 4508 993 4564 Thabor
1022 4513 1211 4561 autem
1252 4522 1411 4560 mons
1449 4511 1536 4559 est
1577 4505 1718 4560 situs
1747 4507 1804 4561 in
1835 4525 2084 4580 campes-

482 4601 663 4657 tribus
688 4599 949 4663 Galilaaze,
977 4596 1253 4651 rotundus
1278 4601 1447 4666 atque
1467 4594 1741 4660 sublimis,
1762 4603 1819 4651 et
1839 4615 1907 4652 ex
1930 4600 2082 4654 omni

483 4697 642 4763 parte
688 4688 982 4760 aequaliter
1027 4686 1239 4740 ﬁnitur.
1285 4685 1365 4740 De
1413 4701 1523 4754 quo
1570 4685 1627 4737 in
1670 4687 1884 4758 psalmo
1927 4689 2083 4743 cani-

486 4788 622 4835 tur:
659 4799 681 4830 ε
715 4777 939 4832 Thabor
966 4782 1023 4831 et
1061 4777 1309 4831 Hermon
1339 4774 1398 4828 in
1436 4773 1663 4829 nomine
1701 4780 1798 4831 tuo
1837 4780 2082 4833 exsulta-

487 4869 644 4923 bunt.
685 4887 708 4918 ι

562 4976 585 5008 «
621 4956 692 5010 Et
731 4953 981 5008 victimas
1011 4955 1329 5011 declinastis
1360 4958 1416 5012 in
1447 4958 1807 5030 profundum.
1845 4979 1869 5012 »
1903 4960 2081 5015 Victi-

488 5063 591 5101 mae
620 5045 677 5098 in
708 5042 1051 5114 profundum
1083 5044 1435 5100 declinantur
1464 5065 1585 5118 qua:
1625 5048 1970 5104 daemonibus
1998 5053 2084 5105 of-

486 5136 764 5189 feruntur.
795 5131 1039 5201 Populus
1067 5131 1304 5186 duarum
1345 5135 1594 5191 tribuum
1639 5137 1913 5204 victimas,
1946 5159 2084 5212 quas

490 5225 606 5278 Deo
627 5219 998 5290 omnipotenti
1021 5220 1304 5282 offerebat,
1328 5240 1389 5276 su
1401 5226 1618 5294 perius(
1624 5227 1679 5281 id
1701 5235 1786 5283 est
1808 5230 1876 5284 ad
1895 5232 2087 5302 caelos)

488 5311 789 5368 ascendere
818 5307 1088 5362 faciebat:
1117 5307 1290 5364 Israel
1322 5328 1470 5377 vero,
1503 5318 1764 5384 quoniam
1800 5321 1963 5376 idolis
1984 5341 2085 5378 sua

490 5397 816 5456 immolabat
838 5397 1128 5462 sacriﬁcia,
1153 5397 1490 5456 descendere
1510 5403 1606 5457 illa
1627 5404 1863 5463 faciebat
1883 5410 1940 5465 in
1963 5429 2087 5482 pro-

489 5489 744 5554 fundum,
793 5486 898 5541 hoc
944 5491 1029 5541 est
1070 5486 1125 5540 in
1177 5487 1478 5544 infernum.
1523 5492 1812 5551 Moraliter
1849 5499 2084 5560 victima:

2241 4368 2268 4402 α
2290 4351 2415 4403 Non
2429 4351 2642 4406 dabunt
2666 4353 3034 4422 cogitationes
3055 4371 3184 4408 suas
3201 4363 3265 4410 ut
3283 4362 3681 4412 convertantur
3691 4359 3764 4412 ad

2164 4439 2343 4493 Deum
2383 4456 2566 4506 suum,
2597 4441 2728 4511 quia
2763 4443 2993 4513 spiritus
3026 4443 3457 4500 fornicationum
3491 4447 3546 4500 in
3579 4447 3764 4501 medio

2165 4545 2357 4582 eorum
2371 4537 2427 4583 et
2442 4530 2618 4584 Deum
2644 4547 2753 4585 non
2777 4540 3173 4602 cognoverunt.
3196 4554 3221 4586 »
3239 4535 3392 4589 Licet
3414 4536 3760 4591 eruditorem

2165 4633 2359 4672 eorum
2372 4635 2432 4672 se
2444 4619 2714 4676 Dominus
2729 4621 3168 4677 misericorditer
3177 4625 3434 4694 superius
3445 4625 3664 4681 dixerit.
3679 4633 3768 4680 ta-

2166 4724 2294 4761 men
2313 4708 2680 4762 intentionem
2703 4711 2885 4764 cordis
2905 4711 3130 4766 illorum
3153 4729 3510 4782 cognoscens.
3531 4715 3767 4785 subjun-

2163 4797 2277 4866 git:
2296 4798 2421 4852 Non
2442 4797 2658 4852 dabunt
2677 4800 3044 4869 cogitationes
3063 4819 3194 4857 suas
3207 4809 3270 4858 ut
3284 4811 3683 4860 convertantur
3693 4807 3766 4861 ad

2166 4884 2342 4938 Deum
2373 4902 2558 4948 suum,
2585 4892 2650 4941 ut
2679 4887 2891 4942 scilicet
2911 4889 3292 4960 paenitentiam
3317 4898 3489 4963 agant
3509 4894 3577 4948 de
3602 4895 3766 4949 malis

2166 4973 2694 5042 cogitationibus.ne
2709 4977 3002 5045 perﬁciant
3013 4996 3154 5050 opus
3168 4981 3377 5035 malum
3392 4983 3538 5052 quod
3555 4983 3766 5053 cogita-

2167 5067 2384 5115 verunt.
2411 5063 2479 5116 Et
2513 5063 2698 5118 reddit
2721 5083 2970 5133 causam,
3002 5069 3261 5139 inquiens
3285 5089 3295 5124 :
3324 5071 3564 5141 Spiritus
3585 5073 3762 5126 forni-

2165 5152 2449 5204 cationum
2471 5152 2541 5216 (id
2562 5160 2664 5213 est,
2683 5155 2954 5222 diabolus)
2977 5157 3032 5210 in
3054 5159 3236 5213 medio
3259 5176 3472 5214 eorum.
3491 5163 3560 5216 Et
3579 5163 3761 5216 Deum

2167 5257 2276 5294 non
2308 5251 2703 5311 cognoverunt,
2743 5245 2795 5298 id
2828 5252 2931 5309 est,
2964 5263 3074 5300 non
3107 5247 3502 5304 intellexerunt
3531 5256 3594 5305 ut
3631 5269 3760 5306 eum

2168 5329 2416 5383 colerent
2444 5337 2500 5384 et
2527 5331 2698 5402 digna
2728 5333 3082 5387 veneratione
3113 5335 3432 5394 adorarent.
3454 5339 3597 5403 Quia
3625 5357 3762 5411 ergo

2166 5417 2420 5474 diabolus
2450 5421 2507 5474 in
2541 5438 2734 5476 eorum
2763 5421 3022 5476 cordibus
3053 5423 3359 5485 habitabat.
3391 5428 3511 5497 ipse
3542 5445 3636 5482 eos
3664 5447 3763 5484 ex-

2167 5516 2484 5578 caecaverat,
2517 5528 2588 5566 ne
2626 5510 2694 5566 ad
2725 5527 2917 5566 verum
2960 5511 3150 5567 lumen
3188 5522 3416 5585 possent
3458 5518 3664 5588 redire,
3698 5525 3763 5575 ut
