4090 6164
287 271 352 326 41
1281 271 1697 326 ENARRATIO
1735 270 1813 324 IN
1852 268 2034 324 OSEE
2075 270 2540 328 PROPHETAM.

3488 283 3559 341 42

285 397 468 452 Deum
493 402 918 468 cognoscerent,
938 396 996 450 id
1021 401 1125 461 est,
1149 395 1527 466 intelligerent
1555 413 1683 450 eum
1701 397 1880 450 solum
1898 394 1947 452 A
1968 395 2337 466 accipiuntur,
2367 398 2461 468 qui
2506 399 2564 452 in
2603 399 2879 454 idolorum
2908 405 3042 455 sunt
3064 417 3254 458 errore
3279 408 3556 475 generati,

287 503 411 540 esse
440 486 755 540 colendum.
787 486 877 539 Sic
898 485 1046 539 enim
1071 485 1356 538 diciturde
1379 486 1506 538 filiis
1524 486 1647 539 Heli
1679 505 1688 538 :
1712 486 1884 539 Porro

286 575 390 628 filii
423 575 546 628 Heli
587 574 687 628 filii
727 574 902 627 Belial
947 591 1056 626 non
1103 573 1508 642 cognoscebant
1554 573 1878 626 Dominum.

285 663 574 733 Principes
620 679 841 733 quoque
887 663 1214 731 dogmatum
1254 679 1643 732 perversorum
1685 663 1760 728 (id
1800 666 1888 714 est

285 751 601 812 haareticos)
653 757 708 804 et
747 747 1014 822 populum
1057 750 1371 820 subjectum
1415 751 1519 803 scit
1553 751 1718 813 Deus,
1755 751 1887 820 quia

285 841 480 893 omnia
509 857 703 894 eorum
746 857 917 909 opera
965 847 1022 893 et
1056 840 1208 908 ipsas
1247 839 1616 909 cogitationes
1643 839 1885 892 occultas

284 929 624 992 considerat,
660 929 909 998 nihilque
939 935 1025 981 est
1052 928 1199 998 apud
1234 928 1357 980 illos
1387 929 1533 996 quod
1563 945 1689 980 eum
1714 927 1887 997 possit

285 1017 485 1072 latere.
521 1019 587 1072 Et
601 1018 734 1088 quia
761 1034 862 1088 per
882 1033 1109 1087 pravam
1141 1032 1337 1069 eorum
1367 1017 1678 1069 doctrinam
1704 1016 1886 1084 subje-

287 1106 366 1158 cti
392 1123 612 1176 quoque
644 1106 894 1176 ipsorum
936 1105 1302 1158 contaminati
1349 1109 1498 1170 sunt,
1530 1121 1641 1158 non
1673 1103 1886 1156 dabunt

286 1211 420 1248 suas
441 1194 807 1264 cogitationes
828 1200 891 1248 ut
914 1194 1298 1263 paenitentiam
1321 1199 1509 1262 agant,
1533 1198 1588 1245 et
1613 1193 1684 1245 ad
1705 1193 1880 1245 Deum

284 1288 659 1346 revertantur,
697 1283 828 1352 quia
856 1282 1060 1353 spiritu
1088 1282 1472 1335 fornicationis
1493 1281 1706 1335 seducti
1728 1286 1879 1344 sunt,

285 1372 384 1441 qui
415 1371 474 1425 in
511 1371 697 1425 medio
726 1372 952 1425 illorum
979 1377 1251 1436 versatur,
1279 1371 1519 1441 ideoque
1561 1371 1738 1423 Deum
1769 1386 1882 1423 non

281 1465 652 1530 cognoscunt.
1305 1447 1308 1449 Δ

367 1574 384 1598 ι
407 1548 480 1602 Et
501 1547 1194 1618 respondebitarrogantia
1213 1547 1388 1601 Israel
1411 1547 1468 1600 in
1491 1547 1687 1600 faciem
1697 1547 1838 1616 ejus.
1857 1567 1880 1596 1

1966 483 2078 538 sive
2109 503 2247 555 quos
2287 503 2385 556 per
2415 486 2599 556 ignem
2643 488 2908 542 ducentes
2946 489 3108 544 idolis
3138 499 3556 550 consecrarunt.

1973 593 1994 624 α
2027 575 2187 628 Hunc
2225 575 2511 629 devorabit
2549 594 2643 630 eos
2683 578 2888 631 mensis
2917 595 3044 632 cum
3075 581 3323 649 partibus
3363 583 3496 640 suis.
3532 605 3554 636 ι

1969 663 2130 727 Quia,
2165 664 2365 732 inquit,
2401 666 2503 717 hoc
2532 665 2797 730 fecerunt,
2833 683 2943 720 non
2983 670 3158 722 multo
3193 677 3317 740 post
3341 677 3562 743 tempo-

1967 768 2047 815 re,
2080 752 2176 804 sed
2207 752 2708 821 impraesentiarum
2731 755 3088 810 advenientes
3117 759 3564 830 hostes,Assyrii

1966 839 2224 892 videlicet
2251 846 2417 909 atque
2448 841 2710 908 Chaldaei,
2735 835 3159 899 et'devorabunt
3177 864 3272 900 eos
3297 865 3424 900 cum
3446 848 3562 901 suis

1967 927 2239 996 partibus,
2283 929 2385 982 hoc
2433 936 2535 992 est,
2579 948 2705 984 cum
2754 933 2869 985 suis
2919 935 3378 1003 possessionibus,
3424 953 3562 1006 quas

1967 1022 2116 1068 sorte
2141 1022 2197 1069 et
2225 1017 2473 1070 funiculo
2498 1027 2850 1088 acceperunt.
2881 1022 3040 1074 Unde
3068 1028 3124 1075 et
3154 1025 3298 1077 LXX
3316 1029 3566 1078 transtu-

1966 1104 2153 1157 lerunt
2185 1121 2195 1155 :
2229 1105 2525 1159 Devorabit
2556 1123 2650 1159 eos
2690 1107 2887 1177 rubigo
2924 1126 3049 1162 cum
3080 1111 3300 1164 hederis
3325 1112 3463 1165 suis.
3494 1113 3563 1166 Et

1967 1198 2052 1244 est
2079 1210 2275 1246 sensus
2307 1212 2318 1245 :
2354 1195 2460 1246 Per
2487 1193 2736 1264 singulos
2767 1212 2985 1249 menses
3017 1198 3193 1250 hostis
3222 1199 3563 1263 adveniet,et

1964 1288 2163 1335 cuncta
2195 1299 2316 1352 quae
2347 1283 2417 1336 ad
2448 1301 2542 1336 eos
2572 1284 2856 1353 pertinent
2885 1285 3140 1352 vastabit,
3155 1287 3415 1358 ipsosque
3430 1303 3563 1358 par-

1947 1370 2072 1422 tim
2093 1371 2408 1436 interﬁciet,
2443 1372 2648 1442 partim
2672 1373 2727 1426 in
2766 1374 3151 1443 captivitatem
3183 1375 3366 1429 ducet.
3399 1375 3562 1439 Quod

1971 1459 2212 1528 qualiter
2240 1459 2447 1513 factum
2479 1461 2572 1524 sit,
2602 1461 2837 1514 historia
2867 1461 2992 1514 libri
3024 1463 3237 1531 Regum
3269 1468 3326 1517 et
3353 1463 3565 1518 Parali-

1967 1563 2245 1617 pomenon
2276 1549 2642 1609 demonstrat,
2676 1567 2797 1619 quae
2827 1551 3087 1604 eumdem
3131 1552 3400 1622 populum
3448 1569 3563 1608 non

283 1637 648 1706 Arrogantia,
681 1637 737 1690 id
758 1643 864 1700 est,
886 1635 1149 1706 superbia
1178 1636 1350 1689 Israel
1371 1635 1494 1697 fuit,
1526 1651 1636 1704 qua
1662 1640 1886 1687 tumens
1905 1701 1946 1710 _
1969 1637 2162 1701 semel,
2195 1653 2296 1690 nec
2316 1636 2420 1702 bis,
2452 1638 2549 1691 sed
2579 1638 2833 1708 pluribus
2861 1639 3070 1693 vicibus
3099 1641 3442 1710 captivatum
3480 1657 3565 1696 re-

281 1701 487 1779 contr‘a
504 1725 702 1791 Deum,
721 1701 999 1778 culturam
1029 1725 1148 1793 ejus
1176 1723 1442 1794 despexit,
1459 1729 1522 1776 ut
1542 1701 1601 1775 in
1620 1721 1886 1776 creatoris
1905 1701 1950 1760 Β
1968 1723 2094 1777 fert.
2132 1725 2238 1778 Sed
2272 1701 2518 1779 haeretici
2555 1701 2914 1795 suspicantur
2943 1728 3090 1796 quod
3120 1701 3184 1781 in.
3202 1727 3565 1784 multitudine

284 1813 560 1884 injuriam
605 1814 760 1867 idola
793 1818 1090 1866 veneratus
1120 1817 1223 1865 est.
1258 1813 1387 1864 Haec
1411 1811 1731 1880 arrogantia
1763 1811 1884 1879 ejus

284 1901 648 1974 respondebit
669 1901 726 1955 in
744 1901 940 1955 faciem
962 1900 1335 1970 ejus,quando
1353 1900 1553 1953 merito
1568 1898 1884 1969 iniquitatis

282 1997 516 2062 prepter
535 1991 812 2044 idolorum
843 1990 1121 2042 culturam
1148 1989 1404 2041 tradetur
1440 1987 1768 2058 captivitati,
1813 2002 1883 2040 ne

282 2079 564 2134 habeatur
590 2079 664 2132 im
675 2078 1027 2148 punitus,sed
1043 2077 1371 2130 humilietur
1395 2076 1464 2129 ab
1486 2076 1741 2130 hostibus
1762 2077 1883 2145 ejus

284 2169 659 2222 contumacia.
700 2188 722 2218 ι
741 2169 808 2221 Et
827 2167 998 2221 Israel
1025 2172 1083 2219 et
1113 2165 1375 2236 Ephraim
1405 2171 1570 2218 ruent
1602 2165 1657 2218 in
1683 2165 1885 2234 iniqui-

284 2262 404 2310 tate
434 2273 556 2321 sua,
594 2276 617 2306 ι
649 2256 754 2309 hoc
783 2261 888 2318 est,
921 2260 978 2308 et
1012 2255 1249 2324 p0pulus
1297 2252 1577 2322 subjectus
1616 2259 1672 2306 et
1700 2269 1877 2322 reges,

285 2345 387 2414 qui
412 2361 508 2399 eos
538 2345 609 2398 ad
636 2344 913 2398 idolorum
934 2343 1213 2396 culturam
1230 2341 1659 2404 inclinaverunt,
1674 2341 1886 2410 pariter

283 2439 556 2487 corruent
597 2439 653 2486 et
687 2430 1144 2496 inﬁrmabuntur,
1186 2436 1249 2484 ut
1295 2431 1390 2500 qui
1427 2429 1596 2482 fortes
1627 2434 1787 2482 erant
1826 2429 1883 2482 in

284 2523 518 2584 scelere,
561 2521 770 2574 infirmi
813 2526 1088 2590 cogantur
1115 2519 1296 2572 redire
1326 2519 1396 2571 ad
1436 2519 1633 2571 Deum.
1673 2537 1694 2565 σ
1739 2518 1883 2570 Ruet

287 2611 462 2664 etiam
492 2611 518 2663 J
526 2610 663 2663 udas
680 2627 804 2662 cum
820 2609 918 2662 eis.
935 2625 961 2660 ι
986 2610 1054 2679 In
1081 2608 1167 2661 his
1188 2607 1370 2660 verbis
1399 2607 1715 2660 ostenditur
1735 2605 1883 2674 quod

287 2704 348 2752 et
391 2697 572 2752 tribus
615 2698 760 2770 Juda
801 2699 919 2768 jam
969 2702 1103 2750 tunc
1136 2697 1351 2750 colebat
1396 2696 1564 2758 idola,
1598 2711 1710 2748 non
1733 2694 1884 2746 enim

285 2787 398 2840 hoc
425 2787 624 2850 solum,
654 2785 1077 2856 inquit,eveniet
1107 2785 1280 2840 Israel
1307 2790 1360 2838 et
1385 2784 1670 2855 Ephraim,
1702 2783 1758 2836 id
1777 2787 1880 2847 est,

286 2875 487 2928 decem
517 2874 772 2929 tribubus
810 2881 866 2928 et
891 2873 1114 2944 regibus
1161 2890 1374 2938 earum,
1419 2879 1484 2927 ut
1518 2872 1799 2926 ducantur
1827 2871 1880 2924 in

288 2964 692 3034 captivitatem,
720 2980 912 3017 verum
941 2963 1109 3016 etiam
1134 2961 1326 3026 Judas,
1357 2962 1412 3014 id
1436 2962 1677 3025 est,du2e
1705 2959 1884 3013 tribus

289 3069 418 3122 qua
463 3052 776 3122 regnabant
817 3053 875 3105 in
903 3051 1276 3114 Hierusalem,
1320 3055 1627 3120 sequentur
1645 3049 1885 3119 captivo-

287 3158 420 3195 rum
447 3141 699 3211 vestigia,
720 3147 783 3195 ut
797 3158 1033 3211 quorum
1062 3141 1268 3194 imitati
1286 3146 1418 3193 sunt
1437 3138 1888 3208 scelera,patian-

1967 1813 2368 1866 sacrificiorum
2391 1830 2622 1866 suorum
2652 1815 2874 1883 placent
2889 1815 3088 1881 Deum,
3104 1822 3161 1869 et
3179 1815 3352 1870 Judas
3379 1817 3456 1884 (id
3477 1823 3564 1873 est

1966 1902 2341 1970 ecclesiastici)
2393 1903 2541 1972 quod
2596 1903 2852 1957 faciendo
2909 1904 3294 1975 eleemosynas
3332 1911 3561 1975 peccata

1965 2005 2067 2041 sua
2094 1988 2457 2051 redimant,in
2480 1988 2682 2058 quibus
2696 1995 3046 2060 permanent,
3066 2007 3193 2044 cum
3208 2008 3374 2045 omne
3393 1992 3565 2046 sacri-

1966 2077 2150 2130 ﬁcium
2172 2077 2593 2147 praeteritamon
2613 2079 2906 2148 praesentia
2920 2079 3132 2132 scelera
3159 2079 3346 2133 delere
3357 2080 3558 2138 soleat.

1967 2166 2035 2218 Et
2062 2165 2256 2234 utique
2283 2166 2424 2218 tales
2453 2167 2628 2220 Deum
2658 2183 2772 2220 non
2793 2167 3104 2230 inveniunt,
3121 2167 3255 2238 quia
3273 2169 3562 2224 auferetur

1967 2259 2024 2306 et
2071 2255 2264 2324 procul
2307 2255 2530 2308 recedet
2579 2255 2648 2308 ab
2699 2256 2800 2309 eis.
2843 2257 3288 2311 Praevaricantur
3343 2263 3555 2324 autem,

1967 2343 2190 2413 quando
2219 2343 2320 2396 Dei
2353 2344 2649 2414 negligunt
2663 2350 2955 2414 praecepta,
2981 2351 3037 2398 et
3057 2346 3269 2399 alienos
3285 2351 3563 2416 generant

1966 2432 2110 2485 ﬁlios
2141 2448 2240 2502 per
2270 2448 2442 2501 opera
2470 2432 2761 2486 diabolica.
2791 2433 3034 2504 Ideoque
3065 2434 3316 2505 quotidie
3345 2441 3403 2489 et
3436 2436 3561 2490 sin-

1962 2521 2200 2590 gulatim
2231 2523 2572 2575 damnantur
2599 2539 2725 2576 cum
2746 2523 2862 2576 suis
2891 2522 3284 2592 partibus,hoc
3309 2530 3413 2590 est,
3433 2541 3562 2578 cum

1966 2610 2130 2662 malis
2155 2627 2276 2680 qua:
2305 2617 2539 2680 egerunt
2569 2611 2830 2681 operibus
2847 2612 2916 2664 ad
2933 2611 3225 2665 interitum
3253 2617 3561 2684 prOperant

1965 2702 2185 2752 aeterna:
2216 2698 2611 2752 damnationis.

2040 2803 2066 2838 ι
2098 2787 2354 2856 Plangite
2383 2787 2614 2841 buccina
2634 2788 2692 2840 in
2722 2786 2934 2856 Gabaa,
2964 2787 3101 2841 tuba
3130 2788 3187 2840 in
3219 2788 3413 2851 Rama,
3439 2788 3564 2843 ulu-

1964 2874 2078 2928 late
2107 2875 2166 2928 in
2197 2877 2498 2930 Bethaven.
2520 2897 2544 2928 »
2577 2875 2818 2929 Buccina
2846 2893 2912 2929 ex
2938 2893 3112 2930 cornu
3138 2876 3560 2933 animantisre-

1965 2979 2132 3017 curvo
2163 2965 2242 3028 fit,
2280 2964 2413 3018 tuba
2444 2969 2632 3018 autem
2672 2981 2736 3017 ex
2773 2981 2883 3018 aere
2913 2965 3002 3018 vel
3047 2970 3280 3036 argento
3331 2966 3390 3018 in
3437 2965 3560 3036 lege

1968 3053 2092 3105 fieri
2117 3053 2456 3123 praecipitur,
2481 3058 2887 3123 concrepatque
2909 3053 2964 3106 in
2995 3053 3154 3106 bellis
3184 3060 3241 3107 et
3267 3053 3326 3107 in
3356 3053 3563 3108 solem-

1969 3141 2259 3194 nitatibus.
2310 3141 2498 3194 Gabaa
2540 3147 2596 3195 et
2641 3141 2825 3196 Rama
2873 3141 3126 3195 civitates
3164 3149 3298 3196 sunt
3326 3142 3384 3196 in
3413 3140 3564 3196 tribu

286 3235 390 3283 tur
414 3235 470 3283 et
489 3247 730 3301 penam.
785 3230 894 3283 Sed
933 3236 990 3283 et
1031 3229 1307 3284 haereticis
1343 3245 1445 3281 sua
1474 3227 1799 3297 arrogantia
1829 3226 1886 3278 in
1972 3229 2269 3298 Benjamin
2299 3229 2405 3283 sibi
2433 3229 2644 3284 vicina).
2671 3230 2799 3283 Haec
2826 3236 2912 3282 est
2940 3229 3133 3284 Gabaa
3175 3231 3234 3283 in
3263 3247 3375 3300 qua
3397 3235 3565 3284 natus

289 3319 495 3373 faciem
523 3319 844 3388 respondet,
878 3319 1100 3388 quando
1126 3334 1226 3389 pro
1257 3317 1519 3387 superbia
1535 3333 1647 3388 qua
1665 3332 1888 3386 semper
1971 3323 2057 3370 est
2085 3318 2239 3372 Saul.
2272 3319 2450 3372 Rama
2471 3324 2660 3372 autem
2684 3319 2804 3388 ipsa
2822 3323 2926 3382 est,
2951 3335 3121 3388 quam
3151 3335 3246 3372 rex
3276 3319 3451 3373 Israel
3469 3335 3566 3374 co-

289 3424 352 3461 se
381 3407 527 3462 scire
557 3407 755 3460 altiora
778 3409 1012 3476 jactant,
1046 3419 1100 3460 et
1148 3406 1403 3476 magistri
1428 3411 1485 3458 et
1513 3405 1769 3475 discipuli
1809 3405 1887 3458 si-
1969 3411 2134 3459 natus
2164 3411 2249 3460 est
2277 3423 2567 3477 occupare,
2591 3406 2734 3460 sicut
2755 3407 2811 3460 in
2833 3407 3049 3476 Regum
3075 3407 3296 3476 legitur,
3326 3413 3391 3461 ut
3408 3407 3567 3462 clau-

286 3496 412 3549 mul
435 3501 715 3549 corruent.
747 3495 920 3548 Judas
949 3511 1188 3565 quoque,
1222 3495 1278 3547 id
1309 3500 1394 3547 est
1415 3494 1496 3546 vir
1515 3493 1888 3547 ecclesiastica
1969 3494 2128 3547 deret
2152 3495 2362 3548 exitum
2394 3501 2450 3548 et
2478 3495 2775 3548 introitum
2801 3495 2970 3548 tribui
2987 3495 3143 3549 Judm
3165 3500 3220 3548 et
3243 3496 3560 3565 Benjamin.

287 3584 548 3637 doctrina
578 3583 888 3648 institutus,
905 3583 1000 3653 qui
1021 3599 1253 3652 corpore
1274 3583 1520 3653 quidem,
1545 3599 1655 3636 non
1675 3588 1882 3646 mente,
1971 3585 2141 3637 Porro
2171 3584 2453 3636 Bethaven
2483 3583 2538 3636 in
2569 3583 2719 3637 tribu
2744 3594 2829 3638 est
2854 3583 3139 3654 Ephraim,
3175 3600 3296 3654 quae
3326 3589 3456 3638 ante
3474 3601 3566 3638 vo-

286 3672 348 3725 in
375 3671 909 3737 Ecclesiamanet,et
927 3670 1181 3725 eamdem
1198 3687 1324 3724 cum
1341 3670 1615 3724 haereticis
1633 3670 1802 3724 habet
1829 3670 1886 3723 in
1968 3676 2088 3724 cata
2123 3677 2208 3725 est
2239 3673 2449 3725 Bethel.
2481 3672 2623 3736 Quia
2654 3689 2786 3742 ergo
2817 3672 3166 3742 praemiserat
3195 3673 3452 3743 superius
3473 3673 3567 3727 de-

287 3775 485 3814 errore
521 3759 832 3822 scientiam,
865 3759 1186 3830 frustraque
1219 3775 1423 3812 nomen
1447 3759 1885 3812 ecclesiasticum

288 3847 741 3918 conﬁtetur,ipse
757 3864 979 3918 quoque
999 3864 1124 3902 cum
1147 3847 1420 3901 haereticis
1432 3847 1748 3917 puniendus
1768 3852 1879 3903 est.

366 3955 391 3986 ι
418 3933 486 3989 In
511 3935 776 4006 gregibus
813 3936 928 3990 suis
953 3941 1010 3990 et
1037 3936 1095 3989 in
1120 3935 1393 3989 armentis
1421 3935 1536 3988 suis
1580 3935 1782 3988 vadent
1818 3934 1888 3986 ad

291 4023 658 4094 quaerendum
681 4024 1068 4088 Dominum,et
1094 4041 1206 4078 non
1226 4023 1528 4077 invenient.
1556 4042 1581 4074 »
1615 4023 1733 4076 Hoc
1769 4028 1888 4075 tam

289 4113 360 4166 de
390 4112 1050 4184 decemtribubus,quam
1072 4119 1129 4167 et
1155 4114 1372 4168 duabus
1403 4112 1577 4182 accipi
1600 4118 1802 4182 potest.
1823 4113 1890 4165 Et

1969 3776 2090 3812 cem
2143 3759 2390 3814 tribuum
2450 3766 2505 3814 et
2559 3761 2800 3815 duarum
2865 3761 3266 3831 captivitatem,
3310 3761 3504 3816 dicens
3543 3779 3562 3817 :

1974 3866 2001 3901 α
2032 3849 2191 3901 Nunc
2219 3847 2506 3902 devorabit
2543 3866 2638 3902 eos
2669 3849 2878 3904 mensis
2915 3867 3040 3903 cum
3081 3849 3335 3920 partibus
3367 3851 3504 3915 suis,
3540 3871 3565 3902 ι

1970 3937 2232 3991 hortatur
2255 3955 2348 3992 eos
2369 3938 2527 4007 quasi
2535 3939 2653 4006 jam
2677 3938 2923 3992 instante
2937 3939 3115 3992 vicina
3132 3939 3474 4009 captivitate,
3503 3946 3571 3996 ut

1970 4033 2236 4080 resonent
2253 4026 2501 4080 buccinis
2523 4031 2579 4079 et
2598 4026 2766 4091 tubis,
2795 4027 3150 4081 cohortantes
3171 4044 3230 4081 se
3250 4028 3490 4082 invicem
3506 4030 3568 4084 in

1970 4131 2327 4168 communem
2356 4115 2590 4168 luctum.
2621 4115 2690 4168 Et
2718 4120 2804 4168 est
2825 4131 3021 4169 sensus
3053 4133 3062 4167 :
3096 4115 3282 4170 Nolite
3321 4122 3568 4173 vestram

291 4217 495 4256 sensus
526 4208 612 4256 est
642 4218 654 4254 :
688 4203 829 4255 Cum
874 4203 1053 4272 pressi
1097 4202 1310 4256 fuerint
1338 4201 1406 4256 ab
1437 4200 1690 4254 hostibus
1713 4199 1954 4294 IsraelD
1973 4203 2352 4273 captivitatem
2383 4203 2581 4256 humili
2610 4219 2741 4257 voce
2771 4204 2995 4270 deflere,
3036 4205 3132 4258 sed
3156 4205 3405 4259 buccinis
3435 4223 3570 4260 con-

293 4296 350 4343 et
377 4290 648 4360 Ephraim
668 4297 724 4344 et
741 4291 936 4360 Judas,
967 4299 1102 4346 tunc
1131 4309 1255 4346 sera
1274 4290 1604 4362 paenitentia
1624 4289 1776 4343 ducti
1805 4307 1890 4342 va-

291 4378 431 4432 dent
472 4379 545 4432 ad
597 4381 960 4450 quaerendum
999 4381 1302 4434 Dominum
1334 4379 1392 4432 in
1417 4379 1534 4432 suis
1565 4377 1890 4431 muneribus

289 4468 622 4538 gestientes,
665 4486 794 4523 cum
847 4469 1222 4523 oblationibus
1260 4469 1503 4539 placare,
1538 4483 1703 4536 quem
1735 4466 1890 4536 prius

244 4596 247 4598 -
291 4557 647 4611 offenderant
691 4558 1259 4629 praevaricationibus.
1308 4557 1416 4611 Sed
1458 4572 1570 4610 non
1608 4555 1892 4608 invenient

292 4661 447 4710 eum,
479 4647 633 4716 quia,
675 4647 1065 4701 recedentibus
1113 4647 1223 4700 illis
1261 4664 1296 4700 a
1331 4645 1728 4709 cultudivino,
1771 4645 1890 4714 ipse

291 4754 518 4808 quoque
546 4737 617 4791 ab
638 4738 718 4792 eis
749 4738 995 4792 recessit.
1029 4737 1188 4792 Unde
1218 4743 1276 4791 et
1304 4736 1581 4800 subditur,
1610 4754 1635 4787 α
1669 4734 1891 4788 ablatus

291 4831 379 4879 est
403 4825 473 4879 ab
503 4826 601 4880 eis.
633 4845 656 4877 υ
690 4827 816 4880 Non
845 4843 976 4897 ergo
1008 4831 1340 4897 przesentem
1363 4841 1492 4878 eum
1526 4823 1772 4878 sentient
1793 4823 1893 4876 ad-

284 4913 557 4983 jutorem,
589 4931 692 4968 nec
719 4915 837 4968 suis
863 4931 990 4969 eum
1015 4920 1281 4986 poterunt
1302 4915 1522 4985 placare
1548 4913 1890 4979 muneribus,

295 5003 610 5072 praesertim
639 5020 766 5058 cum
797 5004 1097 5058 Psalmista
1124 5004 1274 5058 dicat
1307 5021 1318 5054 :
1344 5005 1467 5056 Non
1487 5002 1787 5072 suscipiam
1825 5001 1894 5055 de

296 5090 467 5144 domo
495 5097 594 5145 tua
622 5092 858 5160 vitulos;
882 5096 938 5146 et
968 5111 980 5146 :
1015 5091 1284 5163 Nunquid
1320 5090 1670 5145 manducabo
1699 5106 1896 5144 carnes

294 5183 612 5246 taurorum,
645 5187 748 5235 etc.

373 5285 400 5318 a
433 5267 502 5322 In
550 5269 788 5322 Domino
829 5269 1173 5339 praevaricati
1213 5274 1362 5335 sunt,
1401 5287 1422 5319 ι
1471 5273 1608 5321 tunc
1663 5267 1892 5331 scilicet,

296 5356 524 5426 quando
567 5373 670 5427 pro
709 5357 823 5411 Deo
859 5357 1009 5411 idola
1054 5357 1304 5412 venerati
1336 5362 1486 5421 sunt,
1523 5373 1549 5408 α
1586 5355 1716 5426 quia
1754 5355 1898 5410 filios

295 5443 513 5498 alienos
541 5450 882 5514 genuerunt,
907 5465 932 5498 »
956 5447 1061 5500 hoc
1091 5451 1196 5509 est,
1225 5445 1409 5515 juncti
1434 5445 1618 5510 idolis,
1638 5461 1746 5498 non
1760 5444 1893 5509 Deo,

293 5531 396 5586 sed
425 5531 776 5588 demonibus
805 5533 950 5588 filios
977 5539 1316 5605 genuerunt.
1344 5533 1528 5588 Alieni
1557 5531 1762 5604 quippe
1796 5531 1898 5586 filii

546 5630 820 5696 ΡΑτιιοι..
855 5632 1070 5696 CXVII
1085 5677 1102 5697 .

1973 4298 2196 4363 crepate
2226 4298 2282 4346 et
2313 4292 2482 4354 tubis,
2528 4297 2591 4345 ut
2620 4309 2815 4347 omnes
2845 4293 3078 4347 audiant
3107 4294 3202 4364 qui
3243 4294 3302 4347 in
3330 4294 3570 4350 circuitu

1972 4387 2120 4434 sunt.
2151 4381 2253 4434 Cui
2283 4381 2474 4434 sensui
2497 4381 2634 4434 bene
2655 4381 2934 4451 congruit,
2970 4383 3117 4452 quod
3145 4382 3355 4447 Gabaa,
3390 4383 3569 4450 collis,

1973 4470 2149 4522 Rama
2165 4471 2380 4522 excelsa
2403 4470 3046 4539 interpretatur.Dicitur
3062 4489 3194 4542 ergo
3217 4472 3295 4525 eis
3321 4489 3331 4524 :
3363 4493 3384 4521 ι
3409 4473 3572 4526 Plan-

1970 4558 2086 4627 gite
2107 4557 2339 4611 buccina
2362 4558 2419 4610 in
2442 4557 2653 4622 Gabaa,
2678 4558 2812 4612 tuba
2833 4559 2888 4612 in
2914 4560 3109 4624 Rama,
3133 4581 3155 4611 ι
3188 4561 3244 4614 id
3263 4567 3350 4615 est
3373 4577 3570 4616 ascen-

1973 4645 2088 4699 dite
2119 4646 2177 4699 in
2203 4652 2422 4699 montes
2447 4652 2504 4700 et
2533 4647 2722 4709 colles,
2740 4647 2997 4717 celsaque
3019 4663 3151 4701 voce
3170 4649 3371 4703 deﬂete
3388 4650 3572 4703 immi-

1975 4740 2202 4788 nentem
2220 4734 2374 4788 vobis
2394 4735 2791 4805 captivitatem.
2818 4755 2842 4784 «
2863 4736 3087 4790 Ululate
3110 4738 3276 4790 etiam
3291 4737 3350 4790 in
3371 4738 3574 4791 Betha-

1977 4839 2101 4887 ven,
2136 4842 2160 4874 »
2195 4821 2288 4876 ubi
2330 4828 2415 4876 est
2447 4839 2590 4877 unus
2629 4840 2693 4876 ex
2723 4823 2911 4877 vitulis
2943 4825 3151 4884 aureis,
3197 4842 3298 4896 pro
3331 4843 3572 4896 quorum

1976 4912 2335 4966 veneratione
2392 4912 2557 4964 modo
2611 4912 2813 4981 captivi
2869 4913 3166 4967 tradentur
3226 4914 3574 4970 habitatores

1979 5001 2116 5069 ejus.
2142 5001 2210 5053 Et
2239 4999 2466 5070 pulchre
2498 4999 2742 5062 additur,
2773 5018 2800 5048 ι(
2827 5005 2953 5070 post
2978 5007 3200 5071 tergum
3228 5007 3391 5057 tuum
3419 5003 3573 5058 Ben-

1971 5088 2174 5158 jamin.
2209 5108 2234 5139 »
2289 5087 2394 5142 Ubi
2447 5088 2596 5141 enim
2643 5087 2825 5142 tribus
2864 5089 3059 5142 finitur
3103 5090 3420 5161 Benjamin,
3458 5108 3573 5147 non

1979 5177 2171 5247 procul
2200 5184 2286 5230 est
2314 5177 2429 5229 haec
2457 5176 2649 5229 civitas
2683 5176 2904 5230 condita
2936 5177 2993 5230 in
3018 5177 3170 5231 tribu
3195 5179 3481 5249 Ephraim,
3514 5180 3576 5236 in

1978 5265 2286 5336 posteriore
2305 5265 2514 5317 scilicet
2543 5271 2700 5334 parte
2730 5265 2904 5334 ipsius
2935 5266 3246 5336 Benjamin.

2055 5375 2077 5405 ε
2118 5353 2380 5424 Ephraim
2412 5353 2468 5406 in
2491 5353 2891 5406 desolationem
2935 5354 3042 5407 erit
3070 5355 3127 5408 in
3157 5355 3246 5409 die
3275 5357 3574 5412 correctio-

1978 5443 2120 5496 nis.»
2161 5440 2221 5494 ln
2253 5442 2356 5494 hoc
2384 5441 2503 5494 loco
2555 5440 2820 5512 Ephraim
2872 5443 3100 5496 nomine
3147 5447 3262 5496 tam
3307 5461 3467 5514 reges
3504 5445 3574 5498 de

1982 5532 2156 5602 stirpe
2177 5531 2298 5600 ejus
2318 5529 2701 5600 procedentes,
2725 5546 2892 5601 quam
2910 5536 2967 5585 et
2983 5531 3103 5602 ipse
3115 5531 3308 5586 decem
3325 5531 3576 5586 tribuum

3291 5625 3327 5688 2
