4062 6168
234 280 290 337 45

1212 277 1627 333 ENARRATIO
1665 277 1743 332 IN
1782 274 1966 330 OSEE
2003 276 2445 332 PROPHETAM

3315 272 3464 355 .46

234 399 410 471 quippe
437 398 673 452 celerius
702 396 979 451 consumit
1020 397 1434 462 vestimentum,
1470 416 1639 470 quam
1690 416 1793 470 pu-
1814 398 2139 458 Asimiliter
2166 400 2370 454 dicitur
2400 407 2463 454 ut
2488 400 2833 465 Latine.Qua
2857 401 3035 457 bestia
3065 408 3149 471 (ut
3177 406 3313 461 dicit
3334 408 3468 464 bea-

234 489 369 542 tredo
392 488 474 540 vel
503 487 684 540 caries
709 486 946 556 lignum.
977 487 1057 540 Ac
1072 502 1175 556 per
1192 486 1294 540 hoc
1315 486 1796 558 ostenditurprius

231 578 407 630 factam
434 576 630 629 decem
672 575 922 628 tribuum
981 575 1380 645 captivitatem,
1413 576 1612 630 deinde
1655 577 1795 630 dua-

233 683 365 719 rum:
401 664 666 735 quoniam
695 664 789 734 qui
816 663 1028 733 priores
1060 681 1281 734 quoque
1310 665 1425 718 dati
1454 673 1587 719 sunt
1614 665 1672 718 in
1702 683 1794 719 ca-

229 754 539 825 ptivitatem,
574 752 973 806 advertendum
1012 753 1202 817 etiam,
1237 753 1383 823 quod
1431 770 1556 807 cum
1615 759 1795 807 totum

230 842 469 913 Ephraim
496 858 557 895 se
577 847 846 911 tanquam
867 838 1020 895 tinea
1041 847 1507 912 consumpturum
1528 847 1799 912 protesta-

230 937 324 995 tur,
353 930 417 983 de
437 929 586 983 tribu
607 922 758 982 Juda
785 928 1019 998 loquens
1046 929 1155 982 ait:
1196 948 1217 979 ι
1255 928 1322 983 Et
1348 945 1451 998 ego
1497 930 1657 1000 quasi
1695 947 1801 1001 pu-

229 1019 367 1072 tredo
389 1017 579 1071 domui
603 1017 765 1070 Juda.
793 1034 818 1068 ι
848 1016 914 1069 In
944 1016 1149 1086 quibus
1189 1018 1371 1071 verbis
1395 1018 1639 1071 ostendit
1666 1034 1797 1088 par-

226 1113 325 1161 tem
352 1106 651 1177 quamdam
681 1120 740 1159 se
768 1110 1119 1159 servaturum
1138 1123 1202 1159 ex
1221 1105 1319 1165 eis,
1353 1122 1477 1176 quae
1504 1112 1695 1177 postea
1716 1123 1799 1161 re-

226 1212 365 1250 versa
399 1201 504 1258 est,
536 1211 601 1248 ex
637 1209 747 1264 qua
778 1195 1035 1247 Christus
1064 1194 1339 1264 originem
1367 1195 1547 1259 duxit,
1576 1196 1665 1249 cui
1708 1212 1797 1249 re-

228 1285 500 1356 promissio
530 1269 773 1354 reposita
793 1289 896 1348 est,
929 1283 1148 1336 dicente
1169 1282 1374 1336 Jacob:
1413 1304 1437 1332 ι
1465 1284 1533 1337 Et
1561 1285 1680 1354 ipse
1693 1284 1801 1338 erit

227 1372 543 1444 exspectatio
573 1372 848 1443 gentium.
882 1390 910 1424 ν
944 1372 1163 1425 Punitis
1184 1376 1373 1425 autem
1403 1373 1799 1444 haereticis,qui

228 1462 601 1532 intelliguntur
630 1462 858 1515 nomine
886 1461 1172 1531 Ephraim,
1196 1461 1368 1514 etiam
1394 1461 1806 1525 Judas,scilicet

227 1551 275 1605 hi
301 1550 385 1621 qui
425 1551 486 1603 in
518 1550 765 1603 Ecclesia
795 1554 1146 1620 permanent,
1178 1554 1235 1602 et
1280 1546 1672 1603 haereticorum
1719 1551 1804 1604 vel

227 1639 355 1693 vitiis
379 1639 463 1692 vel
495 1638 782 1692 erroribus
793 1639 1168 1701 continentur,
1188 1637 1357 1691 simili
1374 1639 1662 1693 sententias
1679 1638 1806 1692 sub.

224 1727 491 1797 jacebunt,
526 1726 661 1796 quia
681 1743 905 1781 necesse
935 1732 1076 1791 erat,
1095 1731 1157 1779 ut
1184 1726 1279 1797 qui
1299 1727 1807 1782 eorumimitantur

229 1821 383 1879 actus,
410 1831 611 1897 parem
632 1831 759 1868 cum
787 1815 867 1868 eis
897 1830 1119 1886 pinnam
1148 1815 1479 1869 sustineant.

294 1925 313 1953 ι
342 1904 404 1958 Et
421 1904 571 1957 vidit
600 1904 865 1975 Ephraim
924 1904 1256 1973 languorem
1315 1920 1501 1968 suum,
1543 1908 1597 1957 et
1635 1903 1807 1957 Judas

232 1993 492 2047 vinculum
528 2010 715 2058 suum,
747 2000 803 2046 et
824 1992 962 2046 abiit
978 1992 1243 2062 Ephraim
1275 1992 1343 2045 ad
1378 1992 1643 2055 Assur,et
1658 1992 1811 2045 misit

232 2081 292 2134 ad
314 2098 501 2151 regem
534 2082 795 2135 ultorem.
822 2101 843 2131 ι
878 2081 1202 2150 lntelligens
1239 2080 1502 2150 Ephraim
1520 2080 1596 2147 (id
1617 2085 1703 2134 est
1721 2080 1811 2134 de-

231 2187 333 2224 cem
359 2170 615 2224 tribuum
642 2174 825 2241 reges)
853 2186 1017 2223 suum
1047 2169 1396 2238 languorem,
1432 2170 1489 2222 id
1537 2175 1622 2223 est
1650 2185 1811 2222 suam

230 2260 623 2324 inﬁrmitatem,
655 2267 708 2312 et
738 2260 764 2312 J
773 2259 911 2312 udas
938 2258 1219 2312 vinculum
1252 2275 1437 2323 suum,
1471 2258 1573 2311 hoc
1596 2262 1698 2319 est,
1725 2275 1813 2311 co—

230 2361 490 2418 gnoscens
521 2349 627 2402 sibi
668 2348 792 2401 ideo
823 2347 1119 2400 imminere
1138 2346 1536 2417 captivitatem,
1562 2348 1693 2416 quia
1720 2363 1812 2399 so-

234 2439 392 2492 ciatus
419 2444 550 2493 erat
579 2439 771 2491 decem
802 2436 1059 2490 tribubus
1089 2435 1144 2488 in
1167 2442 1414 2506 peccato,
1446 2435 1678 2488 misitad
1706 2436 1812 2489 As-

231 2543 333 2587 sur,
360 2529 496 2598 quia
515 2542 630 2580 non
646 2543 679 2579 a
697 2526 832 2591 Deo,
858 2525 952 2595 qui
976 2530 1032 2578 et
1050 2530 1333 2595 peccatum
1356 2529 1412 2576 et
1430 2524 1813 2594 captivitatem

232 2616 423 2669 solvere
450 2622 699 2690 poterat,
733 2615 831 2668 sed
887 2631 920 2667 a
958 2629 1091 2683 rege
1143 2612 1507 2683 Assyriorum
1560 2612 1814 2682 quaesivit

230 2704 502 2759 auxilium.
534 2704 807 2774 Legimus
828 2703 887 2756 in
917 2702 1059 2756 libro
1090 2702 1308 2772 Regum
1339 2701 1487 2771 quod
1519 2700 1623 2755 sub
1679 2718 1811 2772 rege

228 2792 529 2857 Manahem,
564 2792 663 2862 qui
695 2792 885 2845 decem
911 2790 1170 2844 tribubus
1204 2790 1447 2861 praefuit,
1477 2788 1654 2843 Israel
1700 2792 1806 2843 As-

226 2881 378 2951 syriis
405 2881 557 2935 dona
590 2866 1012 2942 transmisisset,
1046 2885 1109 2933 ut
1136 2894 1264 2932 eum
1282 2896 1316 2931 a
1336 2877 1694 2931 Damascenis
1716 2879 1812 2932 ho-

1874 495 1967 542 tus
1999 489 2395 559 Hieronymus)
2419 489 2559 542 nihil
2580 496 2665 543 est
2684 490 3197 564 velocius,ideoque
3213 496 3341 565 jure
3360 496 3466 565 Do-

1876 578 2063 631 minus
2091 578 2384 631 adversum
2408 578 2670 647 Ephraim
2706 578 2779 643 (id
2808 586 2910 645 est,
2938 588 3133 636 contra
3159 582 3350 639 decem
3370 586 3469 641 tri-

1877 665 1999 731 bus)
2031 665 2285 735 loquens,
2314 666 2449 719 dicit
2477 683 2536 720 se
2561 666 2681 719 ﬁeri
2704 673 2769 720 ut
2794 670 3086 737 panthera,
3124 677 3355 743 propter
3379 691 3471 731 ve-

1879 754 2056 807 locem
2105 754 2358 808 videlicet
2402 755 2803 825 captivitatem,
2845 758 3108 827 quoniam
3151 778 3265 815 non
3303 764 3471 836 longo

1879 846 2008 911 post
2033 847 2284 911 tempore
2324 859 2424 912 per
2446 843 2705 914 Assyrios
2745 844 2926 898 factus
2953 850 3037 899 est
3063 863 3260 903 eorum
3289 851 3469 906 inter-

1880 930 2227 983 itus.Contra
2245 930 2448 983 Judam
2470 937 2659 984 autem
2688 932 2859 986 veluti
2882 933 3098 989 leonem
3118 936 3372 993 futurum
3384 938 3472 995 di-

1878 1020 1970 1084 cit,
2004 1018 2098 1089 qui
2117 1017 2454 1071 fortissimus
2469 1018 2775 1073 bestiarum
2803 1026 2917 1088 est;
2943 1039 3043 1092 per
3058 1027 3206 1095 quod
3229 1030 3473 1095 ostendi-

1879 1113 1974 1160 tur
2000 1106 2293 1176 captivitas
2323 1121 2517 1159 eorum
2540 1107 2829 1179 aliquanto
2845 1116 2971 1179 post
2983 1116 3235 1184 tempore
3253 1116 3465 1185 futura,

1880 1212 1977 1266 per
2008 1210 2244 1264 regnum
2273 1194 2661 1249 Chaldaeorum
2714 1191 3122 1254 fortissimumi
3183 1208 3476 1274 comparat

1881 1284 2030 1336 enim
2058 1298 2117 1336 se
2137 1283 2408 1337 Dominus
2435 1282 2629 1337 bestiis
2658 1284 2714 1337 in
2742 1300 2938 1338 eorum
2965 1286 3478 1358 damnationem,ut

1883 1371 2153 1442 quidquid
2184 1372 2381 1425 saevius
2414 1377 2518 1437 est,
2559 1380 2897 1443 cognoscant
2944 1375 3003 1428 in
3059 1376 3179 1445 ejus
3222 1379 3481 1451 indigna-

1884 1461 2056 1515 tione.
2085 1480 2109 1510 ‹‹
2140 1460 2252 1531 Ego
2277 1460 2492 1531 capiam
2522 1467 2583 1515 et
2600 1462 2797 1515 vadam
2825 1468 2882 1515 et
2908 1463 3122 1521 tollam.
3153 1470 3209 1519 et
3229 1483 3342 1521 non
3371 1466 3485 1537 erit

1886 1549 1982 1620 qui
2006 1555 2183 1603 eruat.
2204 1568 2231 1602 ο
2273 1549 2414 1619 Quia
2436 1550 2654 1603 dixerat
2682 1566 2742 1604 se
2762 1550 3020 1621 superius
3039 1553 3293 1609 futurum
3311 1552 3485 1614 veluti

1891 1638 2222 1709 pantheram
2249 1637 2335 1690 vel
2367 1639 2606 1700 leonem,
2640 1644 2825 1692 servat
2850 1642 3240 1711 metaphoram
3260 1640 3319 1699 in
3348 1646 3486 1701 reli-

1888 1725 2032 1797 quis,
2061 1726 2295 1780 dicendo
2323 1743 2333 1777 :
2362 1744 2387 1777 ‹‹
2420 1727 2535 1796 Ego
2559 1725 2798 1796 capiam,
2823 1748 2849 1779 ι)
2882 1729 3151 1785 subaudis
3191 1748 3294 1803 per
3329 1748 3487 1803 meos

1888 1815 2191 1877 ministros,
2226 1830 2407 1884 neque
2435 1815 2493 1867 in
2522 1815 2637 1867 suis
2669 1814 2879 1869 viribus
2908 1825 3177 1887 ceperunt
3206 1836 3301 1875 eos
3321 1819 3488 1878 Chal-

1889 1904 1993 1957 daei
2020 1904 2103 1956 vel
2132 1903 2369 1973 Assyrii,
2399 1903 2496 1955 sed
2528 1904 2675 1956 Deus
2704 1905 3057 1974 omnipotens
3106 1915 3335 1979 propter
3371 1911 3485 1966 ini-

1893 1994 2137 2065 quitates
2157 2010 2350 2047 eorum
2377 1993 2815 2063 comprehendet
2842 1995 2987 2049 illos.
3021 1996 3180 2052 Unde
3232 2014 3335 2054 nec
3368 2001 3481 2073 ipsi

1895 2083 2064 2136 etiam
2097 2083 2287 2135 hostes
2318 2097 2548 2152 parcere
2573 2083 2654 2135 eis
2685 2082 2831 2136 irato
2878 2084 3117 2139 Domino
3154 2094 3481 2157 potuerunt.

1894 2171 2031 2242 Ego.
2063 2169 2539 2242 inquit,‘capiam,
2573 2169 2628 2223 id
2651 2177 2754 2237 est,
2788 2174 3185 2242 comprehendi
3215 2176 3285 2230 ab
3314 2179 3487 2235 hosti-

1898 2259 1997 2313 bus
2026 2258 2245 2323 faciam,
2282 2263 2338 2312 et
2363 2259 2561 2312 vadam
2592 2276 2719 2313 cum
2756 2260 2855 2325 eis,
2888 2267 2952 2314 ut
2981 2262 3152 2316 etiam
3182 2263 3240 2318 in
3265 2264 3492 2337 captivi-

1893 2353 2009 2401 tate
2047 2348 2232 2418 positi,
2264 2347 2617 2417 praesentiam
2645 2364 2781 2402 mea:
2799 2346 3053 2404 vindicta:
3073 2352 3493 2412 sustineantcui

1894 2441 2281 2509 peccaverunt,
2315 2441 2370 2489 et
2399 2436 2594 2490 tollam
2621 2453 2714 2490 eos
2758 2436 2827 2491 de
2865 2439 3091 2509 proprio
3111 2440 3249 2511 solo,
3278 2450 3335 2498 et
3376 2460 3491 2502 non

1895 2532 1981 2579 est
2010 2524 2105 2594 qui
2133 2530 2313 2589 eruat,
2347 2525 2451 2578 hoc
2477 2529 2579 2585 est,
2610 2525 2705 2595 qui
2734 2542 2769 2578 a
2798 2541 2924 2580 mea
2961 2534 3235 2598 potestate
3264 2533 3487 2604 eripiat.

1894 2615 2071 2667 Nemo
2110 2612 2260 2666 enim
2288 2611 2356 2665 de
2386 2630 2557 2666 manu
2587 2613 2686 2667 Dei
2718 2631 3057 2685 quemquam
3088 2619 3305 2690 eripere
3347 2623 3495 2691 valet

1894 2702 2003 2755 nisi
2031 2701 2150 2772 ipse
2180 2701 2275 2771 qui
2294 2706 2522 2754 tenetur
2544 2703 2774 2772 propria
2802 2703 3088 2758 voluntate
3109 2706 3361 2765 excidere
3389 2726 3490 2766 vo-

1894 2791 2081 2855 luerit,
2115 2791 2257 2844 sicut
2284 2789 2414 2843 fecit
2447 2786 2620 2843 Judas
2650 2791 2919 2860 proditor.

1968 2900 1993 2930 ¢
2026 2876 2245 2933 Vadens
2275 2883 2524 2931 revertar
2548 2879 2617 2932 ad
2646 2879 2829 2933 locum
2890 2897 3102 2951 meum,
3131 2884 3307 2940 donec
3349 2887 3490 2943 deﬂ-

225 2969 389 3023 stibus
415 2970 704 3023 liberaret.
738 2966 913 3023 Judas
944 2984 1165 3039 quoque
1180 2967 1284 3021 sub
1304 2980 1434 3037 rege
1454 2967 1636 3020 Achaz
1659 2966 1872 3055 misitC
1895 2968 2056 3022 ciatis
2082 2973 2139 3021 et
2189 2967 2455 3038 quaeratis
2504 2967 2703 3021 faciem
2762 2985 2967 3023 meam.
3026 2990 3047 3021 ι
3107 2973 3316 3037 Locum
3363 2972 3484 3045 Dei,

224 3073 443 3112 munera
460 3056 1331 3128 Teglatphalassar,utliberaret
1350 3072 1478 3110 eum
1499 3056 1568 3109 de
1588 3072 1813 3125 oppres-

224 3146 367 3200 sione
394 3148 627 3200 Phaceze
658 3146 807 3216 regis
836 3144 1111 3202 Damasci.
1138 3145 1247 3199 Sed
1272 3145 1407 3198 licet
1423 3160 1517 3198 eos
1545 3150 1678 3197 tunc
1698 3144 1810 3197 sal-

227 3236 457 3290 vaverint
482 3236 558 3290 de
590 3251 766 3289 manu
807 3233 1077 3298 hostium,
1108 3233 1215 3305 ipsi
1262 3240 1458 3305 postea
1487 3250 1581 3287 eos
1614 3232 1813 3287 debel-

224 3323 482 3391 laverunt,
527 3330 589 3378 et
615 3324 748 3377 facti
777 3329 911 3377 sunt
939 3324 1151 3377 ultores
1201 3320 1535 3391 injuriarum
1564 3320 1686 3385 Dei,
1717 3322 1813 3392 qui

223 3412 365 3480 prius
390 3412 620 3467 ﬁxerant
644 3411 994 3465 liberatores.
1024 3410 1201 3464 Unde'
1224 3410 1315 3463 hic
1343 3406 1634 3463 subditur:
1668 3427 1692 3459 (ι
1748 3410 1814 3464 Et

224 3499 330 3570 ipse
355 3518 465 3555 non
495 3501 713 3572 poterit
732 3515 933 3553 sanare
952 3514 1068 3563 vos,
1103 3514 1204 3553 nec
1233 3500 1446 3551 solvere
1466 3514 1501 3551 a
1522 3497 1674 3551 vobis
1695 3497 1813 3552 vin-

225 3586 417 3644 culum.
444 3609 470 3641 :
515 3589 666 3652 Quia
685 3586 943 3641 videlicet
980 3587 1096 3641 Deo
1126 3587 1478 3651 adversante,
1529 3603 1631 3640 nec
1665 3603 1697 3640 a
1729 3603 1813 3641 se-

224 3677 345 3747 ipsis
368 3678 621 3732 liberare
642 3693 738 3730 eos
768 3680 1072 3747 potuerunt
1117 3676 1351 3747 Assyrii,
1376 3692 1483 3729 nec
1532 3676 1813 3729 vinculum

224 3765 553 3835 captivitatis
580 3765 814 3819 solvere.
838 3766 1006 3819 Juxta
1024 3765 1396 3835 tr0pologiam
1443 3764 1708 3834 Ephraim
1758 3770 1815 3818 et

221 3854 407 3907 Iudam
439 3870 747 3925 possumus
770 3852 977 3906 referre
998 3853 1065 3906 ad
1080 3853 1367 3907 haereticos
1398 3858 1454 3906 et
1482 3853 1813 3906 ecclesiasti-

223 3957 301 3995 cos
319 3943 483 4008 viros,
518 3942 771 4013 quicum
804 3957 968 3995 suum
997 3941 1554 4001 Viderintvinculum,
1583 3942 1685 3994 hoc
1701 3946 1806 4007 est,

220 4044 334 4086 cum
361 4050 425 4087 se
461 4032 713 4085 viderint
742 4030 983 4101 peccatis
1013 4030 1296 4091 obnoxios,
1333 4030 1402 4083 de
1433 4028 1634 4100 quibus
1667 4030 1807 4083 scri—

220 4124 361 4188 ptum
387 4126 478 4175 est
510 4139 523 4176 :
572 4118 824 4174 Funibus
872 4124 1227 4190 peccatorum
1270 4118 1655 4189 unusquisque
1685 4134 1809 4172 con-

217 4210 523 4281 stringitur,
548 4225 663 4263 non
684 4208 783 4262 Dei
815 4214 1089 4278 quaerunt,
1122 4208 1221 4261 sed
1265 4206 1472 4261 diaboli
1516 4206 1806 4273 auxilium,

1894 3056 2369 3127 magniﬁcentiam
2394 3060 2450 3109 et
2487 3058 2841 3126 majestatem
2872 3060 2991 3129 ejus
3032 3061 3303 3117 debemus
3342 3066 3492 3120 acci-

1893 3161 2043 3214 pere.
2073 3144 2187 3198 sive
2206 3150 2270 3198 ut
2298 3145 2414 3199 haec
2438 3143 2605 3198 verba
2621 3145 2938 3216 specialiter
2968 3150 3040 3203 ad
3060 3150 3266 3206 Filium
3278 3150 3379 3207 Dei
3400 3168 3492 3209 re-

1893 3234 2159 3299 feramus,
2185 3250 2286 3304 per
2340 3249 2506 3304 quem
2546 3234 2727 3288 omnis
2781 3236 3122 3307 dispensatio
3182 3242 3490 3313 prophetiae

1896 3320 2101 3390 agitur,
2142 3322 2296 3375 locus
2321 3323 2440 3390 ejus
2470 3326 2557 3375 est
2587 3321 2736 3376 Deus
2763 3323 2947 3390 Pater,
2974 3327 3137 3395 juxta
3174 3328 3322 3400 quod
3368 3331 3491 3404 ipse

1895 3407 1977 3461 ait
2009 3426 2019 3461 :
2051 3429 2072 3459 ι
2108 3408 2220 3478 Ego
2250 3407 2309 3461 in
2336 3406 2521 3473 Patre,
2545 3413 2599 3461 et
2631 3408 2798 3463 Pater
2822 3410 2880 3464 in
2911 3429 3000 3466 me
3028 3419 3131 3471 est.
3163 3404 3243 3470 »‘«
3266 3416 3491 3485 vadens

1892 3496 2350 3567 inquit,revertar
2379 3497 2449 3549 ad
2480 3498 2662 3552 locum
2698 3514 2906 3563 meum,
2929 3522 2949 3551 υ
2972 3500 3076 3556 hoc
3104 3510 3207 3572 est,
3239 3522 3366 3562 cum
3378 3514 3493 3565 tra-

1891 3584 1993 3638 diti
2022 3584 2240 3639 fueritis
2268 3585 2540 3647 hostibus,
2574 3602 2803 3641 securus
2834 3589 3088 3646 residebo
3117 3589 3175 3647 in
3214 3611 3338 3650 mea
3366 3612 3508 3653 ma-~

1894 3674 2116 3742 jestate,
2137 3674 2223 3727 vel
2254 3675 2423 3728 etiam
2456 3675 2514 3728 in
2538 3674 2723 3743 Patre,
2756 3693 2859 3731 nec
2879 3678 3215 3735 descendam
3255 3684 3327 3738 ad
3367 3702 3487 3758 vos,

1896 3768 1959 3815 ut
1981 3763 2167 3833 patiar
2196 3763 2473 3817 humanos
2503 3763 2753 3831 affectus,
2788 3782 2899 3836 quo
2920 3768 3132 3823 scilicet
3155 3772 3369 3829 irascar
3393 3792 3487 3833 vo-

1893 3849 1978 3903 bis
2004 3859 2098 3905 aut
2132 3852 2302 3905 etiam
2333 3852 2605 3905 miserear
2629 3853 2834 3908 oblitus
2853 3858 3130 3913 malorum
3148 3867 3482 3933 vestrorum;

1890 3940 1986 3993 sed
2018 3940 2340 4010 permittam
2368 3957 2463 3992 vos
2496 3956 2633 4010 quos
2660 3947 2826 3995 antea
2850 3934 3485 4016 protegebam’hostibus

1889 4028 2198 4098 subjacere,
2232 4029 2561 4098 nullumque
2599 4029 2866 4083 auxilium
2900 4032 3279 4091 miserationis
3306 4036 3484 4110 porri-

1889 4133 2039 4186 gam,
2073 4118 2250 4170 donec
2276 4116 2568 4183 deﬁciatis,
2603 4122 2658 4170 et
2673 4118 2941 4174 servitute
2961 4136 3193 4194 cogente
3215 4130 3481 4198 quaarati‘s

1890 4206 2091 4259 faciem
2104 4221 2284 4259 meam
2295 4250 2307 4271 ,
2320 4205 2708 4275 paenitentiam
2729 4213 2978 4277 agentes.
3004 4212 3292 4271 Haereticis
3311 4219 3485 4277 etiam

219 4298 301 4366 qui
326 4296 483 4353 ultor
511 4303 606 4352 est
632 4303 989 4379 peccatorum
1009 4297 1283 4361 omnium,
1312 4296 1380 4349 de
1403 4312 1513 4367 quo
1537 4296 1806 4366 scriptum
1827 4302 1950 4393 Det
1978 4294 2107 4349 viris
2136 4295 2521 4349 ecclesiasticis
2552 4297 2909 4366 peccantibus
2938 4300 3085 4356 Deus
3130 4307 3485 4379 omnipotens

217 4392 313 4440 est:
338 4387 414 4443 Ut
439 4387 713 4441 destruas
731 4386 1021 4439 inimicum
1052 4390 1109 4440 et
1145 4386 1401 4439 ultorem.
1441 4384 1511 4438 Et
1539 4383 1672 4457 quia
1696 4400 1808 4439 non

216 4490 393 4529 verum
421 4474 823 4530 auxiliatorem
850 4480 903 4528 et
922 4474 1169 4544 judicem
1202 4474 1808 4545 deprecantur,idcirco

214 4578 542 4633 permanere
574 4568 856 4634 coguntur
877 4563 935 4616 in
966 4563 1252 4617 doloribus
1287 4562 1423 4628 suis,
1456 4568 1514 4616 et
1544 4563 1603 4617 in
1642 4563 1808 4616 variis

212 4652 541 4709 delictorum
574 4650 879 4717 erroribus,
912 4666 1015 4705 nec
1041 4651 1247 4722 poterit
1278 4666 1372 4705 eos
1414 4651 1669 4706 diabolus
1715 4668 1806 4705 sa-

211 4753 354 4805 nare,
382 4756 493 4796 nec
523 4756 563 4795 a
587 4739 822 4793 vinculis
848 4745 1205 4810 peccatorum
1236 4754 1453 4806 eruere,
1483 4755 1610 4793 cum
1654 4740 1808 4809 justo

206 4827 407 4894 judicio
434 4829 548 4885 Dei
574 4844 689 4883 una
726 4845 855 4882 cum
889 4844 956 4882 eo
985 4827 1274 4899 perierint.

277 4937 299 4967 ε
348 4919 643 4983 Quoniam
683 4933 787 4988 ego
831 4917 990 4988 quasi
1017 4918 1197 4970 leaena
1240 4916 1525 4987 Ephraim,
1561 4922 1618 4971 et
1647 4918 1811 4988 quasi

210 5007 419 5061 catulus
438 5007 630 5061 leonis
667 5005 859 5060 domui
880 5005 1041 5059 Juda.
1068 5023 1095 5058 »
1117 5007 1324 5063 Sensus
1344 5012 1431 5059 est
1457 5028 1465 5038 -
1492 5006 1647 5060 Licet
1676 5023 1805 5076 per-

208 5097 448 5149 rexerint
466 5095 546 5149 ad
578 5097 770 5155 Assur.
794 5101 852 5149 et
880 5095 1137 5148 miserint
1156 5110 1392 5148 munera
1412 5096 1529 5165 regi
1553 5094 1723 5149 ultori
1743 5100 1807 5149 ut

209 5199 292 5237 eos
311 5185 615 5245 liberaret,
643 5189 834 5238 tamen
854 5199 1053 5237 sanare
1085 5200 1183 5237 eos
1206 5199 1317 5263 non
1349 5189 1670 5255 potuerunt,
1704 5200 1807 5238 nec

209 5271 410 5327 solvere
436 5273 728 5327 vinculum
747 5272 1085 5343 captivitatis
1105 5272 1633 5327 eorum.0stendam
1656 5273 1806 5326 enim

212 5362 345 5430 quod
363 5379 460 5416 me
477 5361 1048 5427 adversante,vanum
1067 5362 1140 5416 sit
1157 5377 1321 5415 omne
1335 5362 1640 5416 humanum
1656 5363 1808 5416 auxi-

212 5448 356 5503 lium.
387 5451 513 5521 Ego
551 5450 701 5505 enim
727 5451 886 5522 quasi
913 5451 1090 5505 lemne
1116 5450 1403 5522 Ephraim.
1439 5450 1809 5521 Septuaginta

215 5553 305 5607 pro
320 5540 531 5607 leam,
565 5539 893 5609 pmtheram
914 5540 1271 5612 interpretati
1299 5543 1449 5606 sunt,
1472 5554 1597 5611 quas
1618 5538 1809 5613 Graece

1890 4390 2120 4456 propter
2144 4383 2589 4454 magnitudinem
2617 4393 2971 4456 peccatorum
2996 4407 3381 4462 suorum,cum
3411 4400 3487 4463 sit

1890 4472 2379 4539 clementissimus,
2409 4473 2721 4529 vertiturin
2748 4476 3017 4532 saevitiam
3037 4480 3486 4554 ferarum,tollit-

1860 4634 1863 4639 _
1891 4579 1998 4632 que
2028 4562 2097 4615 ab
2123 4562 2201 4616 eis
2231 4560 2495 4633 praedam,
2514 4564 2616 4617 hoc
2629 4570 2733 4630 est,
2758 4565 3059 4637 discipulos
3089 4569 3481 4648 illorum,quos

1889 4652 1959 4705 de
1990 4651 2233 4705 Ecclesia
2261 4657 2588 4723 rapuerunt,
2613 4654 2683 4707 ad
2695 4660 2903 4709 rectam
2936 4656 3102 4711 fidem
3124 4659 3306 4717 redire
3324 4665 3478 4736 facit,

1891 4755 1993 4793 nec
2020 4745 2105 4794 est
2131 4740 2227 4810 qui
2256 4745 2435 4807 eruat,
2470 4740 2603 4810 quia
2631 4742 2792 4811 cujus
2808 4745 3034 4814 coripse
3054 4746 3475 4825 illuminaverit,

1891 4844 2059 4882 nemo
2084 4828 2339 4898 decipere
2372 4829 2595 4903 poterit,
2620 4829 2868 4901 dumque
2887 4831 3003 4887 haec
3022 4836 3203 4904 agit,a
3222 4842 3483 4899 concilia-

1894 4916 2037 4971 bulis
2066 4932 2455 4987 perversorum
2471 4916 2737 4984 abscedit,
2767 4925 2823 4972 et
2835 4919 2892 4973 in
2910 4920 3155 4979 Ecclesia
3169 4942 3484 4989 commora-

1884 5012 1981 5060 tur
2007 5004 2373 5071 credentium,
2393 4996 2599 5075 eosque
2613 5006 2849 5076 despicit
2867 5014 2924 5063 et
2942 5019 3482 5087 aspernatur,donec

1886 5093 2175 5149 tabescant
2202 5095 2259 5148 in
2291 5094 2406 5148 suis
2438 5093 2842 5163 impietatibus,
2878 5103 2935 5152 et
2962 5099 3225 5159 deﬁciant
3252 5106 3312 5162 in
3370 5110 3482 5166 ini-

1888 5183 2101 5254 quitate
2130 5200 2233 5237 sua
2261 5188 2572 5253 quaerentes
2602 5185 2951 5255 praesentiam
2974 5188 3124 5245 illius
3162 5208 3194 5248 a
3217 5211 3328 5265 quo
3365 5199 3483 5256 the.

1888 5279 2017 5326 rant
2043 5271 2312 5337 derelicti,
2337 5272 2584 5326 dicentes
2608 5290 2619 5326 :
2646 5290 2673 5325 α
2698 5272 2985 5342 Illumina,
3016 5276 3476 5352 Domine,faciem

1888 5366 2065 5428 tuam,
2094 5366 2152 5415 et
2169 5360 2307 5414 salvi
2334 5359 2565 5416 erimus.
2604 5381 2625 5413 ι

2503 5446 2737 5507 CAPUT
2771 5452 2848 5509 VI
2858 5494 2869 5506 .

1967 5560 1990 5594 ι
2023 5540 2085 5597 In
2105 5540 2595 5599 tribulatione'sua
2623 5560 2788 5600 mane
2835 5554 3175 5618 consurgent
3201 5550 3273 5608 ad
3302 5570 3408 5610 me.
3448 5574 3474 5610 ››
