  <div class='ocr_page' id='page_1' title='image "/cluster/home/n/w/nwhite01/storage/ocr_20150623/117/hvd.32044054759816/029.png"; bbox 0 0 4062 6168; ppageno 0'>
   <div class='ocr_carea' id='block_1_1' title="bbox 537 345 604 401">
    <p class='ocr_par' dir='ltr' id='par_1_1' title="bbox 537 345 604 401">
     <span class='ocr_line' id='line_1_1' title="bbox 537 345 604 401; baseline -0.015 0"><span class='ocrx_word' id='word_1_1' title='bbox 537 345 604 401; x_wconf 83' lang='grc'>47</span> 
     </span>
    </p>
   </div>
   <div class='ocr_carea' id='block_1_2' title="bbox 949 322 3380 400">
    <p class='ocr_par' dir='ltr' id='par_1_2' title="bbox 949 322 3380 400">
     <span class='ocr_line' id='line_1_2' title="bbox 949 322 3380 400; baseline -0.001 -1"><span class='ocrx_word' id='word_1_2' title='bbox 949 345 1328 400; x_wconf 84' lang='lat' dir='ltr'>HAYMONIS</span> <span class='ocrx_word' id='word_1_3' title='bbox 1367 345 1860 400; x_wconf 79' lang='lat' dir='ltr'>HALBERSTAT.</span> <span class='ocrx_word' id='word_1_4' title='bbox 1903 344 2126 400; x_wconf 87' lang='lat' dir='ltr'>EPlSC.</span> <span class='ocrx_word' id='word_1_5' title='bbox 2169 341 2329 400; x_wconf 90' lang='lat' dir='ltr'>OPP.</span> <span class='ocrx_word' id='word_1_6' title='bbox 2369 339 2552 397; x_wconf 86' lang='lat' dir='ltr'>PARS</span> <span class='ocrx_word' id='word_1_7' title='bbox 2590 341 2635 396; x_wconf 90' lang='grc' dir='ltr'><strong>Ι.</strong></span> <span class='ocrx_word' id='word_1_8' title='bbox 2672 369 2736 382; x_wconf 89' lang='grc'><strong><em>-</em></strong></span> <span class='ocrx_word' id='word_1_9' title='bbox 2777 322 3151 398; x_wconf 85' lang='lat' dir='ltr'>COMMENT.</span> <span class='ocrx_word' id='word_1_10' title='bbox 3193 343 3380 400; x_wconf 88' lang='lat' dir='ltr'>BIBL.</span> 
     </span>
    </p>
   </div>
   <div class='ocr_carea' id='block_1_3' title="bbox 3736 338 3807 396">
    <p class='ocr_par' dir='ltr' id='par_1_3' title="bbox 3736 338 3807 396">
     <span class='ocr_line' id='line_1_3' title="bbox 3736 338 3807 396; baseline -0.014 0"><span class='ocrx_word' id='word_1_11' title='bbox 3736 338 3807 396; x_wconf 73' lang='grc'>48</span> 
     </span>
    </p>
   </div>
   <div class='ocr_carea' id='block_1_4' title="bbox 535 452 3806 539">
    <p class='ocr_par' dir='ltr' id='par_1_4' title="bbox 535 452 3806 539">
     <span class='ocr_line' id='line_1_4' title="bbox 535 452 3806 539; baseline -0.002 -15"><span class='ocrx_word' id='word_1_12' title='bbox 535 468 671 524; x_wconf 85' lang='lat' dir='ltr'>Haec</span> <span class='ocrx_word' id='word_1_13' title='bbox 687 469 857 523; x_wconf 89' lang='lat' dir='ltr'>verba</span> <span class='ocrx_word' id='word_1_14' title='bbox 875 485 941 523; x_wconf 88' lang='lat' dir='ltr'>ex</span> <span class='ocrx_word' id='word_1_15' title='bbox 962 474 1119 539; x_wconf 91' lang='lat' dir='ltr'>parte</span> <span class='ocrx_word' id='word_1_16' title='bbox 1139 468 1207 522; x_wconf 89' lang='lat' dir='ltr'>ad</span> <span class='ocrx_word' id='word_1_17' title='bbox 1230 484 1325 523; x_wconf 90' lang='lat' dir='ltr'>eos</span> <span class='ocrx_word' id='word_1_18' title='bbox 1345 467 1541 522; x_wconf 87' lang='lat' dir='ltr'>referri</span> <span class='ocrx_word' id='word_1_19' title='bbox 1560 472 1794 538; x_wconf 89' lang='lat' dir='ltr'>possunt</span> <span class='ocrx_word' id='word_1_20' title='bbox 1814 467 1929 537; x_wconf 91' lang='lat' dir='ltr'>qui,</span> <span class='ocrx_word' id='word_1_21' title='bbox 1949 466 2126 538; x_wconf 84' lang='lat' dir='ltr'>pressi</span> <span class='ocrx_word' id='word_1_22' title='bbox 2143 469 2193 527; x_wconf 84' lang='grc' dir='ltr'><strong>Α</strong></span> <span class='ocrx_word' id='word_1_23' title='bbox 2209 465 2344 532; x_wconf 85' lang='lat' dir='ltr'>tuis,</span> <span class='ocrx_word' id='word_1_24' title='bbox 2362 481 2463 518; x_wconf 89' lang='lat' dir='ltr'>nos</span> <span class='ocrx_word' id='word_1_25' title='bbox 2483 465 2694 536; x_wconf 89' lang='lat' dir='ltr'>pariter</span> <span class='ocrx_word' id='word_1_26' title='bbox 2713 464 2769 518; x_wconf 92' lang='lat' dir='ltr'>in</span> <span class='ocrx_word' id='word_1_27' title='bbox 2788 464 2886 518; x_wconf 90' lang='lat' dir='ltr'>illo</span> <span class='ocrx_word' id='word_1_28' title='bbox 2907 452 3271 532; x_wconf 82' lang='lat' dir='ltr'>surreximus,</span> <span class='ocrx_word' id='word_1_29' title='bbox 3303 481 3543 536; x_wconf 90' lang='lat' dir='ltr'>quorum</span> <span class='ocrx_word' id='word_1_30' title='bbox 3569 464 3806 520; x_wconf 86' lang='lat' dir='ltr'>resusci-</span> 
     </span>
    </p>
   </div>
   <div class='ocr_carea' id='block_1_5' title="bbox 535 555 2126 627">
    <p class='ocr_par' dir='ltr' id='par_1_5' title="bbox 535 555 2126 627">
     <span class='ocr_line' id='line_1_5' title="bbox 535 555 2126 627; baseline -0.002 -16"><span class='ocrx_word' id='word_1_31' title='bbox 535 557 898 612; x_wconf 89' lang='lat' dir='ltr'>tribulatione</span> <span class='ocrx_word' id='word_1_32' title='bbox 909 557 1266 627; x_wconf 87' lang='lat' dir='ltr'>captivitatis,</span> <span class='ocrx_word' id='word_1_33' title='bbox 1281 564 1569 627; x_wconf 78' lang='lat' dir='ltr'>coeperunt</span> <span class='ocrx_word' id='word_1_34' title='bbox 1581 555 1966 626; x_wconf 78' lang='lat' dir='ltr'>paenitentiam</span> <span class='ocrx_word' id='word_1_35' title='bbox 1993 573 2126 624; x_wconf 90' lang='lat' dir='ltr'>age-</span> 
     </span>
    </p>
   </div>
   <div class='ocr_carea' id='block_1_6' title="bbox 535 643 2128 717">
    <p class='ocr_par' dir='ltr' id='par_1_6' title="bbox 535 643 2128 717">
     <span class='ocr_line' id='line_1_6' title="bbox 535 643 2128 717; baseline -0.003 -16"><span class='ocrx_word' id='word_1_36' title='bbox 535 663 597 701; x_wconf 88' lang='lat' dir='ltr'>re</span> <span class='ocrx_word' id='word_1_37' title='bbox 623 652 680 714; x_wconf 83' lang='lat' dir='ltr'>et</span> <span class='ocrx_word' id='word_1_38' title='bbox 721 646 1006 717; x_wconf 83' lang='lat' dir='ltr'>requirere</span> <span class='ocrx_word' id='word_1_39' title='bbox 1035 646 1235 709; x_wconf 92' lang='lat' dir='ltr'>Deum,</span> <span class='ocrx_word' id='word_1_40' title='bbox 1278 663 1443 716; x_wconf 87' lang='lat' dir='ltr'>quem</span> <span class='ocrx_word' id='word_1_41' title='bbox 1471 645 1761 698; x_wconf 80' lang='lat' dir='ltr'>absentem</span> <span class='ocrx_word' id='word_1_42' title='bbox 1809 643 2128 697; x_wconf 72' lang='lat' dir='ltr'>sentiebant</span> 
     </span>
    </p>
   </div>
   <div class='ocr_carea' id='block_1_7' title="bbox 534 731 2127 802">
    <p class='ocr_par' dir='ltr' id='par_1_7' title="bbox 534 731 2127 802">
     <span class='ocr_line' id='line_1_7' title="bbox 534 731 2127 802; baseline -0.003 -14"><span class='ocrx_word' id='word_1_43' title='bbox 534 735 763 788; x_wconf 89' lang='lat' dir='ltr'>iratum.</span> <span class='ocrx_word' id='word_1_44' title='bbox 797 736 866 788; x_wconf 84' lang='lat' dir='ltr'>Et</span> <span class='ocrx_word' id='word_1_45' title='bbox 893 735 950 787; x_wconf 90' lang='lat' dir='ltr'>in</span> <span class='ocrx_word' id='word_1_46' title='bbox 983 751 1166 797; x_wconf 87' lang='lat' dir='ltr'>mane,</span> <span class='ocrx_word' id='word_1_47' title='bbox 1190 734 1295 786; x_wconf 89' lang='lat' dir='ltr'>hoc</span> <span class='ocrx_word' id='word_1_48' title='bbox 1315 741 1418 796; x_wconf 88' lang='lat' dir='ltr'>est,</span> <span class='ocrx_word' id='word_1_49' title='bbox 1442 734 1500 786; x_wconf 93' lang='lat' dir='ltr'>in</span> <span class='ocrx_word' id='word_1_50' title='bbox 1525 733 1646 786; x_wconf 91' lang='lat' dir='ltr'>luce</span> <span class='ocrx_word' id='word_1_51' title='bbox 1663 733 2024 802; x_wconf 70' lang='lat' dir='ltr'>poenitentiae,</span> <span class='ocrx_word' id='word_1_52' title='bbox 2049 731 2127 785; x_wconf 89' lang='lat' dir='ltr'>di-</span> 
     </span>
    </p>
   </div>
   <div class='ocr_carea' id='block_1_8' title="bbox 535 821 2126 885">
    <p class='ocr_par' dir='ltr' id='par_1_8' title="bbox 535 821 2126 885">
     <span class='ocr_line' id='line_1_8' title="bbox 535 821 2126 885; baseline -0.003 -7"><span class='ocrx_word' id='word_1_53' title='bbox 535 829 726 879; x_wconf 85' lang='lat' dir='ltr'>centes</span> <span class='ocrx_word' id='word_1_54' title='bbox 749 823 819 877; x_wconf 89' lang='lat' dir='ltr'>ad</span> <span class='ocrx_word' id='word_1_55' title='bbox 847 823 1086 876; x_wconf 80' lang='lat' dir='ltr'>invicem</span> <span class='ocrx_word' id='word_1_56' title='bbox 1125 839 1138 876; x_wconf 90' lang='lat'>:</span> <span class='ocrx_word' id='word_1_57' title='bbox 1173 842 1194 871; x_wconf 75' lang='grc' dir='ltr'><strong>ε</strong></span> <span class='ocrx_word' id='word_1_58' title='bbox 1227 822 1444 885; x_wconf 83' lang='lat' dir='ltr'>Venite,</span> <span class='ocrx_word' id='word_1_59' title='bbox 1475 828 1822 874; x_wconf 76' lang='lat' dir='ltr'>revertamur</span> <span class='ocrx_word' id='word_1_60' title='bbox 1841 821 1912 874; x_wconf 90' lang='lat' dir='ltr'>ad</span> <span class='ocrx_word' id='word_1_61' title='bbox 1942 821 2126 874; x_wconf 87' lang='lat' dir='ltr'>Domi-</span> 
     </span>
    </p>
   </div>
   <div class='ocr_carea' id='block_1_9' title="bbox 534 908 2126 978">
    <p class='ocr_par' dir='ltr' id='par_1_9' title="bbox 534 908 2126 978">
     <span class='ocr_line' id='line_1_9' title="bbox 534 908 2126 978; baseline -0.002 -13"><span class='ocrx_word' id='word_1_62' title='bbox 534 928 690 965; x_wconf 93' lang='lat' dir='ltr'>num.</span> <span class='ocrx_word' id='word_1_63' title='bbox 727 931 754 965; x_wconf 84' lang='lat'><strong>»</strong></span> <span class='ocrx_word' id='word_1_64' title='bbox 797 911 1149 964; x_wconf 79' lang='lat' dir='ltr'>Generaliter</span> <span class='ocrx_word' id='word_1_65' title='bbox 1199 910 1314 962; x_wconf 83' lang='lat' dir='ltr'>haec</span> <span class='ocrx_word' id='word_1_66' title='bbox 1363 909 1528 962; x_wconf 89' lang='lat' dir='ltr'>verba</span> <span class='ocrx_word' id='word_1_67' title='bbox 1573 914 1840 978; x_wconf 89' lang='lat' dir='ltr'>aptantur</span> <span class='ocrx_word' id='word_1_68' title='bbox 1868 908 2126 962; x_wconf 88' lang='lat' dir='ltr'>omnibus</span> 
     </span>
    </p>
   </div>
   <div class='ocr_carea' id='block_1_10' title="bbox 535 996 2124 1066">
    <p class='ocr_par' dir='ltr' id='par_1_10' title="bbox 535 996 2124 1066">
     <span class='ocr_line' id='line_1_10' title="bbox 535 996 2124 1066; baseline -0.003 -12"><span class='ocrx_word' id='word_1_69' title='bbox 535 1000 872 1054; x_wconf 85' lang='lat' dir='ltr'>Christianis</span> <span class='ocrx_word' id='word_1_70' title='bbox 901 997 1256 1052; x_wconf 88' lang='lat' dir='ltr'>credentibus</span> <span class='ocrx_word' id='word_1_71' title='bbox 1282 997 1340 1049; x_wconf 89' lang='lat' dir='ltr'>in</span> <span class='ocrx_word' id='word_1_72' title='bbox 1367 996 1774 1066; x_wconf 86' lang='lat' dir='ltr'>Christum,qui</span> <span class='ocrx_word' id='word_1_73' title='bbox 1805 996 2000 1049; x_wconf 80' lang='lat' dir='ltr'>afﬂicti</span> <span class='ocrx_word' id='word_1_74' title='bbox 2028 1013 2124 1049; x_wconf 92' lang='lat' dir='ltr'>va-</span> 
     </span>
    </p>
   </div>
   <div class='ocr_carea' id='block_1_11' title="bbox 534 1083 2128 1149">
    <p class='ocr_par' dir='ltr' id='par_1_11' title="bbox 534 1083 2128 1149">
     <span class='ocr_line' id='line_1_11' title="bbox 534 1083 2128 1149; baseline -0.003 -9"><span class='ocrx_word' id='word_1_75' title='bbox 534 1087 634 1140; x_wconf 89' lang='lat' dir='ltr'>riis</span> <span class='ocrx_word' id='word_1_76' title='bbox 665 1085 1140 1149; x_wconf 86' lang='lat' dir='ltr'>tribulationibus,</span> <span class='ocrx_word' id='word_1_77' title='bbox 1171 1091 1294 1138; x_wconf 88' lang='lat' dir='ltr'>orto</span> <span class='ocrx_word' id='word_1_78' title='bbox 1311 1084 1391 1137; x_wconf 90' lang='lat' dir='ltr'>eis</span> <span class='ocrx_word' id='word_1_79' title='bbox 1413 1085 1626 1136; x_wconf 88' lang='lat' dir='ltr'>lumine</span> <span class='ocrx_word' id='word_1_80' title='bbox 1658 1083 1927 1148; x_wconf 85' lang='lat' dir='ltr'>veritatis,</span> <span class='ocrx_word' id='word_1_81' title='bbox 1952 1084 2010 1137; x_wconf 91' lang='lat' dir='ltr'>in</span> <span class='ocrx_word' id='word_1_82' title='bbox 2032 1084 2128 1136; x_wconf 91' lang='lat' dir='ltr'>ad-</span> 
     </span>
    </p>
   </div>
   <div class='ocr_carea' id='block_1_12' title="bbox 531 1172 2127 1237">
    <p class='ocr_par' dir='ltr' id='par_1_12' title="bbox 531 1172 2127 1237">
     <span class='ocr_line' id='line_1_12' title="bbox 531 1172 2127 1237; baseline -0.003 -9"><span class='ocrx_word' id='word_1_83' title='bbox 531 1182 701 1230; x_wconf 91' lang='lat' dir='ltr'>ventu</span> <span class='ocrx_word' id='word_1_84' title='bbox 749 1175 957 1229; x_wconf 84' lang='lat' dir='ltr'>Christi</span> <span class='ocrx_word' id='word_1_85' title='bbox 1001 1191 1184 1237; x_wconf 90' lang='lat' dir='ltr'>mane,</span> <span class='ocrx_word' id='word_1_86' title='bbox 1219 1173 1322 1226; x_wconf 91' lang='lat' dir='ltr'>hoc</span> <span class='ocrx_word' id='word_1_87' title='bbox 1352 1177 1456 1233; x_wconf 80' lang='lat' dir='ltr'>est.</span> <span class='ocrx_word' id='word_1_88' title='bbox 1489 1173 1548 1225; x_wconf 92' lang='lat' dir='ltr'>in</span> <span class='ocrx_word' id='word_1_89' title='bbox 1584 1173 1708 1226; x_wconf 89' lang='lat' dir='ltr'>luce</span> <span class='ocrx_word' id='word_1_90' title='bbox 1738 1172 1866 1226; x_wconf 90' lang='lat' dir='ltr'>ﬁdei</span> <span class='ocrx_word' id='word_1_91' title='bbox 1894 1188 2127 1225; x_wconf 86' lang='lat' dir='ltr'>consur-</span> 
     </span>
    </p>
   </div>
   <div class='ocr_carea' id='block_1_13' title="bbox 529 1261 2128 1334">
    <p class='ocr_par' dir='ltr' id='par_1_13' title="bbox 529 1261 2128 1334">
     <span class='ocr_line' id='line_1_13' title="bbox 529 1261 2128 1334; baseline -0.003 -16"><span class='ocrx_word' id='word_1_92' title='bbox 529 1269 727 1334; x_wconf 86' lang='lat' dir='ltr'>gentes</span> <span class='ocrx_word' id='word_1_93' title='bbox 757 1264 826 1317; x_wconf 92' lang='lat' dir='ltr'>de</span> <span class='ocrx_word' id='word_1_94' title='bbox 856 1261 1102 1317; x_wconf 86' lang='lat' dir='ltr'>tenebris</span> <span class='ocrx_word' id='word_1_95' title='bbox 1132 1261 1480 1316; x_wconf 77' lang='lat' dir='ltr'>infidelitatis</span> <span class='ocrx_word' id='word_1_96' title='bbox 1500 1265 1556 1314; x_wconf 88' lang='lat' dir='ltr'>et</span> <span class='ocrx_word' id='word_1_97' title='bbox 1577 1261 1805 1326; x_wconf 90' lang='lat' dir='ltr'>erroris,</span> <span class='ocrx_word' id='word_1_98' title='bbox 1837 1265 2128 1331; x_wconf 83' lang='lat' dir='ltr'>coeperunt</span> 
     </span>
    </p>
   </div>
   <div class='ocr_carea' id='block_1_14' title="bbox 531 1349 2127 1415">
    <p class='ocr_par' dir='ltr' id='par_1_14' title="bbox 531 1349 2127 1415">
     <span class='ocr_line' id='line_1_14' title="bbox 531 1349 2127 1415; baseline -0.003 -10"><span class='ocrx_word' id='word_1_99' title='bbox 531 1369 592 1406; x_wconf 93' lang='lat' dir='ltr'>se</span> <span class='ocrx_word' id='word_1_100' title='bbox 621 1352 856 1405; x_wconf 89' lang='lat' dir='ltr'>invicem</span> <span class='ocrx_word' id='word_1_101' title='bbox 885 1351 1122 1415; x_wconf 90' lang='lat' dir='ltr'>hortari,</span> <span class='ocrx_word' id='word_1_102' title='bbox 1150 1351 1401 1403; x_wconf 88' lang='lat' dir='ltr'>dicentes</span> <span class='ocrx_word' id='word_1_103' title='bbox 1431 1365 1442 1398; x_wconf 90' lang='lat'>:</span> <span class='ocrx_word' id='word_1_104' title='bbox 1469 1369 1490 1398; x_wconf 77' lang='grc' dir='ltr'>ι</span> <span class='ocrx_word' id='word_1_105' title='bbox 1525 1349 1745 1413; x_wconf 87' lang='lat' dir='ltr'>Venite,</span> <span class='ocrx_word' id='word_1_106' title='bbox 1778 1354 2127 1402; x_wconf 85' lang='lat' dir='ltr'>revertamur</span> 
     </span>
    </p>
   </div>
   <div class='ocr_carea' id='block_1_15' title="bbox 529 1436 2125 1508">
    <p class='ocr_par' dir='ltr' id='par_1_15' title="bbox 529 1436 2125 1508">
     <span class='ocr_line' id='line_1_15' title="bbox 529 1436 2125 1508; baseline -0.002 -14"><span class='ocrx_word' id='word_1_107' title='bbox 529 1441 600 1494; x_wconf 89' lang='lat' dir='ltr'>ad</span> <span class='ocrx_word' id='word_1_108' title='bbox 633 1440 952 1494; x_wconf 90' lang='lat' dir='ltr'>Dominum.</span> <span class='ocrx_word' id='word_1_109' title='bbox 993 1460 1014 1490; x_wconf 75' lang='grc' dir='ltr'><strong><em>ι</em></strong></span> <span class='ocrx_word' id='word_1_110' title='bbox 1049 1437 1138 1492; x_wconf 89' lang='lat' dir='ltr'>Illi</span> <span class='ocrx_word' id='word_1_111' title='bbox 1169 1438 1392 1508; x_wconf 82' lang='lat' dir='ltr'>quippe,</span> <span class='ocrx_word' id='word_1_112' title='bbox 1413 1438 1509 1507; x_wconf 90' lang='lat' dir='ltr'>qui</span> <span class='ocrx_word' id='word_1_113' title='bbox 1538 1454 1600 1490; x_wconf 90' lang='lat' dir='ltr'>ex</span> <span class='ocrx_word' id='word_1_114' title='bbox 1623 1437 1838 1491; x_wconf 90' lang='lat' dir='ltr'>duabus</span> <span class='ocrx_word' id='word_1_115' title='bbox 1867 1436 2125 1491; x_wconf 86' lang='lat' dir='ltr'>tribubus</span> 
     </span>
    </p>
   </div>
   <div class='ocr_carea' id='block_1_16' title="bbox 530 1526 2124 1598">
    <p class='ocr_par' dir='ltr' id='par_1_16' title="bbox 530 1526 2124 1598">
     <span class='ocr_line' id='line_1_16' title="bbox 530 1526 2124 1598; baseline -0.002 -16"><span class='ocrx_word' id='word_1_116' title='bbox 530 1528 601 1582; x_wconf 90' lang='lat' dir='ltr'>de</span> <span class='ocrx_word' id='word_1_117' title='bbox 630 1528 952 1598; x_wconf 85' lang='lat' dir='ltr'>captivitate</span> <span class='ocrx_word' id='word_1_118' title='bbox 969 1533 1102 1580; x_wconf 91' lang='lat' dir='ltr'>sunt</span> <span class='ocrx_word' id='word_1_119' title='bbox 1121 1526 1348 1591; x_wconf 87' lang='lat' dir='ltr'>reversi,</span> <span class='ocrx_word' id='word_1_120' title='bbox 1381 1543 1492 1579; x_wconf 92' lang='lat' dir='ltr'>non</span> <span class='ocrx_word' id='word_1_121' title='bbox 1514 1527 1760 1580; x_wconf 90' lang='lat' dir='ltr'>contenti</span> <span class='ocrx_word' id='word_1_122' title='bbox 1784 1527 2011 1596; x_wconf 89' lang='lat' dir='ltr'>propria</span> <span class='ocrx_word' id='word_1_123' title='bbox 2039 1543 2124 1579; x_wconf 84' lang='lat' dir='ltr'>sa-</span> 
     </span>
    </p>
   </div>
   <div class='ocr_carea' id='block_1_17' title="bbox 531 1614 2124 1683">
    <p class='ocr_par' dir='ltr' id='par_1_17' title="bbox 531 1614 2124 1683">
     <span class='ocr_line' id='line_1_17' title="bbox 531 1614 2124 1683; baseline -0.002 -13"><span class='ocrx_word' id='word_1_124' title='bbox 531 1617 977 1683; x_wconf 90' lang='lat' dir='ltr'>lute,hortantes</span> <span class='ocrx_word' id='word_1_125' title='bbox 999 1633 1058 1668; x_wconf 89' lang='lat' dir='ltr'>se</span> <span class='ocrx_word' id='word_1_126' title='bbox 1083 1615 1583 1680; x_wconf 87' lang='lat' dir='ltr'>invicem,dicuut:</span> <span class='ocrx_word' id='word_1_127' title='bbox 1611 1614 1810 1667; x_wconf 86' lang='lat' dir='ltr'>Venite</span> <span class='ocrx_word' id='word_1_128' title='bbox 1838 1614 2124 1683; x_wconf 86' lang='lat' dir='ltr'>gressibus</span> 
     </span>
    </p>
   </div>
   <div class='ocr_carea' id='block_1_18' title="bbox 529 1703 2123 1772">
    <p class='ocr_par' dir='ltr' id='par_1_18' title="bbox 529 1703 2123 1772">
     <span class='ocr_line' id='line_1_18' title="bbox 529 1703 2123 1772; baseline -0.003 -14"><span class='ocrx_word' id='word_1_129' title='bbox 529 1705 739 1758; x_wconf 89' lang='lat' dir='ltr'>amoris</span> <span class='ocrx_word' id='word_1_130' title='bbox 772 1712 831 1758; x_wconf 90' lang='lat' dir='ltr'>et</span> <span class='ocrx_word' id='word_1_131' title='bbox 849 1704 998 1770; x_wconf 90' lang='lat' dir='ltr'>ﬁdei,</span> <span class='ocrx_word' id='word_1_132' title='bbox 1025 1708 1373 1756; x_wconf 83' lang='lat' dir='ltr'>revertamur</span> <span class='ocrx_word' id='word_1_133' title='bbox 1397 1703 1468 1755; x_wconf 88' lang='lat' dir='ltr'>ad</span> <span class='ocrx_word' id='word_1_134' title='bbox 1488 1703 1981 1772; x_wconf 88' lang='lat' dir='ltr'>Dominum,quem</span> <span class='ocrx_word' id='word_1_135' title='bbox 2003 1719 2123 1772; x_wconf 88' lang='lat' dir='ltr'>pec-</span> 
     </span>
    </p>
   </div>
   <div class='ocr_carea' id='block_1_19' title="bbox 2209 553 3806 625">
    <p class='ocr_par' dir='ltr' id='par_1_19' title="bbox 2209 553 3806 625">
     <span class='ocr_line' id='line_1_19' title="bbox 2209 553 3806 625; baseline 0.001 -18"><span class='ocrx_word' id='word_1_136' title='bbox 2209 553 2479 608; x_wconf 85' lang='lat' dir='ltr'>tationem</span> <span class='ocrx_word' id='word_1_137' title='bbox 2538 571 2643 608; x_wconf 89' lang='lat' dir='ltr'>sua</span> <span class='ocrx_word' id='word_1_138' title='bbox 2687 554 3095 609; x_wconf 88' lang='lat' dir='ltr'>resurrectione</span> <span class='ocrx_word' id='word_1_139' title='bbox 3150 555 3506 624; x_wconf 89' lang='lat' dir='ltr'>signiﬁcavit,</span> <span class='ocrx_word' id='word_1_140' title='bbox 3540 555 3806 625; x_wconf 90' lang='lat' dir='ltr'>quoniam</span> 
     </span>
    </p>
   </div>
   <div class='ocr_carea' id='block_1_20' title="bbox 2210 642 3810 713">
    <p class='ocr_par' dir='ltr' id='par_1_20' title="bbox 2210 642 3810 713">
     <span class='ocr_line' id='line_1_20' title="bbox 2210 642 3810 713; baseline 0.001 -18"><span class='ocrx_word' id='word_1_141' title='bbox 2210 642 2353 696; x_wconf 88' lang='lat' dir='ltr'>sicut</span> <span class='ocrx_word' id='word_1_142' title='bbox 2381 643 2474 696; x_wconf 92' lang='lat' dir='ltr'>ille</span> <span class='ocrx_word' id='word_1_143' title='bbox 2504 642 2809 696; x_wconf 82' lang='lat' dir='ltr'>resurrexit</span> <span class='ocrx_word' id='word_1_144' title='bbox 2833 660 2864 696; x_wconf 87' lang='lat' dir='ltr'>a</span> <span class='ocrx_word' id='word_1_145' title='bbox 2884 643 3120 696; x_wconf 86' lang='lat' dir='ltr'>mortuis</span> <span class='ocrx_word' id='word_1_146' title='bbox 3138 660 3238 713; x_wconf 90' lang='lat' dir='ltr'>per</span> <span class='ocrx_word' id='word_1_147' title='bbox 3259 643 3499 712; x_wconf 83' lang='lat' dir='ltr'>gloriam</span> <span class='ocrx_word' id='word_1_148' title='bbox 3518 642 3810 708; x_wconf 87' lang='lat' dir='ltr'>Patris,ita</span> 
     </span>
    </p>
   </div>
   <div class='ocr_carea' id='block_1_21' title="bbox 2209 731 3807 802">
    <p class='ocr_par' dir='ltr' id='par_1_21' title="bbox 2209 731 3807 802">
     <span class='ocr_line' id='line_1_21' title="bbox 2209 731 3807 802; baseline 0 -18"><span class='ocrx_word' id='word_1_149' title='bbox 2209 736 2267 784; x_wconf 92' lang='lat' dir='ltr'>et</span> <span class='ocrx_word' id='word_1_150' title='bbox 2294 748 2394 785; x_wconf 93' lang='lat' dir='ltr'>nos</span> <span class='ocrx_word' id='word_1_151' title='bbox 2423 748 2780 801; x_wconf 87' lang='lat' dir='ltr'>resurgemus</span> <span class='ocrx_word' id='word_1_152' title='bbox 2809 748 2936 785; x_wconf 89' lang='lat' dir='ltr'>cum</span> <span class='ocrx_word' id='word_1_153' title='bbox 2970 731 3079 785; x_wconf 92' lang='lat' dir='ltr'>illo.</span> <span class='ocrx_word' id='word_1_154' title='bbox 3097 732 3198 784; x_wconf 90' lang='lat' dir='ltr'>Vel</span> <span class='ocrx_word' id='word_1_155' title='bbox 3220 732 3468 802; x_wconf 90' lang='lat' dir='ltr'>primum</span> <span class='ocrx_word' id='word_1_156' title='bbox 3495 731 3645 785; x_wconf 91' lang='lat' dir='ltr'>diem</span> <span class='ocrx_word' id='word_1_157' title='bbox 3669 731 3807 784; x_wconf 85' lang='lat' dir='ltr'>acci-</span> 
     </span>
    </p>
   </div>
   <div class='ocr_carea' id='block_1_22' title="bbox 2208 819 3808 889">
    <p class='ocr_par' dir='ltr' id='par_1_22' title="bbox 2208 819 3808 889">
     <span class='ocr_line' id='line_1_22' title="bbox 2208 819 3808 889; baseline 0.001 -18"><span class='ocrx_word' id='word_1_158' title='bbox 2208 819 2444 889; x_wconf 89' lang='lat' dir='ltr'>piamus,</span> <span class='ocrx_word' id='word_1_159' title='bbox 2473 820 2774 874; x_wconf 86' lang='lat' dir='ltr'>adventum</span> <span class='ocrx_word' id='word_1_160' title='bbox 2805 820 3012 873; x_wconf 86' lang='lat' dir='ltr'>Christi</span> <span class='ocrx_word' id='word_1_161' title='bbox 3035 820 3092 873; x_wconf 90' lang='lat' dir='ltr'>in</span> <span class='ocrx_word' id='word_1_162' title='bbox 3123 820 3462 886; x_wconf 88' lang='lat' dir='ltr'>humilitate,</span> <span class='ocrx_word' id='word_1_163' title='bbox 3494 819 3808 873; x_wconf 87' lang='lat' dir='ltr'>secundum</span> 
     </span>
    </p>
   </div>
   <div class='ocr_carea' id='block_1_23' title="bbox 2207 907 3807 979">
    <p class='ocr_par' dir='ltr' id='par_1_23' title="bbox 2207 907 3807 979">
     <span class='ocr_line' id='line_1_23' title="bbox 2207 907 3807 979; baseline 0.001 -19"><span class='ocrx_word' id='word_1_164' title='bbox 2207 907 2264 960; x_wconf 89' lang='lat' dir='ltr'>in</span> <span class='ocrx_word' id='word_1_165' title='bbox 2279 908 2478 977; x_wconf 85' lang='lat' dir='ltr'>gloria,</span> <span class='ocrx_word' id='word_1_166' title='bbox 2501 925 2612 979; x_wconf 88' lang='lat' dir='ltr'>qua</span> <span class='ocrx_word' id='word_1_167' title='bbox 2630 908 2910 962; x_wconf 90' lang='lat' dir='ltr'>videbitur</span> <span class='ocrx_word' id='word_1_168' title='bbox 2925 908 2995 962; x_wconf 90' lang='lat' dir='ltr'>ab</span> <span class='ocrx_word' id='word_1_169' title='bbox 3009 908 3292 962; x_wconf 89' lang='lat' dir='ltr'>omnibus:</span> <span class='ocrx_word' id='word_1_170' title='bbox 3316 908 3807 978; x_wconf 89' lang='lat' dir='ltr'>tertium,quando</span> 
     </span>
    </p>
   </div>
   <div class='ocr_carea' id='block_1_24' title="bbox 2206 996 3808 1067">
    <p class='ocr_par' dir='ltr' id='par_1_24' title="bbox 2206 996 3808 1067">
     <span class='ocr_line' id='line_1_24' title="bbox 2206 996 3808 1067; baseline 0.001 -18"><span class='ocrx_word' id='word_1_171' title='bbox 2206 1002 2490 1050; x_wconf 85' lang='lat' dir='ltr'>transacto</span> <span class='ocrx_word' id='word_1_172' title='bbox 2504 997 2735 1066; x_wconf 86' lang='lat' dir='ltr'>judicio,</span> <span class='ocrx_word' id='word_1_173' title='bbox 2761 997 2951 1051; x_wconf 89' lang='lat' dir='ltr'>electis</span> <span class='ocrx_word' id='word_1_174' title='bbox 2971 997 3301 1067; x_wconf 88' lang='lat' dir='ltr'>ampliorem</span> <span class='ocrx_word' id='word_1_175' title='bbox 3322 997 3561 1066; x_wconf 88' lang='lat' dir='ltr'>gloriam</span> <span class='ocrx_word' id='word_1_176' title='bbox 3572 1013 3687 1052; x_wconf 59' lang='lat' dir='ltr'>sua;</span> <span class='ocrx_word' id='word_1_177' title='bbox 3707 996 3808 1050; x_wconf 92' lang='lat' dir='ltr'>de-</span> 
     </span>
    </p>
   </div>
   <div class='ocr_carea' id='block_1_25' title="bbox 2209 1084 3808 1155">
    <p class='ocr_par' dir='ltr' id='par_1_25' title="bbox 2209 1084 3808 1155">
     <span class='ocr_line' id='line_1_25' title="bbox 2209 1084 3808 1155; baseline 0.001 -18"><span class='ocrx_word' id='word_1_178' title='bbox 2209 1084 2542 1138; x_wconf 86' lang='lat' dir='ltr'>monstrabit</span> <span class='ocrx_word' id='word_1_179' title='bbox 2557 1085 2829 1139; x_wconf 87' lang='lat' dir='ltr'>claritatis</span> <span class='ocrx_word' id='word_1_180' title='bbox 2855 1103 2866 1138; x_wconf 87' lang='lat'><strong>:</strong></span> <span class='ocrx_word' id='word_1_181' title='bbox 2890 1086 3213 1155; x_wconf 85' lang='lat' dir='ltr'>generalem</span> <span class='ocrx_word' id='word_1_182' title='bbox 3228 1086 3380 1139; x_wconf 91' lang='lat' dir='ltr'>enim</span> <span class='ocrx_word' id='word_1_183' title='bbox 3401 1085 3652 1139; x_wconf 89' lang='lat' dir='ltr'>omnium</span> <span class='ocrx_word' id='word_1_184' title='bbox 3673 1101 3808 1138; x_wconf 83' lang='lat' dir='ltr'>san-</span> 
     </span>
    </p>
   </div>
   <div class='ocr_carea' id='block_1_26' title="bbox 2209 1173 3814 1228">
    <p class='ocr_par' dir='ltr' id='par_1_26' title="bbox 2209 1173 3814 1228">
     <span class='ocr_line' id='line_1_26' title="bbox 2209 1173 3814 1228; baseline 0.001 -2"><span class='ocrx_word' id='word_1_185' title='bbox 2209 1179 2427 1228; x_wconf 87' lang='lat' dir='ltr'>ctorum</span> <span class='ocrx_word' id='word_1_186' title='bbox 2468 1174 2890 1227; x_wconf 89' lang='lat' dir='ltr'>viviﬁcationem</span> <span class='ocrx_word' id='word_1_187' title='bbox 2923 1179 2979 1227; x_wconf 91' lang='lat' dir='ltr'>et</span> <span class='ocrx_word' id='word_1_188' title='bbox 3018 1174 3486 1228; x_wconf 88' lang='lat' dir='ltr'>resurrectionem</span> <span class='ocrx_word' id='word_1_189' title='bbox 3533 1173 3814 1228; x_wconf 87' lang='lat' dir='ltr'>ordinavit</span> 
     </span>
    </p>
   </div>
   <div class='ocr_carea' id='block_1_27' title="bbox 2207 1261 3805 1333">
    <p class='ocr_par' dir='ltr' id='par_1_27' title="bbox 2207 1261 3805 1333">
     <span class='ocr_line' id='line_1_27' title="bbox 2207 1261 3805 1333; baseline 0 -17"><span class='ocrx_word' id='word_1_190' title='bbox 2207 1262 2357 1316; x_wconf 88' lang='lat' dir='ltr'>Deus</span> <span class='ocrx_word' id='word_1_191' title='bbox 2388 1263 2556 1316; x_wconf 89' lang='lat' dir='ltr'>Pater</span> <span class='ocrx_word' id='word_1_192' title='bbox 2584 1262 2705 1315; x_wconf 89' lang='lat' dir='ltr'>ﬁeri</span> <span class='ocrx_word' id='word_1_193' title='bbox 2728 1279 2828 1332; x_wconf 86' lang='lat' dir='ltr'>per</span> <span class='ocrx_word' id='word_1_194' title='bbox 2864 1262 3104 1316; x_wconf 86' lang='lat' dir='ltr'>Filium:</span> <span class='ocrx_word' id='word_1_195' title='bbox 3135 1263 3218 1317; x_wconf 88' lang='lat' dir='ltr'>vel</span> <span class='ocrx_word' id='word_1_196' title='bbox 3251 1261 3411 1316; x_wconf 91' lang='lat' dir='ltr'>nobis</span> <span class='ocrx_word' id='word_1_197' title='bbox 3459 1263 3646 1333; x_wconf 89' lang='lat' dir='ltr'>prima</span> <span class='ocrx_word' id='word_1_198' title='bbox 3684 1263 3805 1316; x_wconf 89' lang='lat' dir='ltr'>dies</span> 
     </span>
    </p>
   </div>
   <div class='ocr_carea' id='block_1_28' title="bbox 2207 1349 3809 1422">
    <p class='ocr_par' dir='ltr' id='par_1_28' title="bbox 2207 1349 3809 1422">
     <span class='ocr_line' id='line_1_28' title="bbox 2207 1349 3809 1422; baseline 0.002 -20"><span class='ocrx_word' id='word_1_199' title='bbox 2207 1355 2311 1414; x_wconf 92' lang='lat' dir='ltr'>est,</span> <span class='ocrx_word' id='word_1_200' title='bbox 2345 1351 2568 1420; x_wconf 85' lang='lat' dir='ltr'>quando</span> <span class='ocrx_word' id='word_1_201' title='bbox 2595 1349 2944 1403; x_wconf 89' lang='lat' dir='ltr'>renascimur</span> <span class='ocrx_word' id='word_1_202' title='bbox 2972 1367 3072 1421; x_wconf 91' lang='lat' dir='ltr'>per</span> <span class='ocrx_word' id='word_1_203' title='bbox 3101 1367 3307 1421; x_wconf 87' lang='lat' dir='ltr'>aquam</span> <span class='ocrx_word' id='word_1_204' title='bbox 3340 1350 3715 1422; x_wconf 88' lang='lat' dir='ltr'>baptismatis,</span> <span class='ocrx_word' id='word_1_205' title='bbox 3749 1356 3809 1406; x_wconf 91' lang='lat' dir='ltr'>et</span> 
     </span>
    </p>
   </div>
   <div class='ocr_carea' id='block_1_29' title="bbox 2205 1438 3806 1508">
    <p class='ocr_par' dir='ltr' id='par_1_29' title="bbox 2205 1438 3806 1508">
     <span class='ocr_line' id='line_1_29' title="bbox 2205 1438 3806 1508; baseline 0.001 -18"><span class='ocrx_word' id='word_1_206' title='bbox 2205 1438 2448 1508; x_wconf 88' lang='lat' dir='ltr'>gratiam</span> <span class='ocrx_word' id='word_1_207' title='bbox 2481 1438 2721 1508; x_wconf 88' lang='lat' dir='ltr'>Spiritus</span> <span class='ocrx_word' id='word_1_208' title='bbox 2750 1439 2946 1499; x_wconf 86' lang='lat' dir='ltr'>sancti,</span> <span class='ocrx_word' id='word_1_209' title='bbox 2981 1455 3015 1492; x_wconf 89' lang='lat' dir='ltr'>a</span> <span class='ocrx_word' id='word_1_210' title='bbox 3042 1439 3289 1493; x_wconf 88' lang='lat' dir='ltr'>tenebris</span> <span class='ocrx_word' id='word_1_211' title='bbox 3319 1440 3391 1493; x_wconf 92' lang='lat' dir='ltr'>ad</span> <span class='ocrx_word' id='word_1_212' title='bbox 3419 1439 3612 1494; x_wconf 88' lang='lat' dir='ltr'>lumen</span> <span class='ocrx_word' id='word_1_213' title='bbox 3647 1439 3806 1492; x_wconf 88' lang='lat' dir='ltr'>veni-</span> 
     </span>
    </p>
   </div>
   <div class='ocr_carea' id='block_1_30' title="bbox 2207 1526 3804 1598">
    <p class='ocr_par' dir='ltr' id='par_1_30' title="bbox 2207 1526 3804 1598">
     <span class='ocr_line' id='line_1_30' title="bbox 2207 1526 3804 1598; baseline 0.002 -20"><span class='ocrx_word' id='word_1_214' title='bbox 2207 1543 2350 1591; x_wconf 86' lang='lat' dir='ltr'>mus,</span> <span class='ocrx_word' id='word_1_215' title='bbox 2384 1528 2688 1581; x_wconf 89' lang='lat' dir='ltr'>secundum</span> <span class='ocrx_word' id='word_1_216' title='bbox 2717 1527 2854 1580; x_wconf 90' lang='lat' dir='ltr'>illud</span> <span class='ocrx_word' id='word_1_217' title='bbox 2881 1528 3167 1598; x_wconf 87' lang='lat' dir='ltr'>Apostoli:</span> <span class='ocrx_word' id='word_1_218' title='bbox 3204 1547 3229 1578; x_wconf 77' lang='grc' dir='ltr'><em>α</em></span> <span class='ocrx_word' id='word_1_219' title='bbox 3264 1527 3470 1582; x_wconf 85' lang='lat' dir='ltr'>Fuistis</span> <span class='ocrx_word' id='word_1_220' title='bbox 3496 1526 3804 1598; x_wconf 88' lang='lat' dir='ltr'>aliquando</span> 
     </span>
    </p>
   </div>
   <div class='ocr_carea' id='block_1_31' title="bbox 2205 1614 3810 1676">
    <p class='ocr_par' dir='ltr' id='par_1_31' title="bbox 2205 1614 3810 1676">
     <span class='ocr_line' id='line_1_31' title="bbox 2205 1614 3810 1676; baseline 0.001 -7"><span class='ocrx_word' id='word_1_221' title='bbox 2205 1614 2471 1676; x_wconf 65' lang='lat' dir='ltr'>tenebrae,</span> <span class='ocrx_word' id='word_1_222' title='bbox 2500 1632 2648 1669; x_wconf 91' lang='lat' dir='ltr'>nunc</span> <span class='ocrx_word' id='word_1_223' title='bbox 2685 1621 2874 1668; x_wconf 90' lang='lat' dir='ltr'>autem</span> <span class='ocrx_word' id='word_1_224' title='bbox 2905 1616 2999 1670; x_wconf 91' lang='lat' dir='ltr'>lux</span> <span class='ocrx_word' id='word_1_225' title='bbox 3027 1615 3084 1669; x_wconf 91' lang='lat' dir='ltr'>in</span> <span class='ocrx_word' id='word_1_226' title='bbox 3107 1616 3364 1669; x_wconf 90' lang='lat' dir='ltr'>Domino.</span> <span class='ocrx_word' id='word_1_227' title='bbox 3396 1635 3418 1666; x_wconf 74' lang='grc' dir='ltr'><strong><em>ι</em></strong></span> <span class='ocrx_word' id='word_1_228' title='bbox 3457 1615 3719 1671; x_wconf 89' lang='lat' dir='ltr'>Secunda</span> <span class='ocrx_word' id='word_1_229' title='bbox 3746 1615 3810 1670; x_wconf 89' lang='lat' dir='ltr'>in</span> 
     </span>
    </p>
   </div>
   <div class='ocr_carea' id='block_1_32' title="bbox 2206 1703 3799 1775">
    <p class='ocr_par' dir='ltr' id='par_1_32' title="bbox 2206 1703 3799 1775">
     <span class='ocr_line' id='line_1_32' title="bbox 2206 1703 3799 1775; baseline 0.003 -20"><span class='ocrx_word' id='word_1_230' title='bbox 2206 1703 2399 1774; x_wconf 90' lang='lat' dir='ltr'>requie</span> <span class='ocrx_word' id='word_1_231' title='bbox 2428 1703 2766 1768; x_wconf 89' lang='lat' dir='ltr'>animarum,</span> <span class='ocrx_word' id='word_1_232' title='bbox 2799 1704 2970 1757; x_wconf 87' lang='lat' dir='ltr'>tertia</span> <span class='ocrx_word' id='word_1_233' title='bbox 2992 1703 3052 1756; x_wconf 92' lang='lat' dir='ltr'>in</span> <span class='ocrx_word' id='word_1_234' title='bbox 3079 1705 3490 1758; x_wconf 88' lang='lat' dir='ltr'>resurrectione</span> <span class='ocrx_word' id='word_1_235' title='bbox 3517 1705 3799 1775; x_wconf 85' lang='lat' dir='ltr'>generali.</span> 
     </span>
    </p>
   </div>
   <div class='ocr_carea' id='block_1_33' title="bbox 529 1782 3809 1862">
    <p class='ocr_par' dir='ltr' id='par_1_33' title="bbox 529 1782 3809 1862">
     <span class='ocr_line' id='line_1_33' title="bbox 529 1782 3809 1862; baseline 0 -16"><span class='ocrx_word' id='word_1_236' title='bbox 529 1795 706 1847; x_wconf 90' lang='lat' dir='ltr'>cando</span> <span class='ocrx_word' id='word_1_237' title='bbox 737 1793 1106 1857; x_wconf 88' lang='lat' dir='ltr'>deseruimus,</span> <span class='ocrx_word' id='word_1_238' title='bbox 1139 1798 1196 1846; x_wconf 91' lang='lat' dir='ltr'>et</span> <span class='ocrx_word' id='word_1_239' title='bbox 1221 1809 1255 1845; x_wconf 89' lang='lat' dir='ltr'>a</span> <span class='ocrx_word' id='word_1_240' title='bbox 1284 1807 1394 1861; x_wconf 92' lang='lat' dir='ltr'>quo</span> <span class='ocrx_word' id='word_1_241' title='bbox 1411 1792 1564 1861; x_wconf 90' lang='lat' dir='ltr'>justo</span> <span class='ocrx_word' id='word_1_242' title='bbox 1589 1791 1804 1861; x_wconf 89' lang='lat' dir='ltr'>judicio</span> <span class='ocrx_word' id='word_1_243' title='bbox 1822 1791 2003 1845; x_wconf 89' lang='lat' dir='ltr'>relicti</span> <span class='ocrx_word' id='word_1_244' title='bbox 2034 1807 2124 1844; x_wconf 91' lang='lat' dir='ltr'>su-</span> <span class='ocrx_word' id='word_1_245' title='bbox 2143 1782 2188 1841; x_wconf 86' lang='grc' dir='ltr'><strong>Β</strong></span> <span class='ocrx_word' id='word_1_246' title='bbox 2208 1809 2229 1841; x_wconf 77' lang='grc' dir='ltr'>ι</span> <span class='ocrx_word' id='word_1_247' title='bbox 2266 1792 2334 1844; x_wconf 87' lang='lat' dir='ltr'>Et</span> <span class='ocrx_word' id='word_1_248' title='bbox 2361 1792 2607 1844; x_wconf 87' lang='lat' dir='ltr'>vivemus</span> <span class='ocrx_word' id='word_1_249' title='bbox 2637 1792 2695 1844; x_wconf 93' lang='lat' dir='ltr'>in</span> <span class='ocrx_word' id='word_1_250' title='bbox 2724 1798 3026 1862; x_wconf 83' lang='lat' dir='ltr'>conspectu</span> <span class='ocrx_word' id='word_1_251' title='bbox 3057 1793 3196 1862; x_wconf 89' lang='lat' dir='ltr'>ejus,</span> <span class='ocrx_word' id='word_1_252' title='bbox 3231 1810 3258 1845; x_wconf 68' lang='grc' dir='ltr'><strong>ι</strong></span> <span class='ocrx_word' id='word_1_253' title='bbox 3291 1793 3516 1862; x_wconf 91' lang='lat' dir='ltr'>quando</span> <span class='ocrx_word' id='word_1_254' title='bbox 3543 1798 3623 1860; x_wconf 69' lang='lat' dir='ltr'>(ut</span> <span class='ocrx_word' id='word_1_255' title='bbox 3639 1793 3809 1846; x_wconf 84' lang='lat' dir='ltr'>Joan-</span> 
     </span>
    </p>
   </div>
   <div class='ocr_carea' id='block_1_34' title="bbox 524 1898 673 1938">
    <p class='ocr_par' dir='ltr' id='par_1_34' title="bbox 524 1898 673 1938">
     <span class='ocr_line' id='line_1_34' title="bbox 524 1898 673 1938; baseline 0 -1"><span class='ocrx_word' id='word_1_256' title='bbox 524 1898 673 1938; x_wconf 88' lang='lat' dir='ltr'>mus.</span> 
     </span>
    </p>
   </div>
   <div class='ocr_carea' id='block_1_35' title="bbox 601 1969 2121 2042">
    <p class='ocr_par' dir='ltr' id='par_1_35' title="bbox 601 1969 2121 2042">
     <span class='ocr_line' id='line_1_35' title="bbox 601 1969 2121 2042; baseline -0.001 -19"><span class='ocrx_word' id='word_1_257' title='bbox 601 1989 629 2023; x_wconf 71' lang='grc' dir='ltr'><strong>α</strong></span> <span class='ocrx_word' id='word_1_258' title='bbox 661 1971 804 2036; x_wconf 87' lang='lat' dir='ltr'>Quia</span> <span class='ocrx_word' id='word_1_259' title='bbox 835 1971 954 2042; x_wconf 91' lang='lat' dir='ltr'>ipse</span> <span class='ocrx_word' id='word_1_260' title='bbox 985 1971 1152 2041; x_wconf 87' lang='lat' dir='ltr'>cepit,</span> <span class='ocrx_word' id='word_1_261' title='bbox 1189 1989 1214 2021; x_wconf 88' lang='lat'>»</span> <span class='ocrx_word' id='word_1_262' title='bbox 1240 1969 2121 2039; x_wconf 86' lang='lat' dir='ltr'>perNabuchodonosorducendo</span> 
     </span>
    </p>
   </div>
   <div class='ocr_carea' id='block_1_36' title="bbox 524 2058 2121 2130">
    <p class='ocr_par' dir='ltr' id='par_1_36' title="bbox 524 2058 2121 2130">
     <span class='ocr_line' id='line_1_36' title="bbox 524 2058 2121 2130; baseline -0.003 -16"><span class='ocrx_word' id='word_1_263' title='bbox 524 2060 585 2114; x_wconf 90' lang='lat' dir='ltr'>in</span> <span class='ocrx_word' id='word_1_264' title='bbox 615 2060 993 2130; x_wconf 86' lang='lat' dir='ltr'>captivitatem</span> <span class='ocrx_word' id='word_1_265' title='bbox 1023 2078 1034 2125; x_wconf 90' lang='lat'><strong>;</strong></span> <span class='ocrx_word' id='word_1_266' title='bbox 1064 2059 1212 2112; x_wconf 87' lang='lat' dir='ltr'>unde</span> <span class='ocrx_word' id='word_1_267' title='bbox 1240 2075 1410 2128; x_wconf 86' lang='lat' dir='ltr'>supra</span> <span class='ocrx_word' id='word_1_268' title='bbox 1441 2058 1651 2111; x_wconf 90' lang='lat' dir='ltr'>dictum</span> <span class='ocrx_word' id='word_1_269' title='bbox 1679 2062 1796 2110; x_wconf 91' lang='lat' dir='ltr'>est:</span> <span class='ocrx_word' id='word_1_270' title='bbox 1833 2077 1854 2107; x_wconf 74' lang='grc' dir='ltr'>ι</span> <span class='ocrx_word' id='word_1_271' title='bbox 1892 2058 2003 2127; x_wconf 79' lang='lat' dir='ltr'>Ego</span> <span class='ocrx_word' id='word_1_272' title='bbox 2035 2073 2121 2110; x_wconf 91' lang='lat' dir='ltr'>ca-</span> 
     </span>
    </p>
   </div>
   <div class='ocr_carea' id='block_1_37' title="bbox 522 2144 2116 2218">
    <p class='ocr_par' dir='ltr' id='par_1_37' title="bbox 522 2144 2116 2218">
     <span class='ocr_line' id='line_1_37' title="bbox 522 2144 2116 2218; baseline -0.002 -17"><span class='ocrx_word' id='word_1_273' title='bbox 522 2148 702 2218; x_wconf 86' lang='lat' dir='ltr'>piam:</span> <span class='ocrx_word' id='word_1_274' title='bbox 741 2168 766 2199; x_wconf 87' lang='lat'>»</span> <span class='ocrx_word' id='word_1_275' title='bbox 805 2166 832 2198; x_wconf 85' lang='lat'>«</span> <span class='ocrx_word' id='word_1_276' title='bbox 863 2154 920 2201; x_wconf 91' lang='lat' dir='ltr'>et</span> <span class='ocrx_word' id='word_1_277' title='bbox 943 2147 1163 2201; x_wconf 87' lang='lat' dir='ltr'>sanabit</span> <span class='ocrx_word' id='word_1_278' title='bbox 1182 2163 1302 2210; x_wconf 85' lang='lat' dir='ltr'>nos,</span> <span class='ocrx_word' id='word_1_279' title='bbox 1339 2166 1363 2197; x_wconf 85' lang='lat'>»</span> <span class='ocrx_word' id='word_1_280' title='bbox 1391 2162 1424 2198; x_wconf 91' lang='lat' dir='ltr'>a</span> <span class='ocrx_word' id='word_1_281' title='bbox 1445 2145 1768 2215; x_wconf 83' lang='lat' dir='ltr'>captivitate</span> <span class='ocrx_word' id='word_1_282' title='bbox 1788 2144 2116 2211; x_wconf 89' lang='lat' dir='ltr'>revocando,</span> 
     </span>
    </p>
   </div>
   <div class='ocr_carea' id='block_1_38' title="bbox 525 2232 2119 2307">
    <p class='ocr_par' dir='ltr' id='par_1_38' title="bbox 525 2232 2119 2307">
     <span class='ocr_line' id='line_1_38' title="bbox 525 2232 2119 2307; baseline -0.003 -17"><span class='ocrx_word' id='word_1_283' title='bbox 525 2241 590 2291; x_wconf 90' lang='lat' dir='ltr'>ut</span> <span class='ocrx_word' id='word_1_284' title='bbox 612 2242 775 2307; x_wconf 89' lang='lat' dir='ltr'>pater</span> <span class='ocrx_word' id='word_1_285' title='bbox 800 2236 972 2301; x_wconf 87' lang='lat' dir='ltr'>ﬁlios;</span> <span class='ocrx_word' id='word_1_286' title='bbox 1010 2254 1035 2284; x_wconf 75' lang='grc' dir='ltr'>α</span> <span class='ocrx_word' id='word_1_287' title='bbox 1068 2234 1363 2305; x_wconf 87' lang='lat' dir='ltr'>percutiet,</span> <span class='ocrx_word' id='word_1_288' title='bbox 1401 2253 1425 2283; x_wconf 91' lang='lat'>»</span> <span class='ocrx_word' id='word_1_289' title='bbox 1461 2249 1562 2286; x_wconf 89' lang='lat' dir='ltr'>nos</span> <span class='ocrx_word' id='word_1_290' title='bbox 1592 2232 1925 2303; x_wconf 86' lang='lat' dir='ltr'>ﬂagellando</span> <span class='ocrx_word' id='word_1_291' title='bbox 1953 2232 2119 2286; x_wconf 89' lang='lat' dir='ltr'>variis</span> 
     </span>
    </p>
   </div>
   <div class='ocr_carea' id='block_1_39' title="bbox 521 2320 2112 2393">
    <p class='ocr_par' dir='ltr' id='par_1_39' title="bbox 521 2320 2112 2393">
     <span class='ocr_line' id='line_1_39' title="bbox 521 2320 2112 2393; baseline -0.004 -15"><span class='ocrx_word' id='word_1_292' title='bbox 521 2323 981 2379; x_wconf 89' lang='lat' dir='ltr'>tribulationibus</span> <span class='ocrx_word' id='word_1_293' title='bbox 1009 2327 1178 2393; x_wconf 88' lang='lat' dir='ltr'>atque</span> <span class='ocrx_word' id='word_1_294' title='bbox 1209 2322 1552 2385; x_wconf 88' lang='lat' dir='ltr'>verberibus,</span> <span class='ocrx_word' id='word_1_295' title='bbox 1591 2345 1606 2369; x_wconf 77' lang='grc' dir='ltr'>ι</span> <span class='ocrx_word' id='word_1_296' title='bbox 1638 2329 1694 2374; x_wconf 89' lang='lat' dir='ltr'>et</span> <span class='ocrx_word' id='word_1_297' title='bbox 1721 2320 1938 2374; x_wconf 89' lang='lat' dir='ltr'>curabit</span> <span class='ocrx_word' id='word_1_298' title='bbox 1959 2338 2112 2384; x_wconf 65' lang='lat' dir='ltr'>nos,v</span> 
     </span>
    </p>
   </div>
   <div class='ocr_carea' id='block_1_40' title="bbox 522 2409 2117 2482">
    <p class='ocr_par' dir='ltr' id='par_1_40' title="bbox 522 2409 2117 2482">
     <span class='ocr_line' id='line_1_40' title="bbox 522 2409 2117 2482; baseline -0.003 -16"><span class='ocrx_word' id='word_1_299' title='bbox 522 2430 558 2466; x_wconf 91' lang='lat' dir='ltr'>a</span> <span class='ocrx_word' id='word_1_300' title='bbox 585 2413 908 2467; x_wconf 85' lang='lat' dir='ltr'>vulneribus</span> <span class='ocrx_word' id='word_1_301' title='bbox 945 2417 1319 2482; x_wconf 85' lang='lat' dir='ltr'>peccatorum,</span> <span class='ocrx_word' id='word_1_302' title='bbox 1360 2410 1407 2462; x_wconf 90' lang='lat' dir='ltr'>si</span> <span class='ocrx_word' id='word_1_303' title='bbox 1442 2415 1567 2480; x_wconf 91' lang='lat' dir='ltr'>post</span> <span class='ocrx_word' id='word_1_304' title='bbox 1626 2409 1848 2479; x_wconf 85' lang='lat' dir='ltr'>ﬂagella</span> <span class='ocrx_word' id='word_1_305' title='bbox 1887 2409 2117 2479; x_wconf 89' lang='lat' dir='ltr'>dignam</span> 
     </span>
    </p>
   </div>
   <div class='ocr_carea' id='block_1_41' title="bbox 522 2496 1951 2572">
    <p class='ocr_par' dir='ltr' id='par_1_41' title="bbox 522 2496 1951 2572">
     <span class='ocr_line' id='line_1_41' title="bbox 522 2496 1951 2572; baseline -0.005 -17"><span class='ocrx_word' id='word_1_306' title='bbox 522 2501 804 2572; x_wconf 84' lang='lat' dir='ltr'>egerimus</span> <span class='ocrx_word' id='word_1_307' title='bbox 829 2501 1238 2571; x_wconf 77' lang='lat' dir='ltr'>paenitentiam.</span> <span class='ocrx_word' id='word_1_308' title='bbox 1272 2496 1433 2563; x_wconf 85' lang='lat' dir='ltr'>Quod</span> <span class='ocrx_word' id='word_1_309' title='bbox 1455 2503 1642 2550; x_wconf 92' lang='lat' dir='ltr'>autem</span> <span class='ocrx_word' id='word_1_310' title='bbox 1665 2496 1951 2550; x_wconf 90' lang='lat' dir='ltr'>subditur:</span> 
     </span>
    </p>
   </div>
   <div class='ocr_carea' id='block_1_42' title="bbox 597 2584 2114 2657">
    <p class='ocr_par' dir='ltr' id='par_1_42' title="bbox 597 2584 2114 2657">
     <span class='ocr_line' id='line_1_42' title="bbox 597 2584 2114 2657; baseline -0.002 -16"><span class='ocrx_word' id='word_1_311' title='bbox 597 2608 623 2641; x_wconf 77' lang='grc' dir='ltr'><strong>ί(</strong></span> <span class='ocrx_word' id='word_1_312' title='bbox 654 2588 964 2643; x_wconf 87' lang='lat' dir='ltr'>Viviﬁcabit</span> <span class='ocrx_word' id='word_1_313' title='bbox 993 2605 1094 2641; x_wconf 87' lang='lat' dir='ltr'>nos</span> <span class='ocrx_word' id='word_1_314' title='bbox 1124 2593 1251 2657; x_wconf 87' lang='lat' dir='ltr'>post</span> <span class='ocrx_word' id='word_1_315' title='bbox 1277 2587 1416 2657; x_wconf 87' lang='lat' dir='ltr'>duos</span> <span class='ocrx_word' id='word_1_316' title='bbox 1445 2585 1582 2650; x_wconf 90' lang='lat' dir='ltr'>dies,</span> <span class='ocrx_word' id='word_1_317' title='bbox 1601 2605 1626 2635; x_wconf 78' lang='grc' dir='ltr'>ι)</span> <span class='ocrx_word' id='word_1_318' title='bbox 1663 2584 1886 2655; x_wconf 86' lang='lat' dir='ltr'>proprie</span> <span class='ocrx_word' id='word_1_319' title='bbox 1906 2585 1976 2639; x_wconf 91' lang='lat' dir='ltr'>ad</span> <span class='ocrx_word' id='word_1_320' title='bbox 1998 2602 2114 2639; x_wconf 85' lang='lat' dir='ltr'>crc-</span> 
     </span>
    </p>
   </div>
   <div class='ocr_carea' id='block_1_43' title="bbox 520 2673 2113 2746">
    <p class='ocr_par' dir='ltr' id='par_1_43' title="bbox 520 2673 2113 2746">
     <span class='ocr_line' id='line_1_43' title="bbox 520 2673 2113 2746; baseline -0.004 -13"><span class='ocrx_word' id='word_1_321' title='bbox 520 2679 717 2733; x_wconf 87' lang='lat' dir='ltr'>dentes</span> <span class='ocrx_word' id='word_1_322' title='bbox 747 2678 1100 2732; x_wconf 89' lang='lat' dir='ltr'>referendum</span> <span class='ocrx_word' id='word_1_323' title='bbox 1132 2681 1238 2744; x_wconf 89' lang='lat' dir='ltr'>est,</span> <span class='ocrx_word' id='word_1_324' title='bbox 1279 2675 1375 2746; x_wconf 91' lang='lat' dir='ltr'>qui</span> <span class='ocrx_word' id='word_1_325' title='bbox 1419 2674 1596 2728; x_wconf 88' lang='lat' dir='ltr'>vocati</span> <span class='ocrx_word' id='word_1_326' title='bbox 1636 2681 1693 2727; x_wconf 88' lang='lat' dir='ltr'>et</span> <span class='ocrx_word' id='word_1_327' title='bbox 1747 2674 1855 2727; x_wconf 88' lang='lat' dir='ltr'>ﬁde</span> <span class='ocrx_word' id='word_1_328' title='bbox 1905 2673 2113 2728; x_wconf 89' lang='lat' dir='ltr'>Christi</span> 
     </span>
    </p>
   </div>
   <div class='ocr_carea' id='block_1_44' title="bbox 516 2763 2114 2835">
    <p class='ocr_par' dir='ltr' id='par_1_44' title="bbox 516 2763 2114 2835">
     <span class='ocr_line' id='line_1_44' title="bbox 516 2763 2114 2835; baseline -0.004 -14"><span class='ocrx_word' id='word_1_329' title='bbox 516 2767 840 2833; x_wconf 88' lang='lat' dir='ltr'>illuminati,</span> <span class='ocrx_word' id='word_1_330' title='bbox 873 2772 1069 2821; x_wconf 88' lang='lat' dir='ltr'>mutuo</span> <span class='ocrx_word' id='word_1_331' title='bbox 1098 2782 1157 2818; x_wconf 90' lang='lat' dir='ltr'>se</span> <span class='ocrx_word' id='word_1_332' title='bbox 1189 2768 1590 2835; x_wconf 87' lang='lat' dir='ltr'>provocant,ut</span> <span class='ocrx_word' id='word_1_333' title='bbox 1617 2764 1686 2816; x_wconf 86' lang='lat' dir='ltr'>ad</span> <span class='ocrx_word' id='word_1_334' title='bbox 1705 2763 2000 2817; x_wconf 89' lang='lat' dir='ltr'>Dominum</span> <span class='ocrx_word' id='word_1_335' title='bbox 2024 2780 2114 2816; x_wconf 89' lang='lat' dir='ltr'>re-</span> 
     </span>
    </p>
   </div>
   <div class='ocr_carea' id='block_1_45' title="bbox 515 2851 2116 2924">
    <p class='ocr_par' dir='ltr' id='par_1_45' title="bbox 515 2851 2116 2924">
     <span class='ocr_line' id='line_1_45' title="bbox 515 2851 2116 2924; baseline -0.002 -14"><span class='ocrx_word' id='word_1_336' title='bbox 515 2861 830 2923; x_wconf 84' lang='lat' dir='ltr'>vertantur,</span> <span class='ocrx_word' id='word_1_337' title='bbox 862 2872 894 2909; x_wconf 93' lang='lat' dir='ltr'>a</span> <span class='ocrx_word' id='word_1_338' title='bbox 923 2855 1082 2924; x_wconf 87' lang='lat' dir='ltr'>cujus</span> <span class='ocrx_word' id='word_1_339' title='bbox 1105 2855 1259 2907; x_wconf 90' lang='lat' dir='ltr'>cultu</span> <span class='ocrx_word' id='word_1_340' title='bbox 1284 2853 1416 2906; x_wconf 86' lang='lat' dir='ltr'>olim</span> <span class='ocrx_word' id='word_1_341' title='bbox 1452 2857 1818 2913; x_wconf 85' lang='lat' dir='ltr'>recesserant,</span> <span class='ocrx_word' id='word_1_342' title='bbox 1870 2858 1927 2905; x_wconf 88' lang='lat' dir='ltr'>et</span> <span class='ocrx_word' id='word_1_343' title='bbox 1962 2851 2116 2906; x_wconf 88' lang='lat' dir='ltr'>varia</span> 
     </span>
    </p>
   </div>
   <div class='ocr_carea' id='block_1_46' title="bbox 515 2941 2115 3015">
    <p class='ocr_par' dir='ltr' id='par_1_46' title="bbox 515 2941 2115 3015">
     <span class='ocr_line' id='line_1_46' title="bbox 515 2941 2115 3015; baseline -0.003 -16"><span class='ocrx_word' id='word_1_344' title='bbox 515 2945 835 3000; x_wconf 84' lang='lat' dir='ltr'>daemonum</span> <span class='ocrx_word' id='word_1_345' title='bbox 868 2950 1128 3015; x_wconf 89' lang='lat' dir='ltr'>portenta</span> <span class='ocrx_word' id='word_1_346' title='bbox 1155 2943 1387 2996; x_wconf 88' lang='lat' dir='ltr'>colendo</span> <span class='ocrx_word' id='word_1_347' title='bbox 1409 2941 1884 2995; x_wconf 89' lang='lat' dir='ltr'>absentiamillius</span> <span class='ocrx_word' id='word_1_348' title='bbox 1899 2958 2115 2995; x_wconf 83' lang='lat' dir='ltr'>merue-</span> 
     </span>
    </p>
   </div>
   <div class='ocr_carea' id='block_1_47' title="bbox 515 3029 2112 3102">
    <p class='ocr_par' dir='ltr' id='par_1_47' title="bbox 515 3029 2112 3102">
     <span class='ocr_line' id='line_1_47' title="bbox 515 3029 2112 3102; baseline -0.004 -14"><span class='ocrx_word' id='word_1_349' title='bbox 515 3039 666 3088; x_wconf 87' lang='lat' dir='ltr'>rant.</span> <span class='ocrx_word' id='word_1_350' title='bbox 710 3033 856 3097; x_wconf 86' lang='lat' dir='ltr'>Quia</span> <span class='ocrx_word' id='word_1_351' title='bbox 879 3032 1108 3102; x_wconf 90' lang='lat' dir='ltr'>(inquit)</span> <span class='ocrx_word' id='word_1_352' title='bbox 1139 3032 1258 3101; x_wconf 89' lang='lat' dir='ltr'>ipse</span> <span class='ocrx_word' id='word_1_353' title='bbox 1283 3031 1432 3101; x_wconf 89' lang='lat' dir='ltr'>cepit</span> <span class='ocrx_word' id='word_1_354' title='bbox 1461 3046 1580 3095; x_wconf 90' lang='lat' dir='ltr'>nos,</span> <span class='ocrx_word' id='word_1_355' title='bbox 1617 3031 1840 3100; x_wconf 88' lang='lat' dir='ltr'>quando</span> <span class='ocrx_word' id='word_1_356' title='bbox 1866 3029 2112 3083; x_wconf 88' lang='lat' dir='ltr'>Verbum</span> 
     </span>
    </p>
   </div>
   <div class='ocr_carea' id='block_1_48' title="bbox 2208 1879 3807 1945">
    <p class='ocr_par' dir='ltr' id='par_1_48' title="bbox 2208 1879 3807 1945">
     <span class='ocr_line' id='line_1_48' title="bbox 2208 1879 3807 1945; baseline 0 -11"><span class='ocrx_word' id='word_1_357' title='bbox 2208 1897 2307 1934; x_wconf 87' lang='lat' dir='ltr'>nes</span> <span class='ocrx_word' id='word_1_358' title='bbox 2350 1879 2499 1945; x_wconf 89' lang='lat' dir='ltr'>dicit)</span> <span class='ocrx_word' id='word_1_359' title='bbox 2530 1898 2556 1931; x_wconf 78' lang='grc' dir='ltr'><strong><em>α</em></strong></span> <span class='ocrx_word' id='word_1_360' title='bbox 2615 1879 2927 1934; x_wconf 89' lang='lat' dir='ltr'>videbimus</span> <span class='ocrx_word' id='word_1_361' title='bbox 2984 1897 3112 1935; x_wconf 91' lang='lat' dir='ltr'>eum</span> <span class='ocrx_word' id='word_1_362' title='bbox 3166 1881 3330 1934; x_wconf 90' lang='lat' dir='ltr'>sicuti</span> <span class='ocrx_word' id='word_1_363' title='bbox 3378 1886 3482 1934; x_wconf 89' lang='lat' dir='ltr'>est.</span> <span class='ocrx_word' id='word_1_364' title='bbox 3517 1899 3544 1933; x_wconf 72' lang='grc' dir='ltr'>ι)</span> <span class='ocrx_word' id='word_1_365' title='bbox 3598 1881 3700 1934; x_wconf 88' lang='lat' dir='ltr'>Vel</span> <span class='ocrx_word' id='word_1_366' title='bbox 3757 1881 3807 1934; x_wconf 91' lang='lat' dir='ltr'>si</span> 
     </span>
    </p>
   </div>
   <div class='ocr_carea' id='block_1_49' title="bbox 2206 1969 3808 2038">
    <p class='ocr_par' dir='ltr' id='par_1_49' title="bbox 2206 1969 3808 2038">
     <span class='ocr_line' id='line_1_49' title="bbox 2206 1969 3808 2038; baseline 0.001 -16"><span class='ocrx_word' id='word_1_367' title='bbox 2206 1969 2275 2022; x_wconf 90' lang='lat' dir='ltr'>ad</span> <span class='ocrx_word' id='word_1_368' title='bbox 2306 1985 2552 2038; x_wconf 61' lang='lat' dir='ltr'>priesens</span> <span class='ocrx_word' id='word_1_369' title='bbox 2596 1973 2820 2038; x_wconf 85' lang='lat' dir='ltr'>tempus</span> <span class='ocrx_word' id='word_1_370' title='bbox 2867 1969 2972 2022; x_wconf 92' lang='lat' dir='ltr'>hoc</span> <span class='ocrx_word' id='word_1_371' title='bbox 3018 1969 3228 2022; x_wconf 85' lang='lat' dir='ltr'>referre</span> <span class='ocrx_word' id='word_1_372' title='bbox 3267 1970 3544 2034; x_wconf 91' lang='lat' dir='ltr'>volumus,</span> <span class='ocrx_word' id='word_1_373' title='bbox 3577 1969 3636 2023; x_wconf 91' lang='lat' dir='ltr'>in</span> <span class='ocrx_word' id='word_1_374' title='bbox 3667 1985 3808 2023; x_wconf 88' lang='lat' dir='ltr'>con-</span> 
     </span>
    </p>
   </div>
   <div class='ocr_carea' id='block_1_50' title="bbox 2203 2057 3804 2127">
    <p class='ocr_par' dir='ltr' id='par_1_50' title="bbox 2203 2057 3804 2127">
     <span class='ocr_line' id='line_1_50' title="bbox 2203 2057 3804 2127; baseline 0.001 -17"><span class='ocrx_word' id='word_1_375' title='bbox 2203 2062 2398 2127; x_wconf 90' lang='lat' dir='ltr'>spectu</span> <span class='ocrx_word' id='word_1_376' title='bbox 2421 2059 2544 2126; x_wconf 87' lang='lat' dir='ltr'>ejus</span> <span class='ocrx_word' id='word_1_377' title='bbox 2563 2057 2819 2122; x_wconf 90' lang='lat' dir='ltr'>vivimus,</span> <span class='ocrx_word' id='word_1_378' title='bbox 2841 2058 2971 2126; x_wconf 87' lang='lat' dir='ltr'>quia</span> <span class='ocrx_word' id='word_1_379' title='bbox 2988 2058 3046 2111; x_wconf 88' lang='lat' dir='ltr'>in</span> <span class='ocrx_word' id='word_1_380' title='bbox 3064 2058 3186 2127; x_wconf 91' lang='lat' dir='ltr'>ipso</span> <span class='ocrx_word' id='word_1_381' title='bbox 3206 2074 3497 2112; x_wconf 90' lang='lat' dir='ltr'>movemur</span> <span class='ocrx_word' id='word_1_382' title='bbox 3516 2063 3573 2112; x_wconf 90' lang='lat' dir='ltr'>et</span> <span class='ocrx_word' id='word_1_383' title='bbox 3584 2073 3804 2112; x_wconf 88' lang='lat' dir='ltr'>sumus.</span> 
     </span>
    </p>
   </div>
   <div class='ocr_carea' id='block_1_51' title="bbox 2205 2145 3802 2216">
    <p class='ocr_par' dir='ltr' id='par_1_51' title="bbox 2205 2145 3802 2216">
     <span class='ocr_line' id='line_1_51' title="bbox 2205 2145 3802 2216; baseline 0.001 -18"><span class='ocrx_word' id='word_1_384' title='bbox 2205 2145 2489 2199; x_wconf 76' lang='lat' dir='ltr'>«Sciemus</span> <span class='ocrx_word' id='word_1_385' title='bbox 2510 2162 2922 2216; x_wconf 90' lang='lat' dir='ltr'>sequemurque</span> <span class='ocrx_word' id='word_1_386' title='bbox 2941 2151 3004 2200; x_wconf 90' lang='lat' dir='ltr'>ut</span> <span class='ocrx_word' id='word_1_387' title='bbox 3015 2163 3419 2216; x_wconf 87' lang='lat' dir='ltr'>cognoscamus</span> <span class='ocrx_word' id='word_1_388' title='bbox 3438 2146 3760 2201; x_wconf 91' lang='lat' dir='ltr'>Dominum.</span> <span class='ocrx_word' id='word_1_389' title='bbox 3776 2169 3802 2199; x_wconf 71' lang='grc' dir='ltr'><strong>ο</strong></span> 
     </span>
    </p>
   </div>
   <div class='ocr_carea' id='block_1_52' title="bbox 2203 2233 3808 2304">
    <p class='ocr_par' dir='ltr' id='par_1_52' title="bbox 2203 2233 3808 2304">
     <span class='ocr_line' id='line_1_52' title="bbox 2203 2233 3808 2304; baseline 0.001 -16"><span class='ocrx_word' id='word_1_390' title='bbox 2203 2233 2454 2288; x_wconf 92' lang='lat' dir='ltr'>Sciemus</span> <span class='ocrx_word' id='word_1_391' title='bbox 2485 2235 2651 2296; x_wconf 87' lang='lat' dir='ltr'>enim,</span> <span class='ocrx_word' id='word_1_392' title='bbox 2688 2234 2742 2287; x_wconf 91' lang='lat' dir='ltr'>id</span> <span class='ocrx_word' id='word_1_393' title='bbox 2775 2239 2880 2299; x_wconf 89' lang='lat' dir='ltr'>est,</span> <span class='ocrx_word' id='word_1_394' title='bbox 2911 2236 3269 2304; x_wconf 87' lang='lat' dir='ltr'>majestatem</span> <span class='ocrx_word' id='word_1_395' title='bbox 3293 2235 3688 2290; x_wconf 90' lang='lat' dir='ltr'>deitatisillius</span> <span class='ocrx_word' id='word_1_396' title='bbox 3717 2253 3808 2290; x_wconf 77' lang='lat' dir='ltr'>co-</span> 
     </span>
    </p>
   </div>
   <div class='ocr_carea' id='block_1_53' title="bbox 2199 2323 3804 2394">
    <p class='ocr_par' dir='ltr' id='par_1_53' title="bbox 2199 2323 3804 2394">
     <span class='ocr_line' id='line_1_53' title="bbox 2199 2323 3804 2394; baseline 0.002 -19"><span class='ocrx_word' id='word_1_397' title='bbox 2199 2339 2535 2392; x_wconf 83' lang='lat' dir='ltr'>gnoscemus</span> <span class='ocrx_word' id='word_1_398' title='bbox 2563 2323 2872 2388; x_wconf 89' lang='lat' dir='ltr'>credentes,</span> <span class='ocrx_word' id='word_1_399' title='bbox 2904 2323 3420 2394; x_wconf 88' lang='lat' dir='ltr'>perspicientesque</span> <span class='ocrx_word' id='word_1_400' title='bbox 3467 2325 3587 2394; x_wconf 86' lang='lat' dir='ltr'>ejus</span> <span class='ocrx_word' id='word_1_401' title='bbox 3613 2323 3804 2379; x_wconf 87' lang='lat' dir='ltr'>Trini-</span> 
     </span>
    </p>
   </div>
   <div class='ocr_carea' id='block_1_54' title="bbox 2201 2411 3806 2484">
    <p class='ocr_par' dir='ltr' id='par_1_54' title="bbox 2201 2411 3806 2484">
     <span class='ocr_line' id='line_1_54' title="bbox 2201 2411 3806 2484; baseline 0.002 -20"><span class='ocrx_word' id='word_1_402' title='bbox 2201 2415 2375 2464; x_wconf 90' lang='lat' dir='ltr'>tatem</span> <span class='ocrx_word' id='word_1_403' title='bbox 2406 2412 2463 2464; x_wconf 90' lang='lat' dir='ltr'>in</span> <span class='ocrx_word' id='word_1_404' title='bbox 2487 2411 2758 2482; x_wconf 89' lang='lat' dir='ltr'>personis,</span> <span class='ocrx_word' id='word_1_405' title='bbox 2791 2417 2846 2466; x_wconf 91' lang='lat' dir='ltr'>et</span> <span class='ocrx_word' id='word_1_406' title='bbox 2876 2411 3148 2466; x_wconf 89' lang='lat' dir='ltr'>unitatem</span> <span class='ocrx_word' id='word_1_407' title='bbox 3171 2412 3230 2466; x_wconf 90' lang='lat' dir='ltr'>in</span> <span class='ocrx_word' id='word_1_408' title='bbox 3261 2413 3573 2483; x_wconf 87' lang='lat' dir='ltr'>majestate.</span> <span class='ocrx_word' id='word_1_409' title='bbox 3595 2413 3806 2484; x_wconf 80' lang='lat' dir='ltr'>Seque-</span> 
     </span>
    </p>
   </div>
   <div class='ocr_carea' id='block_1_55' title="bbox 2195 2500 3802 2570">
    <p class='ocr_par' dir='ltr' id='par_1_55' title="bbox 2195 2500 3802 2570">
     <span class='ocr_line' id='line_1_55' title="bbox 2195 2500 3802 2570; baseline 0.002 -18"><span class='ocrx_word' id='word_1_410' title='bbox 2195 2517 2324 2553; x_wconf 90' lang='lat' dir='ltr'>mur</span> <span class='ocrx_word' id='word_1_411' title='bbox 2353 2500 2510 2554; x_wconf 91' lang='lat' dir='ltr'>illum</span> <span class='ocrx_word' id='word_1_412' title='bbox 2565 2501 2687 2570; x_wconf 88' lang='lat' dir='ltr'>ejus</span> <span class='ocrx_word' id='word_1_413' title='bbox 2724 2501 2970 2570; x_wconf 82' lang='lat' dir='ltr'>vestigia</span> <span class='ocrx_word' id='word_1_414' title='bbox 3025 2501 3322 2566; x_wconf 86' lang='lat' dir='ltr'>imitando,</span> <span class='ocrx_word' id='word_1_415' title='bbox 3380 2502 3467 2555; x_wconf 93' lang='lat' dir='ltr'>vel</span> <span class='ocrx_word' id='word_1_416' title='bbox 3511 2502 3583 2556; x_wconf 90' lang='lat' dir='ltr'>ad</span> <span class='ocrx_word' id='word_1_417' title='bbox 3629 2501 3802 2556; x_wconf 75' lang='lat' dir='ltr'>caelos</span> 
     </span>
    </p>
   </div>
   <div class='ocr_carea' id='block_1_56' title="bbox 2196 2588 3803 2660">
    <p class='ocr_par' dir='ltr' id='par_1_56' title="bbox 2196 2588 3803 2660">
     <span class='ocr_line' id='line_1_56' title="bbox 2196 2588 3803 2660; baseline 0.002 -19"><span class='ocrx_word' id='word_1_418' title='bbox 2196 2588 2733 2643; x_wconf 82' lang='lat' dir='ltr'>ascendendo.Unde</span> <span class='ocrx_word' id='word_1_419' title='bbox 2746 2588 3032 2643; x_wconf 83' lang='lat' dir='ltr'>subditur:</span> <span class='ocrx_word' id='word_1_420' title='bbox 3051 2608 3078 2642; x_wconf 71' lang='grc' dir='ltr'><strong>α</strong></span> <span class='ocrx_word' id='word_1_421' title='bbox 3102 2590 3175 2644; x_wconf 89' lang='lat' dir='ltr'>Ut</span> <span class='ocrx_word' id='word_1_422' title='bbox 3193 2606 3598 2660; x_wconf 86' lang='lat' dir='ltr'>cognoscamus</span> <span class='ocrx_word' id='word_1_423' title='bbox 3612 2591 3803 2647; x_wconf 87' lang='lat' dir='ltr'>Domi-</span> 
     </span>
    </p>
   </div>
   <div class='ocr_carea' id='block_1_57' title="bbox 2197 2677 3798 2750">
    <p class='ocr_par' dir='ltr' id='par_1_57' title="bbox 2197 2677 3798 2750">
     <span class='ocr_line' id='line_1_57' title="bbox 2197 2677 3798 2750; baseline 0.002 -20"><span class='ocrx_word' id='word_1_424' title='bbox 2197 2693 2389 2730; x_wconf 69' lang='lat' dir='ltr'>num.»</span> <span class='ocrx_word' id='word_1_425' title='bbox 2412 2677 2572 2740; x_wconf 90' lang='lat' dir='ltr'>Quod</span> <span class='ocrx_word' id='word_1_426' title='bbox 2585 2679 2856 2732; x_wconf 89' lang='lat' dir='ltr'>veraciter</span> <span class='ocrx_word' id='word_1_427' title='bbox 2868 2683 3003 2732; x_wconf 89' lang='lat' dir='ltr'>tunc</span> <span class='ocrx_word' id='word_1_428' title='bbox 3024 2678 3098 2732; x_wconf 92' lang='lat' dir='ltr'>im</span> <span class='ocrx_word' id='word_1_429' title='bbox 3105 2677 3369 2750; x_wconf 89' lang='lat' dir='ltr'>plebitur,</span> <span class='ocrx_word' id='word_1_430' title='bbox 3396 2679 3620 2750; x_wconf 89' lang='lat' dir='ltr'>quando</span> <span class='ocrx_word' id='word_1_431' title='bbox 3642 2680 3798 2750; x_wconf 91' lang='lat' dir='ltr'>quod</span> 
     </span>
    </p>
   </div>
   <div class='ocr_carea' id='block_1_58' title="bbox 2197 2766 3802 2838">
    <p class='ocr_par' dir='ltr' id='par_1_58' title="bbox 2197 2766 3802 2838">
     <span class='ocr_line' id='line_1_58' title="bbox 2197 2766 3802 2838; baseline 0.003 -20"><span class='ocrx_word' id='word_1_432' title='bbox 2197 2781 2346 2820; x_wconf 91' lang='lat' dir='ltr'>nunc</span> <span class='ocrx_word' id='word_1_433' title='bbox 2377 2766 2628 2821; x_wconf 88' lang='lat' dir='ltr'>videmus</span> <span class='ocrx_word' id='word_1_434' title='bbox 2659 2785 2757 2838; x_wconf 92' lang='lat' dir='ltr'>per</span> <span class='ocrx_word' id='word_1_435' title='bbox 2795 2769 3083 2838; x_wconf 91' lang='lat' dir='ltr'>speculum</span> <span class='ocrx_word' id='word_1_436' title='bbox 3117 2772 3173 2822; x_wconf 92' lang='lat' dir='ltr'>et</span> <span class='ocrx_word' id='word_1_437' title='bbox 3214 2769 3272 2822; x_wconf 92' lang='lat' dir='ltr'>in</span> <span class='ocrx_word' id='word_1_438' title='bbox 3317 2767 3637 2838; x_wconf 66' lang='lat' dir='ltr'>aenigmate,</span> <span class='ocrx_word' id='word_1_439' title='bbox 3670 2785 3802 2824; x_wconf 77' lang='lat' dir='ltr'>con-</span> 
     </span>
    </p>
   </div>
   <div class='ocr_carea' id='block_1_59' title="bbox 2197 2854 3802 2924">
    <p class='ocr_par' dir='ltr' id='par_1_59' title="bbox 2197 2854 3802 2924">
     <span class='ocr_line' id='line_1_59' title="bbox 2197 2854 3802 2924; baseline 0.004 -18"><span class='ocrx_word' id='word_1_440' title='bbox 2197 2854 2597 2924; x_wconf 88' lang='lat' dir='ltr'>templabimur</span> <span class='ocrx_word' id='word_1_441' title='bbox 2622 2855 2762 2910; x_wconf 86' lang='lat' dir='ltr'>facie</span> <span class='ocrx_word' id='word_1_442' title='bbox 2783 2857 2853 2910; x_wconf 90' lang='lat' dir='ltr'>ad</span> <span class='ocrx_word' id='word_1_443' title='bbox 2877 2857 3259 2912; x_wconf 86' lang='lat' dir='ltr'>faciem.Unde</span> <span class='ocrx_word' id='word_1_444' title='bbox 3281 2862 3368 2912; x_wconf 91' lang='lat' dir='ltr'>est</span> <span class='ocrx_word' id='word_1_445' title='bbox 3393 2876 3403 2910; x_wconf 92' lang='lat'>:</span> <span class='ocrx_word' id='word_1_446' title='bbox 3433 2858 3563 2912; x_wconf 76' lang='lat' dir='ltr'>Haec</span> <span class='ocrx_word' id='word_1_447' title='bbox 3592 2863 3679 2912; x_wconf 89' lang='lat' dir='ltr'>est</span> <span class='ocrx_word' id='word_1_448' title='bbox 3694 2874 3802 2912; x_wconf 89' lang='lat' dir='ltr'>au-</span> 
     </span>
    </p>
   </div>
   <div class='ocr_carea' id='block_1_60' title="bbox 2197 2944 3804 3016">
    <p class='ocr_par' dir='ltr' id='par_1_60' title="bbox 2197 2944 3804 3016">
     <span class='ocr_line' id='line_1_60' title="bbox 2197 2944 3804 3016; baseline 0.004 -21"><span class='ocrx_word' id='word_1_449' title='bbox 2197 2947 2311 2996; x_wconf 87' lang='lat' dir='ltr'>tem</span> <span class='ocrx_word' id='word_1_450' title='bbox 2330 2944 2445 2997; x_wconf 89' lang='lat' dir='ltr'>vita</span> <span class='ocrx_word' id='word_1_451' title='bbox 2464 2948 2764 3008; x_wconf 62' lang='lat' dir='ltr'>:eterna,ut</span> <span class='ocrx_word' id='word_1_452' title='bbox 2777 2951 3115 3016; x_wconf 86' lang='lat' dir='ltr'>cognoscant</span> <span class='ocrx_word' id='word_1_453' title='bbox 3131 2952 3187 2999; x_wconf 89' lang='lat' dir='ltr'>te</span> <span class='ocrx_word' id='word_1_454' title='bbox 3208 2946 3389 3000; x_wconf 89' lang='lat' dir='ltr'>solum</span> <span class='ocrx_word' id='word_1_455' title='bbox 3402 2962 3595 3000; x_wconf 91' lang='lat' dir='ltr'>verum</span> <span class='ocrx_word' id='word_1_456' title='bbox 3617 2946 3804 3002; x_wconf 88' lang='lat' dir='ltr'>Deum</span> 
     </span>
    </p>
   </div>
   <div class='ocr_carea' id='block_1_61' title="bbox 2198 3033 3802 3101">
    <p class='ocr_par' dir='ltr' id='par_1_61' title="bbox 2198 3033 3802 3101">
     <span class='ocr_line' id='line_1_61' title="bbox 2198 3033 3802 3101; baseline 0.004 -18"><span class='ocrx_word' id='word_1_457' title='bbox 2198 3035 2272 3098; x_wconf 91' lang='lat' dir='ltr'>et,</span> <span class='ocrx_word' id='word_1_458' title='bbox 2304 3048 2470 3101; x_wconf 89' lang='lat' dir='ltr'>quem</span> <span class='ocrx_word' id='word_1_459' title='bbox 2517 3033 2738 3099; x_wconf 89' lang='lat' dir='ltr'>misisti,</span> <span class='ocrx_word' id='word_1_460' title='bbox 2789 3036 2978 3088; x_wconf 87' lang='lat' dir='ltr'>Jesum</span> <span class='ocrx_word' id='word_1_461' title='bbox 3037 3034 3343 3088; x_wconf 88' lang='lat' dir='ltr'>Christum.</span> <span class='ocrx_word' id='word_1_462' title='bbox 3409 3053 3436 3087; x_wconf 76' lang='grc' dir='ltr'><strong><em>α</em></strong></span> <span class='ocrx_word' id='word_1_463' title='bbox 3488 3034 3662 3098; x_wconf 90' lang='lat' dir='ltr'>Quasi</span> <span class='ocrx_word' id='word_1_464' title='bbox 3711 3035 3802 3089; x_wconf 89' lang='lat' dir='ltr'>di-</span> 
     </span>
    </p>
   </div>
   <div class='ocr_carea' id='block_1_62' title="bbox 513 3091 3803 3193">
    <p class='ocr_par' dir='ltr' id='par_1_62' title="bbox 513 3091 3803 3193">
     <span class='ocr_line' id='line_1_62' title="bbox 513 3091 3803 3193; baseline 0 -16"><span class='ocrx_word' id='word_1_465' title='bbox 513 3138 646 3177; x_wconf 91' lang='lat' dir='ltr'>caro</span> <span class='ocrx_word' id='word_1_466' title='bbox 661 3091 1148 3176; x_wconf 39' lang='lat' dir='ltr'>factum‘estjﬂinc</span> <span class='ocrx_word' id='word_1_467' title='bbox 1161 3091 1603 3172; x_wconf 63' lang='lat' dir='ltr'>l’aulus:Semen</span> <span class='ocrx_word' id='word_1_468' title='bbox 1628 3091 1853 3189; x_wconf 51' lang='lat' dir='ltr'>(inquit)</span> <span class='ocrx_word' id='word_1_469' title='bbox 1876 3118 2114 3172; x_wconf 68' lang='lat' dir='ltr'>Abrahae</span> <span class='ocrx_word' id='word_1_470' title='bbox 2135 3091 2177 3151; x_wconf 66' lang='grc' dir='ltr'>Ο</span> <span class='ocrx_word' id='word_1_471' title='bbox 2200 3091 2450 3174; x_wconf 39' lang='lat' dir='ltr'>lucu‘lum</span> <span class='ocrx_word' id='word_1_472' title='bbox 2482 3091 2828 3192; x_wconf 75' lang='lat' dir='ltr'>praeparatus</span> <span class='ocrx_word' id='word_1_473' title='bbox 2848 3127 2936 3176; x_wconf 85' lang='lat' dir='ltr'>est</span> <span class='ocrx_word' id='word_1_474' title='bbox 2958 3139 3217 3193; x_wconf 88' lang='lat' dir='ltr'>egressus</span> <span class='ocrx_word' id='word_1_475' title='bbox 3243 3124 3292 3193; x_wconf 87' lang='lat' dir='ltr'>ej</span> <span class='ocrx_word' id='word_1_476' title='bbox 3303 3139 3386 3177; x_wconf 91' lang='lat' dir='ltr'>us.</span> <span class='ocrx_word' id='word_1_477' title='bbox 3423 3145 3445 3170; x_wconf 74' lang='grc' dir='ltr'>ιι</span> <span class='ocrx_word' id='word_1_478' title='bbox 3477 3091 3803 3178; x_wconf 71' lang='lat' dir='ltr'>Diluculum</span> 
     </span>
    </p>
   </div>
   <div class='ocr_carea' id='block_1_63' title="bbox 515 3207 2118 3282">
    <p class='ocr_par' dir='ltr' id='par_1_63' title="bbox 515 3207 2118 3282">
     <span class='ocr_line' id='line_1_63' title="bbox 515 3207 2118 3282; baseline -0.003 -17"><span class='ocrx_word' id='word_1_479' title='bbox 515 3210 906 3282; x_wconf 89' lang='lat' dir='ltr'>apprehendit.</span> <span class='ocrx_word' id='word_1_480' title='bbox 940 3209 1012 3263; x_wconf 88' lang='lat' dir='ltr'>Et</span> <span class='ocrx_word' id='word_1_481' title='bbox 1039 3207 1264 3261; x_wconf 88' lang='lat' dir='ltr'>sanabit</span> <span class='ocrx_word' id='word_1_482' title='bbox 1285 3223 1406 3269; x_wconf 87' lang='lat' dir='ltr'>nos,</span> <span class='ocrx_word' id='word_1_483' title='bbox 1440 3207 1572 3276; x_wconf 90' lang='lat' dir='ltr'>quia</span> <span class='ocrx_word' id='word_1_484' title='bbox 1604 3207 1846 3260; x_wconf 72' lang='lat' dir='ltr'>ccelestis</span> <span class='ocrx_word' id='word_1_485' title='bbox 1867 3207 2118 3260; x_wconf 91' lang='lat' dir='ltr'>medicus</span> 
     </span>
    </p>
   </div>
   <div class='ocr_carea' id='block_1_64' title="bbox 515 3297 2121 3370">
    <p class='ocr_par' dir='ltr' id='par_1_64' title="bbox 515 3297 2121 3370">
     <span class='ocr_line' id='line_1_64' title="bbox 515 3297 2121 3370; baseline -0.002 -18"><span class='ocrx_word' id='word_1_486' title='bbox 515 3304 644 3370; x_wconf 88' lang='lat' dir='ltr'>post</span> <span class='ocrx_word' id='word_1_487' title='bbox 657 3298 908 3353; x_wconf 89' lang='lat' dir='ltr'>dolorem</span> <span class='ocrx_word' id='word_1_488' title='bbox 931 3298 1219 3350; x_wconf 88' lang='lat' dir='ltr'>vulnerum</span> <span class='ocrx_word' id='word_1_489' title='bbox 1241 3301 1296 3348; x_wconf 88' lang='lat' dir='ltr'>et</span> <span class='ocrx_word' id='word_1_490' title='bbox 1316 3299 1690 3365; x_wconf 89' lang='lat' dir='ltr'>peccatorum,</span> <span class='ocrx_word' id='word_1_491' title='bbox 1718 3297 1941 3366; x_wconf 90' lang='lat' dir='ltr'>plenam</span> <span class='ocrx_word' id='word_1_492' title='bbox 1960 3297 2121 3350; x_wconf 89' lang='lat' dir='ltr'>nobis</span> 
     </span>
    </p>
   </div>
   <div class='ocr_carea' id='block_1_65' title="bbox 517 3384 2118 3454">
    <p class='ocr_par' dir='ltr' id='par_1_65' title="bbox 517 3384 2118 3454">
     <span class='ocr_line' id='line_1_65' title="bbox 517 3384 2118 3454; baseline -0.001 -14"><span class='ocrx_word' id='word_1_493' title='bbox 517 3387 756 3441; x_wconf 89' lang='lat' dir='ltr'>salutem</span> <span class='ocrx_word' id='word_1_494' title='bbox 777 3384 1108 3440; x_wconf 84' lang='lat' dir='ltr'>dabit.11inc</span> <span class='ocrx_word' id='word_1_495' title='bbox 1130 3384 1401 3438; x_wconf 91' lang='lat' dir='ltr'>Dominus</span> <span class='ocrx_word' id='word_1_496' title='bbox 1424 3384 1794 3454; x_wconf 85' lang='lat' dir='ltr'>paralyticum</span> <span class='ocrx_word' id='word_1_497' title='bbox 1819 3390 2118 3438; x_wconf 88' lang='lat' dir='ltr'>sanaturus</span> 
     </span>
    </p>
   </div>
   <div class='ocr_carea' id='block_1_66' title="bbox 517 3473 2120 3548">
    <p class='ocr_par' dir='ltr' id='par_1_66' title="bbox 517 3473 2120 3548">
     <span class='ocr_line' id='line_1_66' title="bbox 517 3473 2120 3548; baseline -0.002 -18"><span class='ocrx_word' id='word_1_498' title='bbox 517 3476 675 3548; x_wconf 88' lang='lat' dir='ltr'>prius</span> <span class='ocrx_word' id='word_1_499' title='bbox 703 3475 762 3529; x_wconf 93' lang='lat' dir='ltr'>in</span> <span class='ocrx_word' id='word_1_500' title='bbox 774 3475 964 3528; x_wconf 90' lang='lat' dir='ltr'>anima</span> <span class='ocrx_word' id='word_1_501' title='bbox 993 3479 1214 3544; x_wconf 89' lang='lat' dir='ltr'>purgat,</span> <span class='ocrx_word' id='word_1_502' title='bbox 1238 3473 1441 3526; x_wconf 85' lang='lat' dir='ltr'>deinde</span> <span class='ocrx_word' id='word_1_503' title='bbox 1462 3473 1520 3526; x_wconf 91' lang='lat' dir='ltr'>in</span> <span class='ocrx_word' id='word_1_504' title='bbox 1543 3489 1774 3542; x_wconf 87' lang='lat' dir='ltr'>corpore</span> <span class='ocrx_word' id='word_1_505' title='bbox 1795 3473 1864 3526; x_wconf 89' lang='lat' dir='ltr'>ab</span> <span class='ocrx_word' id='word_1_506' title='bbox 1879 3473 2120 3526; x_wconf 89' lang='lat' dir='ltr'>inﬁrmi-</span> 
     </span>
    </p>
   </div>
   <div class='ocr_carea' id='block_1_67' title="bbox 517 3560 2119 3626">
    <p class='ocr_par' dir='ltr' id='par_1_67' title="bbox 517 3560 2119 3626">
     <span class='ocr_line' id='line_1_67' title="bbox 517 3560 2119 3626; baseline -0.003 -7"><span class='ocrx_word' id='word_1_507' title='bbox 517 3565 652 3619; x_wconf 89' lang='lat' dir='ltr'>tatis</span> <span class='ocrx_word' id='word_1_508' title='bbox 683 3563 935 3617; x_wconf 90' lang='lat' dir='ltr'>molestia</span> <span class='ocrx_word' id='word_1_509' title='bbox 963 3563 1190 3615; x_wconf 86' lang='lat' dir='ltr'>relevat.</span> <span class='ocrx_word' id='word_1_510' title='bbox 1226 3560 1512 3614; x_wconf 85' lang='lat' dir='ltr'>Percutiet</span> <span class='ocrx_word' id='word_1_511' title='bbox 1540 3577 1660 3626; x_wconf 87' lang='lat' dir='ltr'>nos,</span> <span class='ocrx_word' id='word_1_512' title='bbox 1686 3561 1952 3614; x_wconf 87' lang='lat' dir='ltr'>subaudis</span> <span class='ocrx_word' id='word_1_513' title='bbox 1967 3561 2119 3614; x_wconf 89' lang='lat' dir='ltr'>vario</span> 
     </span>
    </p>
   </div>
   <div class='ocr_carea' id='block_1_68' title="bbox 519 3650 2114 3725">
    <p class='ocr_par' dir='ltr' id='par_1_68' title="bbox 519 3650 2114 3725">
     <span class='ocr_line' id='line_1_68' title="bbox 519 3650 2114 3725; baseline -0.004 -16"><span class='ocrx_word' id='word_1_514' title='bbox 519 3655 771 3720; x_wconf 86' lang='lat' dir='ltr'>modo,et</span> <span class='ocrx_word' id='word_1_515' title='bbox 783 3659 910 3725; x_wconf 92' lang='lat' dir='ltr'>post</span> <span class='ocrx_word' id='word_1_516' title='bbox 930 3651 1344 3724; x_wconf 86' lang='lat' dir='ltr'>percussionem</span> <span class='ocrx_word' id='word_1_517' title='bbox 1359 3650 1577 3704; x_wconf 90' lang='lat' dir='ltr'>curabit</span> <span class='ocrx_word' id='word_1_518' title='bbox 1599 3667 1717 3713; x_wconf 90' lang='lat' dir='ltr'>nos,</span> <span class='ocrx_word' id='word_1_519' title='bbox 1749 3651 1911 3719; x_wconf 80' lang='lat' dir='ltr'>juxta</span> <span class='ocrx_word' id='word_1_520' title='bbox 1928 3650 2067 3703; x_wconf 90' lang='lat' dir='ltr'>illud</span> <span class='ocrx_word' id='word_1_521' title='bbox 2104 3668 2114 3702; x_wconf 94' lang='lat'>:</span> 
     </span>
    </p>
   </div>
   <div class='ocr_carea' id='block_1_69' title="bbox 522 3739 2120 3812">
    <p class='ocr_par' dir='ltr' id='par_1_69' title="bbox 522 3739 2120 3812">
     <span class='ocr_line' id='line_1_69' title="bbox 522 3739 2120 3812; baseline -0.004 -15"><span class='ocrx_word' id='word_1_522' title='bbox 522 3762 550 3796; x_wconf 72' lang='grc' dir='ltr'>α</span> <span class='ocrx_word' id='word_1_523' title='bbox 584 3744 761 3807; x_wconf 90' lang='lat' dir='ltr'>Quem</span> <span class='ocrx_word' id='word_1_524' title='bbox 793 3742 978 3812; x_wconf 89' lang='lat' dir='ltr'>diligit</span> <span class='ocrx_word' id='word_1_525' title='bbox 1001 3740 1273 3794; x_wconf 90' lang='lat' dir='ltr'>Dominus</span> <span class='ocrx_word' id='word_1_526' title='bbox 1303 3739 1586 3809; x_wconf 80' lang='lat' dir='ltr'>corripit.»</span> <span class='ocrx_word' id='word_1_527' title='bbox 1611 3739 1769 3792; x_wconf 91' lang='lat' dir='ltr'>Unde</span> <span class='ocrx_word' id='word_1_528' title='bbox 1795 3743 1851 3792; x_wconf 81' lang='lat' dir='ltr'>et</span> <span class='ocrx_word' id='word_1_529' title='bbox 1879 3739 2120 3808; x_wconf 86' lang='lat' dir='ltr'>ipsecui-</span> 
     </span>
    </p>
   </div>
   <div class='ocr_carea' id='block_1_70' title="bbox 520 3821 2119 3898">
    <p class='ocr_par' dir='ltr' id='par_1_70' title="bbox 520 3821 2119 3898">
     <span class='ocr_line' id='line_1_70' title="bbox 520 3821 2119 3898; baseline -0.004 -11"><span class='ocrx_word' id='word_1_530' title='bbox 520 3833 650 3887; x_wconf 88' lang='lat' dir='ltr'>dam</span> <span class='ocrx_word' id='word_1_531' title='bbox 682 3821 880 3898; x_wconf 81' lang='lat' dir='ltr'>sanato</span> <span class='ocrx_word' id='word_1_532' title='bbox 907 3831 986 3884; x_wconf 87' lang='lat' dir='ltr'>ait</span> <span class='ocrx_word' id='word_1_533' title='bbox 1015 3848 1025 3882; x_wconf 95' lang='lat'><strong>:</strong></span> <span class='ocrx_word' id='word_1_534' title='bbox 1059 3848 1082 3880; x_wconf 74' lang='grc' dir='ltr'>(ι</span> <span class='ocrx_word' id='word_1_535' title='bbox 1120 3829 1252 3881; x_wconf 87' lang='lat' dir='ltr'>Ecce</span> <span class='ocrx_word' id='word_1_536' title='bbox 1283 3844 1452 3880; x_wconf 89' lang='lat' dir='ltr'>sanus</span> <span class='ocrx_word' id='word_1_537' title='bbox 1480 3827 1750 3890; x_wconf 81' lang='lat' dir='ltr'>factuses,</span> <span class='ocrx_word' id='word_1_538' title='bbox 1772 3845 1796 3878; x_wconf 82' lang='lat'><strong><em>»</em></strong></span> <span class='ocrx_word' id='word_1_539' title='bbox 1831 3833 1937 3882; x_wconf 82' lang='lat' dir='ltr'>etc.</span> <span class='ocrx_word' id='word_1_540' title='bbox 1973 3847 1998 3877; x_wconf 83' lang='lat'>«</span> <span class='ocrx_word' id='word_1_541' title='bbox 2020 3827 2119 3880; x_wconf 90' lang='lat' dir='ltr'>Vi-</span> 
     </span>
    </p>
   </div>
   <div class='ocr_carea' id='block_1_71' title="bbox 519 3914 2120 3989">
    <p class='ocr_par' dir='ltr' id='par_1_71' title="bbox 519 3914 2120 3989">
     <span class='ocr_line' id='line_1_71' title="bbox 519 3914 2120 3989; baseline -0.004 -16"><span class='ocrx_word' id='word_1_542' title='bbox 519 3920 765 3975; x_wconf 89' lang='lat' dir='ltr'>viﬁcabit</span> <span class='ocrx_word' id='word_1_543' title='bbox 795 3936 896 3974; x_wconf 87' lang='lat' dir='ltr'>nos</span> <span class='ocrx_word' id='word_1_544' title='bbox 925 3923 1052 3989; x_wconf 88' lang='lat' dir='ltr'>post</span> <span class='ocrx_word' id='word_1_545' title='bbox 1079 3918 1218 3970; x_wconf 92' lang='lat' dir='ltr'>duos</span> <span class='ocrx_word' id='word_1_546' title='bbox 1247 3916 1383 3968; x_wconf 87' lang='lat' dir='ltr'>dies.</span> <span class='ocrx_word' id='word_1_547' title='bbox 1424 3935 1443 3965; x_wconf 72' lang='grc' dir='ltr'><strong>ν</strong></span> <span class='ocrx_word' id='word_1_548' title='bbox 1472 3915 1703 3968; x_wconf 83' lang='lat' dir='ltr'>Frustra</span> <span class='ocrx_word' id='word_1_549' title='bbox 1725 3914 1944 3968; x_wconf 69' lang='lat' dir='ltr'>Hebraei</span> <span class='ocrx_word' id='word_1_550' title='bbox 1971 3915 2120 3981; x_wconf 87' lang='lat' dir='ltr'>(dicit</span> 
     </span>
    </p>
   </div>
   <div class='ocr_carea' id='block_1_72' title="bbox 520 4004 2118 4079">
    <p class='ocr_par' dir='ltr' id='par_1_72' title="bbox 520 4004 2118 4079">
     <span class='ocr_line' id='line_1_72' title="bbox 520 4004 2118 4079; baseline -0.005 -13"><span class='ocrx_word' id='word_1_551' title='bbox 520 4011 722 4067; x_wconf 89' lang='lat' dir='ltr'>beatus</span> <span class='ocrx_word' id='word_1_552' title='bbox 751 4010 1142 4079; x_wconf 86' lang='lat' dir='ltr'>Hieronymus)</span> <span class='ocrx_word' id='word_1_553' title='bbox 1177 4005 1459 4060; x_wconf 87' lang='lat' dir='ltr'>somniant</span> <span class='ocrx_word' id='word_1_554' title='bbox 1506 4004 1611 4058; x_wconf 88' lang='lat' dir='ltr'>sibi</span> <span class='ocrx_word' id='word_1_555' title='bbox 1667 4011 1794 4076; x_wconf 89' lang='lat' dir='ltr'>post</span> <span class='ocrx_word' id='word_1_556' title='bbox 1849 4005 2118 4059; x_wconf 88' lang='lat' dir='ltr'>circulum</span> 
     </span>
    </p>
   </div>
   <div class='ocr_carea' id='block_1_73' title="bbox 521 4093 2121 4158">
    <p class='ocr_par' dir='ltr' id='par_1_73' title="bbox 521 4093 2121 4158">
     <span class='ocr_line' id='line_1_73' title="bbox 521 4093 2121 4158; baseline -0.006 -2"><span class='ocrx_word' id='word_1_557' title='bbox 521 4102 675 4156; x_wconf 88' lang='lat' dir='ltr'>mille</span> <span class='ocrx_word' id='word_1_558' title='bbox 692 4115 966 4154; x_wconf 90' lang='lat' dir='ltr'>annorum</span> <span class='ocrx_word' id='word_1_559' title='bbox 988 4097 1250 4158; x_wconf 88' lang='lat' dir='ltr'>salutem,</span> <span class='ocrx_word' id='word_1_560' title='bbox 1265 4111 1390 4148; x_wconf 88' lang='lat' dir='ltr'>cum</span> <span class='ocrx_word' id='word_1_561' title='bbox 1412 4094 1565 4147; x_wconf 90' lang='lat' dir='ltr'>salus</span> <span class='ocrx_word' id='word_1_562' title='bbox 1585 4094 1934 4148; x_wconf 90' lang='lat' dir='ltr'>credentium</span> <span class='ocrx_word' id='word_1_563' title='bbox 1952 4093 2121 4148; x_wconf 90' lang='lat' dir='ltr'>tertia</span> 
     </span>
    </p>
   </div>
   <div class='ocr_carea' id='block_1_74' title="bbox 522 4183 2117 4259">
    <p class='ocr_par' dir='ltr' id='par_1_74' title="bbox 522 4183 2117 4259">
     <span class='ocr_line' id='line_1_74' title="bbox 522 4183 2117 4259; baseline -0.005 -16"><span class='ocrx_word' id='word_1_564' title='bbox 522 4191 614 4244; x_wconf 89' lang='lat' dir='ltr'>die</span> <span class='ocrx_word' id='word_1_565' title='bbox 636 4188 911 4259; x_wconf 88' lang='lat' dir='ltr'>promissa</span> <span class='ocrx_word' id='word_1_566' title='bbox 939 4186 1031 4250; x_wconf 91' lang='lat' dir='ltr'>sit,</span> <span class='ocrx_word' id='word_1_567' title='bbox 1063 4185 1196 4254; x_wconf 89' lang='lat' dir='ltr'>quia</span> <span class='ocrx_word' id='word_1_568' title='bbox 1225 4183 1778 4236; x_wconf 86' lang='lat' dir='ltr'>Dominusabinferis</span> <span class='ocrx_word' id='word_1_569' title='bbox 1792 4183 2117 4236; x_wconf 84' lang='lat' dir='ltr'>resurrexit.</span> 
     </span>
    </p>
   </div>
   <div class='ocr_carea' id='block_1_75' title="bbox 524 4271 2120 4346">
    <p class='ocr_par' dir='ltr' id='par_1_75' title="bbox 524 4271 2120 4346">
     <span class='ocr_line' id='line_1_75' title="bbox 524 4271 2120 4346; baseline -0.004 -16"><span class='ocrx_word' id='word_1_570' title='bbox 524 4277 612 4332; x_wconf 93' lang='lat' dir='ltr'>llli</span> <span class='ocrx_word' id='word_1_571' title='bbox 639 4276 844 4346; x_wconf 90' lang='lat' dir='ltr'>quippe</span> <span class='ocrx_word' id='word_1_572' title='bbox 872 4274 1018 4327; x_wconf 92' lang='lat' dir='ltr'>diem</span> <span class='ocrx_word' id='word_1_573' title='bbox 1047 4271 1353 4325; x_wconf 90' lang='lat' dir='ltr'>secundum</span> <span class='ocrx_word' id='word_1_574' title='bbox 1408 4271 1663 4324; x_wconf 82' lang='lat' dir='ltr'>referunt</span> <span class='ocrx_word' id='word_1_575' title='bbox 1713 4271 1982 4325; x_wconf 84' lang='lat' dir='ltr'>adventus</span> <span class='ocrx_word' id='word_1_576' title='bbox 2031 4271 2120 4325; x_wconf 92' lang='lat' dir='ltr'>sui</span> 
     </span>
    </p>
   </div>
   <div class='ocr_carea' id='block_1_76' title="bbox 468 4347 2122 4428">
    <p class='ocr_par' dir='ltr' id='par_1_76' title="bbox 468 4347 2122 4428">
     <span class='ocr_line' id='line_1_76' title="bbox 468 4347 2122 4428; baseline -0.005 -9"><span class='ocrx_word' id='word_1_577' title='bbox 468 4347 484 4358; x_wconf 58' lang='grc'><em>’</em></span> <span class='ocrx_word' id='word_1_578' title='bbox 527 4362 768 4418; x_wconf 89' lang='lat' dir='ltr'>Christi:</span> <span class='ocrx_word' id='word_1_579' title='bbox 803 4362 951 4416; x_wconf 92' lang='lat' dir='ltr'>diem</span> <span class='ocrx_word' id='word_1_580' title='bbox 979 4375 1104 4413; x_wconf 90' lang='lat' dir='ltr'>vero</span> <span class='ocrx_word' id='word_1_581' title='bbox 1147 4358 1236 4412; x_wconf 83' lang='lat' dir='ltr'>sui</span> <span class='ocrx_word' id='word_1_582' title='bbox 1267 4357 1518 4421; x_wconf 90' lang='lat' dir='ltr'>tertium,</span> <span class='ocrx_word' id='word_1_583' title='bbox 1552 4357 1823 4412; x_wconf 89' lang='lat' dir='ltr'>adventus</span> <span class='ocrx_word' id='word_1_584' title='bbox 1861 4359 1930 4411; x_wconf 86' lang='lat' dir='ltr'>ad</span> <span class='ocrx_word' id='word_1_585' title='bbox 1969 4359 2122 4428; x_wconf 89' lang='lat' dir='ltr'>judi-</span> 
     </span>
    </p>
   </div>
   <div class='ocr_carea' id='block_1_77' title="bbox 2201 3209 3806 3281">
    <p class='ocr_par' dir='ltr' id='par_1_77' title="bbox 2201 3209 3806 3281">
     <span class='ocr_line' id='line_1_77' title="bbox 2201 3209 3806 3281; baseline 0.004 -20"><span class='ocrx_word' id='word_1_586' title='bbox 2201 3209 2409 3262; x_wconf 90' lang='lat' dir='ltr'>dicitur</span> <span class='ocrx_word' id='word_1_587' title='bbox 2438 3226 2608 3280; x_wconf 88' lang='lat' dir='ltr'>parva</span> <span class='ocrx_word' id='word_1_588' title='bbox 2637 3211 2746 3264; x_wconf 88' lang='lat' dir='ltr'>diei</span> <span class='ocrx_word' id='word_1_589' title='bbox 2771 3211 2884 3276; x_wconf 86' lang='lat' dir='ltr'>lux,</span> <span class='ocrx_word' id='word_1_590' title='bbox 2913 3228 3025 3281; x_wconf 92' lang='lat' dir='ltr'>qua</span> <span class='ocrx_word' id='word_1_591' title='bbox 3054 3213 3270 3265; x_wconf 91' lang='lat' dir='ltr'>oriente</span> <span class='ocrx_word' id='word_1_592' title='bbox 3328 3210 3574 3266; x_wconf 69' lang='lat' dir='ltr'>tenebrae</span> <span class='ocrx_word' id='word_1_593' title='bbox 3620 3212 3806 3267; x_wconf 90' lang='lat' dir='ltr'>noctis</span> 
     </span>
    </p>
   </div>
   <div class='ocr_carea' id='block_1_78' title="bbox 2205 3298 3800 3372">
    <p class='ocr_par' dir='ltr' id='par_1_78' title="bbox 2205 3298 3800 3372">
     <span class='ocr_line' id='line_1_78' title="bbox 2205 3298 3800 3372; baseline 0.003 -22"><span class='ocrx_word' id='word_1_594' title='bbox 2205 3298 2490 3368; x_wconf 84' lang='lat' dir='ltr'>fugantur,</span> <span class='ocrx_word' id='word_1_595' title='bbox 2525 3305 2582 3352; x_wconf 90' lang='lat' dir='ltr'>et</span> <span class='ocrx_word' id='word_1_596' title='bbox 2617 3299 2842 3354; x_wconf 88' lang='lat' dir='ltr'>claritas</span> <span class='ocrx_word' id='word_1_597' title='bbox 2867 3300 2978 3353; x_wconf 92' lang='lat' dir='ltr'>diei</span> <span class='ocrx_word' id='word_1_598' title='bbox 3009 3316 3281 3371; x_wconf 87' lang='lat' dir='ltr'>apparere</span> <span class='ocrx_word' id='word_1_599' title='bbox 3310 3301 3632 3372; x_wconf 85' lang='lat' dir='ltr'>incipit.Est</span> <span class='ocrx_word' id='word_1_600' title='bbox 3663 3317 3800 3372; x_wconf 89' lang='lat' dir='ltr'>ergo</span> 
     </span>
    </p>
   </div>
   <div class='ocr_carea' id='block_1_79' title="bbox 2202 3388 3805 3458">
    <p class='ocr_par' dir='ltr' id='par_1_79' title="bbox 2202 3388 3805 3458">
     <span class='ocr_line' id='line_1_79' title="bbox 2202 3388 3805 3458; baseline 0.003 -19"><span class='ocrx_word' id='word_1_601' title='bbox 2202 3403 2400 3440; x_wconf 91' lang='lat' dir='ltr'>sensus</span> <span class='ocrx_word' id='word_1_602' title='bbox 2430 3406 2441 3440; x_wconf 95' lang='lat'>:</span> <span class='ocrx_word' id='word_1_603' title='bbox 2473 3388 2628 3441; x_wconf 90' lang='lat' dir='ltr'>Sicut</span> <span class='ocrx_word' id='word_1_604' title='bbox 2656 3388 2902 3442; x_wconf 93' lang='lat' dir='ltr'>diluculo</span> <span class='ocrx_word' id='word_1_605' title='bbox 2934 3395 3198 3458; x_wconf 87' lang='lat' dir='ltr'>surgente</span> <span class='ocrx_word' id='word_1_606' title='bbox 3227 3390 3472 3444; x_wconf 74' lang='lat' dir='ltr'>tenebrze</span> <span class='ocrx_word' id='word_1_607' title='bbox 3500 3389 3682 3443; x_wconf 89' lang='lat' dir='ltr'>noctis</span> <span class='ocrx_word' id='word_1_608' title='bbox 3711 3389 3805 3444; x_wconf 91' lang='lat' dir='ltr'>fu-</span> 
     </span>
    </p>
   </div>
   <div class='ocr_carea' id='block_1_80' title="bbox 2201 3477 3804 3548">
    <p class='ocr_par' dir='ltr' id='par_1_80' title="bbox 2201 3477 3804 3548">
     <span class='ocr_line' id='line_1_80' title="bbox 2201 3477 3804 3548; baseline 0.003 -21"><span class='ocrx_word' id='word_1_609' title='bbox 2201 3481 2429 3546; x_wconf 87' lang='lat' dir='ltr'>gantur,</span> <span class='ocrx_word' id='word_1_610' title='bbox 2463 3482 2519 3529; x_wconf 92' lang='lat' dir='ltr'>et</span> <span class='ocrx_word' id='word_1_611' title='bbox 2548 3477 2640 3530; x_wconf 86' lang='lat' dir='ltr'>lux</span> <span class='ocrx_word' id='word_1_612' title='bbox 2670 3477 2779 3530; x_wconf 91' lang='lat' dir='ltr'>diei</span> <span class='ocrx_word' id='word_1_613' title='bbox 2832 3477 3101 3548; x_wconf 89' lang='lat' dir='ltr'>aperitur,</span> <span class='ocrx_word' id='word_1_614' title='bbox 3138 3477 3219 3531; x_wconf 89' lang='lat' dir='ltr'>ita</span> <span class='ocrx_word' id='word_1_615' title='bbox 3275 3477 3495 3532; x_wconf 88' lang='lat' dir='ltr'>Christo</span> <span class='ocrx_word' id='word_1_616' title='bbox 3525 3478 3584 3531; x_wconf 92' lang='lat' dir='ltr'>in</span> <span class='ocrx_word' id='word_1_617' title='bbox 3631 3494 3804 3532; x_wconf 87' lang='lat' dir='ltr'>carne</span> 
     </span>
    </p>
   </div>
   <div class='ocr_carea' id='block_1_81' title="bbox 2203 3563 3803 3634">
    <p class='ocr_par' dir='ltr' id='par_1_81' title="bbox 2203 3563 3803 3634">
     <span class='ocr_line' id='line_1_81' title="bbox 2203 3563 3803 3634; baseline 0.003 -18"><span class='ocrx_word' id='word_1_618' title='bbox 2203 3569 2466 3616; x_wconf 90' lang='lat' dir='ltr'>nascente</span> <span class='ocrx_word' id='word_1_619' title='bbox 2497 3563 2741 3617; x_wconf 61' lang='lat' dir='ltr'>tenebrat</span> <span class='ocrx_word' id='word_1_620' title='bbox 2772 3570 3124 3634; x_wconf 87' lang='lat' dir='ltr'>peccatorum</span> <span class='ocrx_word' id='word_1_621' title='bbox 3156 3571 3476 3620; x_wconf 90' lang='lat' dir='ltr'>nostrorum</span> <span class='ocrx_word' id='word_1_622' title='bbox 3515 3565 3803 3634; x_wconf 64' lang='lat' dir='ltr'>dissipatae</span> 
     </span>
    </p>
   </div>
   <div class='ocr_carea' id='block_1_82' title="bbox 2202 3651 3804 3723">
    <p class='ocr_par' dir='ltr' id='par_1_82' title="bbox 2202 3651 3804 3723">
     <span class='ocr_line' id='line_1_82' title="bbox 2202 3651 3804 3723; baseline -0.001 -18"><span class='ocrx_word' id='word_1_623' title='bbox 2202 3657 2352 3715; x_wconf 86' lang='lat' dir='ltr'>sunt,</span> <span class='ocrx_word' id='word_1_624' title='bbox 2387 3657 2440 3704; x_wconf 91' lang='lat' dir='ltr'>et</span> <span class='ocrx_word' id='word_1_625' title='bbox 2461 3657 2617 3705; x_wconf 91' lang='lat' dir='ltr'>ortus</span> <span class='ocrx_word' id='word_1_626' title='bbox 2639 3657 2723 3704; x_wconf 90' lang='lat' dir='ltr'>est</span> <span class='ocrx_word' id='word_1_627' title='bbox 2752 3651 2912 3704; x_wconf 93' lang='lat' dir='ltr'>nobis</span> <span class='ocrx_word' id='word_1_628' title='bbox 2938 3653 3020 3705; x_wconf 91' lang='lat' dir='ltr'>sol</span> <span class='ocrx_word' id='word_1_629' title='bbox 3044 3653 3295 3722; x_wconf 71' lang='lat' dir='ltr'>justitize,</span> <span class='ocrx_word' id='word_1_630' title='bbox 3331 3653 3426 3723; x_wconf 89' lang='lat' dir='ltr'>qui</span> <span class='ocrx_word' id='word_1_631' title='bbox 3456 3657 3708 3706; x_wconf 91' lang='lat' dir='ltr'>nostram</span> <span class='ocrx_word' id='word_1_632' title='bbox 3737 3651 3804 3706; x_wconf 86' lang='lat' dir='ltr'>il-</span> 
     </span>
    </p>
   </div>
   <div class='ocr_carea' id='block_1_83' title="bbox 2203 3740 3798 3810">
    <p class='ocr_par' dir='ltr' id='par_1_83' title="bbox 2203 3740 3798 3810">
     <span class='ocr_line' id='line_1_83' title="bbox 2203 3740 3798 3810; baseline 0.001 -17"><span class='ocrx_word' id='word_1_633' title='bbox 2203 3740 2482 3793; x_wconf 92' lang='lat' dir='ltr'>luminans</span> <span class='ocrx_word' id='word_1_634' title='bbox 2512 3740 2837 3805; x_wconf 79' lang='lat' dir='ltr'>caecitatem,</span> <span class='ocrx_word' id='word_1_635' title='bbox 2871 3741 3060 3794; x_wconf 91' lang='lat' dir='ltr'>oculos</span> <span class='ocrx_word' id='word_1_636' title='bbox 3090 3741 3294 3794; x_wconf 88' lang='lat' dir='ltr'>mentis</span> <span class='ocrx_word' id='word_1_637' title='bbox 3324 3746 3528 3794; x_wconf 70' lang='lat' dir='ltr'>nostrae</span> <span class='ocrx_word' id='word_1_638' title='bbox 3553 3741 3798 3810; x_wconf 89' lang='lat' dir='ltr'>aperuit,</span> 
     </span>
    </p>
   </div>
   <div class='ocr_carea' id='block_1_84' title="bbox 2202 3828 3802 3900">
    <p class='ocr_par' dir='ltr' id='par_1_84' title="bbox 2202 3828 3802 3900">
     <span class='ocr_line' id='line_1_84' title="bbox 2202 3828 3802 3900; baseline 0 -18"><span class='ocrx_word' id='word_1_639' title='bbox 2202 3835 2258 3882; x_wconf 90' lang='lat' dir='ltr'>et</span> <span class='ocrx_word' id='word_1_640' title='bbox 2285 3828 2596 3882; x_wconf 89' lang='lat' dir='ltr'>claritatem</span> <span class='ocrx_word' id='word_1_641' title='bbox 2617 3828 2857 3882; x_wconf 73' lang='lat' dir='ltr'>caelestis</span> <span class='ocrx_word' id='word_1_642' title='bbox 2885 3830 3100 3900; x_wconf 64' lang='lat' dir='ltr'>patria),</span> <span class='ocrx_word' id='word_1_643' title='bbox 3125 3830 3427 3899; x_wconf 90' lang='lat' dir='ltr'>lumenque</span> <span class='ocrx_word' id='word_1_644' title='bbox 3447 3845 3588 3884; x_wconf 61' lang='lat' dir='ltr'>verre</span> <span class='ocrx_word' id='word_1_645' title='bbox 3609 3829 3802 3883; x_wconf 83' lang='lat' dir='ltr'>scien—</span> 
     </span>
    </p>
   </div>
   <div class='ocr_carea' id='block_1_85' title="bbox 2204 3917 3802 3989">
    <p class='ocr_par' dir='ltr' id='par_1_85' title="bbox 2204 3917 3802 3989">
     <span class='ocr_line' id='line_1_85' title="bbox 2204 3917 3802 3989; baseline 0.001 -18"><span class='ocrx_word' id='word_1_646' title='bbox 2204 3918 2294 3971; x_wconf 72' lang='lat' dir='ltr'>tize</span> <span class='ocrx_word' id='word_1_647' title='bbox 2327 3917 2722 3971; x_wconf 85' lang='lat' dir='ltr'>manifestavit.</span> <span class='ocrx_word' id='word_1_648' title='bbox 2752 3919 2819 3972; x_wconf 91' lang='lat' dir='ltr'>Et</span> <span class='ocrx_word' id='word_1_649' title='bbox 2842 3919 3070 3988; x_wconf 78' lang='lat' dir='ltr'>pulchre</span> <span class='ocrx_word' id='word_1_650' title='bbox 3095 3919 3290 3972; x_wconf 89' lang='lat' dir='ltr'>eadem</span> <span class='ocrx_word' id='word_1_651' title='bbox 3322 3919 3584 3972; x_wconf 89' lang='lat' dir='ltr'>nativitas</span> <span class='ocrx_word' id='word_1_652' title='bbox 3609 3935 3802 3989; x_wconf 86' lang='lat' dir='ltr'>egres-</span> 
     </span>
    </p>
   </div>
   <div class='ocr_carea' id='block_1_86' title="bbox 2202 4005 3803 4078">
    <p class='ocr_par' dir='ltr' id='par_1_86' title="bbox 2202 4005 3803 4078">
     <span class='ocr_line' id='line_1_86' title="bbox 2202 4005 3803 4078; baseline 0.001 -19"><span class='ocrx_word' id='word_1_653' title='bbox 2202 4022 2297 4060; x_wconf 90' lang='lat' dir='ltr'>sus</span> <span class='ocrx_word' id='word_1_654' title='bbox 2326 4006 2448 4075; x_wconf 92' lang='lat' dir='ltr'>ejus</span> <span class='ocrx_word' id='word_1_655' title='bbox 2469 4005 2802 4076; x_wconf 86' lang='lat' dir='ltr'>appellatur,</span> <span class='ocrx_word' id='word_1_656' title='bbox 2839 4006 2908 4059; x_wconf 93' lang='lat' dir='ltr'>de</span> <span class='ocrx_word' id='word_1_657' title='bbox 2937 4022 3048 4076; x_wconf 90' lang='lat' dir='ltr'>qua</span> <span class='ocrx_word' id='word_1_658' title='bbox 3077 4006 3378 4061; x_wconf 91' lang='lat' dir='ltr'>Psalmista</span> <span class='ocrx_word' id='word_1_659' title='bbox 3401 4007 3516 4061; x_wconf 87' lang='lat' dir='ltr'>ait:</span> <span class='ocrx_word' id='word_1_660' title='bbox 3557 4007 3658 4061; x_wconf 71' lang='lat' dir='ltr'>cEt</span> <span class='ocrx_word' id='word_1_661' title='bbox 3683 4007 3803 4078; x_wconf 88' lang='lat' dir='ltr'>ipse</span> 
     </span>
    </p>
   </div>
   <div class='ocr_carea' id='block_1_87' title="bbox 2201 4094 3803 4165">
    <p class='ocr_par' dir='ltr' id='par_1_87' title="bbox 2201 4094 3803 4165">
     <span class='ocr_line' id='line_1_87' title="bbox 2201 4094 3803 4165; baseline 0.001 -19"><span class='ocrx_word' id='word_1_662' title='bbox 2201 4098 2475 4164; x_wconf 89' lang='lat' dir='ltr'>tanquam</span> <span class='ocrx_word' id='word_1_663' title='bbox 2501 4110 2740 4165; x_wconf 91' lang='lat' dir='ltr'>sponsus</span> <span class='ocrx_word' id='word_1_664' title='bbox 2762 4094 3067 4165; x_wconf 91' lang='lat' dir='ltr'>procedens</span> <span class='ocrx_word' id='word_1_665' title='bbox 3096 4095 3166 4148; x_wconf 89' lang='lat' dir='ltr'>de</span> <span class='ocrx_word' id='word_1_666' title='bbox 3189 4095 3438 4149; x_wconf 91' lang='lat' dir='ltr'>thalamo</span> <span class='ocrx_word' id='word_1_667' title='bbox 3468 4111 3626 4149; x_wconf 80' lang='lat' dir='ltr'>suo.»</span> <span class='ocrx_word' id='word_1_668' title='bbox 3656 4095 3803 4149; x_wconf 87' lang='lat' dir='ltr'>Tan-</span> 
     </span>
    </p>
   </div>
   <div class='ocr_carea' id='block_1_88' title="bbox 2204 4182 3800 4254">
    <p class='ocr_par' dir='ltr' id='par_1_88' title="bbox 2204 4182 3800 4254">
     <span class='ocr_line' id='line_1_88' title="bbox 2204 4182 3800 4254; baseline 0 -18"><span class='ocrx_word' id='word_1_669' title='bbox 2204 4199 2371 4252; x_wconf 88' lang='lat' dir='ltr'>quam</span> <span class='ocrx_word' id='word_1_670' title='bbox 2399 4199 2637 4253; x_wconf 91' lang='lat' dir='ltr'>sponsus</span> <span class='ocrx_word' id='word_1_671' title='bbox 2668 4182 2873 4254; x_wconf 89' lang='lat' dir='ltr'>quippe</span> <span class='ocrx_word' id='word_1_672' title='bbox 2907 4182 2976 4236; x_wconf 92' lang='lat' dir='ltr'>de</span> <span class='ocrx_word' id='word_1_673' title='bbox 3005 4183 3254 4237; x_wconf 90' lang='lat' dir='ltr'>thalamo</span> <span class='ocrx_word' id='word_1_674' title='bbox 3276 4182 3800 4254; x_wconf 88' lang='lat' dir='ltr'>processit.quando</span> 
     </span>
    </p>
   </div>
   <div class='ocr_carea' id='block_1_89' title="bbox 2204 4271 3803 4342">
    <p class='ocr_par' dir='ltr' id='par_1_89' title="bbox 2204 4271 3803 4342">
     <span class='ocr_line' id='line_1_89' title="bbox 2204 4271 3803 4342; baseline 0.001 -18"><span class='ocrx_word' id='word_1_675' title='bbox 2204 4271 2274 4325; x_wconf 91' lang='lat' dir='ltr'>de</span> <span class='ocrx_word' id='word_1_676' title='bbox 2303 4271 2627 4342; x_wconf 92' lang='lat' dir='ltr'>incorrupto</span> <span class='ocrx_word' id='word_1_677' title='bbox 2656 4271 2887 4341; x_wconf 87' lang='lat' dir='ltr'>virginis</span> <span class='ocrx_word' id='word_1_678' title='bbox 2915 4277 3075 4325; x_wconf 90' lang='lat' dir='ltr'>utero</span> <span class='ocrx_word' id='word_1_679' title='bbox 3123 4272 3548 4326; x_wconf 88' lang='lat' dir='ltr'>immaculatum</span> <span class='ocrx_word' id='word_1_680' title='bbox 3599 4287 3803 4341; x_wconf 87' lang='lat' dir='ltr'>corpus</span> 
     </span>
    </p>
   </div>
   <div class='ocr_carea' id='block_1_90' title="bbox 2207 4359 3805 4431">
    <p class='ocr_par' dir='ltr' id='par_1_90' title="bbox 2207 4359 3805 4431">
     <span class='ocr_line' id='line_1_90' title="bbox 2207 4359 3805 4431; baseline 0.002 -19"><span class='ocrx_word' id='word_1_681' title='bbox 2207 4360 2532 4430; x_wconf 89' lang='lat' dir='ltr'>assumpsit,</span> <span class='ocrx_word' id='word_1_682' title='bbox 2557 4359 2680 4413; x_wconf 91' lang='lat' dir='ltr'>etin</span> <span class='ocrx_word' id='word_1_683' title='bbox 2701 4376 2869 4413; x_wconf 90' lang='lat' dir='ltr'>carne</span> <span class='ocrx_word' id='word_1_684' title='bbox 2897 4365 3066 4415; x_wconf 91' lang='lat' dir='ltr'>natus</span> <span class='ocrx_word' id='word_1_685' title='bbox 3093 4361 3460 4431; x_wconf 90' lang='lat' dir='ltr'>apparuit.De</span> <span class='ocrx_word' id='word_1_686' title='bbox 3489 4360 3650 4430; x_wconf 90' lang='lat' dir='ltr'>cujus</span> <span class='ocrx_word' id='word_1_687' title='bbox 3675 4365 3805 4415; x_wconf 90' lang='lat' dir='ltr'>ortu</span> 
     </span>
    </p>
   </div>
   <div class='ocr_carea' id='block_1_91' title="bbox 527 4441 3806 4521">
    <p class='ocr_par' dir='ltr' id='par_1_91' title="bbox 527 4441 3806 4521">
     <span class='ocr_line' id='line_1_91' title="bbox 527 4441 3806 4521; baseline -0.001 -15"><span class='ocrx_word' id='word_1_688' title='bbox 527 4452 695 4516; x_wconf 88' lang='lat' dir='ltr'>cium,</span> <span class='ocrx_word' id='word_1_689' title='bbox 731 4466 840 4521; x_wconf 90' lang='lat' dir='ltr'>quo</span> <span class='ocrx_word' id='word_1_690' title='bbox 862 4447 1112 4503; x_wconf 88' lang='lat' dir='ltr'>salvandi</span> <span class='ocrx_word' id='word_1_691' title='bbox 1133 4446 1402 4501; x_wconf 90' lang='lat' dir='ltr'>sunt.Sed</span> <span class='ocrx_word' id='word_1_692' title='bbox 1421 4463 1548 4500; x_wconf 89' lang='lat' dir='ltr'>cum</span> <span class='ocrx_word' id='word_1_693' title='bbox 1574 4447 1690 4500; x_wconf 77' lang='lat' dir='ltr'>haec</span> <span class='ocrx_word' id='word_1_694' title='bbox 1704 4446 2128 4513; x_wconf 89' lang='lat' dir='ltr'>dicunt,debent</span> <span class='ocrx_word' id='word_1_695' title='bbox 2148 4441 2190 4498; x_wconf 92' lang='lat' dir='ltr'>D</span> <span class='ocrx_word' id='word_1_696' title='bbox 2209 4451 2360 4500; x_wconf 91' lang='lat' dir='ltr'>recte</span> <span class='ocrx_word' id='word_1_697' title='bbox 2391 4447 2575 4501; x_wconf 90' lang='lat' dir='ltr'>adhuc</span> <span class='ocrx_word' id='word_1_698' title='bbox 2603 4447 2882 4502; x_wconf 87' lang='lat' dir='ltr'>subditur.</span> <span class='ocrx_word' id='word_1_699' title='bbox 2917 4448 2986 4502; x_wconf 89' lang='lat' dir='ltr'>Et</span> <span class='ocrx_word' id='word_1_700' title='bbox 3011 4448 3194 4504; x_wconf 87' lang='lat' dir='ltr'>veniet</span> <span class='ocrx_word' id='word_1_701' title='bbox 3240 4449 3401 4520; x_wconf 93' lang='lat' dir='ltr'>quasi</span> <span class='ocrx_word' id='word_1_702' title='bbox 3435 4447 3616 4502; x_wconf 89' lang='lat' dir='ltr'>imber</span> <span class='ocrx_word' id='word_1_703' title='bbox 3642 4449 3806 4503; x_wconf 90' lang='lat' dir='ltr'>nobis</span> 
     </span>
    </p>
   </div>
   <div class='ocr_carea' id='block_1_92' title="bbox 525 4535 2126 4612">
    <p class='ocr_par' dir='ltr' id='par_1_92' title="bbox 525 4535 2126 4612">
     <span class='ocr_line' id='line_1_92' title="bbox 525 4535 2126 4612; baseline -0.003 -17"><span class='ocrx_word' id='word_1_704' title='bbox 525 4540 885 4612; x_wconf 85' lang='lat' dir='ltr'>respondere,</span> <span class='ocrx_word' id='word_1_705' title='bbox 920 4554 1092 4609; x_wconf 88' lang='lat' dir='ltr'>quare</span> <span class='ocrx_word' id='word_1_706' title='bbox 1122 4536 1365 4607; x_wconf 89' lang='lat' dir='ltr'>primum</span> <span class='ocrx_word' id='word_1_707' title='bbox 1405 4535 1702 4606; x_wconf 88' lang='lat' dir='ltr'>accipiant.</span> <span class='ocrx_word' id='word_1_708' title='bbox 1736 4535 1842 4599; x_wconf 91' lang='lat' dir='ltr'>Qui</span> <span class='ocrx_word' id='word_1_709' title='bbox 1871 4536 2018 4589; x_wconf 90' lang='lat' dir='ltr'>enim</span> <span class='ocrx_word' id='word_1_710' title='bbox 2044 4554 2126 4590; x_wconf 91' lang='lat' dir='ltr'>se-</span> 
     </span>
    </p>
   </div>
   <div class='ocr_carea' id='block_1_93' title="bbox 527 4625 2124 4698">
    <p class='ocr_par' dir='ltr' id='par_1_93' title="bbox 527 4625 2124 4698">
     <span class='ocr_line' id='line_1_93' title="bbox 527 4625 2124 4698; baseline -0.003 -13"><span class='ocrx_word' id='word_1_711' title='bbox 527 4631 775 4686; x_wconf 88' lang='lat' dir='ltr'>cundum</span> <span class='ocrx_word' id='word_1_712' title='bbox 795 4629 1138 4698; x_wconf 91' lang='lat' dir='ltr'>tertiumque</span> <span class='ocrx_word' id='word_1_713' title='bbox 1152 4625 1452 4696; x_wconf 88' lang='lat' dir='ltr'>accipiunt,</span> <span class='ocrx_word' id='word_1_714' title='bbox 1475 4625 1719 4696; x_wconf 88' lang='lat' dir='ltr'>primum</span> <span class='ocrx_word' id='word_1_715' title='bbox 1744 4641 1803 4678; x_wconf 91' lang='lat' dir='ltr'>se</span> <span class='ocrx_word' id='word_1_716' title='bbox 1818 4625 2124 4695; x_wconf 82' lang='lat' dir='ltr'>perdidisse</span> 
     </span>
    </p>
   </div>
   <div class='ocr_carea' id='block_1_94' title="bbox 526 4713 2124 4790">
    <p class='ocr_par' dir='ltr' id='par_1_94' title="bbox 526 4713 2124 4790">
     <span class='ocr_line' id='line_1_94' title="bbox 526 4713 2124 4790; baseline -0.004 -14"><span class='ocrx_word' id='word_1_717' title='bbox 526 4725 810 4776; x_wconf 73' lang='lat' dir='ltr'>testantur</span> <span class='ocrx_word' id='word_1_718' title='bbox 839 4718 972 4790; x_wconf 90' lang='lat' dir='ltr'>quia</span> <span class='ocrx_word' id='word_1_719' title='bbox 999 4716 1276 4772; x_wconf 90' lang='lat' dir='ltr'>secundus</span> <span class='ocrx_word' id='word_1_720' title='bbox 1325 4719 1381 4768; x_wconf 88' lang='lat' dir='ltr'>et</span> <span class='ocrx_word' id='word_1_721' title='bbox 1411 4713 1612 4767; x_wconf 89' lang='lat' dir='ltr'>tertius</span> <span class='ocrx_word' id='word_1_722' title='bbox 1646 4714 1768 4767; x_wconf 88' lang='lat' dir='ltr'>sine</span> <span class='ocrx_word' id='word_1_723' title='bbox 1798 4714 1979 4784; x_wconf 90' lang='lat' dir='ltr'>primo</span> <span class='ocrx_word' id='word_1_724' title='bbox 2003 4731 2124 4769; x_wconf 83' lang='lat' dir='ltr'>esse</span> 
     </span>
    </p>
   </div>
   <div class='ocr_carea' id='block_1_95' title="bbox 528 4803 2126 4880">
    <p class='ocr_par' dir='ltr' id='par_1_95' title="bbox 528 4803 2126 4880">
     <span class='ocr_line' id='line_1_95' title="bbox 528 4803 2126 4880; baseline -0.004 -17"><span class='ocrx_word' id='word_1_725' title='bbox 528 4826 642 4864; x_wconf 90' lang='lat' dir='ltr'>non</span> <span class='ocrx_word' id='word_1_726' title='bbox 671 4814 924 4880; x_wconf 91' lang='lat' dir='ltr'>possunt.</span> <span class='ocrx_word' id='word_1_727' title='bbox 957 4808 1212 4876; x_wconf 90' lang='lat' dir='ltr'>Cumque</span> <span class='ocrx_word' id='word_1_728' title='bbox 1242 4804 1310 4858; x_wconf 86' lang='lat' dir='ltr'>de</span> <span class='ocrx_word' id='word_1_729' title='bbox 1341 4803 1872 4874; x_wconf 88' lang='lat' dir='ltr'>primorespondere</span> <span class='ocrx_word' id='word_1_730' title='bbox 1903 4819 2011 4856; x_wconf 90' lang='lat' dir='ltr'>non</span> <span class='ocrx_word' id='word_1_731' title='bbox 2033 4815 2126 4874; x_wconf 57' lang='lat' dir='ltr'>po-</span> 
     </span>
    </p>
   </div>
   <div class='ocr_carea' id='block_1_96' title="bbox 527 4891 2126 4961">
    <p class='ocr_par' dir='ltr' id='par_1_96' title="bbox 527 4891 2126 4961">
     <span class='ocr_line' id='line_1_96' title="bbox 527 4891 2126 4961; baseline -0.004 -9"><span class='ocrx_word' id='word_1_732' title='bbox 527 4903 740 4961; x_wconf 82' lang='lat' dir='ltr'>terunt,</span> <span class='ocrx_word' id='word_1_733' title='bbox 780 4913 883 4950; x_wconf 90' lang='lat' dir='ltr'>nos</span> <span class='ocrx_word' id='word_1_734' title='bbox 905 4897 1022 4950; x_wconf 70' lang='lat' dir='ltr'>haec</span> <span class='ocrx_word' id='word_1_735' title='bbox 1042 4894 1229 4949; x_wconf 88' lang='lat' dir='ltr'>omnia</span> <span class='ocrx_word' id='word_1_736' title='bbox 1259 4893 1570 4947; x_wconf 83' lang='lat' dir='ltr'>referamus</span> <span class='ocrx_word' id='word_1_737' title='bbox 1601 4891 1670 4944; x_wconf 90' lang='lat' dir='ltr'>ad</span> <span class='ocrx_word' id='word_1_738' title='bbox 1701 4892 1944 4961; x_wconf 91' lang='lat' dir='ltr'>primum</span> <span class='ocrx_word' id='word_1_739' title='bbox 1969 4898 2024 4945; x_wconf 91' lang='lat' dir='ltr'>et</span> <span class='ocrx_word' id='word_1_740' title='bbox 2043 4909 2126 4946; x_wconf 88' lang='lat' dir='ltr'>se-</span> 
     </span>
    </p>
   </div>
   <div class='ocr_carea' id='block_1_97' title="bbox 529 4981 2125 5053">
    <p class='ocr_par' dir='ltr' id='par_1_97' title="bbox 529 4981 2125 5053">
     <span class='ocr_line' id='line_1_97' title="bbox 529 4981 2125 5053; baseline -0.003 -13"><span class='ocrx_word' id='word_1_741' title='bbox 529 4986 773 5040; x_wconf 88' lang='lat' dir='ltr'>cundum</span> <span class='ocrx_word' id='word_1_742' title='bbox 805 4985 1015 5037; x_wconf 88' lang='lat' dir='ltr'>Christi</span> <span class='ocrx_word' id='word_1_743' title='bbox 1044 4985 1365 5047; x_wconf 90' lang='lat' dir='ltr'>adventum,</span> <span class='ocrx_word' id='word_1_744' title='bbox 1395 4981 1597 5053; x_wconf 91' lang='lat' dir='ltr'>quibus</span> <span class='ocrx_word' id='word_1_745' title='bbox 1617 4981 1846 5051; x_wconf 89' lang='lat' dir='ltr'>impleta</span> <span class='ocrx_word' id='word_1_746' title='bbox 1867 4986 1954 5034; x_wconf 87' lang='lat' dir='ltr'>est</span> <span class='ocrx_word' id='word_1_747' title='bbox 1974 4982 2125 5037; x_wconf 89' lang='lat' dir='ltr'>salus</span> 
     </span>
    </p>
   </div>
   <div class='ocr_carea' id='block_1_98' title="bbox 528 5070 2125 5142">
    <p class='ocr_par' dir='ltr' id='par_1_98' title="bbox 528 5070 2125 5142">
     <span class='ocr_line' id='line_1_98' title="bbox 528 5070 2125 5142; baseline -0.003 -12"><span class='ocrx_word' id='word_1_748' title='bbox 528 5072 1156 5130; x_wconf 89' lang='lat' dir='ltr'>credentium.Primum</span> <span class='ocrx_word' id='word_1_749' title='bbox 1189 5072 1377 5142; x_wconf 88' lang='lat' dir='ltr'>itaque</span> <span class='ocrx_word' id='word_1_750' title='bbox 1407 5071 1505 5125; x_wconf 92' lang='lat' dir='ltr'>Dei</span> <span class='ocrx_word' id='word_1_751' title='bbox 1537 5077 1761 5140; x_wconf 88' lang='lat' dir='ltr'>tempus</span> <span class='ocrx_word' id='word_1_752' title='bbox 1798 5070 1945 5124; x_wconf 92' lang='lat' dir='ltr'>diem</span> <span class='ocrx_word' id='word_1_753' title='bbox 1979 5071 2125 5125; x_wconf 88' lang='lat' dir='ltr'>acci-</span> 
     </span>
    </p>
   </div>
   <div class='ocr_carea' id='block_1_99' title="bbox 530 5158 2122 5236">
    <p class='ocr_par' dir='ltr' id='par_1_99' title="bbox 530 5158 2122 5236">
     <span class='ocr_line' id='line_1_99' title="bbox 530 5158 2122 5236; baseline -0.003 -19"><span class='ocrx_word' id='word_1_754' title='bbox 530 5164 751 5236; x_wconf 87' lang='lat' dir='ltr'>piamus</span> <span class='ocrx_word' id='word_1_755' title='bbox 762 5161 1068 5216; x_wconf 91' lang='lat' dir='ltr'>secundum</span> <span class='ocrx_word' id='word_1_756' title='bbox 1091 5161 1391 5214; x_wconf 85' lang='lat' dir='ltr'>adventum</span> <span class='ocrx_word' id='word_1_757' title='bbox 1407 5159 1774 5215; x_wconf 88' lang='lat' dir='ltr'>Christi.Post</span> <span class='ocrx_word' id='word_1_758' title='bbox 1794 5175 1959 5228; x_wconf 91' lang='lat' dir='ltr'>quem</span> <span class='ocrx_word' id='word_1_759' title='bbox 1974 5158 2122 5212; x_wconf 92' lang='lat' dir='ltr'>diem</span> 
     </span>
    </p>
   </div>
   <div class='ocr_carea' id='block_1_100' title="bbox 529 5247 2125 5320">
    <p class='ocr_par' dir='ltr' id='par_1_100' title="bbox 529 5247 2125 5320">
     <span class='ocr_line' id='line_1_100' title="bbox 529 5247 2125 5320; baseline -0.004 -13"><span class='ocrx_word' id='word_1_760' title='bbox 529 5251 837 5308; x_wconf 83' lang='lat' dir='ltr'>viviﬁcabit</span> <span class='ocrx_word' id='word_1_761' title='bbox 857 5268 958 5305; x_wconf 90' lang='lat' dir='ltr'>nos</span> <span class='ocrx_word' id='word_1_762' title='bbox 988 5266 1088 5320; x_wconf 92' lang='lat' dir='ltr'>per</span> <span class='ocrx_word' id='word_1_763' title='bbox 1116 5249 1303 5312; x_wconf 88' lang='lat' dir='ltr'>ﬁdem,</span> <span class='ocrx_word' id='word_1_764' title='bbox 1337 5249 1669 5318; x_wconf 90' lang='lat' dir='ltr'>quieramus</span> <span class='ocrx_word' id='word_1_765' title='bbox 1692 5247 1898 5301; x_wconf 89' lang='lat' dir='ltr'>mortui</span> <span class='ocrx_word' id='word_1_766' title='bbox 1924 5264 2025 5318; x_wconf 88' lang='lat' dir='ltr'>per</span> <span class='ocrx_word' id='word_1_767' title='bbox 2043 5248 2125 5300; x_wconf 88' lang='lat' dir='ltr'>in-</span> 
     </span>
    </p>
   </div>
   <div class='ocr_carea' id='block_1_101' title="bbox 531 5336 2124 5408">
    <p class='ocr_par' dir='ltr' id='par_1_101' title="bbox 531 5336 2124 5408">
     <span class='ocr_line' id='line_1_101' title="bbox 531 5336 2124 5408; baseline -0.005 -12"><span class='ocrx_word' id='word_1_768' title='bbox 531 5341 858 5398; x_wconf 85' lang='lat' dir='ltr'>ﬁdelitatem</span> <span class='ocrx_word' id='word_1_769' title='bbox 885 5358 895 5392; x_wconf 94' lang='lat'>:</span> <span class='ocrx_word' id='word_1_770' title='bbox 931 5339 1015 5392; x_wconf 89' lang='lat' dir='ltr'>vel</span> <span class='ocrx_word' id='word_1_771' title='bbox 1045 5344 1194 5391; x_wconf 90' lang='lat' dir='ltr'>certe</span> <span class='ocrx_word' id='word_1_772' title='bbox 1219 5336 1512 5390; x_wconf 80' lang='lat' dir='ltr'>viviﬁcavit</span> <span class='ocrx_word' id='word_1_773' title='bbox 1540 5353 1641 5390; x_wconf 91' lang='lat' dir='ltr'>nos</span> <span class='ocrx_word' id='word_1_774' title='bbox 1686 5339 1744 5390; x_wconf 89' lang='lat' dir='ltr'>in</span> <span class='ocrx_word' id='word_1_775' title='bbox 1799 5353 1897 5408; x_wconf 92' lang='lat' dir='ltr'>spe</span> <span class='ocrx_word' id='word_1_776' title='bbox 1937 5352 2124 5390; x_wconf 90' lang='lat' dir='ltr'>resur-</span> 
     </span>
    </p>
   </div>
   <div class='ocr_carea' id='block_1_102' title="bbox 531 5425 2128 5499">
    <p class='ocr_par' dir='ltr' id='par_1_102' title="bbox 531 5425 2128 5499">
     <span class='ocr_line' id='line_1_102' title="bbox 531 5425 2128 5499; baseline -0.004 -14"><span class='ocrx_word' id='word_1_777' title='bbox 531 5429 816 5494; x_wconf 89' lang='lat' dir='ltr'>rectionis,</span> <span class='ocrx_word' id='word_1_778' title='bbox 847 5430 1010 5499; x_wconf 81' lang='lat' dir='ltr'>juxta</span> <span class='ocrx_word' id='word_1_779' title='bbox 1039 5426 1175 5480; x_wconf 91' lang='lat' dir='ltr'>illud</span> <span class='ocrx_word' id='word_1_780' title='bbox 1205 5425 1458 5495; x_wconf 84' lang='lat' dir='ltr'>Apostoli</span> <span class='ocrx_word' id='word_1_781' title='bbox 1485 5426 1923 5480; x_wconf 83' lang='lat' dir='ltr'>:Conviviﬁcavit</span> <span class='ocrx_word' id='word_1_782' title='bbox 1942 5430 2128 5491; x_wconf 88' lang='lat' dir='ltr'>nos,et</span> 
     </span>
    </p>
   </div>
   <div class='ocr_carea' id='block_1_103' title="bbox 530 5513 2126 5576">
    <p class='ocr_par' dir='ltr' id='par_1_103' title="bbox 530 5513 2126 5576">
     <span class='ocr_line' id='line_1_103' title="bbox 530 5513 2126 5576; baseline -0.004 -1"><span class='ocrx_word' id='word_1_783' title='bbox 530 5519 831 5576; x_wconf 90' lang='lat' dir='ltr'>consedere</span> <span class='ocrx_word' id='word_1_784' title='bbox 861 5516 994 5571; x_wconf 85' lang='lat' dir='ltr'>fecit</span> <span class='ocrx_word' id='word_1_785' title='bbox 1012 5515 1069 5568; x_wconf 93' lang='lat' dir='ltr'>in</span> <span class='ocrx_word' id='word_1_786' title='bbox 1116 5513 1437 5567; x_wconf 77' lang='lat' dir='ltr'>ccelestibus</span> <span class='ocrx_word' id='word_1_787' title='bbox 1477 5513 1533 5566; x_wconf 90' lang='lat' dir='ltr'>in</span> <span class='ocrx_word' id='word_1_788' title='bbox 1581 5513 1882 5568; x_wconf 80' lang='lat' dir='ltr'>Christo.»</span> <span class='ocrx_word' id='word_1_789' title='bbox 1930 5515 1993 5569; x_wconf 96' lang='lat' dir='ltr'>In</span> <span class='ocrx_word' id='word_1_790' title='bbox 2035 5515 2126 5568; x_wconf 89' lang='lat' dir='ltr'>die</span> 
     </span>
    </p>
   </div>
   <div class='ocr_carea' id='block_1_104' title="bbox 527 5601 2125 5674">
    <p class='ocr_par' dir='ltr' id='par_1_104' title="bbox 527 5601 2125 5674">
     <span class='ocr_line' id='line_1_104' title="bbox 527 5601 2125 5674; baseline -0.005 -9"><span class='ocrx_word' id='word_1_791' title='bbox 527 5609 698 5665; x_wconf 89' lang='lat' dir='ltr'>tertia</span> <span class='ocrx_word' id='word_1_792' title='bbox 717 5605 1010 5662; x_wconf 90' lang='lat' dir='ltr'>suscitabit</span> <span class='ocrx_word' id='word_1_793' title='bbox 1028 5620 1148 5668; x_wconf 84' lang='lat' dir='ltr'>nos,</span> <span class='ocrx_word' id='word_1_794' title='bbox 1188 5620 1215 5656; x_wconf 70' lang='grc' dir='ltr'><strong><em>ι</em></strong></span> <span class='ocrx_word' id='word_1_795' title='bbox 1247 5601 1380 5674; x_wconf 89' lang='lat' dir='ltr'>quia</span> <span class='ocrx_word' id='word_1_796' title='bbox 1408 5601 1528 5673; x_wconf 89' lang='lat' dir='ltr'>ipso</span> <span class='ocrx_word' id='word_1_797' title='bbox 1551 5609 1878 5673; x_wconf 86' lang='lat' dir='ltr'>resurgente</span> <span class='ocrx_word' id='word_1_798' title='bbox 1909 5621 1943 5658; x_wconf 90' lang='lat' dir='ltr'>a</span> <span class='ocrx_word' id='word_1_799' title='bbox 1974 5619 2125 5658; x_wconf 90' lang='lat' dir='ltr'>mor-</span> 
     </span>
    </p>
   </div>
   <div class='ocr_carea' id='block_1_105' title="bbox 2207 4536 3810 4606">
    <p class='ocr_par' dir='ltr' id='par_1_105' title="bbox 2207 4536 3810 4606">
     <span class='ocr_line' id='line_1_105' title="bbox 2207 4536 3810 4606; baseline 0.002 -18"><span class='ocrx_word' id='word_1_800' title='bbox 2207 4541 2605 4606; x_wconf 90' lang='lat' dir='ltr'>temporaneus</span> <span class='ocrx_word' id='word_1_801' title='bbox 2637 4543 2692 4591; x_wconf 90' lang='lat' dir='ltr'>et</span> <span class='ocrx_word' id='word_1_802' title='bbox 2709 4536 2990 4592; x_wconf 87' lang='lat' dir='ltr'>serotinus</span> <span class='ocrx_word' id='word_1_803' title='bbox 3009 4543 3227 4593; x_wconf 69' lang='lat' dir='ltr'>terrae.»</span> <span class='ocrx_word' id='word_1_804' title='bbox 3259 4539 3542 4603; x_wconf 88' lang='lat' dir='ltr'>Quantum</span> <span class='ocrx_word' id='word_1_805' title='bbox 3565 4537 3638 4591; x_wconf 93' lang='lat' dir='ltr'>ad</span> <span class='ocrx_word' id='word_1_806' title='bbox 3660 4537 3810 4591; x_wconf 81' lang='lat' dir='ltr'>litte-</span> 
     </span>
    </p>
   </div>
   <div class='ocr_carea' id='block_1_106' title="bbox 2206 4625 3808 4699">
    <p class='ocr_par' dir='ltr' id='par_1_106' title="bbox 2206 4625 3808 4699">
     <span class='ocr_line' id='line_1_106' title="bbox 2206 4625 3808 4699; baseline 0.004 -21"><span class='ocrx_word' id='word_1_807' title='bbox 2206 4641 2351 4695; x_wconf 88' lang='lat' dir='ltr'>ram,</span> <span class='ocrx_word' id='word_1_808' title='bbox 2393 4631 2818 4697; x_wconf 89' lang='lat' dir='ltr'>temporaneum</span> <span class='ocrx_word' id='word_1_809' title='bbox 2872 4625 3112 4681; x_wconf 90' lang='lat' dir='ltr'>imbrem</span> <span class='ocrx_word' id='word_1_810' title='bbox 3167 4634 3327 4682; x_wconf 90' lang='lat' dir='ltr'>vocat</span> <span class='ocrx_word' id='word_1_811' title='bbox 3377 4628 3646 4699; x_wconf 89' lang='lat' dir='ltr'>pluviam,</span> <span class='ocrx_word' id='word_1_812' title='bbox 3683 4645 3808 4699; x_wconf 67' lang='lat' dir='ltr'>quae</span> 
     </span>
    </p>
   </div>
   <div class='ocr_carea' id='block_1_107' title="bbox 2200 4715 3806 4785">
    <p class='ocr_par' dir='ltr' id='par_1_107' title="bbox 2200 4715 3806 4785">
     <span class='ocr_line' id='line_1_107' title="bbox 2200 4715 3806 4785; baseline 0.002 -17"><span class='ocrx_word' id='word_1_813' title='bbox 2200 4715 2368 4785; x_wconf 88' lang='lat' dir='ltr'>jactis</span> <span class='ocrx_word' id='word_1_814' title='bbox 2397 4715 2703 4769; x_wconf 90' lang='lat' dir='ltr'>seminibus</span> <span class='ocrx_word' id='word_1_815' title='bbox 2733 4732 2765 4769; x_wconf 90' lang='lat' dir='ltr'>a</span> <span class='ocrx_word' id='word_1_816' title='bbox 2794 4715 2909 4770; x_wconf 90' lang='lat' dir='ltr'>Deo</span> <span class='ocrx_word' id='word_1_817' title='bbox 2939 4715 3107 4770; x_wconf 89' lang='lat' dir='ltr'>datur</span> <span class='ocrx_word' id='word_1_818' title='bbox 3133 4721 3298 4771; x_wconf 67' lang='lat' dir='ltr'>terrae</span> <span class='ocrx_word' id='word_1_819' title='bbox 3354 4715 3806 4785; x_wconf 74' lang='lat' dir='ltr'>Palaestinorum,</span> 
     </span>
    </p>
   </div>
   <div class='ocr_carea' id='block_1_108' title="bbox 2207 4803 3807 4874">
    <p class='ocr_par' dir='ltr' id='par_1_108' title="bbox 2207 4803 3807 4874">
     <span class='ocr_line' id='line_1_108' title="bbox 2207 4803 3807 4874; baseline 0 -16"><span class='ocrx_word' id='word_1_820' title='bbox 2207 4821 2319 4874; x_wconf 90' lang='lat' dir='ltr'>qua</span> <span class='ocrx_word' id='word_1_821' title='bbox 2345 4803 2528 4858; x_wconf 82' lang='lat' dir='ltr'>infusa</span> <span class='ocrx_word' id='word_1_822' title='bbox 2556 4804 2877 4858; x_wconf 88' lang='lat' dir='ltr'>coalescunt</span> <span class='ocrx_word' id='word_1_823' title='bbox 2928 4805 3177 4873; x_wconf 89' lang='lat' dir='ltr'>semina;</span> <span class='ocrx_word' id='word_1_824' title='bbox 3231 4805 3541 4859; x_wconf 88' lang='lat' dir='ltr'>serotinam</span> <span class='ocrx_word' id='word_1_825' title='bbox 3591 4810 3807 4873; x_wconf 88' lang='lat' dir='ltr'>autem,</span> 
     </span>
    </p>
   </div>
   <div class='ocr_carea' id='block_1_109' title="bbox 2208 4892 3810 4964">
    <p class='ocr_par' dir='ltr' id='par_1_109' title="bbox 2208 4892 3810 4964">
     <span class='ocr_line' id='line_1_109' title="bbox 2208 4892 3810 4964; baseline 0.002 -19"><span class='ocrx_word' id='word_1_826' title='bbox 2208 4908 2329 4962; x_wconf 72' lang='lat' dir='ltr'>quae</span> <span class='ocrx_word' id='word_1_827' title='bbox 2360 4892 2429 4946; x_wconf 91' lang='lat' dir='ltr'>ad</span> <span class='ocrx_word' id='word_1_828' title='bbox 2461 4892 2846 4946; x_wconf 88' lang='lat' dir='ltr'>maturitatem</span> <span class='ocrx_word' id='word_1_829' title='bbox 2879 4893 3104 4947; x_wconf 91' lang='lat' dir='ltr'>eosdem</span> <span class='ocrx_word' id='word_1_830' title='bbox 3135 4893 3392 4964; x_wconf 88' lang='lat' dir='ltr'>perducit</span> <span class='ocrx_word' id='word_1_831' title='bbox 3444 4894 3684 4950; x_wconf 86' lang='lat' dir='ltr'>fructus.</span> <span class='ocrx_word' id='word_1_832' title='bbox 3717 4893 3810 4948; x_wconf 91' lang='lat' dir='ltr'>Si-</span> 
     </span>
    </p>
   </div>
   <div class='ocr_carea' id='block_1_110' title="bbox 2208 4979 3809 5054">
    <p class='ocr_par' dir='ltr' id='par_1_110' title="bbox 2208 4979 3809 5054">
     <span class='ocr_line' id='line_1_110' title="bbox 2208 4979 3809 5054; baseline 0.002 -21"><span class='ocrx_word' id='word_1_833' title='bbox 2208 4979 2436 5050; x_wconf 91' lang='lat' dir='ltr'>quidem</span> <span class='ocrx_word' id='word_1_834' title='bbox 2470 4986 2621 5035; x_wconf 91' lang='lat' dir='ltr'>terra</span> <span class='ocrx_word' id='word_1_835' title='bbox 2653 4981 3040 5052; x_wconf 89' lang='lat' dir='ltr'>promissionis</span> <span class='ocrx_word' id='word_1_836' title='bbox 3060 4998 3172 5037; x_wconf 92' lang='lat' dir='ltr'>non</span> <span class='ocrx_word' id='word_1_837' title='bbox 3185 4982 3264 5036; x_wconf 89' lang='lat' dir='ltr'>ita</span> <span class='ocrx_word' id='word_1_838' title='bbox 3283 4982 3809 5054; x_wconf 87' lang='lat' dir='ltr'>frequenter,veluti</span> 
     </span>
    </p>
   </div>
   <div class='ocr_carea' id='block_1_111' title="bbox 2208 5070 3808 5142">
    <p class='ocr_par' dir='ltr' id='par_1_111' title="bbox 2208 5070 3808 5142">
     <span class='ocr_line' id='line_1_111' title="bbox 2208 5070 3808 5142; baseline 0.003 -20"><span class='ocrx_word' id='word_1_839' title='bbox 2208 5075 2419 5133; x_wconf 91' lang='lat' dir='ltr'>nostra,</span> <span class='ocrx_word' id='word_1_840' title='bbox 2453 5070 2522 5123; x_wconf 93' lang='lat' dir='ltr'>de</span> <span class='ocrx_word' id='word_1_841' title='bbox 2550 5070 2688 5124; x_wconf 78' lang='lat' dir='ltr'>ccelo</span> <span class='ocrx_word' id='word_1_842' title='bbox 2718 5070 2916 5142; x_wconf 89' lang='lat' dir='ltr'>accipit</span> <span class='ocrx_word' id='word_1_843' title='bbox 2950 5072 3217 5142; x_wconf 90' lang='lat' dir='ltr'>pluviam,</span> <span class='ocrx_word' id='word_1_844' title='bbox 3260 5073 3357 5126; x_wconf 91' lang='lat' dir='ltr'>sed</span> <span class='ocrx_word' id='word_1_845' title='bbox 3379 5071 3463 5126; x_wconf 88' lang='lat' dir='ltr'>bis</span> <span class='ocrx_word' id='word_1_846' title='bbox 3492 5077 3714 5127; x_wconf 89' lang='lat' dir='ltr'>tantum</span> <span class='ocrx_word' id='word_1_847' title='bbox 3744 5072 3808 5126; x_wconf 90' lang='lat' dir='ltr'>in</span> 
     </span>
    </p>
   </div>
   <div class='ocr_carea' id='block_1_112' title="bbox 2209 5157 3808 5232">
    <p class='ocr_par' dir='ltr' id='par_1_112' title="bbox 2209 5157 3808 5232">
     <span class='ocr_line' id='line_1_112' title="bbox 2209 5157 3808 5232; baseline 0.003 -22"><span class='ocrx_word' id='word_1_848' title='bbox 2209 5157 2542 5211; x_wconf 89' lang='lat' dir='ltr'>anno.Uude</span> <span class='ocrx_word' id='word_1_849' title='bbox 2559 5158 2831 5213; x_wconf 90' lang='lat' dir='ltr'>Dominus</span> <span class='ocrx_word' id='word_1_850' title='bbox 2851 5161 3144 5231; x_wconf 92' lang='lat' dir='ltr'>pollicetur</span> <span class='ocrx_word' id='word_1_851' title='bbox 3159 5177 3261 5232; x_wconf 93' lang='lat' dir='ltr'>per</span> <span class='ocrx_word' id='word_1_852' title='bbox 3271 5161 3604 5232; x_wconf 85' lang='lat' dir='ltr'>prOphetam</span> <span class='ocrx_word' id='word_1_853' title='bbox 3620 5160 3808 5214; x_wconf 87' lang='lat' dir='ltr'>eidem</span> 
     </span>
    </p>
   </div>
   <div class='ocr_carea' id='block_1_113' title="bbox 2209 5247 3811 5320">
    <p class='ocr_par' dir='ltr' id='par_1_113' title="bbox 2209 5247 3811 5320">
     <span class='ocr_line' id='line_1_113' title="bbox 2209 5247 3811 5320; baseline 0.002 -21"><span class='ocrx_word' id='word_1_854' title='bbox 2209 5247 2413 5317; x_wconf 89' lang='lat' dir='ltr'>populo</span> <span class='ocrx_word' id='word_1_855' title='bbox 2442 5247 2658 5302; x_wconf 89' lang='lat' dir='ltr'>dicens:</span> <span class='ocrx_word' id='word_1_856' title='bbox 2684 5249 2838 5302; x_wconf 88' lang='lat' dir='ltr'>Dabo</span> <span class='ocrx_word' id='word_1_857' title='bbox 2869 5248 3021 5303; x_wconf 90' lang='lat' dir='ltr'>vobis</span> <span class='ocrx_word' id='word_1_858' title='bbox 3041 5249 3284 5319; x_wconf 88' lang='lat' dir='ltr'>pluviam</span> <span class='ocrx_word' id='word_1_859' title='bbox 3306 5254 3727 5320; x_wconf 89' lang='lat' dir='ltr'>temporaneam</span> <span class='ocrx_word' id='word_1_860' title='bbox 3749 5253 3811 5303; x_wconf 86' lang='lat' dir='ltr'>et</span> 
     </span>
    </p>
   </div>
   <div class='ocr_carea' id='block_1_114' title="bbox 2207 5337 3813 5409">
    <p class='ocr_par' dir='ltr' id='par_1_114' title="bbox 2207 5337 3813 5409">
     <span class='ocr_line' id='line_1_114' title="bbox 2207 5337 3813 5409; baseline 0.003 -20"><span class='ocrx_word' id='word_1_861' title='bbox 2207 5337 2531 5392; x_wconf 85' lang='lat' dir='ltr'>serotinam.</span> <span class='ocrx_word' id='word_1_862' title='bbox 2570 5339 2951 5409; x_wconf 89' lang='lat' dir='ltr'>Spiritualiter</span> <span class='ocrx_word' id='word_1_863' title='bbox 2978 5345 3167 5393; x_wconf 91' lang='lat' dir='ltr'>autem</span> <span class='ocrx_word' id='word_1_864' title='bbox 3215 5339 3474 5394; x_wconf 90' lang='lat' dir='ltr'>Christus</span> <span class='ocrx_word' id='word_1_865' title='bbox 3521 5339 3682 5394; x_wconf 88' lang='lat' dir='ltr'>nobis</span> <span class='ocrx_word' id='word_1_866' title='bbox 3720 5344 3813 5394; x_wconf 83' lang='lat' dir='ltr'>est</span> 
     </span>
    </p>
   </div>
   <div class='ocr_carea' id='block_1_115' title="bbox 2209 5425 3811 5498">
    <p class='ocr_par' dir='ltr' id='par_1_115' title="bbox 2209 5425 3811 5498">
     <span class='ocr_line' id='line_1_115' title="bbox 2209 5425 3811 5498; baseline 0.004 -20"><span class='ocrx_word' id='word_1_867' title='bbox 2209 5425 2390 5480; x_wconf 90' lang='lat' dir='ltr'>imber</span> <span class='ocrx_word' id='word_1_868' title='bbox 2412 5433 2830 5498; x_wconf 83' lang='lat' dir='ltr'>temporaneus,</span> <span class='ocrx_word' id='word_1_869' title='bbox 2857 5428 3080 5496; x_wconf 89' lang='lat' dir='ltr'>quando</span> <span class='ocrx_word' id='word_1_870' title='bbox 3105 5428 3233 5482; x_wconf 88' lang='lat' dir='ltr'>ﬁdei</span> <span class='ocrx_word' id='word_1_871' title='bbox 3261 5429 3413 5484; x_wconf 90' lang='lat' dir='ltr'>illius</span> <span class='ocrx_word' id='word_1_872' title='bbox 3440 5428 3811 5484; x_wconf 87' lang='lat' dir='ltr'>fundamenta</span> 
     </span>
    </p>
   </div>
   <div class='ocr_carea' id='block_1_116' title="bbox 2208 5515 3805 5588">
    <p class='ocr_par' dir='ltr' id='par_1_116' title="bbox 2208 5515 3805 5588">
     <span class='ocr_line' id='line_1_116' title="bbox 2208 5515 3805 5588; baseline 0.003 -21"><span class='ocrx_word' id='word_1_873' title='bbox 2208 5515 2570 5586; x_wconf 87' lang='lat' dir='ltr'>percipimus,</span> <span class='ocrx_word' id='word_1_874' title='bbox 2602 5533 2711 5587; x_wconf 89' lang='lat' dir='ltr'>qua</span> <span class='ocrx_word' id='word_1_875' title='bbox 2732 5516 2966 5569; x_wconf 86' lang='lat' dir='ltr'>radicati</span> <span class='ocrx_word' id='word_1_876' title='bbox 2983 5516 3142 5570; x_wconf 90' lang='lat' dir='ltr'>bonis</span> <span class='ocrx_word' id='word_1_877' title='bbox 3162 5517 3805 5588; x_wconf 83' lang='lat' dir='ltr'>Operibusabundemus.</span> 
     </span>
    </p>
   </div>
   <div class='ocr_carea' id='block_1_117' title="bbox 2211 5605 3808 5678">
    <p class='ocr_par' dir='ltr' id='par_1_117' title="bbox 2211 5605 3808 5678">
     <span class='ocr_line' id='line_1_117' title="bbox 2211 5605 3808 5678; baseline 0.002 -20"><span class='ocrx_word' id='word_1_878' title='bbox 2211 5605 2505 5661; x_wconf 87' lang='lat' dir='ltr'>Serotinus</span> <span class='ocrx_word' id='word_1_879' title='bbox 2534 5621 2683 5673; x_wconf 91' lang='lat' dir='ltr'>vero,</span> <span class='ocrx_word' id='word_1_880' title='bbox 2717 5605 2941 5677; x_wconf 89' lang='lat' dir='ltr'>quando</span> <span class='ocrx_word' id='word_1_881' title='bbox 2971 5607 3185 5677; x_wconf 88' lang='lat' dir='ltr'>paratis</span> <span class='ocrx_word' id='word_1_882' title='bbox 3212 5607 3326 5678; x_wconf 83' lang='lat' dir='ltr'>jam</span> <span class='ocrx_word' id='word_1_883' title='bbox 3354 5607 3426 5664; x_wconf 87' lang='lat' dir='ltr'>ad</span> <span class='ocrx_word' id='word_1_884' title='bbox 3474 5607 3808 5664; x_wconf 88' lang='lat' dir='ltr'>metendum</span> 
     </span>
    </p>
   </div>
  </div>
