4090 6164
334 249 407 307 49

1358 259 1782 319 ENARRATIO
1813 262 1892 320 IN
1921 263 2102 323 OSEE
2130 265 2593 324 PROPI-IETAM.

3549 269 3618 326 50

334 379 614 452 frugibus,
643 380 700 437 id
721 387 830 451 est,
872 385 1165 456 completis
1204 386 1364 441 bonis
1394 387 1658 458 Operibus
1685 387 1999 452 abunde-A
2018 392 2205 462 potius
2233 392 2371 446 velle
2405 391 2866 456 misericordiam,
2904 396 2967 445 ut
2993 390 3237 463 primum
3282 391 3618 447 misereren-

335 487 487 534 mus,
520 473 580 526 in
597 473 802 527 horrea
830 474 1119 529 Dominica
1150 476 1538 534 recondemur.
1557 477 1823 531 Velnunc
1839 495 1942 532 no-
2022 486 2118 534 tur
2143 481 2267 544 sibi,
2297 483 2460 551 juxta
2498 481 2662 534 illud:
2697 481 3106 545 Fili,miserere
3129 481 3331 536 anime
3355 487 3467 536 tuae
3496 481 3617 552 pla-

336 559 426 614 bis
451 561 630 616 imber
659 569 745 616 est
765 568 1184 634 temporaneus,
1209 565 1341 619 dum
1367 582 1431 619 ex
1471 572 1630 636 parte
1651 567 1940 636 cognosci-
2022 583 2152 622 cens
2191 570 2324 630 Deo,
2387 570 2588 623 deinde
2630 569 2986 640 pauperibus,
3029 577 3086 623 et
3121 569 3411 623 scientiam
3453 576 3618 624 rectae

335 665 488 703 mus.
519 650 638 704 Erit
657 657 716 705 et
741 652 1045 718 serotinus,
1076 654 1300 723 quando
1332 654 1546 708 venerit
1567 655 1713 724 quod
1754 656 1937 725 perfe-

333 742 494 791 ctum
521 744 626 792 est.
653 739 802 810 Ergo
822 739 1006 795 Judaei
1027 742 1124 811 qui
1154 759 1267 795 non
1295 749 1629 813 receperunt
1657 750 1937 813 tempora-

333 841 500 892 neas,
526 833 586 881 et
620 827 832 899 absque
860 830 1066 899 pluviis
1095 830 1626 895 messuere,fructus
1653 848 1846 885 semen
1875 832 1933 885 in

331 914 544 970 ultimo
575 921 827 989 tempore
853 934 967 972 non
993 918 1283 989 recipient.

423 1024 456 1059 α
489 1009 634 1074 Quid
658 1007 857 1062 faciam
883 1008 1004 1074 tibi,
1045 1006 1365 1078 prraim?
1397 1008 1529 1078 quid
1569 1009 1765 1062 faciam
1810 1009 1930 1074 tibi,

329 1100 364 1155 ,ι
372 1099 520 1154 uda?
538 1099 645 1152 pAc
673 1097 718 1150 si
739 1096 953 1150 diceret
977 1110 988 1143 :
1021 1096 1311 1160 Quomodo
1326 1102 1382 1150 te
1402 1095 1522 1149 sine
1541 1097 1730 1149 dolore
1751 1098 1934 1152 cordis

327 1187 564 1242 tradere
601 1191 794 1256 potero
833 1185 1106 1250 hostibus,
1153 1190 1249 1239 aut
1277 1185 1424 1255 quod
1458 1185 1806 1238 medicamen
1829 1186 1932 1240 tibi

328 1277 646 1346 imponam,
681 1279 746 1328 ut
775 1279 831 1327 te
859 1274 1088 1327 sanitati
1119 1273 1454 1328 restituam?
1488 1294 1509 1325 ο
1551 1273 1934 1327 Misericordia

328 1371 526 1418 vestra
565 1362 724 1434 quasi
786 1361 964 1416 nubes
1021 1363 1322 1426 matutina,
1355 1369 1412 1415 et
1451 1362 1611 1432 quasi
1644 1378 1735 1414 ros
1769 1377 1932 1414 mane

327 1451 741 1524 pertransiens,
795 1470 823 1503 io
867 1451 923 1504 id
956 1458 1060 1512 est,
1111 1452 1258 1505 sicut
1302 1451 1560 1504 veniente
1591 1450 1726 1514 sole,
1758 1449 1935 1503 nubes

324 1557 460 1610 qua:
502 1545 708 1593 tetram
746 1545 967 1593 noctem
1011 1540 1335 1593 reddiderat
1382 1539 1707 1609 pertransit,
1747 1544 1805 1591 et
1841 1554 1934 1590 ve-

325 1629 439 1684 luti
475 1645 640 1682 mane
668 1644 1011 1699 consurgens
1035 1645 1127 1682 ros
1147 1635 1271 1682 orto
1299 1628 1415 1681 sole
1437 1627 1695 1691 siccatur,
1721 1627 1802 1680 ita
1837 1626 1934 1679 illa

2019 657 2151 711 fidei
2179 675 2307 710 cum
2339 659 2425 711 sui
2455 657 2971 729 cognitione,quam
2996 659 3478 730 holocausta,quia
3496 659 3618 714 sine

2017 746 2127 799 ﬁde
2152 753 2208 799 et
2233 747 2617 800 misericordia
2653 747 2995 817 impossibile
3025 754 3112 802 est
3141 749 3358 819 placere
3391 750 3525 804 Deo.

2093 852 2118 886 α
2142 835 2255 904 Ipsi
2286 840 2475 888 autem
2495 836 2641 889 sicut
2667 836 2844 890 Adam
2875 838 3212 907 transgressi
3240 844 3374 892 sunt
3392 844 3617 908 pactum

2019 938 2225 976 meum.
2261 942 2288 976 ν
2331 925 2407 976 Ac
2435 925 2481 976 si
2508 925 2718 978 diceret
2751 944 2762 978 :
2798 926 2927 979 Ideo
2957 942 3070 979 non
3102 932 3368 996 poterunt
3387 927 3616 998 purgari

2021 1027 2122 1080 per
2151 1011 2446 1076 sacrificia,
2473 1013 2617 1066 sicut
2645 1014 2942 1078 aestimant,
2977 1015 3108 1084 quia
3138 1015 3280 1069 sicut
3307 1016 3488 1069 Adam
3517 1033 3618 1085 gu-

2019 1100 2220 1152 stando
2251 1117 2478 1170 pomum
2511 1101 2647 1170 ligni
2687 1102 2862 1166 vetiti,
2903 1105 3242 1174 contempsit
3271 1104 3371 1157 Dei
3405 1121 3616 1174 praece-

2018 1188 2292 1256 ptum,ita
2324 1189 2416 1242 isti
2449 1190 2910 1259 transgrediendo
2930 1191 3106 1259 legem
3129 1191 3620 1254 divinam,faciunt

2014 1288 2215 1330 contra
2245 1277 2343 1330 Dei
2372 1284 2734 1348 praeceptum,
2761 1295 2870 1348 quo
2902 1279 3043 1331 dixit
3073 1279 3190 1332 eis:
3223 1280 3347 1332 Non
3392 1280 3614 1334 faciatis

2015 1364 2170 1417 vobis
2190 1365 2323 1418 deos
2341 1365 2552 1419 alienos
2576 1383 2586 1416 :
2614 1373 2671 1420 et
2699 1367 2845 1420 sicut
2865 1367 2959 1420 ille
2989 1367 3232 1436 perdidit
3263 1369 3610 1438 paradisum,

2017 1452 2099 1505 ita
2127 1458 2184 1506 et
2212 1453 2302 1506 isti
2330 1455 2567 1524 perdent
2597 1459 2826 1519 terram,
2863 1471 3031 1524 quam
3057 1461 3390 1524 acceperant
3420 1456 3477 1509 in
3509 1457 3616 1512 hae-

2016 1541 2334 1596 reditatem.
2373 1564 2395 1590 «
2435 1542 2586 1597 Ubi»
2620 1544 2726 1596 hoc
2756 1548 2860 1606 est,
2892 1543 2949 1597 in
2979 1544 3177 1602 Adam.
3212 1545 3326 1598 sive
3357 1544 3527 1598 etiam
3553 1547 3613 1600 in

2015 1629 2295 1699 paradiso,
2342 1648 2367 1682 α
2407 1631 2750 1700 przevaricati
2795 1639 2926 1685 sunt
2953 1631 3010 1685 in
3041 1649 3150 1694 me,
3208 1653 3228 1682 ι
3255 1633 3417 1700 juxta
3465 1634 3614 1703 quod

327 1717 740 1781 misericordia,
761 1734 874 1788 qua
904 1717 1053 1771 vobis
1081 1717 1333 1770 misereri
1355 1732 1772 1776 consueveram.
1807 1731 1934 1786 per-
1952 1703 1997 1761 Β
2017 1718 2317 1788 Apostolus
2347 1719 2428 1772 ait
2454 1737 2463 1770 :
2505 1718 2568 1772 In
2593 1736 2701 1789 quo
2733 1737 2927 1773 omnes
2959 1722 3614 1790 peccaverunt.Quotidie

325 1805 580 1871 transiit,
619 1806 789 1860 etiam
831 1795 985 1860 vehis
1032 1812 1257 1876 tempus
1283 1805 1625 1876 captivitatis
1655 1804 1931 1869 imminet,

326 1895 446 1948 cito
473 1911 578 1966 per
598 1894 858 1964 Assyrios
887 1901 945 1949 et
964 1895 1299 1966 Babylonios
1327 1898 1642 1947 venturum.

409 2005 429 2036 ι
467 1982 710 2055 PrOpter
732 1987 835 2039 hoc
864 1984 1047 2037 dolavi
1079 1985 1132 2036 in
1165 1982 1453 2054 prophetis
1510 2001 1532 2032 ι
1567 1982 1651 2034 Ne
1682 1980 1934 2033 dicerent

322 2075 517 2131 Judaei
539 2075 951 2131 excusationem
985 2078 1325 2143 qumrentes:
1351 2074 1396 2124 A
1427 2068 1930 2142 pseudoprophetis

323 2165 553 2237 decepti
579 2181 792 2226 sumus,
814 2179 1004 2234 pacem
1029 2161 1189 2216 nobis
1209 2158 1930 2232 promittentibus,ideoque

324 2242 706 2326 peccavimus,
752 2258 995 2307 testatur
1035 2267 1096 2304 se
1140 2251 1413 2305 Dominus
1439 2249 1592 2319 prius
1631 2247 1931 2318 prOphetas

325 2344 708 2408 interfecisse,
755 2347 820 2395 ut
851 2341 956 2412 ipsi
1003 2357 1096 2393 eos
1139 2339 1348 2392 occisos
1377 2355 1411 2392 a
1453 2337 1690 2392 Domino
1722 2335 1928 2388 intelli-

324 2437 552 2500 gentes,
590 2437 647 2484 et
687 2431 782 2501 qui
809 2430 1034 2484 fuerant
1058 2428 1108 2482 ei
1139 2444 1308 2481 causa
1337 2426 1566 2490 erroris,
1601 2422 1926 2492 interempti

327 2521 768 2574 verterenturin
819 2518 1168 2572 occasionem
1230 2515 1445 2569 salutis.
1505 2514 1644 2568 Hinc
1690 2511 1928 2582 legimus

324 2609 388 2662 in
434 2607 598 2662 libris
637 2609 855 2678 Regum
887 2607 1325 2677 quadringentos
1355 2602 1767 2674 quinquaginta
1795 2615 1925 2669 pro-

316 2697 530 2768 phetas
559 2698 902 2763 interfectos,
935 2701 991 2749 et
1021 2695 1188 2748 aliam
1223 2691 1690 2747 innumerabilem
1729 2686 1925 2741 multi-

313 2786 582 2841 tudinem
607 2787 676 2840 ab
699 2788 862 2850 Hieu,
898 2786 993 2856 qui
1011 2784 1288 2838 subvertit
1315 2784 1543 2837 domum
1573 2779 1785 2835 Achab.
1814 2776 1923 2830 Un-

313 2878 393 2932 de
425 2884 482 2931 et
505 2876 788 2943 subditur,
825 2895 847 2925 ‹
875 2881 932 2928 et
964 2873 1139 2928 occidi
1174 2889 1270 2927 eos
1297 2873 1355 2925 in
1386 2870 1551 2925 verbo
1583 2870 1694 2924 oris
1725 2871 1853 2923 mei.
1891 2886 1918 2920 »

313 2966 402 3020 Os
423 2965 630 3037 quippe
654 2963 878 3019 Domini
911 2968 1034 3016 erat
1066 2961 1236 3024 Elias,
1269 2960 1363 3032 qui
1391 2977 1486 3014 eos
1516 2959 1691 3013 occidi
1722 2959 1914 3028 jussit.

2019 1807 2188 1860 etiam
2219 1813 2276 1861 et
2303 1825 2398 1861 eos
2432 1808 2526 1878 qui
2557 1809 2708 1862 intra
2740 1809 3038 1862 Ecclesiam
3069 1815 3220 1874 sunt,
3253 1814 3310 1862 et
3357 1817 3610 1880 peccant,

2018 1900 2076 1948 et
2095 1896 2189 1965 qui
2219 1902 2378 1950 extra
2411 1897 2714 1950 Ecclesiam
2744 1903 3184 1959 commorantur,
3227 1898 3297 1951 ad
3341 1898 3618 1968 poeniteno

2015 1983 2152 2036 tiam
2178 1985 2447 2038 Dominus
2478 1992 2652 2049 vocat,
2678 1992 2730 2039 ct
2762 1987 2829 2039 ad
2862 1986 3303 2039 misericordiam
3333 1992 3612 2057 rectaeque

2012 2070 2140 2123 fidei
2170 2071 2478 2135 scientiam,
2511 2073 2735 2125 dicens:
2765 2091 2790 2125 «ι
2825 2073 3261 2127 Misericordiam
3279 2075 3421 2138 volo,
3451 2094 3476 2127 ν
3499 2080 3608 2129 etc.

2014 2159 2289 2213 Videntur
2317 2160 2466 2214 enim
2501 2161 2640 2214 tales
2671 2162 2871 2215 offerre
2902 2163 3016 2215 Deo
3047 2179 3300 2224 munera,
3327 2169 3384 2216 et
3407 2164 3613 2219 sectari

2013 2247 2412 2314 humilitatem,
2447 2256 2504 2302 et
2532 2250 2713 2304 facere
2733 2252 3167 2322 eleemosynam,
3186 2269 3308 2322 quae
3337 2252 3611 2308 sacriﬁcia

2013 2344 2363 2404 vocarentur,
2397 2338 2444 2392 si
2482 2355 2606 2392 cum
2639 2339 2972 2393 rectitudine
3000 2341 3128 2393 fidei
3157 2347 3213 2394 et
3242 2339 3388 2394 bona
3412 2342 3610 2395 volun-

2010 2430 2126 2478 tate
2157 2427 2540 2496 procederent.
2580 2428 2687 2481 Sed
2724 2445 2850 2481 cum
2881 2435 2939 2481 et
2966 2429 3023 2481 hi
3047 2428 3508 2496 misericordiam,
3549 2437 3608 2484 et

2011 2513 2067 2566 hi
2099 2521 2310 2568 rectam
2342 2516 2618 2585 abjiciunt
2648 2517 2745 2569 Dei
2771 2515 3082 2582 scientiam,
3114 2517 3321 2572 frustra
3350 2536 3411 2572 se
3443 2525 3605 2574 trun-

2008 2607 2132 2655 cato
2170 2605 2352 2674 capite
2402 2605 2530 2658 fidei
2569 2611 2770 2658 caetera
2817 2604 3070 2658 membra
3118 2593 3323 2660 habere
3360 2609 3596 2677 jactant.

2006 2691 2356 2746 Praevaricati
2390 2692 2536 2746 enim
2569 2701 2702 2746 sunt
2740 2699 2965 2762 pactum
3002 2692 3105 2747 Dei
3133 2695 3191 2747 in
3231 2695 3496 2762 Ecclesia,
3529 2697 3605 2750 si-

2004 2785 2099 2834 cut
2126 2781 2303 2834 Adam
2327 2782 2384 2834 in
2416 2781 2674 2852 paradiso
2700 2800 2710 2833 :
2745 2782 2980 2852 ideoque
2999 2783 3278 2852 quomodo
3306 2783 3401 2837 ille
3433 2802 3468 2838 a
3496 2802 3598 2855 pa-

2005 2870 2212 2934 radiso,
2242 2871 2321 2924 ita
2358 2871 2452 2923 isti
2476 2870 2844 2940 projicientur
2871 2869 2940 2923 ab
2972 2871 3237 2925 Ecclesia.

2076 2975 2101 3008 (‹
2134 2958 2346 3012 Galaad
2393 2958 2585 3010 civitas
2643 2958 2999 3028 operantium
3045 2959 3278 3015 idolum.
3323 2979 3346 3012 ι
3383 2961 3595 3016 Galaad

311 3055 506 3110 Aliter
544 3075 560 3109 :
601 3055 837 3124 Propter
877 3052 984 3105 hoc
1023 3051 1253 3115 scilicet,
1296 3051 1428 3121 quia
1475 3049 1666 3118 inique
1705 3048 1918 3118 agenti-
1941 3059 2205 3124 Cnomen
2226 3052 2312 3099 est
2331 3045 2569 3099 civitatis
2601 3047 2684 3098 vel
2717 3046 2944 3111 montis,
2967 3046 3064 3100 sed
3105 3047 3196 3099 hic
3237 3064 3337 3118 pro
3370 3049 3594 3104 civitate

311 3143 428 3196 bus
472 3141 855 3196 misericordia
897 3139 1128 3193 recessit
1171 3137 1240 3192 ab
1280 3138 1398 3204 eis;
1453 3137 1656 3200 dolavi,
1718 3137 1774 3189 id
1832 3121 1951 3189 est.

311 3232 593 3286 dolandos
639 3247 758 3284 esse
805 3228 1036 3300 prazdixi
1073 3244 1174 3298 per
1229 3227 1549 3298 prophetas,
1613 3225 1758 3278 sicut
1811 3224 1918 3277 fuit

309 3321 516 3384 Isaias,
538 3319 832 3380 Jeremias,
861 3325 918 3370 et
943 3316 1132 3371 caateri
1155 3335 1168 3383 ;
1213 3332 1278 3369 ac
1321 3315 1500 3369 verbis
1523 3313 1662 3368 meis
1689 3313 1916 3366 terribi-

308 3409 467 3463 libus
487 3408 862 3462 comminatus
890 3422 1016 3460 sum
1047 3405 1148 3466 eis,
1183 3412 1246 3458 ut
1277 3405 1372 3474 qui
1401 3405 1735 3457 clementem
1777 3419 1914 3455 con-

307 3497 648 3551 temnebant
689 3496 955 3550 timerent
995 3495 1288 3547 offensum.
1323 3512 1350 3546 »
1392 3493 1459 3546 Et
1509 3493 1680 3546 occidi
1720 3508 1814 3544 eos
1855 3489 1912 3542 in

306 3587 486 3642 verbo
517 3586 629 3639 oris
650 3585 780 3650 mei,
821 3604 843 3635 ι
872 3589 935 3637 ut
963 3588 1094 3636 ante
1120 3588 1440 3653 peccatores
1471 3580 1765 3633 verborum
1795 3585 1911 3632 ter-

307 3692 444 3731 rore
468 3675 825 3746 punirentur,
855 3688 1024 3743 quam
1062 3671 1355 3742 captivitas
1397 3669 1736 3722 immineret.
1783 3669 1914 3721 Haec

306 3783 446 3821 vero
475 3765 665 3820 omnia
713 3770 777 3817 ut
807 3763 1020 3832 judicia
1060 3777 1204 3822 mea,
1235 3758 1436 3830 quibus
1459 3764 1516 3812 te
1557 3757 1912 3826 judicaturus

308 3873 462 3920 sum,
496 3853 770 3924 quasilux
788 3851 1166 3921 egredientur,
1205 3848 1260 3902 id
1298 3855 1400 3912 est,
1434 3847 1734 3900 manifesta
1752 3847 1906 3900 fient.

308 3945 460 4010 Quia
487 3944 638 3997 enim
664 3957 809 4011 saepe
841 3957 935 3993 vos
959 3939 1256 4007 redarguo,
1283 3936 1766 4005 etimpmnitentes
1791 3935 1910 3988 exi-

307 4033 481 4094 stitis,
537 4031 595 4085 in
643 4035 840 4100 aperta
867 4029 988 4082 luce
1006 4027 1310 4096 multisque
1345 4024 1666 4078 nationibus
1714 4025 1907 4077 viden-

304 4121 462 4175 tibus
505 4117 934 4173 damnabimini.
986 4117 1087 4170 Vel
1129 4122 1280 4169 certe
1332 4131 1457 4168 mea
1497 4113 1711 4183 judicia
1749 4113 1908 4183 quasi

307 4212 405 4264 lux
428 4206 949 4279 egredientur,quia
969 4205 1157 4268 nullus
1176 4202 1459 4257 dubitabit
1473 4219 1567 4256 vos
1582 4204 1753 4272 juste,
1785 4219 1908 4272 qua:

307 4296 772 4368 patimini,fuisse
791 4309 1104 4372 perpessos:
1126 4293 1370 4346 Possunt
1393 4291 1509 4344 haec
1523 4291 1718 4344 eadem
1743 4290 1907 4344 verba

1999 3135 2253 3206 ponitur;
2268 3140 2353 3187 est
2372 3141 2561 3188 autem
2583 3134 2692 3187 sita
2711 3139 2870 3188 trans
2885 3135 3185 3189 Jordanem
3202 3136 3260 3189 in
3283 3136 3432 3190 tribu
3447 3138 3588 3193 Gad.

1998 3222 2066 3277 In
2093 3224 2196 3276 hac
2234 3222 2371 3276 urbe
2401 3223 2616 3276 idolum
2640 3223 2899 3293 primitus
2929 3229 3016 3276 est
3045 3228 3593 3296 consecratum,quia

1997 3310 2356 3364 habitabatur
2383 3328 2418 3364 a
2447 3311 2850 3368 sacerdotibus.
2908 3311 3042 3366 Erat
3082 3313 3232 3366 enim
3289 3320 3347 3368 et
3393 3315 3590 3371 civitas

1996 3402 2377 3472 fugitivorum,
2437 3401 2533 3454 sed
2586 3408 2796 3472 quanto
2827 3402 3098 3456 celebrior
3126 3409 3183 3457 et
3212 3405 3442 3474 majoris
3469 3411 3590 3461 erat

1995 3491 2365 3554 auctoritatis,
2399 3491 2530 3560 quia
2556 3489 2612 3544 in
2645 3497 2857 3561 partem
2891 3492 3244 3546 sacerdotum
3283 3493 3469 3548 fuerat
3497 3496 3589 3549 de-

1994 3580 2199 3649 legata,
2252 3585 2411 3632 tanto
2441 3578 2776 3648 principium
2828 3579 3158 3633 idololatriae
3212 3587 3270 3634 et
3307 3583 3584 3638 malorum

1995 3668 2245 3721 omnium
2274 3667 2414 3720 fuit:
2450 3679 2507 3719 et
2535 3667 2669 3736 quia
2707 3667 2799 3720 isti
2834 3667 2980 3720 idola
3025 3668 3268 3737 primum
3297 3686 3588 3726 consecra-

1994 3762 2144 3819 runt,
2181 3756 2346 3826 primi
2401 3755 2472 3808 ab
2501 3755 2744 3826 Assyriis
2773 3755 2942 3824 capti,
2984 3762 3039 3809 et
3087 3757 3143 3809 in
3199 3759 3584 3828 captivitatem

1992 3850 2125 3899 sunt
2149 3844 2321 3897 ducti.
2361 3863 2382 3893 ι
2419 3844 2792 3913 Supplantata
2838 3844 3130 3914 sanguine.
3169 3865 3191 3895 ι
3226 3847 3488 3917 Legimus
3527 3851 3584 3904 in

1991 3932 2134 3984 libro
2167 3933 2377 4002 Regum
2394 3932 2541 4001 quod
2560 3932 2700 3984 Hieu
2733 3937 2933 3986 unctus
2963 3933 3218 4002 inregem
3253 3935 3310 3987 in
3341 3937 3585 3992 Ramoth

1990 4020 2208 4075 Galaad
2255 4019 2542 4082 deleverit,
2587 4019 2891 4072 secundum
2939 4021 3161 4073 Domini
3216 4030 3580 4094 praeceptum,

1991 4125 2213 4162 onmem
2265 4109 2496 4161 domum
2550 4105 2758 4172 Achab,
2806 4107 2862 4159 id
2917 4113 3001 4160 est
3052 4111 3409 4180 septuaginta
3461 4115 3584 4184 ejus

1991 4198 2154 4261 ﬁlios,
2196 4202 2538 4266 caeterosque
2566 4195 2646 4248 illi
2675 4196 3088 4250 consentientes
3109 4197 3166 4251 in
3197 4200 3584 4266 malum.Qua-

1990 4293 2220 4356 propter
2247 4286 2370 4356 ipsa
2397 4284 2589 4338 civitas
2639 4284 3000 4354 supplantata
3028 4285 3104 4352 (id
3150 4292 3236 4340 est
3265 4287 3582 4362 humiliata)

309 4386 382 4439 ad
414 4384 706 4439 haereticos
744 4382 857 4436 sive
899 4382 969 4434 ad
1001 4380 1146 4433 viros
1174 4378 1208 4432 J
1217 4379 1326 4433 uda
1363 4377 1581 4442 referri,
1615 4378 1763 4448 quod
1793 4373 1971 4431 Do-D
1993 4375 2264 4444 sanguine
2292 4373 2514 4436 dicitur,
2546 4373 2630 4425 vel
2671 4373 2862 4437 etiam,
2904 4373 3036 4442 quia
3081 4374 3324 4431 vindicta
3361 4380 3584 4449 sangui-

309 4470 504 4523 minus
537 4472 801 4539 provocat
841 4465 913 4519 ad
943 4464 1402 4529 misericordiam,
1437 4468 1493 4516 et
1528 4462 1730 4516 reverti
1755 4463 1910 4532 cupit

308 4559 382 4611 ad
416 4559 676 4610 salutem.
711 4555 833 4609 Illis
869 4560 1057 4608 autem
1096 4552 1580 4624 impcenitentibus
1610 4551 1786 4605 nubes
1828 4554 1907 4606 vel

306 4663 425 4709 ros,
443 4646 497 4700 id
528 4651 631 4709 est,
646 4645 990 4716 prosperitas
1010 4643 1171 4697 istius
1191 4643 1374 4696 saeculi
1405 4642 1692 4696 auferetur
1713 4642 1782 4695 ab
1805 4642 1904 4707 eis,

223 4749 228 4754 ‘
306 4736 459 4789 sicut
504 4734 708 4787 accidit
742 4733 823 4787 illi
862 4732 1019 4785 diviti
1069 4737 1398 4802 purpurato,
1437 4731 1532 4801 qui
1585 4747 1750 4784 omne
1799 4747 1908 4800 quo

301 4824 519 4878 frnitus
548 4829 652 4886 est,
669 4828 733 4876 ut
760 4822 943 4875 instar
959 4804 1124 4875 nubis
1155 4820 1237 4874 vel
1275 4819 1419 4873 roris
1447 4820 1689 4873 transire
1701 4836 1908 4888 cogno-

298 4914 406 4974 vit,
432 4927 764 4982 semperque
795 4910 1180 4964 haereticorum
1198 4909 1502 4979 prophetas
1524 4908 1794 4962 Dominus
1817 4908 1908 4962 in-

299 5001 534 5064 terﬁcit,
567 5000 700 5054 dum
730 5004 942 5052 aeterna
969 4997 1048 5051 eis
1067 4997 1340 5068 supplicia
1360 4997 1909 5060 comminatur.Quo-

299 5107 433 5144 rum
460 5088 676 5159 judicia
708 5086 1008 5140 manifesta
1034 5087 1189 5151 fient,
1222 5102 1349 5139 cum
1382 5083 1696 5138 videntibus
1726 5085 1909 5138 omni-

297 5179 410 5233 bus
439 5194 569 5231 culn
597 5175 820 5230 diabolo
852 5184 906 5229 et
938 5175 1150 5244 angelis
1181 5175 1301 5244 ejus
1323 5174 1763 5229 damnabuntur.

376 5287 401 5318 ι
441 5265 587 5329 Quia
620 5263 1063 5318 misericordiam
1104 5263 1273 5328 volui,
1311 5270 1368 5316 et
1401 5279 1510 5316 non
1550 5263 1904 5326 sacrificium,

298 5362 358 5411 et
381 5355 682 5410 scientiam
713 5353 816 5406 Dei
864 5353 991 5423 plus
1023 5369 1191 5422 quam
1219 5352 1629 5406 holocaustum.
1674 5371 1700 5404 »
1733 5351 1911 5406 Judaei

295 5445 458 5500 vario
479 5442 649 5497 modo
679 5446 992 5512 peccantes,
1019 5440 1295 5512 putabant
1327 5457 1386 5494 se
1411 5441 1641 5511 purgari
1681 5457 1782 5510 per
1819 5457 1907 5494 sa-

296 5534 651 5604 crificiorum
697 5529 1044 5596 oblationes;
1093 5529 1190 5585 sed
1241 5529 1513 5584 Dominus
1570 5528 1816 5583 ostendit
1851 5545 1912 5582 se

1991 4464 2078 4517 nis
2107 4479 2273 4533 quem
2299 4460 2752 4527 fundebat,sicut
2776 4461 2835 4514 in
2853 4463 3218 4532 sequentibus
3250 4465 3577 4532 videbimus,

1989 4568 2158 4622 super
2183 4568 2312 4605 eum
2337 4550 2506 4604 venit.

2067 4661 2093 4690 α
2150 4641 2219 4694 Et
2265 4639 2425 4710 quasi
2473 4639 2660 4692 fauces
2692 4638 2936 4692 virorum
2971 4639 3273 4695 latronum.
3311 4662 3334 4694 ι
3370 4645 3581 4701 Fauces

1989 4728 2236 4782 virorum
2283 4728 2568 4780 latronum
2619 4732 2750 4780 sunt
2797 4742 3065 4791 cavernae,
3114 4735 3426 4800 caeteraque
3459 4733 3582 4788 loca

1990 4817 2202 4882 abdita,
2225 4817 2282 4870 in
2313 4815 2516 4886 quibus
2551 4814 2807 4868 absconsi
2835 4821 3238 4885 praetereuntes
3267 4821 3584 4890 exspoliant

1989 4912 2042 4961 et
2064 4905 2771 4973 interficiunt.Hujusmodi
2793 4903 3108 4957 habitacula
3127 4913 3284 4960 erant
3311 4907 3368 4962 in
3388 4910 3584 4966 eadem

1989 4996 2234 5065 regione.
2263 4994 2474 5048 Idcirco
2504 4993 2711 5046 dicitur
2739 4993 2887 5062 quod
2916 4992 2989 5046 sit
3031 4993 3244 5048 Galaad
3275 4999 3435 5066 quasi
3465 4999 3589 5054 fau-

1991 5102 2082 5138 ces
2119 5085 2423 5147 latronum,
2486 5081 2620 5152 quia
2650 5080 2794 5134 sicut
2826 5081 2904 5135 illi
2938 5082 3176 5136 latentes
3222 5085 3586 5144 denudabant

1992 5179 2049 5226 et
2086 5170 2498 5226 interficiebant
2545 5169 2819 5235 homines,
2878 5170 2958 5224 ita
3005 5173 3323 5227 sacerdotes
3371 5175 3584 5232 Galaad

1991 5260 2324 5315 insidiantes
2382 5259 2727 5328 simplicitati
2784 5259 2994 5330 populi,
3056 5261 3443 5330 exspoliabant
3490 5282 3586 5320 eos

1992 5351 2120 5414 ﬁde,
2151 5354 2208 5402 et
2235 5347 2645 5401 interﬁciebant
2681 5355 2886 5401 mente.
2916 5347 3066 5410 Quos
3111 5356 3300 5403 autem
3329 5352 3586 5424 decipere

1993 5455 2104 5492 non
2179 5442 2458 5508 poterant,
2517 5436 2766 5490 vestibus
2833 5436 3145 5507 privabant,
3223 5445 3280 5493 et
3354 5458 3586 5512 corpore

1993 5526 2288 5582 necabant.
2335 5526 2404 5580 Et
2452 5526 2556 5579 hoc
2607 5531 2693 5580 est
2746 5526 2893 5594 quod
2934 5524 3212 5594 subditur,
3249 5546 3274 5580 α
3306 5531 3585 5599 particeps
