4062 6168
528 358 589 427 51,
969 363 1348 425 HAYMONIS
1380 339 1867 418 HALBERSTAT.
1899 360 2135 425 EPISC.
2175 357 2332 415 opp.
2367 356 2550 411 PARS
2577 357 2621 412 ι.
2656 386 2722 396 -
2755 355 3123 417 COMMENT.
3162 355 3347 413 BIBL.
3428 400 3435 407 .

3732 356 3798 413 52

518 486 874 541 sacerdotum
929 487 987 542 in
1040 489 1130 542 via
1179 488 1636 543 interﬁcientium
1694 492 1989 558 pergentes
2041 482 2479 545 deAsubaudis,
2514 480 2746 536 videbis.
2778 480 3082 551 Impletum
3111 486 3201 536 est
3228 483 3336 537 hoc
3361 482 3468 538 sub
3488 484 3636 554 Cyro
3666 498 3797 552 rege

524 575 771 633 Bichem.
817 596 839 627 ι
872 577 1094 631 Sichem
1150 577 1343 632 civitas
1388 582 1476 631 est
1528 577 1585 630 in
1629 577 1869 631 conﬁnio
1923 577 2115 630 decem

508 664 774 727 tribuum
805 670 862 719 et
888 665 1282 735 duarumque;
1306 665 1473 718 hodie
1495 666 1759 735 Neapolis
1777 666 2110 736 appellatur,

527 753 679 807 unde
705 754 981 808 transitus
1010 758 1134 808 erat
1180 754 1449 807 Israelitis
1500 754 1559 807 in
1608 754 1980 819 Hierusalem,
2021 753 2115 807 ubi

525 840 877 897 solummodo
904 842 1109 897 licebat
1144 842 1400 895 victimas
1432 842 1734 897 immolari.
1761 842 1963 897 Tribus
1986 859 2118 912 ergo

522 929 892 1001 temporibus,
943 931 1145 1001 quibus
1194 931 1505 985 secundum
1577 931 1717 1001 legis
1777 936 2119 1001 praeceptum

523 1020 765 1090 populus
793 1019 865 1073 ad
902 1018 1003 1073 Dei
1032 1019 1305 1089 templum
1333 1019 1631 1074 ascendere
1662 1019 1916 1083 debebat,
1943 1035 2121 1073 sacer-

2197 572 2525 633 Persarum.
2570 570 2794 640 quando
2840 584 2941 640 per
2964 586 3195 627 manum
3226 571 3531 626 Zorobabel
3577 577 3638 626 et
3664 572 3797 625 Iesu

2196 666 2367 729 atque
2388 659 2677 724 Nehemla,
2701 659 2907 714 reversi
2923 665 3056 714 sunt
3082 660 3259 715 Judaei
3288 660 3346 714 in
3375 665 3587 715 terram
3612 676 3793 725 suam,

2200 748 2514 803 videntibus
2552 747 2765 811 multis,
2829 763 3066 817 quorum
3099 752 3353 818 tempore
3397 747 3596 804 eadem
3651 748 3800 802 facta

2198 836 2385 892 fuerat
2411 836 2727 907 captivitas,
2759 835 2856 905 qui
2886 835 3138 890 videntes
3168 836 3395 893 illorum
3422 836 3801 891 reversionem

2202 925 2298 994 qui
2322 924 2438 977 nati
2463 924 2687 977 fuerant
2722 924 2782 976 in
2815 923 3095 989 Chaldaea,
3124 923 3339 995 pariter
3374 940 3500 979 cum
3543 924 3684 995 ipsis
3707 936 3801 978 re-

2200 1013 2346 1067 versi
2368 1017 2518 1065 sunt.
2551 1012 2699 1065 Nota
2724 1016 2913 1065 autem
2944 1011 3092 1081 quod
3131 1012 3159 1067 Ι
3166 1012 3290 1070 udae
3314 1010 3607 1082 captivitas
3630 1018 3692 1067 et
3708 1027 3802 1064 re-

2199 1101 2414 1171 gressio
2442 1101 2654 1170 pariter
2675 1100 3080 1169 prophetetur;
3141 1100 3212 1154 de
3241 1100 3416 1157 Israel
3441 1105 3631 1154 autem
3657 1099 3801 1155 nihil

2202 1190 2426 1254 dicitur,
2451 1189 2585 1258 quia
2617 1188 2870 1243 videlicet
2898 1188 3023 1243 istis
3062 1194 3188 1259 post
3224 1189 3586 1259 septuaginta
3621 1204 3802 1247 annos

524 1107 686 1162 dotes
725 1106 1003 1161 idolorum
1056 1106 1340 1178 ponebant
1367 1107 1424 1161 in
1481 1107 1684 1162 itinere
1725 1109 1991 1174 latrones,
2023 1107 2119 1177 qui

523 1194 931 1250 insidiarentur
961 1195 1339 1266 pergentibus,
1372 1201 1437 1250 ut
1466 1196 1646 1266 magis
1688 1197 1891 1250 vitulos
1919 1212 2120 1250 aureos

522 1283 585 1338 in
609 1284 732 1338 Dan
761 1289 818 1338 et
843 1284 903 1337 in
934 1284 1131 1338 Bethel
1171 1300 1338 1354 quam
1381 1284 1679 1338 Dominum
1733 1285 2034 1339 adorarent
2060 1286 2120 1339 in
2198 1277 2721 1341 revertentibus,ilIi
2738 1280 3008 1346 perpetuo
3029 1291 3284 1333 mansere
3302 1276 3523 1347 captivi.
3550 1278 3612 1337 In
3631 1276 3800 1335 domo

526 1375 913 1440 Hierusalem;
942 1377 1001 1427 et
1028 1390 1168 1444 quos
1196 1382 1455 1427 revocare
1473 1390 1587 1427 non
1614 1377 1894 1444 poterant,
1942 1376 2000 1429 in
2032 1391 2121 1429 ea-
2202 1382 2423 1437 quoque
2460 1365 2855 1421 haereticorum
2896 1366 3241 1423 horrendum
3271 1370 3525 1436 apparet,
3572 1365 3801 1435 quando

528 1464 659 1518 dem
701 1463 792 1517 via
816 1461 1247 1516 interﬁciebant.
1289 1462 1536 1525 Quorum
1567 1463 1923 1517 sacerdotum
1951 1464 2121 1534 parti-
2201 1456 2467 1524 dogmata
2490 1471 2662 1524 ριέινει
2691 1454 2975 1520 metando)
3005 1454 3150 1508 male
3181 1455 3249 1511 de
3271 1454 3495 1508 Christo
3523 1454 3798 1520 sentiunt,

529 1569 659 1623 cepe
682 1557 806 1605 erat
833 1551 1067 1615 Galaad,
1102 1550 1232 1620 quia
1252 1551 1571 1604 sacerdotes
1601 1551 1753 1605 illius
1782 1553 2120 1622 conjuratio-
2202 1560 2442 1613 quorum
2472 1544 2639 1597 etiam
2683 1542 3071 1599 fornicationis
3099 1558 3290 1596 errore
3319 1542 3562 1612 populus
3596 1542 3670 1603 ab
3718 1541 3801 1597 eis

529 1657 660 1696 nem
691 1645 749 1694 et
771 1656 1103 1697 consensum
1133 1639 1387 1693 fecerunt
1413 1656 1538 1692 cum
1569 1640 1925 1710 supradictis,
1969 1642 2122 1695 simi-
2202 1632 2465 1686 Seductus
2508 1630 2849 1687 sordidatur.
2902 1629 3065 1685 Judae
3112 1647 3354 1701 quoque,
3402 1631 3506 1689 hoc
3530 1636 3636 1695 est.
3665 1629 3801 1685 Viris

472 1734 485 1741 '
527 1730 769 1800 Iiterque
792 1745 893 1798 per
920 1744 1053 1781 suos
1081 1728 1369 1781 ministros
1396 1728 1810 1782 interficiebant
1829 1735 2123 1799 pergentes
2143 1795 2180 1800 _
2206 1719 2593 1775 oceleSiasticis
2642 1718 2983 1789 praecipitur»
3044 1724 3107 1772 ut
3173 1726 3493 1789 Ρτεερθτθηι
3556 1734 3801 1773 ωθεεθω

527 1818 586 1871 in
616 1795 991 1871 Hierusalem.
1015 1816 1172 1870 Unde
1201 1816 1473 1885 sequitur,
1492 1834 1519 1868 α
1544 1816 1674 1886 quia
1702 1795 1881 1870 scelus
1909 1795 2124 1888 operati
2142 1795 2188 1853 B
2206 1808 2487 1869 εθϐιίοηίες
2511 1809 2997 1878 ιηθῐθηᾶίρνορῐεν
3025 1814 3253 1877 Ρθοοὸῐει
3271 1825 3374 1861 sua
3402 1808 3459 1862 in
3479 1806 3798 1878 dieiudicii,

504 1910 715 1969 ~sunt,n
740 1904 1010 1958 subaudis
1028 1904 1083 1956 in
1106 1904 1493 1958 interiectione
1514 1905 1980 1970 scilicetillorum,
2009 1907 2124 1959 sive
2205 1896 2276 1950 ab
2304 1914 2370 1951 eo
2397 1897 2491 1968 qui
2519 1897 2579 1950 in
2599 1897 2936 1967 Apocalypsi
2956 1896 3188 1953 Joannis
3212 1896 3419 1951 habere
3440 1896 3637 1955 falcem
3663 1912 3805 1955 aoli—

531 1994 592 2048 in
621 1993 957 2047 idololatria.
991 1993 1099 2047 Sed
1121 1999 1178 2046 et
1196 2009 1345 2046 nunc
1359 1993 1513 2063 pravi
1535 1993 1792 2047 doctores
1810 1994 1869 2047 in
1890 1994 1995 2053 via,
2020 1995 2125 2048 hoc
2204 1991 2322 2039 tam
2350 1987 2407 2039 in
2435 2001 2605 2040 manu
2631 1998 2735 2039 suo
2771 1985 2999 2040 dieitur.
3044 1986 3159 2043 Hoc
3188 1990 3376 2039 tamen
3408 2001 3521 2038 non
3551 1984 3803 2054 optantis

532 2088 636 2145 est,
661 2082 721 2135 in
749 2081 947 2135 itinere
976 2080 1267 2151 praesentis
1295 2080 1421 2134 vitae
1451 2082 1812 2151 pergentibus
1832 2082 1889 2135 in
1919 2083 2121 2137 Hieru-

530 2170 705 2225 salem
734 2170 1036 2229 caalestem,
1061 2169 1302 2222 tendunt
1341 2169 1597 2235 insidias,
1641 2177 1955 2241 necantque
1983 2188 2121 2241 quos

528 2264 767 2330 possunt
786 2257 845 2311 in
870 2256 1114 2318 Sichem,
1143 2256 1200 2310 id
1232 2261 1337 2321 est,
1370 2257 1429 2310 in
1458 2257 1618 2311 bonis
1646 2258 1927 2328 cperibus,
1968 2275 2121 2313 revo-

532 2347 710 2402 cando
724 2346 796 2400 ad
817 2346 1129 2416 nequitiam
1156 2362 1270 2399 suae
1292 2346 1527 2399 actionis
1552 2363 1721 2416 prava
1750 2346 2005 2401 doctrina
2031 2348 2118 2401 vel

528 2436 681 2490 malo
697 2444 858 2489 citem
866 2434 976 2505 plo.
1000 2435 1142 2488 Nam
1170 2434 1390 2488 Sichem
1412 2434 1818 2505 interpretatur
1831 2436 2119 2493 humerus.

531 2523 600 2579 In
624 2524 861 2578 humero
884 2528 1075 2577 autem
1103 2538 1244 2590 opus
1272 2522 1624 2593 intelligitur.
1670 2524 1832 2578 Unde
1863 2530 1921 2579 et
1948 2526 2018 2579 de
2046 2526 2124 2579 Is-

535 2614 734 2668 sachar
760 2612 1019 2682 legimus,
1048 2611 1197 2682 quod
1228 2612 1586 2681 supposuerit
1611 2612 1908 2666 humerum
1956 2628 2119 2667 suum

531 2702 599 2756 ad
630 2701 994 2773 operandum.

607 2811 632 2843 ι
668 2791 734 2845 In
762 2790 930 2844 domo
967 2789 1142 2844 Israel
1179 2789 1291 2843 vidi
1316 2788 1681 2843 horrendum.
1712 2809 1740 2841 η
1779 2790 1993 2844 Horror
2029 2792 2129 2845 ali-

532 2884 757 2952 quando
771 2878 1000 2950 ponitur
1020 2884 1119 2949 pro
1142 2878 1534 2946 timore,juxta
1555 2878 1699 2948 quod
1725 2870 1995 2949 scriptum
2019 2885 2122 2934 est;

528 2968 890 3024 Horrendum
920 2972 1005 3020 est
1026 2967 1271 3020 incidere
1298 2966 1357 3019 in
1386 2983 1585 3020 manus
1605 2966 1706 3021 Dei
1736 2967 1998 3035 viventis;
2032 2970 2131 3023 ali-

535 3056 761 3127 quando
791 3071 892 3125 pro
912 3054 1170 3125 squalore
1191 3058 1250 3107 et
1276 3070 1337 3107 re
1370 3054 1628 3121 sordida;
1662 3056 1811 3110 unde
1842 3062 1928 3110 est
1962 3075 1973 3108 :
2002 3058 2128 3110 Non

533 3142 803 3198 horruisti
841 3142 1075 3212 virginis
1104 3147 1350 3204 uterum,
1392 3143 1499 3195 hoc
1545 3148 1649 3205 est,
1693 3144 1981 3198 sordidum
2015 3161 2128 3198 non

530 3230 1198 3304 deputasti.Horrendum
1220 3230 1411 3301 itaque
1430 3231 1534 3285 hoc
1560 3232 1617 3285 in
1647 3233 1766 3287 loco
1794 3249 1894 3303 pro
1923 3233 2127 3289 timore

533 3319 763 3393 punitur
788 3317 1134 3372 idololatria.
1180 3318 1411 3387 Expavit
1439 3319 1586 3372 enim
1631 3320 1905 3391 propheta
1934 3322 2128 3375 videns

530 3409 765 3472 idolum,
784 3407 931 3478 quod
962 3407 1211 3460 fecerant
1233 3406 1503 3461 Israelita
1516 3407 1708 3462 relicto
1729 3409 1862 3474 Deo,
1888 3410 2126 3480 ideoque

531 3497 614 3552 ait
641 3516 653 3550 :
686 3497 752 3551 In
779 3496 946 3550 domo
962 3482 1157 3557 Israel,
1186 3494 1240 3547 id
1259 3501 1363 3558 est,
1388 3495 1445 3548 in
1474 3497 1905 3565 congregatione
1934 3498 2124 3551 decem

531 3585 782 3640 tribuum
820 3583 926 3637 vidi
956 3582 1352 3636 idololatriam.
1398 3583 1557 3646 Quod
1608 3584 1758 3638 enim
1800 3586 2125 3640 horribilius

537 3690 705 3745 quam
735 3674 926 3727 decem
975 3671 1158 3725 tribus
1213 3672 1282 3724 ad
1333 3672 1611 3726 idolorum
1650 3674 1863 3727 cultum
1895 3683 2127 3745 repente

531 3760 958 3832 treusgressas?
990 3780 1013 3810 ι
1058 3758 1144 3813 Ibi
1174 3759 1568 3814 fornicationes
1595 3761 1881 3831 Ephraim,
1931 3773 2126 3817 conta-

533 3852 783 3906 minatus
804 3854 890 3904 est
918 3849 1109 3905 Israel.
1146 3868 1171 3901 in
1200 3849 1420 3902 Dictum
1452 3854 1538 3902 est
1562 3848 1820 3919 superius
1854 3851 2001 3920 quod
2030 3868 2127 3906 no-

531 3942 686 3996 mine
715 3940 979 4012 Ephraim
1009 3937 1343 3993 Hieroboam
1373 3938 1742 4007 intelligatur,
1782 3939 1997 4009 primUs
2027 3942 2128 3995 sci-

531 4030 664 4086 licet
708 4046 806 4085 rex
853 4030 1044 4084 decem
1100 4027 1372 4091 tribuum,
1428 4027 1649 4081 Israelis
1697 4032 1906 4093 autem,
1958 4044 2127 4085 omne

528 4126 772 4190 regnum
810 4119 984 4172 illius.
1017 4116 1233 4171 Dicitur
1256 4117 1444 4185 itaque
1472 4116 1569 4182 ibi,
1610 4118 1713 4171 hoc
1737 4123 1840 4181 est,
1874 4118 1933 4172 in
1961 4118 2126 4174 domo

532 4208 710 4263 Israel
750 4222 861 4275 qua
887 4204 1229 4258 horrendum
1259 4205 1538 4273 apparuit,
1572 4206 1969 4261 fornicationes
1995 4214 2129 4263 sunt

533 4293 825 4364 Ephraim,
854 4293 911 4345 id
936 4297 1041 4356 est,
1077 4291 1411 4345 Hieroboam
1442 4292 1511 4345 de
1540 4292 1691 4346 tribu
1722 4295 2006 4364 Ephraim,
2032 4298 2128 4367 qui

532 4382 714 4439 Deam
761 4380 1086 4450 relinquens
1112 4379 1265 4433 idola
1292 4381 1545 4434 venerari
1574 4382 1758 4452 capit.
1788 4383 2183 4477 FornicaturD

537 4470 742 4541 quippe
763 4469 951 4533 homo,
983 4468 1206 4538 quando
1234 4470 1684 4539 Creatorem(qui
1697 4477 1784 4524 est
1808 4471 1891 4525 vir
1904 4473 2121 4540 animae)

535 4559 819 4624 deserens,
871 4558 1127 4611 adultero
1170 4557 1247 4623 (id
1294 4562 1379 4610 est
1430 4557 1665 4621 diabolo)
1704 4561 2017 4630 copulatur.
2052 4562 2127 4618 Et

531 4648 844 4705 {emicante
880 4646 1200 4711 Jeroboam,
1253 4646 1666 4700 contaminatus
1695 4654 1782 4702 est
1806 4650 1998 4716 Israel,
2031 4669 2126 4722 po-

532 4739 698 4810 pulus
724 4737 983 4797 videlicet
1029 4736 1110 4790 illi
1136 4734 1440 4805 subjectus,
1482 4736 1614 4806 quia
1642 4752 1847 4806 magna
1876 4755 1942 4792 ex
1971 4747 2128 4811 parte

536 4840 835 4887 commune
880 4842 1086 4880 nomen
1116 4824 1344 4879 Israelis
1371 4824 1630 4879 obtinuit.
1658 4826 1817 4880 Unde
1850 4834 1907 4881 et
1934 4828 2003 4882 ad
2033 4831 2127 4884 Jub

537 4915 667 4968 dam
688 4930 873 4968 sermo
893 4915 1255 4981 convertitur,
1278 4929 1406 4968 cum
1435 4913 1690 4985 protinus
1719 4914 1980 4971 subditur
2010 4935 2021 4970 ε

610 5021 634 5055 s
668 5001 778 5057 Sed
806 5007 864 5055 et
881 5003 1043 5069 Juda,
1077 5018 1221 5072 pone
1247 5019 1486 5058 messem
1509 5003 1665 5057 tibi.»
1690 5004 1757 5058 Et
1778 5010 1862 5059 est
1877 5022 2074 5061 sensus
2106 5024 2118 5059 τ

531 5093 658 5147 Non
681 5097 739 5145 te
769 5092 934 5162 putes
981 5106 1103 5144 esse
1128 5107 1408 5153 securum,
1466 5092 1614 5162 quod
1665 5091 1842 5148 Israel
1871 5095 2125 5165 captivus

530 5179 847 5243 abducitur,
879 5185 942 5233 tu
973 5194 1195 5249 quoque
1225 5196 1478 5250 praepara
1524 5181 1624 5235 tibi
1664 5187 1882 5253 segetes
1912 5189 1976 5237 ut
2013 5200 2126 5237 me-

531 5274 749 5333 tantur,
778 5268 834 5320 id
856 5274 963 5330 ost,
992 5282 1203 5337 genera
1231 5267 1375 5329 filios
1422 5268 1515 5337 qui
1556 5270 1918 5324 succidantur
1945 5286 1977 5323 a
2016 5271 2125 5323 Na-

527 5357 1024 5417 buchodonosorot
1044 5356 1293 5409 exercitu
1309 5358 1451 5425 ejus.
1476 5357 1599 5410 Non
1616 5358 1794 5411 multo
1816 5360 1965 5411 enim
1998 5366 2124 5429 post

525 5456 779 5516 tempore
808 5445 1028 5498 duceris
1055 5444 1303 5513 captivus
1333 5444 1389 5496 in
1416 5443 1780 5515 Babylonem,
1812 5453 1870 5499 et
1897 5447 2123 5501 messio-

524 5535 614 5597 nis
665 5542 778 5588 tua;
821 5534 946 5603 (hoc
982 5539 1068 5586 est
1106 5533 1534 5598 interfectionis)
1579 5540 1800 5604 tempus
1839 5536 2116 5590 adveniet.

531 5643 554 5675 ι
624 5622 767 5678 Cum
830 5628 1152 5676 convertero
1213 5621 1595 5692 captivitatem
1652 5624 1845 5693 populi
1906 5623 2040 5684 mei.
2087 5642 2113 5675 ι)

2204 2080 2331 2128 voto
2353 2074 2575 2135 dicitur,
2608 2073 2705 2126 sed
2734 2072 3107 2142 praedicentis.
3148 2073 3290 2127 Nam
3324 2079 3382 2127 et
3410 2072 3504 2127 isti
3535 2072 3581 2131 si
3628 2072 3806 2144 poeni-

2203 2162 2438 2217 tentiam
2477 2161 2709 2232 egerint,
2734 2174 2896 2215 suam
2920 2160 3341 2219 conversionem
3369 2177 3405 2214 a
3434 2161 3584 2221 male
3609 2161 3682 2219 ad
3700 2160 3805 2215 bo-

2201 2267 2339 2305 num
2365 2250 2650 2305 videbunt.

2800 2338 3035 2395 CAPUT
3071 2339 3190 2393 VII.

2277 2448 2304 2483 s
2336 2430 2477 2484 Cum
2507 2446 2708 2497 sanare
2731 2430 2929 2486 vellem
2959 2429 3152 2484 Israel.
3189 2448 3214 2487 ι
3250 2426 3550 2493 Subaudis,
3580 2426 3650 2481 ab
3676 2425 3802 2480 ido-

2208 2518 2625 2588 lolatria,quam
2657 2523 3024 2572 exercuerant
3042 2517 3100 2571 in
3120 2517 3360 2587 Egypto
3372 2517 3456 2571 vel
3472 2516 3531 2569 in
3549 2516 3792 2579 deserto,

2212 2607 2435 2678 quando
2448 2608 2831 2661 conﬂaverant
2844 2613 3014 2676 caput
3038 2606 3217 2671 vituli,
3236 2605 3487 2661 dicentes
3514 2617 3524 2650 ε
3550 2604 3649 2665 Isti
3669 2608 3807 2661 sunt

2212 2697 2287 2750 dil
2326 2696 2429 2762 tui,
2463 2696 2596 2766 quia,
2626 2695 2797 2750 malui
2828 2694 3215 2765 paenitentiam
3267 2693 3577 2765 peccatoris
3630 2708 3805 2763 quam

2211 2791 2470 2837 mortem.
2499 2800 2523 2836 α
2553 2784 2818 2838 Revelata
2847 2789 2931 2839 est
2959 2782 3228 2852 iniquitas
3260 2781 3548 2852 Ephraim,
3576 2781 3661 2836 rid
3695 2789 3803 2846 est,

2210 2872 2529 2927 idololatria
2576 2872 2893 2936 Jeroboam,
2928 2872 3022 2941 qui
3053 2876 3284 2942 repente
3326 2887 3497 2940 super
3532 2870 3806 2941 populum

2211 2961 2583 3015 Is‘raeliticum
2635 2977 2729 3015 rex
2758 2960 3114 3026 constitutus,
3145 2960 3345 3013 vitulos
3374 2975 3574 3014 aureos
3624 2958 3759 3013 fecit
3787 2977 3801 3024 ς

2216 3068 2241 3102 α
2285 3055 2341 3103 et
2371 3049 2585 3103 malitia
2613 3049 2900 3114 Semeriae,
2940 3070 2961 3096 ι
3008 3049 3065 3105 id
3092 3056 3196 3112 est,
3229 3048 3467 3118 subjecti
3491 3045 3681 3119 populi
3711 3064 3806 3103 re-

2211 3140 2397 3194 velata
2425 3145 2512 3193 est
2538 3138 2827 3209 sequentis
2854 3153 3042 3207 regem
3072 3137 3329 3207 impium.
3364 3156 3390 3190 «
3414 3136 3558 3201 Quia
3586 3137 3804 3207 cperati

2210 3234 2343 3281 sunt
2377 3247 2398 3281 ι
2430 3235 2488 3282 et
2515 3244 2609 3281 rex
2641 3232 2698 3281 et
2735 3227 2975 3297 populus
3009 3245 3032 3277 ι
3077 3225 3452 3290 mendacium,
3491 3245 3513 3275 ι
3552 3224 3659 3280 hoc
3694 3232 3800 3292 est,

2208 3316 2440 3371 idolum.
2472 3316 2628 3371 Sicut
2649 3314 2796 3369 enim
2827 3314 3172 3369 contrarium
3196 3320 3283 3368 est
3311 3314 3670 3369 mendacium
3702 3330 3801 3369 ven-

2208 3403 2383 3468 ritati,
2405 3404 2485 3460 ita
2511 3404 2720 3459 idolum
2750 3404 2885 3457 Deo.
2914 3403 3013 3456 Vel
3043 3410 3193 3456 certe
3217 3403 3272 3456 in
3302 3402 3409 3460 hoc
3441 3402 3804 3457 mendacium

2207 3493 2401 3546 fecisse
2431 3493 2713 3559 dicuntur,
2747 3492 2879 3563 quia
2908 3492 3047 3546 falso
3079 3490 3475 3561 loquebantur,
3500 3490 3635 3545 dum
3670 3506 3805 3562 pro?

2207 3582 2371 3635 strati
2398 3582 2505 3636 diis
2536 3582 2796 3636 dicebant
2834 3597 2845 3635 :
2882 3581 2981 3636 Isti
3026 3586 3160 3635 sunt
3185 3581 3264 3634 dii
3294 3580 3400 3647 tui,
3430 3580 3671 3650 gloriam
3701 3580 3805 3641 Dei

2209 3670 2612 3725 transferentes
2641 3671 2711 3725 ad
2752 3670 3069 3727 simulacra.
3109 3687 3137 3723 ι
3169 3670 3239 3723 Et
3273 3669 3365 3729 fur
3402 3669 3689 3739 ingressus
3719 3675 3806 3724 est

2209 3759 2475 3828 spolians,
2511 3760 2865 3814 latrunculus
2896 3759 3049 3817 foris.
3103 3778 3125 3809 ι
3172 3757 3291 3815 Hoc
3340 3758 3491 3815 inter
3535 3756 3718 3817 furem
3748 3762 3808 3813 et

2207 3849 2483 3901 latronem
2513 3848 2685 3905 distat
2715 3849 2861 3918 quod
2891 3848 2982 3904 fur
3002 3852 3218 3901 noctem
3248 3846 3467 3917 quaerit,
3487 3852 3544 3900 et
3563 3845 3807 3903 latenter

2207 3935 2402 4004 inique
2457 3942 2746 4005 operatur,
2776 3937 2920 3990 latro
2971 3942 3160 3990 autem
3196 3940 3389 4005 aperte
3444 3934 3557 3987 vim
3612 3934 3802 3995 infert.

2208 4024 2413 4078 Furem
2461 4031 2651 4079 autem
2689 4024 2747 4081 in
2778 4024 2883 4077 hoc
2918 4025 3039 4078 loco
3091 4024 3177 4077 vel
3204 4024 3499 4087 latronem,
3534 4022 3806 4079 debemus

2209 4114 2527 4184 intelligere
2555 4113 2874 4179 Jeroboam,
2907 4113 3003 4183 qui
3041 4113 3220 4167 instar
3240 4112 3380 4166 furis
3406 4111 3693 4182 ingressus
3733 4112 3806 4167 ad

2208 4202 2438 4256 domum
2493 4203 2686 4264 Israel,
2745 4203 2966 4258 furatus
3020 4207 3106 4256 est
3134 4218 3229 4255 eos
3260 4201 3393 4261 Deo,
3428 4207 3485 4254 et
3514 4201 3677 4271 quasi
3726 4202 3804 4259 lay-

2210 4292 2506 4345 trunculus
2534 4291 2812 4345 infelicem
2846 4293 3112 4363 populum
3157 4290 3484 4361 exspoliavit
3529 4289 3630 4347 Dei
3678 4306 3807 4360 pro-

2209 4380 2471 4444 tectione,
2495 4386 2554 4435 et
2575 4386 2661 4433 est
2678 4395 2876 4435 sensus
2910 4396 2921 4428 :
2951 4379 3089 4434 Cum
3117 4380 3312 4433 vellem
3347 4385 3539 4434 vetera
3578 4385 3807 4449 peccata

2207 4468 2399 4538 populi
2430 4461 2539 4522 mei
2568 4469 2756 4522 delere
2788 4476 3018 4539 propter
3069 4468 3358 4538 antiquam
3396 4468 3799 4532 idololatriam,

2206 4556 2471 4626 Ephraim
2496 4562 2553 4610 et
2580 4557 2835 4612 Samaria
2859 4572 3004 4612 nova
3025 4557 3176 4612 idola
3204 4563 3561 4628 repererunt.
3606 4557 3711 4610 Sed
3746 4565 3806 4619 et

2207 4646 2312 4699 hoc
2338 4645 2447 4709 dici
2474 4647 2831 4716 potest,quod
2854 4646 3090 4701 Domino
3109 4648 3398 4701 Salvatore
3420 4647 3637 4700 volente
3667 4662 3801 4716 pec.-

2209 4740 2335 4789 cata
2364 4735 2618 4790 Ecclesiae
2640 4741 2756 4789 tam
2772 4736 3090 4791 Iudaeorum
3106 4751 3275 4806 quam
3292 4734 3550 4805 gentium
3578 4751 3801 4799 sanare,

2209 4823 2391 4877 subito
2421 4824 2664 4878 surrexit
2692 4825 2983 4894 Ephraim,
3029 4825 3135 4878 hoc
3164 4830 3251 4878 est
3279 4823 3505 4879 ubertas
3533 4822 3802 4877 falsorum

2207 4913 2558 4982 dogmatum,
2587 4913 2673 4967 cui
2698 4913 2861 4967 multi
2885 4913 3134 4968 faventes
3162 4912 3379 4983 cperati
3406 4918 3541 4967 sunt
3579 4913 3806 4971 menda-

2205 5001 2353 5056 cium
2374 5006 2571 5055 contra
2600 5002 2908 5063 Christum.
2937 5008 2994 5056 et
3022 5014 3124 5074 per
3151 5018 3245 5056 eos
3275 5002 3564 5072 ingressus
3593 5006 3679 5056 est
3712 5001 3805 5056 fur

2206 5097 2263 5144 et
2282 5090 2445 5155 latro,
2478 5090 2582 5143 hoc
2610 5096 2696 5146 est
2722 5091 2979 5147 diabolus
3002 5091 3062 5145 in
3089 5091 3413 5145 Ecclesiam.
3448 5090 3574 5147 Sive
3620 5091 3803 5151 furem

2207 5184 2264 5232 et
2292 5179 2567 5233 latronem
2588 5180 2739 5251 ipsos
2768 5180 3154 5250 intelligamus
3183 5180 3490 5245 haereticos,
3515 5180 3584 5234 de
3599 5179 3804 5248 quibus

2206 5267 2478 5321 Dominus
2505 5267 2643 5322 dicit
2667 5287 2678 5321 :
2704 5268 2810 5331 Qui
2830 5286 2961 5335 non
3004 5269 3182 5323 intrat
3214 5284 3313 5338 per
3340 5268 3546 5323 ostium
3577 5268 3635 5323 in
3657 5268 3799 5321 ovile

2204 5356 2410 5420 ovium,
2430 5358 2514 5410 vel
2538 5358 2789 5412 ascendit
2807 5356 3055 5422 aliunde,
3076 5357 3169 5411 ille
3197 5358 3289 5413 fur
3316 5363 3400 5410 est
3430 5361 3490 5413 et
3518 5357 3798 5421 latro,etc.

2206 5445 2414 5500 Omnes
2427 5452 2704 5516 quotquot
2726 5454 3001 5499 venerunt
3020 5452 3152 5499 ante
3172 5463 3280 5507 me,
3311 5446 3465 5501 fures
3489 5450 3623 5499 sunt
3644 5450 3702 5505 et
3720 5444 3802 5498 la.-

2200 5541 2410 5589 trones.
2447 5534 2606 5589 Unde
2626 5535 3009 5604 signiﬁcanter
3019 5535 3119 5599 ait,
3135 5535 3283 5606 quod
3296 5534 3648 5595 latrunculus
3664 5532 3800 5593 foris

2200 5624 2488 5694 exspoliet.
2520 5625 2644 5678 Non
2676 5625 2826 5679 enim
2857 5628 3090 5694 possunt
3144 5623 3269 5678 illos
3321 5624 3542 5694 privare
3589 5623 3800 5677 Christi
