4062 6168
499 228 567 286 55

500 447 760 502 omnibus
790 447 977 513 rebus,
1011 448 1179 502 etiam
1227 450 1395 503 vitam
1446 451 1788 503 amittamus.
1833 450 2091 518 Dumque

497 537 618 591 haec
647 537 915 602 dicerent,
944 537 1113 590 etiam
1143 537 1248 608 ipsi
1275 539 1344 590 ad
1367 539 1546 591 scelus
1565 538 1895 604 idololatriae
1925 538 2093 590 devo-

499 625 605 679 luti
634 630 780 680 sunt.
821 645 843 676 ι
892 625 1098 679 Omnes
1142 642 1302 695 reges
1347 643 1541 679 eorum
1571 627 1913 679 ceciderunt.
1950 645 1972 675 ι
2009 625 2093 678 Ab

501 713 610 768 isto
657 714 869 768 scilicet
906 713 1201 767 Jeroboam
1247 731 1423 784 usque
1464 715 1534 767 ad
1566 715 1828 768 ultimum
1858 715 2088 779 Josiam,

502 819 697 856 omnes
751 819 911 872 reges
959 803 1340 857 Israelitarum
1384 803 1704 856 ceciderunt
1758 803 1816 855 in
1869 803 2094 856 idolola-

500 890 669 945 triam
701 893 787 945 vel
829 891 1198 962 perditionem
1245 897 1534 956 aeternam,
1567 897 1622 946 et
1665 891 2094 946 ambulaverunt

501 979 562 1033 in
607 980 710 1034 viis
758 979 1113 1043 Hieroboam,
1159 980 1257 1033 ﬁlii
1300 980 1541 1046 Nabath,
1575 981 1668 1050 qui
1709 997 1937 1050 peccare
1963 980 2095 1033 fecit

499 1067 696 1122 Israel.
727 1088 752 1120 «
784 1069 908 1123 Non
939 1074 1024 1122 est
1051 1070 1110 1122 in
1139 1070 1220 1122 eis
1251 1069 1346 1138 qui
1371 1069 1578 1122 clamet
1605 1069 1672 1122 ad
1705 1085 1811 1129 me,
1845 1087 1870 1120 »
1905 1069 1958 1121 id
1990 1075 2096 1137 est,

499 1173 667 1211 nemo
700 1157 758 1211 in
789 1157 1014 1228 regibus
1044 1163 1142 1211 aut
1172 1158 1230 1209 in
1279 1157 1530 1226 subjecto
1575 1158 1778 1227 populo
1818 1157 2098 1227 reperitur

502 1246 598 1317 qui
625 1247 831 1300 clamet
858 1247 929 1298 ad
952 1262 1059 1312 me,
1085 1251 1142 1298 et
1167 1245 1375 1298 relictis
1397 1245 1560 1298 idolis
1583 1245 1652 1298 ad
1676 1247 1850 1299 Deum
1873 1262 2096 1298 conver-

497 1338 673 1387 tatur.
701 1335 829 1387 Hzec
860 1334 1048 1387 omnia
1076 1333 1274 1387 beatus
1302 1333 1677 1404 Hieronymus
1707 1334 1777 1387 ad
1808 1333 2095 1387 hzereticos

502 1437 811 1492 eorumque
836 1422 1009 1476 refert
1035 1421 1353 1492 discipulos,
1385 1423 1480 1492 qui
1509 1421 1725 1475 malitia
1747 1421 1951 1475 diaboli
1984 1421 2097 1491 (qui

502 1515 591 1563 est
611 1527 708 1563 rex
727 1526 897 1581 super
920 1527 1115 1564 omnes
1134 1511 1372 1580 iniquos)
1389 1509 1646 1575 debriati,
1665 1510 1782 1562 dies
1806 1510 1953 1579 regis
1967 1510 2095 1578 (hoc

505 1603 609 1664 est,
655 1599 924 1668 cujusque
953 1598 1378 1668 praepositorum
1423 1615 1674 1666 suorum,
1708 1598 1857 1651 verbi
1888 1599 2092 1667 gratia,

967 226 1346 288 HAYMONIS
1378 231 1864 289 HALBERSTAT.
1902 233 2128 290 EPISC.
2163 233 2320 289 OPP.
2357 232 2540 287 PARS
2564 231 2588 285 Ι
2615 261 2683 272 -
2713 228 3088 288 COMMENT.
3121 226 3308 284 BIBL.

505 374 808 430 possumus
856 356 1066 412 similia
1118 375 1230 414 non
1279 361 1483 427 facere,
1533 378 1604 415 ne
1641 361 1784 414 forte
1813 360 2167 430 exspoliatiA

3705 219 3773 277 56

2259 383 2284 408 α
2312 361 2416 414 Sed
2441 365 2496 413 et
2515 359 2638 412 cani
2663 359 2820 412 effusi
2849 364 2982 412 sunt
3007 359 3065 412 in
3088 374 3172 422 eo,
3197 361 3254 410 et
3276 355 3396 426 ipse
3423 351 3769 423 ignoravit.»

2175 449 2308 502 Cani
2333 447 2620 500 hominum
2642 446 2943 516 aliquando
2965 447 3023 498 in
3041 445 3250 499 bonum
3272 447 3577 513 ponuntur,
3600 446 3666 494 ut
3685 445 3774 492 est

2173 536 2310 590 illud
2334 536 2669 590 Salomonis:
2690 553 2714 585 «
2739 535 2873 588 Cani
2897 541 3031 588 sunt
3049 550 3248 587 sensus
3267 531 3530 594 hominis,
3553 534 3610 583 et
3631 534 3772 582 aetas

2175 625 2478 678 senectutis
2505 624 2618 677 vita
2648 624 3030 676 immaculata.
3069 642 3091 673 ι
3117 623 3218 675 Hic
3243 627 3434 674 autem
3463 619 3525 672 in
3555 618 3774 671 malum

2175 720 2480 784 ponuntur,
2497 712 2768 766 malitiam
2789 713 2847 765 in
2867 712 3060 766 eodem
3082 711 3287 782 populo
3306 725 3487 779 usque
3506 707 3578 760 ad
3598 708 3775 759 ﬁnem

2176 804 2333 872 regni
2359 819 2742 874 perseverasse
2763 806 3159 855 monstrantes.
3184 800 3292 853 Sed
3317 804 3375 852 et
3397 797 3521 850 cani
3541 796 3773 868 (inquit)

2177 891 2333 944 effusi
2361 897 2493 944 sunt
2522 892 2580 944 in
2610 908 2694 954 eo,
2718 892 2823 944 hoc
2850 895 2952 955 est,
2977 889 3196 943 abunde
3227 889 3286 941 in
3311 885 3566 956 nequitia
3591 901 3777 954 usque

2176 981 2247 1032 ad
2264 980 2482 1033 senium
2504 986 2560 1033 et
2579 980 2735 1048 regni
2760 980 3065 1033 terminum
3086 979 3541 1048 permanserunt.
3561 975 3632 1028 Et
3652 974 3776 1044 ipse

2178 1067 2457 1136 ignoravit
2485 1069 2654 1120 ﬁnem
2689 1068 2844 1137 regni
2875 1067 2980 1131 sui,
3009 1066 3275 1120 subaudis
3301 1064 3621 1118 imminere.

2252 1175 2278 1208 (ι
2310 1155 2385 1209 Et
2415 1155 2800 1209 humiliabitur
2827 1155 3088 1226 superbia
3115 1155 3289 1208 Israel
3318 1153 3374 1206 in
3401 1152 3543 1205 facie
3572 1151 3721 1219 ejus.
3749 1167 3774 1198 ν

2179 1245 2445 1298 Erexerat
2465 1245 2615 1298 enim
2638 1262 2696 1298 se
2727 1244 2902 1298 Israel
2936 1249 3133 1297 contra
3153 1242 3472 1306 Dominum,
3497 1246 3555 1293 et
3577 1256 3692 1293 non
3715 1239 3780 1292 in

2176 1333 2292 1398 illo,
2315 1333 2413 1386 sed
2444 1333 2500 1386 in
2525 1332 2884 1386 multitudine
2903 1332 2990 1386 sui
3013 1330 3220 1385 ﬁdebat
3237 1329 3530 1383 exercitus.
3552 1328 3624 1380 Et
3641 1325 3780 1397 quia

2182 1441 2204 1472 α
2240 1420 2495 1491 superbis
2526 1422 2674 1475 Deus
2709 1421 2936 1484 resistit,
2965 1419 3270 1473 humilibus
3301 1421 3491 1472 autem
3519 1416 3621 1469 dat
3648 1431 3779 1484 gra-

2177 1509 2335 1573 tiam,
2363 1529 2388 1560 i)
2422 1509 2555 1562 dicit
2584 1525 2733 1562 nunc
2762 1525 2863 1579 per
2892 1509 3228 1578 Prophetam
3260 1525 3271 1558 :
3307 1525 3329 1556 ι
3367 1503 3780 1559 Humiliabitur

2178 1597 2442 1668 superbia
2473 1596 2664 1657 Israel,
2705 1617 2727 1649 ι
2780 1598 2883 1650 hoc
2913 1602 3016 1660 est,
3051 1593 3460 1649 interﬁcientur
3491 1592 3781 1663 principes

501 1686 822 1750 Marcionis,
877 1687 1020 1750 Arii,
1077 1692 1246 1756 atque
1303 1686 1580 1752 Eunomii,
1631 1677 2158 1755 cwterorumqueﬂi
2177 1692 2232 1739 et
2259 1687 2531 1740 exercitus
2557 1688 2678 1756 ejus
2702 1686 2776 1755 (in
2813 1685 3015 1756 quibus
3035 1683 3405 1755 gloriabatur)
3427 1681 3496 1735 ab
3525 1680 3779 1750 Assyriis

502 1774 790 1828 celebrant
841 1775 1086 1838 festivos,
1143 1775 1443 1828 Ecclesiam
1477 1774 1875 1844 relinquentes,
1918 1781 1974 1828 et
2001 1791 2096 1828 ve-

500 1863 731 1918 ritatem
780 1863 909 1917 ﬁdei
952 1863 1361 1920 conculcantes.
1393 1863 1553 1917 Unde
1585 1867 1642 1916 et
1669 1864 1725 1916 hi
1759 1864 1853 1933 qui
1882 1863 2096 1917 caeteris

498 1957 769 2024 praesunt,
815 1953 1167 2023 applaudunt
1202 1952 1332 2017 illis,
1378 1968 1443 2005 eo
1487 1951 1636 2022 quod
1667 1953 1894 2005 videant
1930 1952 2098 2005 corda

499 2040 729 2094 illorum
757 2041 1008 2110 nequitia
1039 2040 1262 2101 referta,
1297 2045 1354 2092 et
1381 2040 1509 2093 vino
1537 2040 1852 2110 iniquitatis
1878 2040 2092 2105 infusa;

504 2128 574 2182 de
594 2145 705 2198 quo
729 2129 994 2182 Salomon
1017 2128 1152 2181 dicit
1176 2146 1186 2180 :
1212 2128 1498 2198 Principes
1519 2129 1709 2182 vinum
1740 2144 1851 2181 non
1881 2127 2095 2191 bibant,

503 2216 802 2287 nequando
829 2215 1228 2270 obliviscantur
1255 2216 1562 2286 sapientiae.
1608 2216 1902 2270 Insaniunt
1931 2215 2099 2269 etiam

504 2321 571 2358 ex
589 2305 737 2358 vino.
759 2305 839 2359 De
865 2321 974 2375 quo
1003 2306 1250 2374 Moyses:
1284 2322 1312 2357 α
1337 2305 1519 2358 Furor
1548 2305 1767 2375 (inquit)
1793 2305 2099 2358 draconum

503 2394 699 2448 vinum
729 2410 944 2457 eorum,
985 2413 1007 2444 ι
1041 2399 1148 2447 etc.
1179 2393 1336 2456 Quod
1366 2398 1555 2446 autem
1579 2394 1781 2446 dicitur
1801 2393 2098 2446 Jeroboam

503 2487 625 2536 tota
653 2488 814 2536 nocte
843 2481 1139 2550 dormisse,
1162 2482 1477 2535 ostenditur
1504 2499 1604 2552 per
1632 2483 1753 2548 hoc,
1780 2481 1911 2552 quia
1932 2483 2100 2535 hiero-

417 2626 422 2630 .
504 2571 602 2625 tici
649 2573 782 2626 dum
821 2572 880 2625 in
909 2571 1156 2625 tenebris
1184 2570 1532 2624 inﬁdelitatis
1575 2578 1886 2635 morantur,
1919 2571 2102 2623 lucem

504 2661 623 2714 veri
653 2661 786 2715 solis
817 2677 928 2714 non
974 2661 1161 2713 valent
1203 2660 1519 2730 perspicere
1551 2677 1563 2714 :
1601 2676 1732 2712 nam
1762 2664 1818 2712 et
1847 2659 1943 2728 qui
1972 2659 2102 2712 dor-

505 2751 711 2814 miunt,
754 2756 916 2803 nocte
955 2748 1260 2813 dormiunt,
1304 2749 1436 2818 quia
1466 2765 1764 2818 oppressus
1797 2753 1882 2800 est
1910 2763 2106 2800 sensus

507 2855 641 2893 eoru
651 2856 722 2892 m.
743 2840 956 2893 Horum
970 2838 1137 2891 corda
1149 2837 1391 2891 caleﬁeri
1405 2842 1711 2890 noscuntur
1726 2837 1828 2900 ira,
1847 2835 2102 2899 avaritia,

2179 1784 2235 1830 et
2259 1776 2548 1840 Chaldaeis,
2568 1783 2624 1830 et
2645 1777 2748 1829 hoc
2773 1793 2882 1829 non
2905 1776 3082 1829 multo
3104 1779 3230 1846 post
3249 1771 3613 1843 temporesed
3627 1786 3783 1824 nunc

2180 1870 2235 1918 et
2263 1865 2319 1918 in
2348 1865 2626 1934 praesenti.
2658 1866 2774 1918 Hoc
2805 1870 2890 1918 est
2926 1864 3074 1918 enim
3114 1863 3262 1933 quod
3291 1862 3372 1915 ait
3412 1879 3422 1912 :
3469 1879 3494 1909 «
3537 1859 3606 1912 In
3636 1859 3782 1912 facie

2180 1954 2318 2022 ejus.
2346 1971 2373 2005 ››
2393 1971 2417 2004 α
2441 1955 2565 2006 Non
2591 1953 2794 2006 reversi
2815 1959 2948 2006 sunt
2967 1953 3036 2005 ad
3063 1952 3362 2005 Dominum
3383 1951 3564 2003 Deum
3586 1963 3781 2014 suum,

2179 2047 2235 2094 et
2257 2058 2364 2094 non
2389 2041 2730 2111 quaesierunt
2749 2058 2874 2095 eum
2898 2042 2956 2094 in
2976 2041 3234 2094 omnibus
3254 2040 3360 2092 his.
3383 2058 3410 2090 ι)
3432 2038 3595 2101 Quod
3614 2051 3784 2107 supe-

2179 2129 2297 2182 rius
2325 2129 2664 2184 subobscure
2686 2136 2967 2200 posuerat,
3001 2130 3223 2183 dicens:
3253 2149 3276 2176 ι
3302 2127 3566 2197 Ephraim
3598 2126 3784 2178 factus

2183 2223 2268 2270 est
2310 2218 2710 2272 subcinericius
2739 2220 2898 2290 panis
2930 2219 3024 2289 qui
3055 2235 3166 2271 non
3195 2222 3536 2284 reversatur,
3569 2233 3595 2266 ))
3628 2231 3784 2268 nunc

2183 2307 2342 2376 ponit
2381 2308 2729 2362 manifestius
2764 2328 2774 2362 :
2817 2330 2837 2359 ι
2874 2309 2998 2362 Non
3041 2313 3174 2361 sunt
3215 2306 3436 2376 (inquit)
3470 2303 3681 2358 reversi
3709 2303 3785 2356 ad

2182 2395 2483 2449 Dominum
2537 2397 2714 2450 Deum
2762 2414 2946 2462 suum,
2980 2401 3036 2450 et
3089 2413 3203 2450 non
3249 2393 3593 2463 quaesierunt
3649 2408 3783 2446 eum

2183 2483 2240 2536 in
2262 2485 2520 2539 omnibus
2543 2486 2649 2539 his.
2687 2502 2712 2538 ι
2746 2486 2904 2549 Quod
2930 2486 2976 2538 si
3005 2485 3244 2538 fuissent
3261 2483 3469 2536 reversi
3493 2483 3562 2534 ad
3596 2481 3788 2534 Domi-

2184 2590 2319 2626 num
2366 2575 2542 2628 Deum
2576 2591 2761 2641 suum,
2791 2575 3079 2628 audissent
3117 2575 3312 2643 utique
3344 2588 3443 2642 per
3469 2571 3788 2624 Jeremiam

2187 2661 2507 2730 loquentem
2539 2663 2872 2716 Dominum:
2904 2683 2925 2713 α
2955 2662 3315 2717 Revertimini
3349 2661 3418 2714 ad
3449 2677 3560 2723 me,
3592 2664 3650 2713 et
3680 2675 3787 2729 ego

2188 2757 2437 2804 revertar
2465 2752 2534 2804 ad
2568 2769 2680 2805 vos.
2727 2770 2752 2802 ι)
2785 2752 2918 2805 Post
2963 2751 3112 2804 idola
3149 2751 3353 2821 quippe
3401 2748 3783 2814 ambulantes,

2188 2856 2297 2893 non
2330 2840 2674 2909 quaesierunt
2695 2856 2821 2893 cum
2844 2840 2900 2893 in
2924 2839 3182 2893 omnibus
3212 2840 3298 2892 his
3327 2836 3786 2902 adversitatibus,

510 2927 838 2997 caaterisque
860 2927 1028 2991 vitiis,
1053 2925 1269 2996 ipsique
1293 2926 1563 2979 devorant
1583 2925 1799 2995 judices
1828 2941 1976 2989 suos,
2002 2923 2104 2976 hoc
2124 2990 2163 3010 η
2186 2935 2251 2982 ut
2272 2929 2331 2981 in
2363 2946 2490 2982 eum
2514 2930 2758 3000 perfecte
2787 2929 3098 2992 crederent,
3123 2935 3178 2982 et
3207 2934 3357 2982 recte
3389 2933 3786 2998 Operarentur.

510 3022 616 3080 est.
662 3016 710 3069 Si
743 3015 838 3085 qui
868 3020 1104 3084 POSSUnt
1144 3013 1349 3067 habere
1386 3014 1443 3066 in
1473 3014 1661 3067 animo
1701 3013 1986 3076 Virtutem,
2021 2993 2165 3064 V010
2188 3018 2263 3071 Ut
2280 3023 2467 3071 autem
2486 3019 2554 3070 ad
2572 3019 2859 3072 haereticos
2878 3018 3182 3088 velimpios
3200 3017 3307 3070 ista
3324 3016 3633 3072 referamus
3650 3033 3790 3086 prae-

510 3120 712 3159 sensus
741 3103 944 3173 quibus
989 3103 1137 3155 mala
1174 3102 1570 3155 discernuntur
1609 3118 1642 3154 a
1685 3101 1864 3162 bonis,
1896 3102 2108 3154 abstra-

512 3193 659 3247 hunt
685 3191 754 3244 ab
779 3191 908 3256 illis,
939 3196 995 3244 et
1030 3207 1224 3244 omnes
1255 3190 1533 3260 principes
1562 3191 1761 3243 talium
1791 3191 2111 3244 ceciderunt

513 3281 574 3335 in
596 3280 696 3334 Dei
725 3277 1230 3350 praedestinatione,
1257 3293 1360 3330 nec
1380 3284 1466 3331 est
1495 3278 1644 3330 inter
1671 3294 1765 3331 eos
1787 3279 1881 3348 qui
1909 3279 2112 3334 clamet

516 3370 588 3424 ad
607 3362 929 3425 Dominum,
947 3372 1012 3420 ut
1033 3367 1294 3420 invocans
1315 3382 1518 3420 nomen
1546 3367 1761 3419 Domini
1783 3367 1967 3420 salvus
1989 3368 2102 3420 ﬁat.

590 3479 618 3506 α
666 3456 937 3527 Ephraim
995 3456 1055 3508 in
1107 3455 1328 3525 pOpulis
1379 3455 1498 3525 ipse
1549 3455 2032 3509 commiscebatur.
2080 3473 2104 3506 »

517 3547 786 3618 Ephraim
817 3561 930 3598 non
966 3543 1055 3596 hic
1095 3544 1487 3597 tantummodo
1517 3559 1697 3612 reges,
1739 3549 1802 3596 ut
1831 3544 2108 3613 superius,

517 3636 613 3690 sed
628 3634 811 3688 omnis
825 3633 1065 3704 populus
1081 3632 1271 3685 decem
1286 3632 1531 3685 tribuum
1549 3632 1836 3702 accipitur.
1848 3633 2110 3702 Ephraim

519 3741 674 3794 ergo,
695 3723 752 3775 id
773 3728 861 3776 est
883 3737 1047 3775 omne
1069 3737 1305 3791 regnum
1327 3722 1515 3774 decem
1537 3721 1804 3784 tribuum,
1837 3742 1858 3771 κ
1886 3721 2113 3774 commi-

521 3812 782 3866 scebatur
808 3811 866 3864 in
896 3810 1136 3881 populis,
1170 3829 1192 3861 ι
1219 3811 1323 3864 hoc
1345 3817 1446 3875 est,
1482 3809 1680 3863 similis
1713 3815 1835 3862 erat
1854 3809 2114 3879 gentibus

517 3901 670 3956 idola
697 3898 1026 3954 colentibus.
1058 3918 1079 3949 ι
1108 3899 1371 3973 Ephraim
1403 3900 1580 3952 factus
1605 3904 1689 3952 est
1715 3898 2115 3952 subcinericius

519 3990 702 4063 panis,
730 3989 825 4061 qui
849 4005 961 4043 non
991 3993 1328 4043 reversatur.
1357 4006 1384 4041 »
1409 3989 1575 4042 Panis
1605 3989 1701 4058 qui
1731 4004 1842 4041 non
1874 4003 2118 4041 reversa-

519 4086 635 4147 tur,
667 4097 731 4133 ex
754 4079 908 4132 omni
939 4083 1099 4148 parte
1127 4079 1324 4148 plenus
1355 4085 1440 4131 est
1468 4078 1743 4131 sordibus.
1763 4077 1913 4130 Talis
1940 4075 2118 4131 factus

524 4174 610 4220 est
645 4167 1057 4235 Ephraim-non
1083 4167 1299 4234 agendo
1337 4166 1747 4235 paenitentiam,
1772 4165 2008 4234 ideoque
2039 4166 2120 4217 in-

523 4253 904 4309 convertibilis
925 4269 1175 4315 manens,
1200 4269 1266 4306 ex
1286 4254 1438 4305 omni
1459 4259 1617 4322 parte
1637 4254 2013 4306 circumdatus
2036 4258 2122 4306 est

526 4341 808 4396 cineribus
848 4347 1223 4411 peccatorum.
1257 4340 1414 4403 Quod
1447 4342 1492 4393 si
1521 4341 1767 4393 converti
1797 4357 1831 4392 a
1857 4340 1972 4393 suis
2002 4341 2118 4393 ini-

526 4429 835 4503 quitatibus
857 4429 1039 4494 vellet,
1056 4429 1284 4498 purgari
1304 4429 1499 4498 utique
1521 4429 1813 4499 potuisset.

599 4539 627 4573 α
651 4519 1029 4574 Comederunt
1050 4517 1220 4570 alieni
1241 4516 1413 4570 robur
1432 4518 1574 4586 ejus,
1602 4522 1657 4571 et
1678 4517 1797 4587 ipse
1819 4517 2070 4571 nescivit.
2095 4536 2116 4568 ι

523 4617 718 4674 Robur
741 4616 988 4690 appellat
1024 4616 1303 4686 principes
1344 4621 1400 4668 et
1426 4616 1598 4668 fortes
1628 4632 1877 4685 quosque
1907 4616 2118 4686 populi,

526 4718 613 4773 vel
658 4721 808 4770 certe
845 4716 1140 4769 thesauros
1179 4713 1236 4766 in
1285 4712 1487 4783 quibus
1538 4713 1909 4766 confidebant.
1939 4712 2122 4767 Alieni

526 4831 660 4885 ergo
681 4830 714 4866 a
733 4815 867 4878 Deo,
890 4815 978 4867 vel
1003 4813 1172 4866 etiam
1195 4828 1228 4865 a
1257 4817 1425 4882 gente
1445 4810 1786 4874 Judaeorum,
1811 4811 1999 4864 hostes
2021 4813 2122 4866 sci-

524 4911 656 4965 licet
684 4911 807 4980 ejus
836 4910 1081 4964 Chaldzei
1113 4915 1280 4980 atque
1301 4907 1538 4980 Assyrii,
1562 4907 1927 4962 comederunt
1950 4910 2121 4964 robur

527 5009 671 5078 ejus,
705 5007 1093 5061 interﬁciendo
1133 5008 1434 5078 principes,
1485 5012 1542 5060 et
1571 5006 1716 5060 bona
1764 5006 1990 5060 illorum
2020 5009 2124 5063 sibi

525 5105 878 5166 vindicando,
928 5109 983 5157 et
1015 5103 1283 5174 quidquid
1313 5105 1512 5157 virium
1551 5104 1755 5159 habere
1787 5111 2006 5175 poterat
2033 5106 2126 5158 de-

526 5203 792 5258 vorando.
820 5203 1123 5271 Tantaeque
1156 5201 1301 5254 idem
1334 5202 1600 5272 Ephraim
1627 5203 1733 5256 fuit
1758 5203 2037 5272 amentiae,
2060 5210 2124 5258 ut

527 5302 768 5356 nesciret
782 5302 960 5354 Deum
983 5316 1168 5364 suum,
1186 5305 1284 5352 aut
1303 5306 1452 5353 certe
1473 5300 1759 5369 ignoraret
1779 5319 2003 5356 causam
2023 5321 2122 5373 pro

529 5415 642 5470 qua
679 5399 877 5453 fuisset
905 5397 1298 5452 devorantibus
1330 5397 1587 5462 traditus,
1614 5400 1834 5467 justum
1863 5417 1923 5454 se
1951 5418 2121 5471 repu-

527 5501 675 5552 tans.

2191 3106 2421 3176 positos,
2453 3106 2721 3176 Ephraim
2751 3107 2808 3159 in
2851 3106 3072 3176 populis
3110 3105 3522 3165 commiscetur,
3560 3105 3790 3174 quando

2192 3195 2259 3247 ad
2291 3195 2378 3248 sui
2407 3194 2830 3248 similitudinem
2866 3195 3004 3248 alios
3035 3194 3269 3264 quilibet
3299 3210 3540 3264 nequam
3573 3210 3792 3264 praepo-

2192 3282 2333 3336 situs
2363 3283 2554 3347 trahit,
2589 3289 2645 3337 et
2682 3283 2882 3336 similis
2921 3300 3114 3336 eorum
3157 3283 3415 3346 efﬁcitur,
3446 3283 3609 3352 juxta
3637 3285 3785 3353 quod

2192 3387 2363 3441 supra
2390 3371 2600 3424 dictum
2634 3377 2718 3424 est
2744 3387 2752 3426 :
2793 3371 2909 3425 Erit
2939 3372 3082 3425 sicut
3111 3371 3351 3441 populus
3381 3371 3458 3424 sic
3489 3371 3780 3430 sacerdos.

2193 3459 2317 3511 Sive
2373 3460 2541 3512 etiam
2587 3460 2851 3530 Ephraim
2902 3460 3122 3531 populis
3182 3460 3594 3524 commiscetur,
3655 3461 3792 3531 quia

2195 3563 2388 3599 omnes
2413 3548 2656 3601 haeretici
2675 3549 2816 3602 nihil
2836 3549 3099 3602 differunt
3117 3548 3186 3601 ab
3200 3548 3716 3618 erroregentilium,
3732 3554 3792 3603 et

2197 3635 2291 3705 qui
2308 3635 2489 3689 fuerat
2505 3637 2761 3707 princeps
2777 3638 3058 3708 quondam
3078 3637 3350 3703 Ecclesiae,
3367 3639 3429 3691 ﬁt
3449 3637 3608 3708 quasi
3626 3638 3790 3708 panis

2197 3723 2618 3783 subcinericius.
2657 3741 2722 3778 ex
2756 3725 2910 3778 omni
2936 3730 3094 3792 parte
3123 3724 3402 3778 cineribus
3432 3731 3787 3794 peccatorum

2195 3812 2593 3878 circumdatus,
2608 3830 2710 3867 nec
2725 3814 3024 3867 revertitur
3043 3814 3112 3867 ad
3133 3813 3454 3878 Dominum,
3473 3813 3528 3866 in
3549 3813 3793 3884 incoepto

2197 3917 2529 3971 permanens
2541 3918 2747 3965 errore,
2771 3903 2930 3970 cujus
2951 3901 3138 3962 robur,
3168 3902 3270 3954 hoc
3281 3907 3383 3964 est,
3406 3902 3797 3956 fortitudinem

2199 3990 2469 4043 virtutum
2495 3997 2551 4043 et
2579 3989 2982 4060 intelligentiae,
3015 3991 3314 4046 daemones.
3347 3991 3800 4046 Christianorum

2200 4079 2427 4149 pessimi
2459 4080 2665 4144 hostes,
2690 4084 2969 4133 auferunt.
2994 4081 3119 4149 Ipse
3148 4095 3276 4131 vero
3305 4080 3410 4132 hoc
3438 4080 3632 4140 nescit,
3658 4080 3798 4133 dum

2203 4168 2309 4220 sibi
2339 4168 2549 4221 amicos
2581 4173 2758 4237 putat,
2795 4184 2934 4237 quos
2977 4168 3333 4221 devoratores
3379 4167 3569 4220 sentit.
3602 4167 3712 4221 Sed
3743 4175 3802 4222 et

2202 4257 2323 4311 cani
2372 4257 2429 4309 in
2476 4273 2540 4309 eo
2572 4257 2953 4322 effunduntur,
2997 4256 3131 4310 dum
3161 4256 3401 4309 stultitia
3428 4257 3608 4310 cordis
3647 4257 3800 4311 illius

2203 4361 2378 4414 usque
2399 4345 2468 4396 ad
2487 4345 2789 4397 terminum
2815 4345 2936 4397 vitze
2959 4344 3014 4396 in
3036 4361 3100 4398 eo
3120 4351 3453 4412 perseverat.
3469 4345 3625 4399 Sicut
3645 4346 3799 4400 enim

2194 4433 2335 4502 justi
2381 4433 2624 4485 hominis
2661 4433 2785 4486 cani
2833 4432 3109 4502 sapientia
3147 4433 3500 4503 intelligitur,
3533 4435 3612 4487 sic
3639 4434 3800 4505 impii

2203 4521 2444 4575 stultitia
2469 4521 2758 4591 accipitur.
2781 4522 2905 4591 Ipse
2925 4526 3114 4575 autem
3137 4527 3470 4576 vetustatem
3497 4539 3608 4576 suae
3634 4523 3800 4592 igno-

2203 4615 2293 4663 rat
2313 4609 2558 4675 malitize,
2577 4610 2646 4663 de
2669 4626 2777 4680 qua
2798 4611 3064 4680 scriptum
3082 4616 3196 4663 est:
3221 4611 3380 4673 Quod
3405 4611 3734 4680 antiquatur
3745 4617 3803 4666 et

2204 4699 2458 4764 senescit,
2480 4716 2652 4769 prope
2672 4699 2963 4752 interitum
2985 4703 3089 4752 est.
3115 4699 3368 4762 Quorum
3388 4699 3650 4769 superbia
3669 4716 3801 4754 cum

2206 4788 2454 4857 quotidie
2480 4803 2513 4840 a
2541 4787 2764 4840 Christo
2798 4787 3147 4851 humilietur,
3172 4803 3285 4840 non
3311 4794 3490 4857 agunt
3520 4788 3804 4858 poeniten-

2203 4878 2362 4943 tiam,
2397 4894 2497 4930 nec
2521 4882 2882 4930 revertuntur
2905 4877 2974 4930 ad
3004 4877 3327 4930 Dominum.
3357 4896 3378 4926 ε
3415 4877 3483 4930 Et
3509 4877 3687 4931 factus
3715 4884 3805 4932 est

2208 4967 2472 5036 Ephraim
2504 4966 2664 5035 quasi
2701 4965 2959 5019 columba
2985 4967 3216 5021 seducta
3241 4983 3351 5020 non
3383 4966 3592 5020 habens
3619 4983 3734 5020 cor.
3769 4989 3797 5021 ι

2208 5055 2477 5108 Columba
2505 5054 2564 5107 in
2593 5053 2799 5107 bonum
2830 5056 3118 5125 accipitur,
3149 5061 3212 5108 ut
3241 5056 3512 5108 Dominus
3541 5055 3598 5108 in
3629 5055 3804 5111 Evan-

2205 5144 2350 5212 gelio
2372 5143 2504 5196 dicit
2525 5166 2535 5200 :
2557 5163 2577 5193 ι
2607 5144 2794 5197 Estote
2816 5145 3118 5214 prudentes
3135 5144 3281 5196 sicut
3295 5151 3584 5213 serpentes
3595 5150 3651 5196 et
3670 5145 3802 5198 sim-

2205 5232 2375 5300 plices
2395 5232 2536 5285 sicut
2562 5233 2851 5290 columbae.
2879 5254 2900 5280 ο
2926 5238 2989 5284 ut
3009 5247 3108 5284 nec
3128 5232 3253 5285 aliis
3275 5248 3475 5284 nocere
3497 5233 3796 5302 possimus,

2205 5336 2305 5372 nec
2333 5320 2402 5372 ab
2432 5321 2558 5373 aliis
2596 5321 2826 5373 insidias
2873 5319 3174 5389 patiamur,
3218 5321 3315 5374 sed
3357 5321 3714 5390 simplicitate
3744 5329 3803 5376 et

2204 5408 2501 5478 prudentia
2533 5408 2892 5460 exhibeamus
2921 5408 3207 5461 hominem
3235 5414 3635 5478 temperatum,
3668 5411 3802 5481 quia

2205 5497 2506 5568 prudentia
2525 5497 2644 5550 sine
2664 5496 3020 5565 simplicitate
3041 5496 3316 5551 calliditas
3347 5501 3451 5563 est,
3469 5498 3799 5568 simplicitas
