4090 6164
341 271 402 330 57
1333 274 1752 334 ENARRATIO
1791 276 1870 331 IN
1909 273 2091 330 OSEE
2129 272 2588 329 PROPHETAM.

3522 268 3591 327 58

339 398 453 452 sine
482 398 777 468 prudentia
796 401 1037 456 stultitia
1062 407 1166 456 est.
1190 400 1348 456 Unde
1373 405 1430 454 et
1457 401 1515 454 in
1544 402 1647 455 hoc
1673 402 1791 455 loco
1822 417 1913 456 co-
1932 406 1976 461 Α
2000 399 2245 453 ferarum
2274 397 2848 464 vocantur,ululatum
2868 396 3214 466 luporum,et
3236 393 3481 448 sonitum
3507 395 3590 448 ir-

339 487 518 540 lumba
543 489 841 543 stultitiam
869 491 1086 544 Iudaici
1113 490 1303 561 populi
1333 491 1712 560 designat,qui
1733 491 1916 560 potius

338 577 462 629 ﬁsus
490 583 574 630 est
597 577 654 630 in
685 578 911 632 homine
941 597 1109 649 quam
1157 579 1214 632 in
1252 579 1387 641 Deo,
1423 579 1727 650 Egyptum
1758 579 1915 632 invo-

337 681 478 732 cans,
525 671 581 718 et
619 667 690 719 ad
730 668 991 738 Assyrios
1031 684 1285 738 pergens.
1335 667 1442 730 Qui
1469 668 1615 720 enim
1647 668 1914 722 auxilium

332 753 544 824 Egypti
574 755 856 826 petiit,qui
883 755 952 809 ab
983 757 1126 810 Isaia
1157 756 1475 826 appellatur
1504 757 1735 810 baculus
1751 773 1916 810 arun-

331 843 520 896 dineus
559 845 897 908 confractus,
930 845 1000 899 ab
1033 846 1277 916 Assyriis
1315 845 1614 917 abducitur
1641 846 1909 916 captivus.

327 931 520 984 Factus
549 939 634 986 est
663 949 794 1003 ergo
821 935 1086 1004 Ephraim
1119 934 1276 1004 quasi
1323 933 1579 987 columba
1612 935 1842 988 seducta
1882 950 1915 987 a

327 1019 675 1084 diabolo,non
706 1023 917 1076 habens
947 1024 1172 1087 cor,hoc
1193 1023 1738 1093 est,intel|igentiam
1761 1039 1913 1076 men-

326 1108 406 1161 tis.
440 1109 762 1163 Notandum
796 1117 982 1165 autem
1016 1112 1162 1182 quod
1217 1129 1328 1166 non
1375 1112 1596 1181 aquila},
1631 1112 1906 1180 accipitri,

324 1201 414 1249 aut
438 1213 622 1262 corvo,
653 1200 738 1252 vel
767 1200 996 1254 cuilibet
1023 1201 1146 1254 aliae
1175 1202 1259 1254 avi
1293 1206 1666 1271 comparatur,
1703 1201 1799 1254 sed
1825 1217 1913 1254 co-

323 1284 532 1347 lumbze,
568 1303 690 1356 qua:
717 1293 888 1343 tanta:
928 1289 1254 1358 fragilitatis
1294 1295 1396 1350 est,
1431 1295 1495 1343 ut
1513 1289 1768 1360 proprios
1798 1306 1909 1343 non

321 1375 492 1428 valeat
515 1377 667 1430 tueri
695 1376 857 1431 fetus.
887 1377 978 1432 Sic
1007 1379 1156 1431 enim
1191 1383 1248 1432 et
1271 1379 1364 1431 isti
1411 1379 1800 1448 comprehensi
1838 1379 1909 1431 ab

322 1463 702 1530 hostibus,non
716 1466 1038 1520 habuerunt
1054 1467 1197 1521 vires
1219 1484 1278 1520 se
1299 1467 1686 1522 defendendi.«
1706 1467 1910 1537 IEgyp-

319 1558 429 1605 tum
457 1553 846 1619 invocabant,»
875 1555 1143 1610 subaudis
1164 1557 1221 1610 in
1244 1555 1624 1623 auxilium,vel
1644 1556 1911 1609 deosillo—

317 1657 432 1694 rum
461 1643 715 1697 colendo.
739 1663 761 1694 ε
786 1645 870 1698 Ad
895 1645 1155 1716 Assyrios
1184 1645 1463 1710 abierunt,
1489 1663 1512 1696 ι
1546 1661 1658 1698 non
1687 1650 1904 1716 sponte,

1999 487 2416 541 rationabilium
2439 487 2742 540 bestiarum
2765 484 3069 538 imitantes.
3093 505 3113 533 ι
3143 483 3323 552 Super
3338 481 3590 537 triticum

1999 582 2056 631 et
2073 578 2260 630 vinum
2289 576 2663 630 ruminabant.
2680 596 2700 625 ι
2726 574 3031 628 Ruminare
3045 576 3128 626 est
3145 587 3593 642 revomere,quo-

2000 667 2163 720 modo
2193 666 2455 719 animalia
2484 665 2632 736 quod
2662 664 2751 718 die
2780 663 3266 726 comedunt,nocte
3279 659 3348 714 ab
3373 659 3590 714 intimis

1995 752 2296 806 visceribus
2325 753 2395 805 ad
2423 759 2620 822 guttur
2649 757 2705 804 et
2735 751 2919 804 fauces
2942 749 3121 802 redire
3141 747 3374 814 faciunt,
3397 747 3588 817 sicque

1995 841 2256 896 subtilius
2281 841 2637 905 ruminando,
2669 841 2726 894 in
2757 845 3006 892 ventrem
3037 837 3222 890 redire
3256 836 3486 890 faciunt.
3521 837 3591 890 Et

1996 937 2084 984 est
2110 948 2340 985 sensus:
2366 931 2507 994 Quia
2535 930 2879 983 abundantia
2909 928 3160 982 omnium
3190 943 3378 980 rerum
3411 925 3589 980 habe-

1996 1020 2148 1082 bant,
2187 1037 2307 1090 qua}
2335 1020 2392 1072 in
2427 1020 2552 1072 vino
2579 1024 2633 1071 et
2680 1019 2866 1071 tritico
2906 1015 3420 1087 comprehenditur,
3461 1015 3588 1069 ideo

1992 1116 2322 1162 corruerunt
2347 1108 2666 1162 recedentes
2695 1123 2728 1160 a
2757 1123 2863 1172 me,
2889 1105 3034 1176 quod
3062 1105 3231 1158 etiam
3263 1104 3511 1157 Ezechiel
3531 1103 3588 1156 in

1996 1196 2252 1253 Sodomis
2295 1202 2352 1250 et
2404 1196 2733 1250 Gomorrhis
2777 1195 2984 1248 factum
3016 1210 3135 1247 esse
3158 1198 3579 1246 commemorat.

1994 1287 2332 1340 Intuendum
2373 1292 2562 1339 autem
2595 1285 2728 1355 quia
2754 1291 2818 1338 ut
2845 1283 3164 1336 ostenderet
3191 1283 3584 1350 eosjumento-

1992 1391 2115 1428 rum
2147 1375 2380 1440 similes,
2409 1391 2521 1428 non
2555 1375 2694 1427 dixit
2731 1371 3117 1435 comedebant,
3145 1370 3242 1424 sed
3275 1388 3300 1421 (ί
3331 1370 3585 1423 rumina-

1991 1463 2145 1517 bant.
2174 1483 2197 1512 »
2231 1465 2295 1517 In
2327 1464 2432 1516 hoc
2464 1463 2631 1516 etiam
2663 1461 2978 1515 ruminasse
3005 1460 3288 1524 dicuntur,
3330 1458 3460 1529 quia
3490 1474 3587 1528 pa-

1991 1552 2121 1606 bula
2140 1553 2456 1606 divinorum
2485 1551 2836 1622 eloquiorum
2858 1548 3229 1620 spiritualiter
3248 1563 3358 1601 non
3380 1546 3586 1600 intelli-

1992 1641 2219 1710 gebant.
2275 1660 2300 1692 «
2349 1642 2720 1695 Recesserunt
2751 1656 2785 1692 a
2815 1654 2924 1702 me,
2953 1656 2980 1690 ι
3030 1638 3244 1690 cultum
3294 1635 3584 1704 religionis

317 1730 405 1783 sed
440 1731 677 1802 captivi,
722 1752 743 1782 σ
790 1738 847 1786 et
891 1714 1018 1786 cum
1064 1733 1292 1804 perfecti
1331 1733 1559 1795 fuerint,
1593 1714 2125 1804 expandamBmeze
2171 1731 2502 1801 spernendo,
2547 1737 2604 1782 et
2644 1728 2898 1783 servituti
2942 1726 3149 1780 diaboli
3179 1742 3238 1780 se
3268 1724 3576 1779 subdendo.

316 1823 425 1872 rete
452 1836 646 1873 meum
669 1837 838 1891 super
867 1838 982 1886 eos,
1015 1841 1041 1873 ι)
1069 1821 1123 1874 id
1155 1827 1257 1887 est,
1280 1828 1345 1876 ut
1363 1823 1609 1876 sentiant
1636 1823 1765 1892 quia
1785 1839 1905 1876 mu-

312 1913 486 1962 tantes
517 1910 663 1973 loca,
696 1926 883 1964 meum
913 1926 1024 1964 non
1053 1918 1290 1980 possunt
1317 1911 1491 1964 vitare
1520 1916 1897 1981 conspectum.

315 1997 443 2050 Cum
486 1997 725 2067 profecti
768 1998 980 2052 fuerint
1025 1999 1082 2052 in
1112 2000 1510 2070 captivitatem,
1558 2006 1677 2054 rete
1717 2017 1903 2054 meum

313 2085 749 2156 expandam,hoc
772 2087 1189 2158 est,potentiam
1213 2105 1395 2141 meam
1418 2105 1589 2159 super
1607 2105 1701 2142 eos
1725 2095 1907 2142 osten-

314 2173 454 2238 dam,
473 2190 549 2227 ne
575 2175 791 2245 possint
810 2175 985 2230 libere
1006 2176 1190 2229 redire
1204 2177 1272 2229 ad
1288 2182 1496 2230 terram
1511 2178 1655 2231 sicut
1682 2183 1898 2247 putant,

312 2259 478 2314 donec
509 2260 636 2330 ipse
681 2262 864 2314 velim.
902 2282 924 2312 ε
961 2262 1133 2326 Quasi
1163 2264 1415 2317 volucres
1446 2265 1569 2318 caeli
1607 2265 1900 2318 detraham

311 2363 449 2411 eos,»
474 2349 532 2401 id
557 2354 662 2403 est.
691 2350 837 2404 sicut
869 2351 986 2404 avis
1026 2351 1095 2404 ab
1123 2353 1420 2406 altitudine
1445 2354 1566 2406 cceli
1597 2355 1701 2407 reti
1735 2371 1904 2424 super

310 2452 475 2506 aquas
503 2455 752 2508 expanso
773 2440 1194 2508 detrahitur,sic
1225 2441 1294 2494 ab
1318 2443 1618 2496 altitudine
1631 2443 1904 2514 superbiae

309 2542 415 2580 suae
445 2527 729 2597 deponam
761 2545 876 2582 eos.
911 2549 932 2579 ι
962 2529 1182 2583 Caldam
1215 2545 1310 2583 eos
1339 2532 1643 2584 secundum
1668 2532 1905 2584 auditio-

307 2629 427 2666 nem
459 2625 637 2668 caetus
667 2632 879 2669 eorum.
904 2635 929 2668 ι)
952 2618 1018 2670 Et
1040 2623 1124 2670 est
1145 2634 1373 2670 sensus:
1399 2618 1552 2672 Sicut
1559 2620 1755 2687 juncto
1771 2635 1904 2672 con-

305 2701 424 2754 silio
455 2720 655 2757 omnes
685 2704 832 2758 idola
861 2706 1171 2770 coluerunt,
1209 2723 1330 2776 quae
1360 2705 1696 2760 fabricantes
1721 2707 1904 2761 consi-

307 2788 422 2842 liati
453 2798 593 2845 sunt
621 2809 814 2847 omnes
844 2801 907 2848 ut
947 2811 982 2847 a
1020 2811 1110 2848 me
1153 2795 1498 2860 recederent,
1531 2797 1610 2849 ita
1641 2813 1730 2849 me
1759 2797 1905 2850 irato

306 2894 494 2932 omnes
533 2881 750 2950 pariter
789 2882 1180 2948 vastabuntur,
1223 2884 1356 2936 dum
1391 2885 1768 2938 communiter
1811 2902 1905 2940 eos

304 2983 634 3036 percussero
665 2987 842 3039 arege
870 2989 1048 3042 usque
1069 2972 1138 3026 ad
1168 2973 1504 3031 mendicum.
1524 2974 1829 3028 Possumus
1849 2980 1906 3029 et

303 3055 413 3109 haec
444 3058 620 3112 verba
653 3060 722 3112 ad
760 3065 986 3131 tempus
1015 3061 1317 3115 Dominicae
1366 3063 1638 3132 passionis
1671 3064 1899 3129 referre,

307 3147 432 3214 quia
459 3148 614 3201 sicut
628 3150 913 3202 communi
943 3150 1175 3203 consilio
1198 3152 1660 3205 tractaveruntde
1681 3153 1904 3207 Domini

305 3247 501 3302 morte,
533 3235 847 3290 clamantes
873 3237 940 3290 ad
965 3237 1231 3306 Pilatum,
1259 3259 1280 3289 α
1312 3239 1613 3308 Crucifige,
1644 3241 1906 3311 cruciﬁge

307 3337 448 3384 eum,
477 3343 500 3373 ι
539 3323 624 3377 sic
653 3325 864 3394 pariter
897 3325 966 3379 ab
1003 3326 1258 3380 hostibus
1308 3327 1364 3380 in
1395 3328 1749 3382 solemnitate
1778 3347 1907 3400 pas-

303 3409 444 3464 chali
481 3413 878 3483 comprehensi
906 3420 1057 3480 sunt,
1091 3416 1236 3477 caesi,
1267 3421 1324 3469 et
1353 3416 1653 3470 interfecti.

371 3519 399 3549 α
430 3500 526 3554 Vae
563 3502 664 3564 eis,
703 3521 727 3553 ν
763 3502 818 3556 id
859 3509 963 3563 est,
1008 3503 1296 3557 damnatio
1336 3511 1607 3575 perpetua
1637 3506 1746 3559 erit
1783 3517 1908 3577 post

301 3595 638 3657 praesentem
664 3590 1105 3645 tribulationem.
1136 3612 1162 3642 α
1195 3593 1472 3656 Quoniam
1493 3602 1847 3648 recesserunt
1873 3612 1907 3648 a

301 3692 404 3740 me,
439 3695 466 3727 ι
511 3678 668 3731 idola
707 3680 938 3733 colendo
985 3700 1010 3732 (‹
1055 3680 1426 3735 vastabuntur
1473 3702 1493 3732 ι
1543 3682 1612 3735 ab
1653 3683 1905 3738 hostibus

302 3765 527 3826 scilicet,
569 3773 626 3820 et
660 3768 850 3821 miseri
883 3774 1066 3822 erunt.
1098 3789 1118 3820 ι
1156 3770 1300 3833 Quia
1328 3771 1671 3840 praevaricati
1696 3773 1903 3827 suntin

299 3868 403 3916 me,
437 3873 463 3906 ι
494 3855 802 3910 adorantes
847 3858 1050 3911 vitulos
1082 3875 1306 3923 aureos,
1350 3864 1406 3912 et
1437 3876 1622 3914 meum
1659 3878 1904 3932 praecep-

296 3948 415 3994 tum
440 3945 952 4012 transgredientes,
983 3947 1131 4015 quod
1165 3946 1277 3999 dixi
1314 3967 1324 4000 :
1352 3948 1477 4001 Non
1515 3949 1732 4002 facietis
1756 3950 1906 4004 vobis

298 4027 427 4082 deos
459 4031 701 4084 alienos.
736 4051 758 4081 ‹
793 4032 863 4086 Et
901 4050 1002 4102 ego
1048 4034 1260 4087 redemi
1291 4051 1386 4088 eos
1423 4055 1448 4087 »
1485 4037 1553 4090 de
1581 4036 1908 4108 Egyptiaca

299 4118 590 4182 servitute,
624 4127 682 4172 et
711 4120 875 4173 eduxi
907 4121 961 4174 in
994 4123 1207 4176 excelso
1239 4122 1497 4189 brachio;
1539 4144 1559 4173 ε
1597 4131 1652 4178 et
1687 4125 1793 4195 ipsi
1824 4127 1905 4179 lo-

299 4205 407 4258 cuti
435 4213 580 4259 sunt
629 4214 825 4261 contra
853 4225 942 4263 me
973 4210 1262 4264 mendacia
1297 4233 1318 4258 ι
1352 4212 1622 4265 facientes
1657 4213 1807 4267 idola
1849 4219 1905 4268 et

300 4292 547 4348 dicentes
586 4312 598 4347 :
637 4315 660 4345 ι
697 4297 795 4350 Isti
825 4303 957 4351 sunt
987 4297 1065 4350 dii
1093 4298 1193 4363 tui,
1239 4297 1434 4366 Israel,
1467 4300 1562 4370 qui
1592 4300 1902 4358 eduxerunt

298 4384 352 4433 te
375 4381 445 4435 de
475 4388 638 4436 terra
665 4383 910 4455 Egypti.
944 4405 967 4436 ι

371 4490 394 4520 ι
420 4472 490 4525 Et
522 4489 640 4526 non
674 4473 1060 4528 clamaverunt
1095 4475 1164 4528 ad
1199 4492 1286 4530 me
1319 4477 1378 4530 in
1416 4478 1582 4531 corde
1611 4495 1712 4532 suo
1735 4498 1760 4529 δ)
1795 4497 1904 4550 quo

298 4556 444 4612 idola
468 4559 802 4630 diligebant.
834 4581 856 4611 ι
894 4562 1002 4616 Sed
1032 4563 1325 4618 ululabant
1344 4565 1403 4618 in
1419 4565 1693 4620 cubilibus
1713 4568 1848 4620 suis.
1877 4589 1902 4619 Ι)

299 4646 474 4701 Voces
494 4649 764 4718 luporum
785 4651 869 4703 vel
882 4667 1082 4704 canum
1113 4652 1398 4706 imitantes
1429 4653 1485 4706 in
1519 4654 1780 4709 laudibus
1799 4657 1908 4710 dte-

301 4738 698 4807 monum.lpsa
717 4739 866 4791 enim
900 4740 1300 4810 carmina,qua3
1321 4742 1596 4796 daemonia
1613 4744 1905 4799 laudantes

303 4825 606 4887 canebant,
634 4826 910 4880 ululatum
936 4828 1224 4898 Scriptura
1253 4836 1560 4901 nuncupat.
1585 4832 1908 4887 Amiserant

302 4913 510 4984 quippe
525 4914 923 4968 rationabilem
937 4916 1108 4969 animi
1122 4917 1466 4972 intellectum
1477 4927 1554 4984 ,et
1572 4921 1781 4974 similes
1795 4923 1903 4976 fac.

300 4999 342 5053 ti
363 5008 500 5055 sunt
518 5002 1138 5058 bestiisinsensatis.De
1154 5006 1431 5060 haereticis
1443 5007 1622 5061 facilis
1642 5015 1728 5062 est
1743 5010 1905 5064 intel-

301 5088 767 5160 ligentia,quibus
783 5110 860 5145 vae
875 5092 1136 5147 imminet
1155 5096 1560 5166 sempiternum
1573 5099 1854 5167 ,quoniam
1871 5116 1905 5153 a

302 5176 410 5230 Deo
442 5186 819 5245 recesserunt,
847 5187 903 5233 et
923 5183 1268 5250 praevaricati
1289 5191 1421 5238 sunt
1446 5187 1711 5239 mandata
1732 5187 1900 5253 illius,

299 5265 391 5333 qui
415 5267 661 5320 redemit
684 5285 778 5320 eos
806 5270 1080 5339 sanguine
1109 5288 1230 5324 suo.
1260 5270 1374 5342 Ipsi
1406 5276 1554 5326 enim
1595 5275 1904 5346 loquuntur

298 5359 493 5406 contra
516 5354 692 5408 Deum
707 5356 1034 5424 mendacia,i
1045 5359 1464 5429 mpiafalsitatis
1476 5362 1740 5432 dogmata
1753 5380 1902 5417 com-

299 5448 597 5508 ponentes,
617 5459 723 5496 non
742 5445 991 5500 clamant
1001 5447 1070 5499 ad
1085 5447 1386 5502 Dominum
1403 5449 1460 5504 in
1478 5451 1738 5506 cordibus
1759 5453 1896 5519 suis,

300 5529 393 5582 sed
412 5529 645 5584 ululant
661 5548 884 5603 semper
910 5534 969 5588 in
1001 5535 1118 5589 suis
1137 5537 1537 5606 conciliabulis,
1569 5556 1691 5609 quse
1722 5541 1901 5595 lustra

1989 1837 2012 1870 ο
2046 1819 2114 1872 Et
2141 1835 2244 1888 ego
2278 1819 2491 1872 erudivi
2521 1835 2669 1882 eos,»
2697 1818 2752 1871 id
2769 1823 2871 1880 est,
2897 1815 3059 1869 docui
3086 1831 3181 1868 eos
3210 1831 3310 1884 per
3326 1815 3578 1883 Moysen,

1987 1914 2327 1980 caaterosque
2341 1909 2550 1962 fideles.
2578 1924 2604 1958 σι
2627 1907 2698 1961 Et
2721 1905 3029 1960 confortavi
3053 1903 3279 1957 brachia
3298 1919 3512 1964 eorum,
3552 1921 3576 1952 ι

1986 1997 2091 2050 hoc
2107 2003 2210 2062 est,
2231 1996 2440 2068 praebui
2463 1995 2848 2050 fortitudinem
2866 1994 2935 2046 ad
2958 1991 3302 2056 bellandum,
3317 1990 3462 2044 sicut
3473 1989 3582 2044 fac-

1985 2091 2107 2140 tum
2130 2092 2215 2140 est
2233 2085 2579 2156 temporibus
2608 2086 2774 2138 Josue
2801 2088 2858 2136 et
2888 2081 3356 2135 Machabzeorum.
3381 2101 3402 2130 ι
3426 2080 3496 2133 Et
3521 2079 3581 2133 in

1986 2191 2075 2228 me
2091 2175 2476 2245 cogitaverunt
2492 2173 2784 2236 malitiam,
2798 2190 2820 2221 ι
2846 2187 3027 2224 meam
3044 2169 3352 2240 potentiam
3376 2167 3446 2221 ad
3467 2167 3585 2222 ido-

1986 2264 2040 2316 la
2070 2263 2860 2332 transferentes,dicentesque
2882 2276 2992 2314 non
3017 2276 3104 2312 me
3123 2274 3244 2313 esse
3273 2256 3582 2322 Deum,sed

1985 2353 2188 2406 vitulos
2219 2370 2356 2423 quos
2387 2353 2492 2422 ipsi
2521 2349 3074 2419 fecerunt.Nunquid
3106 2347 3315 2417 aliquid
3348 2349 3584 2416 possunt

1984 2441 2168 2495 facere
2193 2449 2295 2496 aut
2322 2459 2522 2496 nocere
2552 2441 2734 2494 mihi?
2764 2440 2868 2494 Sed
2892 2438 3038 2508 quod
3069 2438 3250 2491 solum
3280 2451 3446 2506 agere
3484 2450 3582 2506 po-

1987 2535 2236 2593 tuerunt,
2261 2537 2458 2584 contra
2489 2547 2576 2584 me
2597 2530 2982 2599 cogitaverunt
3013 2527 3178 2580 mala.

2061 2639 2085 2670 «
2115 2620 2341 2674 Reversi
2372 2626 2504 2672 sunt
2531 2625 2595 2672 ut
2624 2618 2834 2688 absque
2857 2617 2993 2686 jugo
3023 2620 3228 2680 essent,
3263 2631 3291 2666 ι
3324 2613 3382 2667 id
3408 2617 3583 2678 est,ut

1985 2709 2143 2779 prius
2172 2715 2473 2778 antequam
2511 2723 2767 2760 vocarem
2799 2722 2892 2759 eos
2927 2721 3025 2775 per
3052 2703 3356 2767 Abraham,
3379 2702 3581 2756 deinde

1987 2815 2088 2868 per
2111 2799 2337 2868 Moysen
2361 2803 2418 2851 et
2437 2797 2701 2867 reliquos,
2727 2795 2938 2864 absque
2953 2795 3090 2864 jugo
3111 2792 3360 2862 legisque
3379 2790 3582 2844 notitia

1987 2886 2400 2952 erant,cunctis
2423 2885 2740 2939 nationibus
2777 2881 3300 2945 commiscebantur,
3324 2880 3402 2933 ita
3433 2894 3584 2932 nunc

1988 2976 2196 3029 reversi
2227 2981 2360 3030 sunt
2384 2976 2454 3028 ad
2480 2974 2720 3045 priorem
2750 2979 2982 3035 statum,
3022 2977 3086 3024 ut
3115 2969 3324 3040 absque
3349 2970 3487 3038 jugo
3525 2971 3585 3022 et
3624 3012 3635 3021 .

1989 3064 2088 3117 Dei
2111 3064 2284 3117 frenis
2301 3064 2451 3116 irent
2470 3063 2783 3134 praecipites
2803 3060 3088 3130 sequendo
3099 3075 3230 3112 suas
3247 3057 3578 3128 voluptates.

1993 3174 2015 3204 ι
2043 3153 2194 3206 Facti
2223 3158 2356 3206 sunt
2384 3152 2541 3222 quasi
2589 3168 2752 3204 arcus
2802 3150 3048 3214 dolosus,
3077 3169 3104 3199 ι»
3136 3147 3192 3200 id
3221 3152 3325 3209 est,
3355 3161 3578 3215 pravus,

1988 3241 2281 3295 reﬂectens
2308 3240 2366 3293 in
2395 3240 2685 3294 dominum
2715 3237 3121 3310 sagittam.lpsi
3142 3236 3346 3308 quippe
3367 3234 3584 3288 fortesa

1990 3332 2104 3384 Deo
2117 3336 2172 3384 et
2188 3329 2399 3383 extensi
2423 3330 2550 3384 facti
2564 3330 2806 3393 fuerant,
2832 3333 2896 3382 ut
2911 3325 3258 3382 adversarios
3282 3325 3583 3392 hostesque

1990 3419 2474 3490 percuterent,sed
2498 3435 2637 3488 quos
2659 3419 2808 3472 Deus
2829 3416 3156 3470 extenderat
3175 3418 3370 3466 contra
3391 3411 3582 3464 inimi-

1987 3524 2100 3571 cos,
2141 3507 2246 3576 ipsi
2266 3513 2461 3560 contra
2483 3523 2645 3559 suum
2677 3506 2821 3559 versi
2845 3511 2976 3558 sunt
2999 3503 3318 3565 Dominum,
3353 3499 3583 3552 mitten-

1989 3601 2072 3648 tes
2098 3595 2363 3648 adversus
2392 3611 2518 3648 eum
2552 3593 2909 3664 blasphemia
2935 3591 3188 3660 sagittas.
3214 3612 3240 3641 ι
3271 3587 3488 3642 Cadent
3523 3587 3582 3640 in

1985 3683 2171 3752 gladio
2197 3683 2473 3753 principes
2507 3699 2699 3736 eorum
2723 3699 2756 3736 a
2775 3682 2963 3735 furore
2983 3680 3187 3749 linguae
3216 3693 3347 3731 sure.
3371 3696 3393 3726 ι
3428 3675 3584 3730 Sicut

1987 3778 2156 3842 caput
2180 3772 2407 3826 malitiae
2428 3772 2656 3825 fuerunt
2676 3769 3078 3842 principes,qui
3099 3767 3373 3822 infelicem
3403 3781 3586 3836 popu-

1987 3861 2104 3913 lum
2135 3860 2491 3931 deceperunt.
2521 3861 2601 3914 ita
2628 3877 2777 3913 nunc
2804 3859 2910 3930 ipsi
2942 3874 3067 3911 vere
3097 3856 3339 3927 primum
3356 3852 3585 3908 confun-

1990 3949 2198 4004 dantur
2243 3956 2470 4020 propter
2514 3950 2761 4002 furorem
2805 3949 3009 4017 linguae
3039 3963 3170 4007 sua},
3205 3945 3302 4015 qui
3329 3948 3582 3996 amentes

1989 4038 2190 4102 effecti,
2224 4038 2344 4090 ausi
2366 4043 2499 4090 sunt
2528 4037 2724 4090 vitulos
2747 4051 2948 4089 aureos
2969 4049 3162 4086 vocare
3192 4032 3344 4094 deos,
3378 4035 3439 4082 ut
3481 4031 3583 4082 hoc

1988 4126 2238 4178 facerent
2269 4127 2324 4178 in
2355 4132 2506 4179 terra
2533 4123 2980 4194 repromissionis
3009 4121 3159 4194 quod
3187 4119 3498 4173 didicerant
3522 4117 3581 4170 in

1986 4213 2250 4284 Egypto.
2285 4215 2427 4268 Nam
2456 4215 2612 4268 furor
2640 4214 2844 4284 linguae
2867 4229 3082 4274 eorum,
3116 4208 3365 4264 amentia
3393 4214 3451 4262 et
3469 4206 3582 4261 bla-

1987 4304 2254 4373 sphemiae
2280 4304 2693 4374 intelliguntur.
2723 4321 2748 4355 α
2767 4304 2882 4356 Ista
2900 4300 3266 4356 subsannatio
3298 4313 3493 4352 eorum
3523 4297 3580 4350 in

1923 4371 2141 4447 Dterra
2169 4393 2413 4464 Egypti,
2433 4371 2537 4446 aid
2569 4398 2672 4457 est,
2696 4393 2800 4446 hoc
2829 4391 2975 4462 quod
3010 4390 3175 4444 modo
3205 4389 3420 4442 faciunt
3448 4385 3580 4440 sub-

1987 4481 2278 4534 sannando
2308 4498 2395 4534 me
2419 4488 2476 4534 et
2503 4481 2809 4534 deridendo
2844 4497 2944 4551 per
2971 4479 3247 4533 culturam
3276 4477 3576 4541 idolorum,

1988 4585 2099 4622 non
2132 4574 2217 4622 est
2243 4586 2382 4622 nova
2411 4586 2519 4633 res,
2551 4570 2683 4640 quia
2701 4569 2851 4639 quod
2870 4569 3126 4622 fecerunt
3151 4568 3209 4620 in
3238 4567 3496 4636 :Egypto,
3525 4570 3583 4618 et

1989 4669 2183 4728 postea
2215 4657 2270 4710 in
2300 4659 2836 4720 deserto,hocetiam
2853 4675 3002 4712 nunc
3025 4661 3237 4710 tenent.
3273 4656 3354 4710 lbi
3377 4655 3581 4725 quippe

1988 4753 2279 4817 coeperunt
2299 4748 2448 4800 idola
2475 4749 2677 4810 colere,
2698 4754 2754 4800 et
2783 4764 2959 4816 usque
2980 4762 3128 4799 nunc
3152 4745 3208 4797 in
3231 4743 3429 4797 eadem
3459 4759 3580 4812 per-

1987 4843 2245 4889 severant
2271 4837 2506 4890 malitia.
2538 4835 2919 4906 Spiritualiter
2945 4851 3074 4888 vero
3114 4850 3215 4904 per
3243 4833 3493 4887 triticum
3523 4837 3582 4886 et

1986 4924 2178 4978 vinum
2220 4941 2518 4995 possumus
2564 4924 2876 4994 intelligere
2920 4924 3190 4994 mysteria
3236 4922 3486 4992 corporis
3523 4927 3582 4975 et

1986 5013 2278 5083 sanguinis
2307 5013 2536 5076 Christi,
2569 5014 2684 5066 sive
2735 5013 2905 5066 etiam
2953 5013 3297 5082 Scripturam
3337 5027 3576 5076 sacram,

1987 5119 2109 5172 quae
2135 5103 2189 5156 in
2213 5103 2346 5156 locis
2375 5101 2788 5155 obscurioribus
2808 5101 3014 5166 cibum,
3033 5103 3090 5154 in
3114 5099 3456 5154 facilioribus
3476 5116 3580 5153 au-

1987 5196 2100 5243 tem
2134 5197 2324 5260 potum
2358 5191 2516 5244 nobis
2547 5197 2791 5261 praestat.
2829 5189 3012 5262 Super
3056 5191 3160 5244 hoc
3205 5190 3457 5244 triticum
3493 5190 3579 5243 vel

1986 5277 2174 5328 vinum
2201 5277 2443 5330 haeretici
2477 5286 2765 5344 corruunt,
2790 5280 3018 5349 indigne
3048 5297 3249 5350 corpus
3270 5286 3325 5333 et
3347 5279 3578 5349 sangui-

1985 5381 2112 5418 nem
2153 5365 2374 5418 Domini
2396 5374 2700 5430 sumentes,
2721 5373 2776 5420 et
2804 5369 3152 5440 Scripturam
3183 5369 3426 5423 divinam
3458 5386 3580 5440 per-

1984 5469 2140 5506 verso
2158 5454 2443 5508 intellectu
2467 5455 2924 5526 interpretantes.
2963 5459 3236 5528 Legentes
3266 5459 3413 5512 enim
3443 5460 3580 5512 assi-

1982 5543 2176 5608 due,et
2195 5543 2534 5599 meditantes
2552 5545 2733 5615 legem
2758 5552 3100 5620 caeterasque
3131 5549 3466 5618 Scripturas,
3489 5562 3577 5600 co-
