4090 6164
505 284 574 343 59
914 285 1294 341 HAYMONIS
1334 272 1821 342 HALBERS'I‘AT.
1864 266 2091 342 Briso.
2133 270 2292 342 ore.
2336 272 2520 343 PARS
2557 279 2602 346 I.
2646 317 2717 329 —
2754 290 3129 346 COMMENT.
3170 290 3354 346 BIBL.

3701 274 3774 384 eo

502 388 727 480 medere
749 410 1037 476 simulant,
1059 387 1208 481 quod
1232 410 1376 465 male
1395 410 1757 481 intelligendo
1778 398 2082 467 ruminant.
2105 404 2519 493 Aiiitelligitur,
2550 414 2625 487 de,
2641 414 3030 485 quoscriptum
3052 420 3168 470 est:
3191 438 3214 461 ει
3242 400 3419 469 Nemo
3439 400 3621 494 bonus
3657 386 3771 465 nisi

502 497 571 559 Et
589 499 696 555 hoc
712 499 976 555 facientes
996 500 1265 554 recedunt
1281 515 1315 551 a
1339 499 1694 573 Domino,qui
1710 499 1899 555 docuit
1922 516 2016 553 eos
2038 501 2095 554 in

502 586 772 653 Ecclesia,
796 594 854 647 et
872 588 1028 659 dedit
1046 588 1126 643 eis
1146 587 1669 657 tertitudinem,qua
1689 594 1884 643 contra
1898 589 2097 643 adver-

502 677 681 733 sarios
708 677 1062 734 dimicarent.
1094 675 1209 746 Ipsi
1249 691 1377 729 vero
1409 670 1658 745 cogitant
1686 684 1881 733 eontra
1917 678 2095 733 Deum

502 764 1167 836 malitiam,impiissimas
1189 765 1427 823 haereses
1454 771 1824 831 exstruentes,
1846 766 2097 840 ﬁuntque

500 852 715 909 similes
730 854 1013 929 gentibus,
1045 858 1102 907 et
1125 852 1196 907 ad
1225 852 1464 910 nihilum
1496 853 1928 924 rediguntur.Et
1956 855 2098 909 tales

500 946 800 999 vertuntur
828 942 887 997 in
916 958 1109 999 arcum
1160 941 1436 1017 dolosum,
1479 941 1615 1015 dum
1658 942 1775 996 suis
1806 943 2127 997 sententiis

503 1036 743 1091 mortem
769 1030 875 1085 sibi
903 1036 1169 1086 aeternam
1198 1029 1464 1085 inferunt.
1498 1030 1659 1085 Unde
1682 1031 1958 1100 prim-ipes
1982 1031 2099 1087 hac-

498 1118 805 1175 reticorum
833 1123 1065 1190 propter
1091 1118 1369 1173 insaniam
1396 1118 1602 1189 lingua:
1621 1119 1889 1189 suae,quia
1912 1119 2097 1173 Domi-

498 1222 635 1261 num
670 1207 1079 1277 blasphemant.
1117 1206 1398 1263 sententia
1417 1207 1532 1259 veri
1555 1208 1763 1278 judicis
1794 1208 2093 1273 feriuntur,

500 1296 771 1353 facientes
791 1296 986 1351 eadem
1017 1295 1076 1349 in
1100 1295 1227 1351 falsi
1255 1295 1499 1353 nominis
1521 1296 1784 1363 Ecclesia,
1816 1314 1938 1369 quae
1967 1304 2099 1352 ante

498 1383 781 1440 faciebant
810 1384 942 1457 dum
975 1384 1035 1459 in
1066 1383 1331 1457 Egypto,
1366 1385 1472 1439 hoc
1501 1392 1605 1463 est,
1628 1370 1688 1441 in
1717 1385 1964 1441 tenebris
1987 1402 2100 1442 mo-

499 1471 775 1529 rabantur
801 1472 1150 1528 inﬁdelitatis
1172 1478 1229 1529 et
1248 1473 1598 1547 ignorantiae.

1092 1614 1328 1670 CAPUT
1356 1608 1512 1670 VIII.

2179 502 2331 579 solus
2362 502 2527 556 Deus.
2556 521 2580 553 »
2615 503 2856 579 Proiecit
2880 503 3069 577 itaque
3090 503 3262 579 Israel
3282 503 3507 563 bonum,
3536 501 3641 555 hoc
3667 504 3770 563 est,

2179 576 2357 645 Deum
2388 607 2550 647 suum
2582 576 2828 662 reliquit,
2852 599 2911 647 ct
2940 576 3040 665 pro
3072 578 3245 648 nihilo
3289 580 3449 645 duxit
3486 607 3497 643 :
3536 589 3776 665 ideoque

2179 695 2305 743 cum
2331 668 2672 744 clamaverit,
2696 696 2806 735 non
2834 669 3127 738 exaudiam
3156 696 3283 735 eum
3315 684 3545 751 propter
3571 664 3777 734 falsum

2178 783 2383 822 nomen
2398 768 2596 847 Israel,
2630 769 2725 823 sed
2756 768 3016 825 inimicus
3044 770 3164 835 (hoc
3191 768 3294 829 est.
3331 752 3620 847 Assyrius.
3662 752 3779 837 sive

2180 857 2350 911 etiam
2381 842 2653 937 diabolus)
2677 862 3045 937 persequetur
3064 873 3214 920 eum.
3243 863 3302 937 et
3318 841 3774 935 comprehendet,

2181 945 2297 1026 qui.
2337 961 2426 1001 me
2453 961 2583 1033 rege
2610 930 2897 1012 derelicto,
2928 930 3349 1028 petieruntsibi
3379 960 3588 1028 regem,
3632 930 3782 1001 sicut

2178 1033 2390 1091 habent
2417 1032 2643 1107 reliquae
2668 1041 2885 1104 gentes.
2922 1035 3081 1091 Unde
3108 1034 3298 1090 statim
3332 1032 3622 1105 subjungit
3656 1050 3667 1084 :

2257 1146 2273 1171 ι
2300 1108 2415 1195 Ipsi
2442 1114 2904 1201 regnaverunt,et
2922 1114 3126 1201 non'ex
3158 1140 3248 1180 me
3272 1141 3289 1201 ἐ
3319 1112 3596 1197 principes
3617 1108 3783 1178 exsti-

2178 1217 2391 1277 terunt,
2421 1218 2478 1267 et
2503 1229 2615 1269 non
2654 1196 2905 1283 cognovi.
2940 1233 2965 1265 »
2991 1200 3048 1269 Si
3080 1196 3182 1269 hoc
3212 1196 3282 1268 ad
3311 1211 3555 1286 primum
3584 1225 3779 1281 regem

2181 1316 2379 1381 eorum
2401 1298 2535 1357 Saul
2564 1301 2773 1357 referre
2804 1290 3163 1371 voluerimus,
3207 1300 3439 1372 quaestio
3468 1298 3646 1355 oritur
3676 1314 3782 1355 cur

2181 1389 2454 1446 Dominus
2473 1386 2649 1444 dicat:
2670 1388 2785 1461 Ipsi
2817 1395 3212 1461 regnaverunt,
3232 1395 3289 1444 et
3301 1404 3413 1445 non
3432 1404 3497 1445 ex
3517 1404 3626 1452 me,
3646 1392 3780 1452 etc.,

2183 1484 2309 1533 eum
2340 1476 2617 1534 Dominus
2643 1479 2874 1549 elegerit
2904 1496 3055 1555 eum,
3107 1484 3164 1533 et
3208 1494 3308 1550 per
3350 1464 3560 1555 sortem
3591 1492 3782 1555 regem

2186 1564 2713 1623 constituerit.Nam
2733 1574 2789 1623 et
2810 1552 3037 1649 Samuel
3057 1584 3123 1649 eo
3139 1583 3269 1639 rege
3289 1552 3592 1649 constituto
3613 1552 3778 1649 dixit:

2187 1655 2352 1735 Certe
2370 1655 2568 1738 videtis
2588 1673 2752 1728 quem
2776 1656 2946 1738 elegit
2968 1644 3258 1739 Dominus.
3284 1642 3441 1711 Unde
3462 1646 3586 1739 etin
3616 1642 3783 1735 domo

580 1761 601 1793 ι
629 1741 691 1795 In
708 1746 939 1812 gutture
952 1745 1050 1796 tuo
1078 1741 1153 1797 sit
1167 1740 1322 1798 tuba.
1351 1760 1377 1793 »
1400 1743 1514 1798 Vox
1532 1743 1631 1799 Dei
1652 1749 1737 1798 est
1767 1744 1838 1798 ad
1870 1744 2103 1816 prophe-
2124 1724 2576 1801 Babsconditum
2604 1724 2962 1818 prodidit,ret
2987 1734 3299 1826 auriculam
3321 1724 3606 1826 Samuelis
3638 1728 3784 1824 ante

499 1835 636 1899 tam,
671 1831 763 1885 cui
808 1830 1130 1901 praecipitur
1154 1838 1218 1887 ut
1248 1831 1329 1887 sic
1348 1832 1556 1888 exaltet
1579 1848 1789 1899 vocem,
1824 1837 2102 1907 quatenus

496 1918 648 1989 tubas
668 1919 743 1975 sit
768 1918 988 1977 similis.
1030 1925 1094 1977 ut
1119 1920 1350 1991 plurimi
1379 1938 1508 1975 eum
1534 1921 1770 1976 audiant
1801 1921 2102 1978 vociferan-

498 2011 638 2074 tem,
671 2007 804 2091 quia
832 2007 1058 2078 plurimi
1089 2015 1477 2079 peccaverunt.
1521 2010 1766 2081 Denique
1796 2010 1928 2080 quid
1969 2027 2095 2067 eum

497 2098 748 2154 oxaltata
774 2114 906 2152 voce
929 2103 1185 2168 oporteat
1209 2099 1413 2165 dicere,
1445 2100 1636 2154 statim
1662 2099 1971 2172 subjungit,
2011 2102 2098 2156 di-

499 2202 633 2241 cens
665 2203 676 2239 :
719 2205 740 2238 ι
771 2185 943 2250 Quasi
973 2186 1163 2256 aquila
1188 2203 1358 2257 super
1386 2188 1614 2261 domum
1645 2178 1888 2244 Domini.
1926 2210 1947 2240 ι
1977 2190 2099 2253 Quo

497 2275 559 2333 iu
592 2274 711 2330 loco
736 2275 927 2345 aquila
955 2276 1271 2347 appellatur
1297 2276 1831 2343 Nabuchodonosor,
1874 2278 2100 2332 veniens

505 2363 775 2422 adversus
822 2363 1176 2419 Hierusalem
1208 2369 1263 2419 et
1293 2364 1392 2418 Dei
1422 2367 1716 2437 templum,
1753 2367 1900 2439 quod
1940 2367 1998 2422 in
2037 2384 2105 2424 ea

504 2459 628 2507 erat
656 2454 845 2507 situm.
882 2453 988 2528 Qui
1009 2450 1212 2525 aquilae
1233 2461 1593 2525 comparatur
1625 2462 1851 2526 propter
1871 2456 2101 2511 nimiam

504 2542 854 2597 velocitatem
889 2542 970 2595 vel
1002 2542 1387 2612 rapacitatem,
1405 2542 1536 2612 quia
1564 2543 1819 2598 imitatus
1837 2550 1923 2598 est
1952 2546 2103 2599 vola-

500 2636 624 2688 tum
656 2631 859 2701 aquilae
906 2631 1111 2702 raptim
1160 2629 1475 2685 festinantis
1531 2632 1602 2685 ad
1642 2634 1903 2702 praedam.
1944 2634 2103 2689 Unde

506 2719 757 2777 Ezechiel
788 2718 1105 2790 parabolice
1124 2719 1194 2775 de
1213 2736 1277 2775 eo
1309 2720 1562 2791 loquitur
1596 2738 1606 2777 :
1641 2722 1844 2795 Aquila
1870 2723 2103 2795 grandis

504 2824 840 2878 magnarum
867 2808 1108 2873 alarum,
1149 2809 1318 2879 longo
1349 2808 1731 2864 membrorum
1762 2811 1933 2866 ductu
1955 2812 2105 2869 venit

502 2896 574 2953 ad
599 2896 1089 2966 Libanum.Ipsum
1112 2897 1318 2969 quippe
1346 2898 1444 2953 Dei
1471 2899 1761 2974 templum,
1783 2917 1953 2972 super
1990 2918 2100 2973 quo

500 2986 789 3056 propheta:
833 2985 1157 3056 praccipitur
1185 2985 1520 3042 annuntiare
1545 2988 1848 3045 adventum
1876 2990 2096 3059 aquilae,

500 3074 753 3129 Ezechiel
771 3074 1016 3145 appellat
1034 3073 1495 3147 Libanum.Unde
1525 3064 1582 3128 et
1603 3076 1899 3132 Zacharias
1926 3078 2103 3149 loqui-

2184 1834 2306 1902 ejus
2339 1833 2641 1889 adventum
2673 1834 2954 1890 revelavit.
3002 1822 3111 1890 Sed
3147 1820 3434 1891 sciendum
3476 1820 3607 1907 quia
3635 1820 3785 1889 Deus

2183 1922 2536 1991 omnipotens
2561 1908 2861 1994 aliquando
2883 1912 3004 1976 ﬁeri
3026 1908 3302 1992 permittit
3330 1908 3479 1994 quod
3505 1936 3619 1975 non
3642 1908 3778 1995 vult,

2182 1998 2326 2089 sicut
2352 1996 2625 2089 de‘ipsius
2654 1992 2924 2089 electione
2963 2001 3173 2067 factum
3219 1992 3466 2089 proiecto
3522 1992 3771 2089 constat.

2181 2086 2336 2154 Vidit
2349 2085 2555 2171 quippe
2567 2116 2745 2170 prona
2764 2086 2986 2155 illorum
3003 2099 3171 2153 corda
3181 2086 3249 2154 ad
3267 2085 3596 2154 electionem
3611 2086 3778 2168 regis,

2182 2192 2239 2243 et
2254 2176 2377 2243 ideo
2394 2175 2648 2259 permisit
2671 2172 2791 2243 fieri
2816 2188 3123 2244 secundum
3137 2188 3284 2258 quod
3298 2172 3784 2261 petebant,contra

2181 2292 2344 2331 suam
2367 2277 2736 2332 voluntatem.
2761 2278 2921 2353 Quod
2943 2294 3008 2333 ex
3037 2276 3286 2332 tonitruo
3309 2281 3366 2330 et
3395 2274 3782 2353 coruscatione

2184 2365 2332 2421 facta
2361 2371 2615 2437 tempore
2661 2350 2851 2430 aestivo
2881 2372 3075 2439 contra
3121 2350 3582 2437 consuetudinem
3630 2362 3780 2418 illius

2185 2459 2368 2517 terrae,
2399 2461 2592 2525 aperte
2626 2460 2992 2513 monstratur.
3036 2454 3194 2508 Unde
3246 2459 3301 2509 et
3351 2453 3577 2508 Samuel
3602 2450 3779 2506 sciens

2186 2543 2289 2597 hoc
2328 2543 2506 2596 Deum
2554 2544 2721 2609 nolle,
2752 2544 3005 2616 praedixit
3035 2544 3115 2617 eis
3142 2544 3237 2612 jus
3269 2542 3435 2613 regis,
3472 2541 3566 2615 qui
3593 2540 3780 2596 duris-

2187 2631 2330 2687 sima
2354 2630 2621 2687 servitute
2642 2639 2800 2687 erant
2832 2633 2882 2685 ei
2906 2632 3257 2705 subjiciendi,
3293 2639 3357 2685 ut
3386 2631 3456 2685 ad
3485 2629 3781 2685 Dominum

2184 2734 2373 2789 regem
2396 2720 2891 2796 clementissimum
2932 2726 3366 2776 reverterentur.
3396 2718 3453 2775 Si
3482 2724 3671 2796 autem
3709 2717 3781 2771 ad

2183 2796 2501 2873 Jeroboam,
2527 2808 2621 2879 qui
2644 2815 2838 2880 postea
2866 2794 3058 2865 decem
3083 2808 3342 2864 tribubus
3361 2794 3605 2882 prmfuit,
3628 2811 3685 2861 et
3712 2805 3783 2859 ad

2184 2903 2413 2953 caeteros
2442 2897 2724 2970 principes
2740 2898 2836 2973 qui
2863 2899 2915 2953 ei
2944 2898 3001 2952 in
3032 2914 3205 2968 regno
3234 2900 3639 2965 successerunt,
3674 2894 3785 2963 ista

2184 2986 2560 3051 retulerimus,
2596 2972 2890 3041 manifeste
2908 2986 3296 3058 cognoscimus
3324 2972 3431 3041 hec
3450 2989 3646 3038 contra
3684 2982 3783 3038 Dei

2148 3138 2156 3153 λ
2184 3076 2596 3153 ordinationem
2628 3076 3021 3131 fact-um.Licet
3045 3076 3195 3131 enim
3229 3076 3377 3130 Deus
3405 3078 3635 3147 prapter
3663 3088 3784 3151 pec-

501 3167 617 3227 tur,
650 3161 841 3217 dicens
875 3180 887 3218 :
930 3180 957 3214 ¢
988 3161 1180 3227 Aperi,
1210 3146 1440 3225 Libane.
1474 3170 1665 3235 portas
1696 3171 1842 3239 tuas,
1873 3172 1929 3221 et
1948 3146 2160 3223 οδω-Ο
2180 3169 2367 3219 catum
2399 3146 2712 3219 Salomonis
2753 3164 2933 3221 iratus
2974 3181 3208 3234 regnum
3248 3163 3496 3217 dividere
3527 3146 3783 3241 voluerit,

502 3251 637 3308 edat
661 3250 806 3322 ignis
834 3251 1031 3306 cedros
1061 3258 1207 3307 tuos.
1236 3271 1256 3301 J
1297 3272 1317 3305 ι
1356 3252 1463 3307 Pro
1493 3269 1558 3307 eo
1590 3254 1739 3325 quod
1765 3257 2103 3326 transgressi

500 3341 827 3399 suntfuadus
840 3356 1047 3406 meum,
1070 3341 1318 3411 etlegem
1338 3357 1521 3394 meam
1535 3342 1880 3413 praevaricati
1896 3351 2047 3399 sunt.
2075 3365 2097 3396 ι

500 3428 572 3485 Et
599 3429 689 3483 hic
718 3446 909 3485 versus
934 3430 1004 3482 ad
1034 3430 1327 3499 superiora
1355 3430 1613 3498 pertinet,
1642 3447 1752 3501 quo
1785 3434 2105 3505 praecipitur

503 3519 791 3589 prOpheta:
817 3524 881 3572 ut
908 3519 1123 3572 excelsa
1156 3535 1285 3573 voce
1315 3519 1539 3581 clamet,
1566 3519 1697 3590 quia
1719 3522 1911 3589 aquila
1935 3539 2105 3594 super

502 3606 733 3663 domum
766 3608 884 3665 Dei.
919 3608 988 3661 Et
1033 3613 1119 3661 est
1157 3624 1353 3663 sensus
1381 3626 1390 3662 :
1418 3607 1576 3670 Quod
1607 3608 1707 3661 tibi
1733 3608 1876 3673 dico,
1909 3628 1941 3663 ο
1972 3628 2103 3683 pro-

502 3695 694 3765 pheta,
726 3704 895 3766 atque
925 3695 1186 3766 praecipio
1218 3702 1283 3767 ut
1306 3696 1365 3749 in
1388 3702 1620 3765 gutture
1650 3690 1747 3751 tuo
1768 3697 1839 3753 sit
1866 3699 2022 3763 tuba,
2044 3690 2101 3757 id

504 3788 591 3839 est
638 3800 844 3854 magna
886 3800 1014 3845 voce
1044 3784 1346 3839 annunties
1374 3785 1564 3841 venire
1590 3802 1782 3856 regem
1811 3766 2101 3843 Chaldaeo-

501 3862 649 3933 rum;
701 3889 816 3927 non
864 3871 934 3926 ob
972 3872 1145 3929 aliam
1182 3889 1409 3928 causam
1449 3874 1553 3929 hoc
1577 3874 1770 3943 jubeo,
1804 3876 1911 3930 nisi
1951 3879 2099 3948 quod

499 3961 836 4032 transgressi
857 3968 990 4017 sunt
1000 3961 1107 4017 fced
1116 3979 1180 4017 us
1202 3979 1389 4019 meum
1408 3962 1661 4019 faciendo
1674 3963 1909 4029 idola,et
1924 3965 2101 4037 legem

2185 3256 2375 3319 tamen
2406 3246 2603 3310 contra
2622 3270 2781 3329 suam
2804 3255 3149 3309 voluntatem
3178 3253 3416 3325 populus
3438 3250 3609 3307 Israel
3633 3250 3786 3305 Jero-

2186 3340 2351 3395 boam
2384 3343 2570 3415 elegit.
2600 3341 2882 3397 Debuerat
2917 3343 3066 3397 enim
3087 3344 3248 3416 juxta
3276 3346 3616 3415 praeceptum
3648 3355 3782 3417 con-

2187 3431 2371 3485 sulere
2420 3432 2618 3494 Deum,
2654 3447 2725 3485 an
2755 3431 2923 3484 vellet
2949 3431 3055 3485 hoc
3086 3430 3227 3494 fieri,
3261 3436 3318 3483 et
3338 3429 3418 3482 sic
3446 3444 3546 3501 per
3573 3432 3781 3483 sortem

2187 3520 2393 3590 eligere
2441 3520 2652 3588 regem,
2706 3535 2819 3573 non
2863 3517 3167 3573 secundum
3214 3533 3376 3571 suam
3415 3516 3778 3572 voluntatem.

2185 3609 2330 3663 Nam
2361 3612 2419 3660 et
2444 3622 2590 3675 saepe
2620 3607 2763 3660 ﬁunt
2783 3606 3110 3681 necessaria
3130 3621 3332 3681 causae,
3363 3621 3485 3677 quae
3509 3601 3782 3674 praeteriri

2186 3700 2495 3765 nequeunt,
2516 3693 2615 3748 sed
2634 3697 2822 3774 tamen
2844 3680 2973 3765 quia
2991 3691 3244 3747 homines
3265 3707 3377 3744 non
3402 3690 3502 3744 Dei
3524 3690 3781 3745 volunta-

2182 3783 2424 3851 tem,scd
2453 3799 2616 3837 suam
2646 3782 2702 3835 in
2725 3768 2811 3835 his
2837 3769 3409 3850 attendunt,graviter
3426 3768 3779 3850 delinquunt,

2183 3875 2503 3938 sicut,verbi
2525 3874 2805 3950 gratia,de
2829 3874 3063 3929 Domino
3085 3874 3370 3927 Salvatore
3384 3872 3611 3938 dicitur,
3634 3871 3783 3943 quod

2186 3970 2445 4037 oporteat
2462 3963 2609 4018 tradi
2631 3963 2836 4017 Filium
2850 3961 3663 4033 hominis,mori,etsepeliri,et
3686 3975 3786 4017 ca:-

502 4067 686 4109 meam
728 4051 1075 4121 pravaricati
1122 4057 1274 4115 sunt,
1324 4068 1435 4122 qua
1473 4052 1586 4108 dixi
1618 4071 1629 4106 :
1668 4070 1693 4104 «
1726 4054 1855 4107 Non
1884 4054 2099 4111 facietis
2180 4050 2397 4129 tera,ac
2411 4051 2888 4124 posteainfertur:
2912 4051 3007 4104 Vae
3023 4050 3105 4104 illi
3125 4049 3339 4105 homini
3363 4065 3644 4127 perquam
3668 4053 3788 4102 tra-

501 4138 658 4195 vobis
686 4139 822 4194 deos
852 4156 1054 4195 aureos
1084 4140 1169 4193 vel
1198 4147 1511 4210 argenteos.
1554 4161 1576 4192 »
2184 4139 2400 4195 dendus
2415 4140 2507 4194 sit.
2531 4140 2726 4211 Neque
2757 4138 2908 4209 enim
2927 4137 2981 4191 in
2999 4139 3121 4208 ejus
3143 4143 3322 4190 morte
3343 4143 3590 4191 nostram
3614 4136 3786 4192 ludas

564 4226 1216 4289 «Meinvocabunt,Deus
1231 4228 1774 4297 meus,cognovimus
1788 4230 2102 4292 te,lsrael.»
2183 4228 2593 4291 necessitatem,
2629 4233 2729 4281 aut
2754 4224 2854 4279 Dei
2885 4224 3260 4279 consideravit
3280 4224 3644 4298 voluntatem,
3686 4223 3784 4279 sed

506 4315 761 4381 Quando,
792 4315 997 4385 inquit,
1039 4315 1330 4386 captivitas
1373 4316 1640 4380 evenerit,
1686 4318 1864 4386 pressi
1903 4334 2106 4391 angus-
2183 4317 2367 4386 potius
2398 4332 2558 4369 suam
2590 4320 2815 4368 secutus
2831 4321 2915 4368 est
2936 4313 3321 4383 cupiditatem.
3349 4312 3597 4385 Ideoque
3636 4312 3779 4382 quod

503 4403 603 4470 tia,
638 4403 971 4459 necessitate
1008 4404 1243 4472 cogente
1290 4403 1631 4459 invocabunt
1672 4420 1781 4461 me.
1812 4411 2104 4475 poscentes
2129 4404 2475 4488 DDeusante
2495 4404 2698 4481 saecula
2718 4402 2840 4456 ﬁeri
2858 4402 3459 4472 praeordinaveratjste
3472 4401 3681 4455 faciens
3693 4415 3784 4469 pe-

502 4492 773 4551 auxilium
805 4498 863 4545 et
890 4492 1651 4555 misericordiam,etdicent:
1684 4512 1704 4542 ι
1730 4493 2102 4565 Cognovimus
2183 4491 2345 4544 renni
2362 4496 2540 4544 morte
2555 4490 2856 4568 damnatus
2870 4490 3099 4561 est.Ipsi
3115 4490 3712 4560 itaqueregnaverunt,
3728 4492 3786 4541 et

502 4586 578 4647 te,
620 4579 817 4647 Israel,
857 4602 879 4632 ι
920 4582 975 4635 id
1021 4587 1107 4636 est
1147 4598 1251 4635 nos
1290 4581 1385 4653 qui
1423 4581 1775 4655 appellamur
1818 4582 2015 4655 Israel,
2046 4589 2102 4637 et
2183 4595 2297 4634 non
2324 4597 2388 4634 ex
2420 4596 2507 4634 me
2532 4597 2542 4630 :
2570 4579 2848 4653 principes
2868 4580 3296 4644 exstiterunt,et
3319 4595 3431 4633 non
3452 4580 3702 4649 cognovi,
3727 4576 3783 4630 id

501 4686 792 4727 servamus
821 4686 1025 4725 nomen
1056 4670 1349 4740 antiquum
1378 4667 1564 4733 Jacob,
1594 4669 1691 4745 qui
1729 4668 1831 4723 tibi
1869 4668 2096 4741 placuit,

502 4758 712 4816 scimus
740 4766 796 4812 te
825 4765 995 4831 atque
1020 4757 1427 4828 cognoscimus,
1460 4762 1518 4811 et
1546 4762 1775 4835 propter
1798 4758 1883 4812 tui
1910 4759 2096 4829 cogni-

502 4846 714 4920 tionem
746 4863 914 4917 quam
958 4863 1071 4918 prae
1119 4846 1379 4901 omnibus
1413 4846 1674 4918 gentibus
1703 4846 1994 4912 habemus,
2027 4849 2096 4902 li-

497 4932 633 4990 bera
666 4950 783 4990 nos.
872 5006 875 5009 _
1160 5004 1164 5011 Δ

577 5043 600 5074 ι
641 5021 888 5091 Projecit
934 5021 1107 5077 Israel
1151 5021 1381 5084 bonum,
1434 5023 1688 5079 inimicus
1731 5032 2099 5096 persequetur

502 5127 652 5169 eum.
684 5132 706 5162 ι
733 5111 1041 5180 Responsio
1058 5116 1145 5163 est
1165 5110 1264 5164 Dei
1286 5111 1688 5183 omnipotentis
1709 5114 1778 5167 ad
1800 5114 1923 5175 hoc,
1949 5113 2097 5184 quod

500 5199 608 5276 ipsi
638 5200 921 5255 dixerant:
959 5215 985 5251 α
1005 5198 1378 5275 Cognovimus
1398 5205 1474 5265 te,
1506 5184 1699 5255 Israel.
1734 5222 1759 5254 ι)
1786 5188 1853 5255 Et
1873 5207 1958 5255 est
1977 5218 2099 5254 sen-

501 5304 628 5344 sus:
648 5285 1225 5367 Quomodovo’camini
1250 5288 1475 5343 nomine
1495 5290 1687 5357 Israel,
1713 5291 1807 5360 qui
1829 5292 2099 5361 interpre-

497 5375 763 5453 tatur_vir
788 5374 978 5453 videns
1009 5375 1208 5438 Deum,
1234 5390 1359 5429 cum
1384 5378 1731 5453 projeceritis
1751 5378 2098 5441 bonum,hoc

504 5471 617 5543 est,
656 5452 956 5545 Dominum
1008 5462 1210 5545 Deum,
1261 5481 1295 5518 a
1330 5481 1441 5536 quo
1470 5452 1639 5543 Jacob
1670 5467 1983 5545 appellatus
2011 5472 2097 5521 est

507 5540 682 5610 Israel
702 5542 725 5605 ‘?
757 5551 974 5605 Bonum
1008 5540 1158 5606 enim
1184 5552 1334 5623 quod
1369 5540 1685 5623 projecerat
1720 5540 1915 5609 Israel.
1948 5540 2099 5609 Deus

2183 4674 2270 4723 est
2282 4685 2391 4724 non
2406 4668 2548 4738 elegi
2560 4667 2917 4739 eos,ideoque
2931 4684 3026 4721 eos
3043 4666 3461 4739 reprobo.Scire
3472 4664 3782 4725 autemDei,

2179 4758 2388 4829 eligere
2405 4764 2491 4812 est
2512 4773 2523 4808 :
2550 4756 2764 4811 nescire
2784 4765 2995 4816 autem,
3015 4756 3332 4829 reprobare.
3345 4772 3371 4807 ι
3389 4757 3604 4810 Aurum
3619 4768 3784 4808 suum

2179 4852 2235 4902 et
2256 4851 2556 4916 argentum
2580 4861 2743 4899 suum
2763 4844 3012 4899 fecerunt
3034 4843 3138 4898 sibi
3159 4844 3310 4900 idola
3330 4851 3394 4898 ut
3411 4842 3727 4909 interirent,
3755 4861 3779 4893 ›>

2180 4937 2234 4991 id
2268 4944 2371 5001 est,
2401 4934 2533 5005 quia
2561 4934 2648 4987 his
2676 4932 3061 4997 abundabant,
3107 4933 3362 5005 neglecto
3395 4932 3510 4986 Deo
3540 4929 3636 5003 qui
3668 4931 3783 4983 hac

2180 5024 2290 5079 illis
2314 5024 2384 5077 ad
2416 5028 2677 5077 ornatum
2707 5028 2762 5077 et
2791 5023 3120 5078 deliciarum
3151 5020 3499 5075 afﬂuentiam
3529 5018 3779 5079 dederat,

2179 5113 2432 5167 fecerunt
2449 5111 2555 5165 sibi
2572 5111 2721 5165 idola
2735 5116 2930 5166 contra
2946 5112 3192 5166 animam
3207 5124 3367 5183 suam
3378 5114 3443 5162 ut
3457 5107 3772 5179 interirent,

2180 5201 2313 5272 quia
2324 5201 2401 5255 dii
2423 5216 2563 5273 quos
2573 5200 2838 5265 fecerant,
2858 5215 3028 5254 causa
3040 5198 3237 5253 mortis
3248 5203 3303 5251 et
3314 5195 3646 5267 perditionis
3666 5194 3780 5249 illis

2180 5289 2528 5343 exstiterunt.
2537 5289 2573 5342 S
2580 5286 2917 5358 piritualiter
2926 5286 3033 5340 ista
3053 5302 3175 5355 quae
3188 5285 3258 5339 de
3270 5280 3784 5357 NabuchodonOSOr

2179 5377 2463 5451 dicuntur,
2485 5380 2722 5447 possunt
2748 5373 2942 5429 referri
2970 5371 3040 5427 ad
3069 5372 3375 5436 diabolum,
3392 5373 3485 5447 qui
3509 5372 3566 5426 in
3589 5371 3784 5442 pleris-

2178 5482 2289 5539 que
2319 5466 2451 5521 locis
2483 5465 2783 5539 Scripturae
2813 5463 3012 5517 divinae
3043 5461 3233 5537 aquila
3261 5461 3596 5535 appellatur.
3620 5458 3782 5517 Unde

2182 5561 2302 5608 est:
2332 5555 2390 5609 Si
2411 5555 2689 5609 exaltatus
2708 5551 2882 5606 fueris
2902 5556 2968 5605 ut
2994 5550 3204 5620 aquila,
3227 5548 3357 5605 inde
3383 5549 3677 5604 detraham
3698 5553 3778 5615 te,
