4062 6168
292 374 355 433 61
1300 368 1719 429 ENARRATIO
1756 368 1837 427 IN
1873 365 2054 423 osse
2090 362 2552 421 PROPHE’I‘AM.
3200 402 3205 405 .
3476 314 3571 409 '62

294 494 432 549 dicit
456 494 754 549 Dominus.
773 494 907 547 Haec
925 492 1117 563 aquila
1142 490 1295 545 venit
1313 506 1485 561 super
1502 490 1889 544 haereticorum
1909 489 1959 547 A
1981 502 2147 556 quam
2164 483 2403 556 speciem
2415 484 2664 540 ferundae
2701 480 3044 555 operationis
3064 482 3300 550 possunt
3325 473 3562 534 habere.

294 581 827 653 couciliabula,quia
839 582 1121 652 quondam
1133 581 1359 634 merant
1370 578 1759 633 domusDeizet
1772 578 1896 632 ideo
1980 575 2138 647 Unde
2153 580 2207 628 et
2239 573 2528 631 subditur:
2567 595 2588 626 ι
2607 573 2766 637 Quod
2785 577 2842 627 et
2862 571 2911 625 si
2947 567 3200 629 fecerint.
3227 564 3396 622 alieni
3424 581 3572 619 com-

296 672 432 742 quia
453 671 806 743 prtevericati
836 676 967 727 sunt
994 670 1095 724 Dei
1154 670 1356 739 legem,
1386 673 1444 722 et
1484 668 1606 721 sine
1627 684 1797 721 causa
1816 667 1898 721 in-

296 766 503 815 vocant
526 761 709 814 Deum
736 759 939 823 verbis,
973 776 1007 813 a
1034 759 1192 827 cujus
1238 757 1441 812 notitia
1491 758 1656 825 longe
1686 755 1898 810 distant

295 849 588 920 operibus,
620 848 715 918 qui
744 847 913 901 etiam
943 847 1120 901 Deum
1152 845 1510 916 projicientes
1551 859 1651 914 per
1696 844 1893 898 falsam

291 936 863 1007 doctrinam,eligunt
880 935 986 989 sibi
1008 951 1170 1005 reges
1188 938 1385 991 contra
1404 932 1505 987 Dei
1528 933 1890 996 voluntatem,

294 1026 582 1097 principes
604 1025 816 1080 scilicet
844 1032 902 1078 et
946 1028 1204 1078 auctbres
1250 1032 1640 1093 perversurum
1659 1022 1891 1092 dogma-

290 1119 437 1172 tum.
462 1112 614 1183 quod
630 1112 783 1167 Deus
801 1112 1001 1176 nescit,
1024 1111 1158 1182 quia
1175 1110 1352 1181 ipsius
1371 1108 1632 1165 notitiam
1650 1125 1760 1163 non
1781 1126 1892 1161 me.

290 1204 513 1255 rentur.
567 1200 677 1264 Qui
724 1216 926 1254 aurum
976 1204 1034 1252 et
1076 1204 1394 1268 argentum,
1421 1197 1479 1252 id
1507 1202 1595 1251 est
1621 1197 1889 1267 quidquid

291 1289 623 1344 habuerunt
638 1290 696 1343 in
715 1291 897 1343 nitore
926 1287 1262 1357 eloquentiae
1280 1287 1366 1340 vel
1393 1286 1611 1355 fulgore
1633 1286 1893 1356 spiritua-

291 1378 433 1431 lium
455 1394 726 1431 sensuum
736 1418 749 1439 ,
759 1384 1013 1447 perverse
1025 1375 1391 1445 intelligendo
1405 1380 1632 1429 vertunt
1649 1374 1707 1429 in
1720 1374 1889 1440 idola,

286 1483 416 1537 qum
436 1467 509 1521 de
538 1482 644 1521 suo
666 1466 833 1520 corde
856 1466 1165 1531 ﬁnxerunt;
1226 1469 1285 1518 et
1310 1463 1441 1534 quia
1496 1464 1603 1518 hoc
1620 1462 1887 1529 fecerunt,

283 1555 499 1609 idcirco
522 1555 834 1625 perierunt.

355 1664 381 1696 ι
426 1643 728 1713 Projectus
744 1649 830 1697 est
854 1643 1061 1697 vitulus
1078 1646 1231 1707 tuus,
1276 1640 1549 1697 Samaria.
1580 1652 1602 1695 β
1634 1641 1892 1696 Samaria

278 1742 488 1787 nomen
504 1732 841 1786 estcivitatis
863 1737 917 1785 et
936 1730 1232 1801 provincias
1269 1748 1282 1790 ς
1325 1730 1557 1799 ponitur
1584 1735 1777 1785 autem
1802 1731 1893 1785 hic

1978 665 2148 721 edent
2166 680 2311 727 eam,
2342 662 2430 717 vid
2455 668 2559 726 est,
2594 662 2641 719 si
2661 661 2868 717 habere
2898 656 3292 730 pmvaluerint
3318 655 3568 724 aliquam

1978 758 2315 825 potestatern
2338 752 2410 807 ad
2430 757 2680 821 tempus.
2705 750 2789 805 vel
2827 749 2875 809 si
2930 746 3166 803 fecerint
3208 743 3437 815 aliquod
3466 743 3569 799 bo-

1978 854 2135 907 num,
2160 841 2351 903 alieni,
2384 840 2491 897 hoc
2508 846 2597 899 est
2642 837 2878 909 Assyrii.
2910 837 3027 895 haec
3072 833 3263 895 omnia
3288 832 3566 896 auferent,

1976 930 2061 984 vel
2087 930 2261 987 etiam
2285 928 2587 987 daemones.
2620 927 2689 983 de
2719 926 2922 997 quibus
2950 923 3223 983 Dominus
3253 922 3570 995 inEvsnge-

1975 1018 2050 1071 lio
2078 1017 2344 1089 loquitur,
2377 1016 2526 1086 quod
2549 1016 2704 1085 jecta
2720 1014 2937 1071 semina
2956 1010 3300 1072 comederint
3317 1009 3571 1067 volucres

1972 1106 2115 1164 cceli.

2047 1231 2074 1264 ‹‹
2100 1214 2408 1267 Devoratus
2431 1218 2519 1266 est
2539 1211 2733 1271 Israel,
2758 1228 2784 1262 υ
2808 1209 2878 1263 ab
2912 1207 3185 1271 hostibus,
3214 1205 3310 1277 qui
3328 1204 3561 1259 interfe-

1972 1307 2187 1357 cerunt.
2211 1302 2297 1354 vel
2319 1317 2352 1354 a
2370 1299 2739 1361 (immanibus,
2771 1298 2866 1368 qui
2895 1312 3061 1351 omne
3088 1295 3298 1349 bonum
3335 1291 3564 1347 illorum

1972 1391 2383 1445 abstulerunta
2415 1390 2577 1443 Nunc
2604 1389 2785 1442 factus
2815 1390 2901 1440 est
2928 1381 3304 1445 naiionibus,s
3328 1382 3433 1435 hoc
3452 1386 3560 1447 est,

1973 1479 2153 1537 factus
2180 1484 2267 1532 est
2290 1476 2491 1531 similis
2517 1476 2781 1545 gentibus
2828 1470 2982 1527 idola
3033 1470 3367 1526 colentibus.
3406 1466 3568 1525 Unde

1971 1567 2352 1637 subjungitur,
2389 1586 2412 1617 ι
2447 1565 2608 1636 quasi
2642 1556 3159 1619 vasimmunduma
3185 1557 3566 1612 Vasimmun-

1971 1657 2127 1713 dum.
2148 1661 2421 1724 quantum
2445 1654 2689 1724 pertinet
2704 1652 2773 1706 ad
2786 1652 3052 1709 litteram,
3076 1647 3461 1718 appellatque
3489 1643 3564 1698 ad

1973 1743 2331 1814 suscipienda
2343 1749 2400 1796 et
2413 1742 2756 1812 projicienda
2770 1746 3018 1794 stercora
3029 1738 3112 1792 uti
3127 1737 3372 1791 solemus
3381 1733 3561 1793 .Tales

288 1820 572 1885 Samaria.
619 1837 744 1890 quae
782 1819 1107 1889 metropolis
1135 1824 1223 1875 est
1248 1819 1440 1873 decem
1478 1817 1750 1877 tribuum.
1792 1827 2081 1903 prompsi
2106 1838 2270 1886 erant
2296 1830 2635 1884 stercoribus
2665 1836 2722 1883 et
2750 1827 3008 1882 sordibus
3054 1826 3337 1880 idolorum
3364 1837 3562 1876 macu-

287 1909 557 1963 omnibus
587 1908 908 1963 civitatibus
930 1908 1184 1977 ejusdem
1223 1907 1400 1976 regni.
1425 1908 1621 1977 Neque
1649 1908 1801 1962 enim
1829 1908 1887 1961 in

281 1998 549 2053 Samaria
570 1997 729 2050 vituli
774 1996 931 2050 aurei
961 2000 1143 2057 erant,
1165 1996 1263 2051 sed
1296 1996 1481 2065 potius
1504 1995 1562 2048 in
1594 1995 1714 2049 Dan
1743 2001 1802 2050 et
1830 1996 1885 2051 in

286 2086 504 2149 Bethel,
540 2086 640 2155 qui
672 2084 838 2146 (sicut
856 2085 1066 2139 dictum
1099 2083 1209 2151 est)
1234 2084 1293 2138 in
1350 2084 1607 2138 Samaria
1635 2100 1888 2155 compre-

286 2174 643 2229 henduntur.
663 2173 848 2227 Unum
873 2178 1061 2229 autem
1081 2172 1317 2227 vitulum
1342 2184 1443 2242 pro
1472 2171 1690 2227 duobus
1717 2172 1889 2227 debe-

285 2278 413 2318 mus
443 2261 728 2332 accipere,
750 2261 1091 2330 singularem
1124 2276 1419 2317 numerum
1446 2274 1548 2330 pro
1576 2261 1777 2330 plurali
1799 2278 1892 2331 po-

281 2350 453 2405 situm
480 2355 874 2420 agnoscentes,
900 2350 1045 2419 quod
1061 2348 1369 2419 smpissime
1386 2349 1450 2407 ﬁt
1470 2348 1528 2407 in
1555 2349 1861 2420 Scripturis
1879 2390 1892 2403 .

283 2439 587 2509 Projectus
603 2444 691 2493 est
706 2438 937 2507 (inquit)
949 2438 1156 2495 vitulus
1172 2443 1322 2501 tuus,
1346 2437 1403 2491 id
1437 2444 1522 2493 est
1541 2438 1889 2493 destructum

285 2535 372 2583 est
387 2529 671 2598 templum
696 2527 974 2582 idolorum
998 2526 1068 2581 ab
1086 2526 1467 2596 Assyriistsi
1488 2542 1712 2596 quoque
1733 2527 1892 2583 vituli

286 2624 421 2670 sunt
444 2616 707 2686 projecti.
742 2621 797 2669 et
823 2615 1069 2674 conﬂati,
1102 2622 1272 2684 atque
1297 2615 1354 2669 in
1380 2615 1757 2684 captivitatem
1789 2616 1886 2670 de-

286 2705 404 2759 lati.
424 2704 593 2758 Unde
611 2702 868 2772 protinus
887 2703 1165 2769 subditur,
1184 2724 1205 2754 ι
1240 2702 1420 2761 iratus
1443 2710 1532 2759 est
1556 2702 1713 2759 furor
1734 2720 1892 2761 meus

287 2794 345 2849 in
374 2794 483 2847 eis.
514 2812 537 2843 ι
573 2792 733 2856 Quod
764 2792 1074 2851 vindicatus
1114 2808 1237 2849 sum
1288 2792 1346 2845 in
1376 2792 1478 2856 eis,
1509 2793 1594 2847 vel
1618 2792 1677 2847 in
1704 2793 1892 2849 vitulis

284 2882 524 2945 scilicet.
550 2881 640 2935 vel
661 2881 721 2934 in
777 2880 859 2935 eis
888 2881 983 2950 qui
1021 2896 1116 2933 eos
1147 2879 1477 2937 adorabunt.
1515 2899 1540 2931 ι(
1590 2881 1889 2951 Usquequo

286 2984 400 3022 non
414 2974 691 3039 poterunt
704 2968 1058 3025 emendari?»
1092 2969 1170 3023 Ac
1189 2968 1237 3025 si
1256 2968 1467 3022 diceret
1489 2987 1501 3021 :
1527 2968 1661 3032 Qua:
1679 2968 1785 3023 ista
1812 2970 1895 3023 in-

1970 1922 2089 1981 lati,
2110 1921 2244 1974 facti
2264 1935 2361 1977 vas
2390 1934 2499 1972 non
2534 1919 2591 1971 in
2616 1920 2904 1979 honorem,
2930 1915 3027 1969 sed
3063 1913 3251 1984 potius
3275 1912 3333 1965 in
3361 1916 3564 1966 contu-

1969 2010 2212 2073 meliam,
2230 2009 2469 2078 ideoque
2498 2007 2650 2062 velut
2674 2003 2953 2059 immundi
2974 2002 3352 2074 projectisunt
3376 2015 3412 2054 a
3440 1999 3561 2055 Dos-

1970 2099 2124 2152 mlno
2151 2117 2162 2151 :
2194 2098 2330 2167 quid
2352 2097 2502 2152 enim
2516 2094 2862 2149 immundius
2882 2108 3003 2147 esse
3024 2087 3563 2163 potestdsemoniaco

1971 2189 2215 2259 spiritu?
2242 2189 2372 2241 Haec
2400 2186 2589 2247 omnia
2619 2184 2896 2240 haereticis
2948 2184 3186 2254 possunt
3213 2177 3416 2250 aptari,
3467 2178 3566 2249 qui

1970 2276 2163 2331 inania
2175 2282 2483 2339 sectantur,
2498 2281 2556 2330 et
2570 2276 2696 2329 ideo
2714 2273 2873 2329 vacui
2903 2271 3187 2334 recedent,
3224 2269 3368 2323 etin
3394 2279 3562 2321 carne

1972 2366 2315 2420 seminantes
2342 2366 2411 2418 de
2456 2380 2625 2418 carne
2684 2368 2897 2416 metent
2939 2358 3562 2431 turpitudinemcom—

1971 2454 2197 2525 ptionis,
2218 2454 2276 2507 in
2297 2452 2499 2524 quibus
2526 2467 2651 2505 cum
2684 2451 2938 2504 videatur
2956 2450 3177 2503 culmus
3191 2443 3557 2501 ecclesiastici

1972 2542 2252 2612 dogmatis
2266 2548 2542 2611 stare.per
2556 2541 2660 2594 hoc
2672 2540 2819 2610 quod
2839 2538 3101 2608 baptisati
3119 2536 3269 2589 sunt.
3279 2534 3425 2604 quod
3438 2534 3565 2603 my-

1972 2632 2142 2685 steria
2154 2631 2401 2700 corporis
2414 2629 2618 2682 Christi
2636 2627 2938 2689 celebrant,
2970 2641 3083 2679 non
3120 2623 3284 2678 faciet
3303 2622 3562 2683 farinam,

1974 2721 2078 2773 hoc
2093 2727 2196 2781 est,
2222 2735 2333 2772 non
2348 2717 2636 2789 perveniet
2654 2717 2724 2769 ad
2743 2717 2983 2769 fructum
3014 2712 3145 2767 boni
3180 2711 3385 2782 operis,
3432 2709 3567 2779 quia

1974 2809 2159 2863 omnis
2185 2807 2411 2861 illorum
2439 2806 2584 2859 actio
2615 2820 2790 2858 vacua
2818 2809 2906 2857 est
2946 2807 3005 2857 et
3034 2800 3213 2855 nihili.
3242 2799 3403 2863 Quod
3432 2798 3488 2852 et
3514 2797 3563 2851 si

1971 2897 2224 2959 fecerint,
2255 2894 2426 2949 alieni
2456 2894 2751 2948 comedent
2777 2908 2924 2953 eam,
2948 2890 3080 2961 quia
3131 2887 3419 2942 favoribus
3456 2886 3566 2940 ho-

1974 2986 2188 3039 minum
2207 2985 2360 3046 elati,
2395 2988 2560 3037 omne
2584 2981 2793 3036 bonum
2824 2996 2987 3034 suum
3004 2979 3288 3037 amittant,
3321 2976 3563 3046 ideoque

287 3058 452 3117 sauia
470 3064 581 3123 est,
602 3073 692 3111 me
711 3057 880 3111 dante
904 3057 1087 3113 locum
1124 3057 1485 3128 paenitentiae,
1516 3058 1726 3117 illosad
1747 3058 1890 3113 sani-

1977 3074 2035 3128 in
2057 3074 2246 3128 futuro
2257 3073 2443 3126 fructu
2458 3067 3226 3125 remunerationiscsrebunt.
3248 3066 3356 3130 Qui
3386 3064 3561 3125 etiam

288 3152 466 3201 tatem
493 3146 648 3205 nolle
663 3146 910 3203 converti
934 3147 958 3199 ?
1002 3145 1071 3203 Et
1094 3146 1422 3216 exponendo
1448 3146 1573 3216 quis
1592 3146 1763 3201 fuerit
1788 3147 1892 3201 iste
1913 3145 1953 3156 “
1976 3164 2046 3217 ab
2072 3162 2346 3223 hostibus,
2380 3162 2437 3214 id
2469 3166 2557 3214 est
2591 3158 2936 3214 άωηιοηίδυε
2960 3156 3266 3227 saepissime
3289 3153 3566 3222 demum,

284 3236 520 3301 vitulus,
555 3252 592 3293 a
612 3235 774 3304 cujus
802 3233 1063 3290 sordibus
1093 3251 1203 3291 non
1262 3241 1533 3305 poterunt
1579 3235 1886 3301 emendari,

285 3324 586 3395 subjungit
611 3341 623 3377 ε

357 3432 383 3467 ι
418 3413 570 3477 Quin
583 3428 650 3467 ex
667 3402 843 3465 Israel
862 3416 919 3465 et
950 3410 1069 3481 ipse
1096 3417 1200 3469 est.
1228 3430 1252 3463 ››
1285 3410 1347 3471 ld
1388 3416 1493 3472 est.
1520 3428 1632 3467 non
1662 3412 1890 3467 aliunde

285 3503 530 3556 vitulum
554 3506 912 3570 acceperunt,
940 3506 1003 3553 ut
1017 3500 1194 3554 alium
1216 3499 1461 3555 Sidoniis
1492 3501 1637 3554 Baas
1668 3504 1890 3555 etAsta-

286 3593 430 3655 roth,
474 3590 688 3643 Gamos
719 3587 998 3651 Moabitis,
1035 3588 1246 3648 Moloch
1297 3588 1367 3643 ab
1396 3589 1752 3655 Ammonitis,
1793 3590 1890 3645 sed

286 3680 365 3734 illi
394 3686 458 3737 et
489 3695 588 3732 rex
618 3678 845 3735 illorum
867 3676 1163 3731 Jeroboam
1192 3677 1443 3731 fecerunt
1469 3678 1756 3733 vitulumu:
1780 3678 1891 3739 Ar-

284 3768 412 3822 tifex
440 3767 585 3822 fecit
601 3766 786 3827 illum,
813 3782 839 3817 ι)
867 3765 970 3819 hoc
1000 3770 1103 3824 est,
1131 3764 1428 3822 Jeroboam
1450 3765 1679 3820 malitias
1706 3768 1892 3823 inven-

284 3865 390 3921 tor,
418 3857 509 3911 vel
552 3860 709 3909 certe
761 3853 958 3907 artifex
990 3853 1230 3923 quilibet
1268 3854 1461 3924 jussus
1488 3853 1559 3908 ab
1584 3853 1700 3921 illo,
1741 3855 1891 3909 unde

284 3945 631 4008 ostenditur,
667 3962 693 3995 s
717 3942 851 4012 quia
880 3958 991 3997 non
1018 3949 1104 3995 est
1123 3943 1271 3997 Deus
1297 3962 1324 3995 zu
1357 3958 1522 4011 quem
1544 3959 1746 4001 manus
1774 3943 1890 3998 for-

284 4041 400 4088 mat
420 4032 686 4093 artiﬁcis.
708 4031 805 4085 sed
823 4031 1204 4087 simulacrum.
1241 4050 1263 4081 ι
1281 4030 1460 4095 Quam
1477 4030 1535 4084 in
1555 4047 1888 4089 aranearum

289 4124 430 4177 telas
462 4121 581 4175 erit
605 4120 816 4174 vitulus
842 4120 1127 4185 Samaria,
1160 4138 1186 4171 »
1214 4119 1271 4173 id
1301 4125 1405 4185 est,
1437 4118 1583 4175 sicut
1608 4119 1733 4181 telae
1771 4136 1893 4177 ara—

285 4227 524 4267 nearum
562 4214 728 4263 vento
757 4224 1030 4279 percussa
1072 4208 1456 4265 dissolvuntur
1485 4214 1543 4261 et
1569 4208 1890 4265 annihilan-

285 4304 397 4367 tur,
426 4302 513 4355 ita
538 4298 751 4353 vitulus
779 4299 902 4367 ejus
950 4297 1240 4367 redigetur
1283 4297 1355 4351 ad
1400 4297 1667 4356 nihilum.
1705 4299 1889 4352 Unum

286 4396 476 4444 autem
512 4388 774 4451 vitulum,
808 4385 953 4443 sicut
980 4394 1038 4440 et
1082 4403 1269 4456 supra,
1304 4402 1406 4457 pro
1433 4386 1653 4441 duobus
1682 4387 1886 4456 posuit.

356 4497 383 4530 ι
407 4478 563 4541 Quia
574 4482 802 4529 ventum
826 4474 1204 4535 seminabunt,
1221 4482 1279 4528 et
1305 4474 1584 4531 turbinem
1618 4481 1884 4531 metent.»

287 4565 669 4620 Seminabunt
702 4563 947 4634 positum
997 4568 1083 4616 est
1110 4579 1211 4632 pro
1240 4580 1325 4627 co,
1361 4563 1509 4633 quod
1540 4569 1626 4616 est
1643 4564 1889 4617 semina-

288 4661 516 4717 verunt,
543 4653 796 4706 futurum
829 4651 1043 4704 scilicet
1064 4666 1163 4722 pro
1215 4652 1517 4721 praeterito,
1568 4652 1716 4705 sicut
1743 4669 1889 4723 saepe

290 4743 350 4795 ﬁt
378 4744 438 4797 in
470 4740 803 4810 Scripturis.
839 4740 1083 4797 Ventum
1119 4740 1338 4810 (inquit)
1368 4740 1744 4806 seminabunt,
1792 4742 1893 4795 hoc

289 4838 396 4899 est,
417 4830 801 4899 inaniaopera
812 4827 1035 4892 facient,
1060 4828 1271 4885 idolum
1284 4828 1621 4885 fabricantes
1651 4845 1890 4889 vacuum

289 4919 521 4989 penitus
552 4918 707 4979 omni
751 4916 1064 4981 divinitate,
1115 4922 1173 4973 et
1198 4916 1406 4975 idcirco
1463 4916 1747 4975 turbinem
1782 4934 1895 4975 me-

286 5012 428 5072 tent,
462 5005 848 5076 captivitatem
892 5003 1120 5069 scriice't,
1171 5008 1585 5074 tempestatem,
1627 5011 1685 5059 et
1722 5006 1891 5061 mise-

290 5096 456 5154 riam.
496 5115 520 5146 ι
553 5095 785 5149 Culmus
815 5100 972 5147 stans
1018 5108 1129 5147 non
1177 5100 1264 5146 est
1290 5093 1346 5146 in
1378 5094 1474 5158 eis,
1516 5110 1749 5164 germen
1780 5111 1893 5151 non

287 5182 534 5237 farinam
562 5182 753 5239 faciet.
775 5205 800 5230 υ
834 5181 1068 5245 Quando
1098 5181 1314 5239 semina
1331 5176 1487 5250 ja'cta
1515 5199 1887 5258 corrumpun-

289 5278 382 5331 tur
409 5278 602 5335 veuto,
627 5281 686 5323 et
709 5269 1013 5327 medullam
1046 5270 1292 5340 perdunt
1318 5270 1664 5335 interiorem,
1683 5288 1892 5342 nequa-

292 5376 463 5430 quam
494 5365 733 5430 possunt
755 5357 940 5411 facere
969 5358 1189 5426 stipulas
1239 5363 1302 5412 ut
1349 5375 1415 5412 ex
1454 5359 1540 5413 his
1584 5360 1891 5415 seminibus

291 5446 691 5500 tantummodo
713 5445 892 5516 possit
908 5445 1050 5500 efﬁci
1078 5445 1279 5503 farina.
1293 5444 1357 5499 lit
1376 5452 1461 5501 est
1481 5461 1708 5505 sensus:
1737 5448 1893 5507 Sicut

292 5545 457 5597 vento
480 5540 749 5607 corrupto
764 5534 983 5593 semina
1000 5534 1245 5591 fructum
1280 5551 1393 5593 non
1423 5535 1684 5599 reddunt,
1721 5537 1802 5593 ita
1831 5538 1891 5593 in

298 5622 374 5675 eis
401 5622 627 5675 fructus
648 5620 778 5675 boni
800 5623 984 5694 operis
1014 5620 1248 5693 reperiri
1273 5640 1386 5678 non
1424 5630 1627 5694 potest,
1664 5641 1767 5680 nec
1793 5626 1891 5679 ali-

1973 3254 2119 3307 fiunt
2141 3268 2238 3305 vas
2266 3250 2644 3304 immundum.
2673 3255 2729 3302 et
2776 3247 2988 3302 similes
3034 3244 3269 3316 paganis
3295 3243 3563 3307 existunt,

1972 3341 2141 3395 etiam
2162 3355 2368 3394 nomen
2396 3338 2838 3395 Christianitatis
2857 3335 3200 3395 amittentes.

2048 3482 2072 3514 «
2104 3462 2248 3527 Quia
2276 3456 2380 3533 ipsi
2406 3448 2781 3515 ascenderunt
2809 3459 2878 3514 ad
2930 3461 3127 3523 Asshr,
3171 3466 3194 3509 >5
3222 3464 3335 3509 non
3364 3442 3564 3524 sponte

1973 3558 2288 3625 pergentes,
2309 3548 2404 3603 sed
2434 3550 2615 3620 potius
2637 3549 2822 3603 invitm
2848 3538 3187 3618 captivitatis
3212 3544 3421 3598 malum
3444 3555 3569 3613 per-

1971 3640 2229 3696 ferentes.
2269 3662 2289 3690 ι
2321 3639 2545 3708 Onager
2561 3627 2845 3691 solitarius
2866 3635 2967 3690 sibi
3000 3626 3322 3705 Ephraim.)
3341 3631 3568 3700 Onager

1973 3735 2059 3783 est
2073 3729 2263 3781 asinus
2281 3718 2689 3800 sylvestrisqui
2721 3732 2830 3779 non
2855 3716 3116 3779 similiter
3135 3722 3197 3776 ut
3218 3736 3346 3775 oves
3359 3726 3568 3790 pascua

1972 3810 2543 3889 requiritdomestica,
2572 3810 2668 3869 sed
2687 3821 2884 3888 sponte
2901 3807 3227 3885 perdiversa
3248 3802 3370 3864 loca
3396 3820 3566 3889 vaga-

1973 3888 2083 3969 me,
2104 3910 2161 3959 et
2188 3906 2496 3959 solitariam
2544 3904 2727 3974 diligit
2767 3898 3193 3956 habitationem.
3233 3891 3396 3953 Tales
3435 3888 3567 3950 iacti

1972 3984 2105 4048 sunt
2131 3993 2307 4048 Judaei
2338 3994 2662 4047 recedentes
2692 4008 2725 4045 a
2754 3982 2890 4055 Deo,
2923 4004 3024 4059 pro
3048 3979 3207 4041 iibito
3236 3998 3338 4039 suo
3366 3999 3467 4055 per
3486 3978 3566 4037 di-

1974 4098 2132 4136 versa
2160 4083 2311 4135 idola
2339 4088 2650 4142 currentes,
2681 4080 2738 4134 et
2758 4072 2938 4132 varios
2968 4066 3099 4130 deos
3138 4067 3244 4128 sibi
3292 4070 3565 4126 fabricari-

1973 4164 2077 4235 tes,
2104 4170 2199 4242 qui
2230 4186 2263 4223 a
2287 4169 2401 4223 Deo
2429 4169 2701 4231 derelicti,
2733 4156 2971 4222 solitarii
2997 4154 3176 4219 eii‘ecti
3204 4162 3429 4226 sunt,de
3447 4150 3565 4231 qui-

1972 4250 2076 4312 bus
2105 4258 2288 4312 adhuc
2310 4246 2586 4322 subditur,
2604 4274 2629 4309 α
2663 4262 2897 4310 munera
2917 4244 3193 4308 dederunt
3217 4250 3564 4305 amatoribus

1973 4346 2143 4409 suis.»
2168 4346 2225 4401 id
2257 4354 2342 4401 est
2369 4334 2842 4417 Assyriis,quibus
2864 4342 3146 4416 quondam
3174 4338 3232 4395 in
3258 4338 3566 4394 amicitiam

1906 4432 2149 4507 Djimcti
2176 4430 2417 4500 fuerant,
2451 4435 2599 4506 qvod
2628 4435 2836 4489 factum
2882 4426 2968 4487 est
2987 4430 3334 4502 temporibus
3372 4424 3563 4482 Maha-

1970 4526 2100 4585 hen.
2134 4518 2218 4579 vel
2243 4524 2389 4616 Osee
2414 4522 2581 4595 regis,
2617 4525 2761 4579 sicut
2789 4534 2963 4593 supra
2988 4520 3199 4575 dictum
3233 4524 3334 4573 est.

2047 4671 2073 4704 α
2106 4652 2215 4709 Sed
2245 4656 2301 4707 et
2327 4667 2453 4707 cum
2484 4648 2741 4705 mercede
2796 4650 3185 4707 conduxerunt
3213 4648 3492 4713 nationes,
3531 4663 3560 4700 ››

1974 4740 2264 4803 subaudis,
2310 4740 2367 4793 in
2398 4739 2670 4794 auxilium
2709 4730 2837 4803 sibi,
2869 4738 3017 4808 quod
3057 4752 3229 4806 supra
3272 4740 3564 4793 ostensum

1976 4836 2080 4895 est,
2113 4814 2209 4883 ubi
2235 4829 2460 4893 dicitur,
2494 4828 2641 4898 quod
2668 4826 2871 4883 abierit
2896 4825 3160 4896 Ephraim
3189 4824 3258 4881 ad
3290 4825 3484 4887 Assur.
3508 4828 3566 4877 et

1975 4918 2191 4977 miserit
2204 4917 2273 4971 ad
2295 4933 2483 4986 regem
2504 4916 2763 4973 ultorem.
2783 4932 2809 4965 «
2832 4915 2994 4970 Nunc
3012 4913 3362 4985 congregabo
3374 4929 3489 4979 eos,
3536 4930 3560 4962 ι

1974 5006 2243 5080 subaudis
2270 5006 2340 5061 ad
2361 5020 2628 5075 pugnam,
2660 5002 2872 5059 scilicet
2900 5009 2966 5058 ut
2990 5003 3176 5059 cuncti
3218 5002 3429 5074 pariter
3465 5001 3565 5060 du-

1974 5101 2177 5149 cantur
2211 5093 2431 5163 captivi.
2464 5111 2490 5145 «
2547 5093 2616 5151 Et
2655 5091 2945 5163 quiescent
2986 5092 3273 5163 paulisper
3299 5091 3370 5145 ab
3399 5106 3569 5147 onere

1974 5182 2124 5253 regis
2142 5188 2197 5237 et
2209 5182 2545 5252 principum.
2572 5199 2597 5233 )
2622 5181 2795 5247 Quasi
2834 5180 3071 5236 diceret:
3112 5181 3396 5235 Hactenus
3417 5196 3569 5237 ama-

1975 5272 2108 5326 bant
2126 5270 2576 5328 dareadversarii
2595 5285 2848 5334 munera,
2884 5287 3024 5340 quos
3052 5256 3389 5339 diligebant:
3417 5285 3568 5326 nunc

1973 5365 2160 5415 autem
2189 5359 2387 5413 faciam
2438 5374 2533 5412 eos
2578 5374 2797 5413 cessare
2857 5358 3162 5429 paulisper,
3206 5364 3268 5413 ut
3316 5357 3567 5429 quandiu

1972 5447 2301 5505 transierint
2326 5446 2383 5501 in
2412 5447 2815 5518 captivitatem,
2854 5462 2969 5504 non
3016 5447 3236 5505 solvant
3286 5446 3566 5517 stipendia

1972 5536 2142 5595 etiam
2161 5537 2278 5591 suis
2296 5536 2523 5607 regibus
2546 5542 2603 5592 et
2624 5536 2995 5607 principibus,
3019 5536 3198 5593 donec
3218 5535 3429 5591 scilicet
3446 5548 3569 5603 per-

1971 5625 2202 5678 veniant
2229 5625 2287 5678 in
2300 5624 2578 5695 Assyrios,
2600 5622 2693 5678 ubi
2707 5639 3063 5693 nequaquam
3082 5623 3253 5677 veluti
3268 5622 3429 5675 liberi
3458 5619 3561 5672 tri-
