4062 6168
499 279 572 336 63
909 279 1288 338 HAYMONIS
1326 281 1819 338 HALBERSTAT.
1862 280 2086 338 EPISC.
2129 279 2288 336 OPP.
2330 278 2512 336 PARS
2551 279 2596 335 Ῑ.
2640 309 2704 320 -
2742 278 3118 337 COMMENT.
3163 280 3348 340 BIBL.
3698 281 3768 336 64

498 402 638 458 buta
665 409 723 459 et
741 405 1021 477 stipendia
1033 404 1266 471 dabunt,
1289 407 1386 461 sed
1407 407 1464 462 in
1487 407 1742 463 ultimam
1764 408 2088 462 servitutem
2109 409 2155 468 Α
2177 412 2302 460 cata
2321 412 2509 461 autem
2538 405 2811 473 vindicat;
2844 405 3048 462 idcirco
3077 423 3234 478 ergo,
3264 406 3397 478 quia
3425 409 3553 478 post
3576 405 3773 460 datam

495 495 846 566 redigentur.
2175 496 2354 566 legem
2383 501 2752 567 peccaverunt
2771 495 2885 561 isti,
2908 496 3113 550 dicitur
3139 513 3308 558 nunc,
3339 496 3395 549 id
3433 502 3520 550 est
3546 496 3604 549 in
3627 512 3776 566 pra-

577 603 602 636 ι
629 585 772 649 Quia
794 586 1185 656 multiplicavit
1229 589 1491 658 Ephraim
1531 589 1732 642 altaria
1761 589 1830 642 ad
1865 605 2094 659 peccan-
2174 585 2319 638 senti
2344 592 2596 655 tempore
2636 585 3020 639 recordabitur
3074 585 3401 656 iniquitates
3447 601 3664 648 eorum,
3701 583 3774 637 ad

504 673 658 736 dum,
686 675 844 728 facta
877 682 1010 728 sunt
1039 675 1090 729 ei
1111 693 1222 730 ara
1241 677 1297 730 in
1317 677 1602 731 delictum.
1630 700 1651 726 ι
1679 677 1938 732 Ostendit
1965 694 2094 731 cau-
2174 674 2556 728 ulciscendum
2573 673 2800 738 scilicet,
2835 680 2892 726 et
2903 680 3131 744 peccata
3149 674 3388 745 pristina
3407 673 3654 727 visitabit
3672 689 3775 744 per

504 778 624 816 sam
656 779 756 816 cur
775 764 1065 833 patiantur
1091 765 1490 835 captivitatem,
1524 772 1581 820 et
1608 767 1871 820 desinant
1891 767 2094 837 paulis-
2174 763 2393 832 ﬂagella
2425 767 2481 816 et
2506 769 2849 817 tormentum
2881 763 3118 817 miseria
3144 768 3201 817 et
3229 762 3586 832 captivitatis.
3623 761 3772 832 «Ipsi

504 867 606 921 per
623 850 758 904 dare
782 869 1017 906 munera
1028 853 1251 922 regibus
1269 861 1325 907 et
1340 854 1703 925 principibus,
1729 855 1862 926 quia
1890 855 2099 908 scilicet
2179 849 2236 903 in
2252 851 2553 922 Egyptum
2575 856 2989 904 convertentur.
3017 869 3043 903 ι)
3065 851 3383 920 Tripliciter
3403 850 3506 904 hoc
3532 849 3776 919 intelligi

506 937 794 1009 Ephraim,
826 940 881 993 id
903 946 988 993 est
1014 940 1330 1006 Jeroboam,
1358 943 1443 996 vel
1467 949 1617 996 certe
1653 943 1837 996 omnis
1861 943 2097 1014 populus
2180 945 2383 1009 potest.
2415 941 2680 993 Conversi
2709 940 2914 1010 quippe
2938 944 3071 994 sunt
3096 940 3153 993 in
3183 941 3507 1010 Egyptum,
3525 940 3775 1010 primum

506 1027 696 1081 decem
733 1029 1001 1095 tribuum,
1033 1030 1423 1100 multiplicavit
1443 1031 1728 1096 altaria,in
1761 1031 1962 1101 quibus
1975 1049 2096 1102 pec-

505 1116 645 1168 catis
665 1122 894 1186 peccata
922 1119 1599 1189 conjungerent.ldeoque
1629 1120 1813 1189 potius
1834 1136 2096 1190 peccave-

504 1210 656 1268 runt,
694 1205 827 1274 quia
845 1222 957 1260 non
984 1209 1165 1260 solum
1198 1207 1254 1260 in
1279 1208 1398 1261 Dan
1429 1214 1527 1261 aut
1571 1207 1628 1262 in
1669 1209 1882 1272 Bethel,
1909 1208 2006 1261 sed
2037 1209 2093 1261 in

505 1291 792 1346 montibus
817 1300 874 1347 et
904 1295 1044 1348 lucis
1074 1296 1418 1366 diversisque
1451 1296 1588 1350 locis
1631 1297 1781 1351 idola
1806 1297 2086 1353 colebant.

577 1382 712 1445 Qua
741 1383 944 1437 altaria
967 1385 1040 1452 (id
1072 1391 1160 1438 est
1175 1393 1312 1456 ara)
1326 1404 1483 1441 versa
1495 1392 1625 1441 sunt
1646 1387 1697 1440 ei
1726 1387 1783 1440 in
1807 1387 2090 1445 delictum.

508 1469 641 1538 quia
661 1475 871 1540 quanto
900 1473 1062 1542 plura
1091 1472 1338 1539 fuerunt,
1378 1480 1536 1529 tanto
1586 1475 1765 1545 magis
1797 1475 1870 1529 ibi
1900 1492 2096 1546 pecca-

2181 1035 2366 1081 mente
2385 1028 2520 1081 deos
2541 1045 2734 1082 eorum
2765 1029 3016 1092 colendo,
3049 1029 3251 1082 deinde
3271 1027 3542 1082 auxilium
3575 1032 3774 1098 postu-

2180 1118 2366 1183 lando,
2396 1135 2506 1173 non
2523 1119 2714 1172 confisi
2764 1118 2821 1172 in
2856 1119 2952 1172 Dei
2984 1119 3348 1188 protectione.
3379 1119 3446 1171 ad
3483 1117 3771 1179 ultimum,

2177 1223 2301 1261 cum
2319 1207 2468 1261 Deus
2482 1207 2809 1278 praeceperit
2837 1207 2917 1260 eis
2945 1223 3015 1260 ne
3053 1207 3203 1260 ultra
3232 1207 3483 1261 redirent
3508 1206 3579 1259 ad
3606 1205 3777 1276 [Egy-

2179 1302 2696 1367 ptum,contempto
2709 1297 2844 1363 Deo,
2871 1297 3041 1350 etiam
3069 1312 3302 1366 corpore
3332 1295 3540 1349 reversi
3560 1303 3695 1349 sunt
3714 1295 3774 1351 in

2177 1385 2500 1455 Egyptum,
2535 1391 2591 1438 et
2611 1384 3005 1439 habitaverunt
3033 1384 3128 1438 ibi.

2257 1495 2278 1524 ι
2315 1474 2382 1527 Et
2406 1473 2612 1527 oblitus
2639 1481 2725 1527 est
2748 1474 2919 1528 Israel
2949 1473 3175 1527 factoris
3218 1475 3326 1538 sui,
3377 1479 3434 1528 et
3477 1472 3778 1528 adiﬁcavit

506 1564 723 1612 verunt.
753 1579 775 1610 σ
802 1560 1050 1615 Scribam
1073 1562 1123 1615 ei
1152 1563 1490 1634 multiplices
1519 1565 1668 1634 leges
1700 1581 1868 1618 meas.
1893 1584 1920 1613 ι
1954 1565 2100 1628 Quia
2180 1561 2466 1616 delubra.»
2487 1562 2710 1616 lsraelis
2739 1563 2965 1616 nomine
2991 1568 3078 1627 (ut
3106 1579 3250 1634 sape
3270 1563 3481 1616 dictum
3512 1567 3618 1630 est)
3649 1577 3778 1614 om-

505 1646 717 1700 scilicet
754 1665 854 1718 pro
887 1650 1060 1704 nihilo
1115 1651 1329 1706 ducunt
1384 1653 1586 1722 legem,
1619 1670 1787 1724 quam
1832 1653 2127 1724 dederam,
2181 1649 2270 1704 nis
2301 1651 2520 1721 populis
2567 1651 2905 1720 intelligitur
2944 1651 3137 1704 decem
3185 1650 3455 1716 tribuum,
3497 1667 3531 1703 a
3569 1649 3775 1719 majori

505 1734 586 1788 eis
619 1750 719 1804 per
741 1738 988 1808 Moysen,
1006 1739 1154 1794 idola
1169 1741 1401 1795 colendo
1417 1743 1475 1795 in
1514 1723 1747 1796 diversis
1783 1743 1938 1808 locis,
1969 1759 2096 1796 cum
2118 1723 2164 1783 Β
2180 1746 2339 1810 parte
2357 1756 2559 1794 nomen
2590 1741 2891 1810 pristinum
2915 1741 3182 1793 retinens.
3203 1740 3309 1804 Qui
3329 1739 3536 1793 oblitus
3556 1739 3775 1792 cultum

505 1825 864 1895 praeceperim
883 1833 947 1880 ut
962 1828 1018 1880 in
1033 1829 1380 1884 Hierusalem
1403 1847 1577 1884 unum
1603 1838 1752 1886 esset
1779 1832 1975 1893 altare,
2005 1832 2100 1886 ad-
2181 1828 2287 1883 Dei
2317 1829 2423 1893 sui,
2456 1829 2512 1882 in
2553 1829 2835 1884 montibus
2863 1836 2920 1883 et
2937 1829 3169 1883 collibus
3193 1828 3364 1883 etsub
3381 1827 3662 1883 umbrosis
3681 1843 3775 1880 ar-

506 1911 708 1966 hibebo
735 1915 785 1968 ei
805 1917 1142 1987 multiplices
1163 1919 1334 1988 leges,
1363 1919 1564 1990 quibus
1592 1921 1966 1990 corrigantur,
2001 1922 2098 1974 sed
2180 1915 2408 1971 boribus
2430 1918 2644 1971 Baalim
2675 1923 2733 1972 et
2759 1919 3025 1972 Astaroth
3063 1918 3283 1988 aliaque
3313 1917 3463 1971 idola
3489 1916 3685 1980 coluit,
3717 1921 3776 1969 et

506 2017 701 2060 rursus
730 2003 1025 2059 intendens
1047 2007 1269 2061 illorum
1300 2009 1609 2079 nequitiam
1632 2009 1941 2079 subjungit,
1967 2009 2100 2080 quia
2181 2005 2474 2059 aediﬁcavit
2496 2005 2835 2071 ibidelubra,
2871 2007 2974 2060 hoc
2994 2012 3098 2069 est,
3132 2007 3343 2076 templa
3367 2007 3602 2060 deorum
3634 2021 3772 2058 con-

504 2095 561 2143 et
584 2089 718 2160 ipsa
747 2092 899 2161 leges
934 2114 955 2143 ι
993 2111 1117 2164 qua
1138 2097 1291 2149 velut
1319 2097 1516 2150 aliena
1536 2104 1872 2169 computata
1892 2104 2042 2152 sunt.
2070 2117 2090 2147 ι
2178 2097 2398 2149 struxit.
2436 2115 2462 2143 ιι
2493 2096 2562 2149 Et
2584 2095 2758 2148 Judas
2808 2095 3194 2166 multiplicavit
3227 2095 3394 2148 urbes
3429 2095 3696 2148 munitas.
3743 2113 3770 2146 υ

506 2179 675 2242 Quasi
702 2180 930 2234 diceret:
953 2181 1097 2245 Quia
1119 2184 1268 2237 enim
1286 2191 1745 2255 contempserunt
1772 2203 1895 2240 eam
1925 2203 2095 2256 quam
2177 2183 2416 2236 Nomine
2431 2185 2458 2237 J
2467 2185 2586 2238 uda
2605 2185 2730 2238 dua
2757 2185 2938 2238 tribus
2967 2184 3334 2255 accipiuntur,
3358 2184 3383 2237 J
3393 2184 3531 2238 udas
3561 2184 3774 2238 scilicet

505 2273 638 2321 ante
658 2275 1038 2340 susceperant,
1074 2271 1207 2343 quid
1239 2274 1468 2344 prodest
1495 2274 1645 2329 ultra
1686 2275 1824 2329 alias
1852 2276 2094 2330 scribere
2178 2288 2242 2325 ac
2268 2272 2580 2342 Benjamin,
2601 2290 2727 2328 cum
2758 2274 2908 2328 tribu
2931 2275 3281 2328 sacerdotali.
3307 2273 3411 2337 Qui
3435 2289 3563 2327 cum
3595 2273 3772 2326 vidis-

506 2355 704 2426 leges?
2179 2367 2301 2415 sent
2333 2363 2600 2416 Israelem
2633 2381 2666 2417 a
2714 2364 2812 2418 Dei
2863 2380 3055 2418 amore
3113 2363 3423 2423 recessisse.
3444 2368 3500 2416 et
3547 2362 3771 2416 visitata

583 2465 606 2498 ι
642 2447 869 2503 Hostias
906 2450 1159 2516 alferent,
1192 2453 1564 2507 immolabunt
1591 2470 1805 2520 carnes,
1839 2459 1896 2509 et
1918 2471 2100 2509 come-
2180 2467 2374 2504 eorum
2404 2458 2651 2522 peccata,
2677 2469 2787 2506 non
2800 2454 3191 2507 suntconversi
3223 2453 3294 2506 ad
3321 2453 3643 2515 Dominum,
3671 2451 3767 2505 sed

506 2534 656 2588 dent.
686 2553 714 2588 ι
745 2537 847 2591 llic
877 2540 1192 2594 ostenditur
1221 2541 1366 2611 quod
1397 2542 1602 2596 idcirco
1661 2544 1820 2613 plura
1867 2545 2100 2598 fecerint
2179 2539 2594 2594 wdiﬁcaverunt
2611 2540 2716 2594 sibi
2735 2539 2899 2594 urbes
2913 2541 3180 2601 munitas,
3204 2540 3404 2611 quibus
3441 2545 3768 2605 tuerentur;

507 2623 729 2690 altaria,
761 2633 822 2681 ut
852 2628 1088 2682 all‘erent
1117 2630 1328 2684 hostias
1357 2637 1413 2684 et
1431 2631 1506 2684 ibi
1535 2633 1687 2686 varia
1740 2633 2100 2687 immolarent
2181 2629 2275 2681 sed
2302 2629 2441 2682 nihil
2470 2629 2550 2682 eis
2571 2630 2796 2699 profuit,
2815 2629 2946 2700 quia
2961 2631 3105 2683 sicut
3134 2630 3370 2684 historia
3399 2630 3617 2699 Regum
3640 2647 3776 2683 nar-

506 2713 796 2780 sacriticia,
830 2715 926 2770 ubi
950 2723 1202 2772 ventrem
1228 2735 1392 2772 suum
1423 2721 1723 2790 replerent,
1757 2737 1867 2774 non
1895 2728 1959 2775 ut
1987 2722 2099 2775 Do-

506 2801 660 2856 mino
681 2803 986 2873 placerent.
1017 2806 1392 2870 Quamobrem
1407 2815 1464 2862 et
1492 2809 1904 2880 subjungitur,¢
1921 2816 1974 2864 et
1997 2811 2102 2864 Do-

506 2891 698 2946 minus
725 2909 838 2947 non
869 2895 1137 2966 suscipiet
1166 2913 1279 2950 eas.
1319 2917 1340 2947 ι
1373 2897 1518 2961 Quia
1544 2898 1801 2952 videlicet
1830 2915 1941 2952 non
1971 2899 2096 2969 ipsi,

506 2981 603 3034 sed
628 2982 814 3052 potius
827 2983 1791 3058 damonibusotl‘erebantur.Neque
1815 2987 1965 3040 enim
1987 2988 2098 3041 Do-

505 3069 680 3134 mino,
700 3071 798 3123 sed
821 3087 922 3125 suo
942 3073 1120 3126 ventri
1169 3075 1604 3130 immolaverunt
1631 3093 1726 3130 eas
1757 3081 1813 3130 et
1856 3076 2094 3146 gutturi.

508 3159 688 3213 Omne
716 3161 865 3213 enim
887 3162 1136 3216 studium
1168 3181 1329 3217 suum
1363 3165 1422 3218 in
1453 3167 1555 3219 hoc
1573 3165 1872 3230 habebant,
1903 3171 1967 3220 ut
1995 3165 2100 3237 ipsi

506 3247 720 3302 hostias
748 3250 1124 3318 comederent,
1158 3268 1269 3306 non
1301 3258 1365 3306 ut
1391 3270 1492 3325 per
1525 3271 1618 3307 eas
1644 3254 1884 3308 Domino
1913 3255 2099 3326 place-

509 3344 655 3392 rent.
703 3339 963 3394 Haretici
1020 3357 1243 3412 quoque
1291 3343 1670 3413 multiplicant
1713 3343 1819 3398 sibi
1874 3344 2095 3409 altaria,

508 3426 732 3496 quando
753 3428 1044 3484 veritatem
1077 3431 1418 3495 deserentes,
1443 3431 1595 3485 varia
1612 3432 1718 3486 sibi
1757 3438 2100 3502 componunt

505 3513 791 3584 dogmata,
818 3533 929 3570 non
947 3518 1012 3570 ad
1047 3519 1378 3588 placandum
1412 3521 1610 3585 Deum,
1635 3523 1729 3574 sed
1760 3521 1828 3574 ad
1870 3521 2098 3574 irritan-

505 3604 660 3658 dum.
697 3605 981 3675 Siquidem
1008 3608 1186 3662 altare
1217 3616 1420 3663 sancta
1476 3609 1741 3664 Ecclesia
1783 3627 1956 3664 unum
1989 3617 2090 3675 est,

504 3693 636 3748 licet
651 3711 751 3765 per
767 3694 986 3749 diversa
1005 3695 1155 3750 orbis
1171 3703 1450 3751 terrarum
1492 3699 1611 3751 loca
1643 3700 1818 3752 multa
1839 3705 2096 3752 constru-

2179 2723 2290 2782 rat,
2323 2718 2751 2789 quadragesimo
2782 2735 2928 2772 anno
2974 2718 3220 2773 Ezechia
3265 2719 3519 2773 ascendit
3557 2719 3776 2774 Senna-

2184 2806 2392 2873 cherib,
2411 2813 2466 2860 et
2480 2807 2757 2861 destruxit
2775 2823 2970 2862 omnes
2988 2808 3239 2862 civitates
3253 2809 3518 2869 munitas.
3541 2813 3598 2862 et
3625 2809 3776 2880 cepit

2183 2913 2295 2949 eas.
2323 2896 2483 2950 Unde
2498 2895 2860 2966 subjungitur
2893 2915 2904 2949 :
2944 2915 2970 2947 «
3003 2898 3070 2950 Et
3099 2897 3317 2950 mittam
3349 2896 3536 2967 ignem
3560 2897 3618 2950 in
3647 2898 3778 2951 civi-

2182 2991 2328 3039 tates
2359 2986 2501 3055 ejus,
2527 2991 2583 3038 et
2606 2985 2897 3039 devorabit
2946 2987 3090 3040 ades
3129 2987 3266 3054 ejus.
3317 3005 3340 3036 ι
3377 2986 3528 3056 Ignis
3567 2986 3774 3057 quippe

2183 3080 2412 3128 vocatur
2434 3074 2831 3141 Sennacherib,
2849 3075 2943 3145 qui
2965 3075 3220 3128 civitates
3251 3080 3307 3128 et
3334 3075 3499 3140 ades,
3532 3075 3638 3129 hoc
3665 3082 3773 3140 est,

2183 3163 2378 3216 domos
2391 3168 2505 3216 tam
2528 3163 2778 3234 publicas
2796 3180 2963 3234 quam
3004 3163 3172 3218 etiam
3199 3163 3442 3234 privatas
3473 3164 3771 3227 destruxit,

2185 3259 2244 3306 et
2273 3253 2398 3322 igne
2421 3252 2746 3307 combussit.
2781 3252 2886 3316 Qui
2908 3253 2956 3306 si
2997 3253 3066 3306 ad
3119 3253 3408 3307 hareticos
3438 3253 3555 3306 hac
3583 3261 3648 3307 ut
3675 3271 3774 3308 ca-

2184 3347 2305 3396 tera
2332 3341 2713 3404 retulerimus,
2737 3346 2795 3394 et
2818 3341 3146 3412 iniquitates
3185 3357 3307 3410 qua
3353 3341 3433 3394 eis
3470 3341 3528 3394 in
3560 3341 3775 3413 baptis-

2183 3436 2332 3484 mate
2350 3430 2851 3492 fuerantdimissa,
2875 3437 2929 3484 et
2959 3446 3102 3484 nova
3135 3430 3217 3483 eis
3239 3435 3463 3499 peccata
3485 3446 3609 3500 qua
3645 3437 3776 3501 post

2181 3518 2518 3589 baptismum
2545 3519 3189 3590 egerunt,imputantur,
3225 3524 3281 3571 et
3303 3518 3543 3572 vindicta
3557 3520 3776 3572 eisred-

2181 3608 2352 3670 ditur,
2377 3625 2442 3661 eo
2464 3609 2608 3678 quod
2626 3609 2694 3661 ad
2707 3608 3008 3679 Egyptum
3021 3608 3143 3672 ,hoc
3154 3613 3240 3660 est
3258 3608 3328 3660 ad
3359 3607 3618 3661 tenebras
3651 3609 3775 3662 inti~

2179 3695 2485 3759 delitatis,a
2502 3696 2704 3766 quibus
2733 3696 3246 3767 perconfessionem
3262 3695 3469 3749 Christi
3497 3697 3767 3758 exierant,

506 3788 676 3835 antur
703 3783 927 3850 altaria,
957 3785 1099 3839 sicut
1130 3802 1243 3840 una
1270 3787 1428 3851 ﬁdes,
1449 3803 1618 3840 unam
1642 3793 1696 3840 et
1721 3787 1999 3857 baptisma
2016 3804 2098 3840 se-
2179 3785 2530 3850 sintreversi,
2547 3783 2935 3838 obliviscentes
2960 3783 3058 3839 Dei
3089 3784 3197 3846 sui,
3230 3789 3286 3837 et
3313 3785 3469 3838 varia
3496 3786 3773 3855 ﬁngentes

504 3870 747 3925 cundum
772 3872 931 3926 Pauli
956 3875 1192 3944 apostoli
1223 3875 1446 3944 dogma.
1483 3875 1641 3939 Quod
1673 3875 1804 3929 dum
1851 3876 2096 3929 haretici
2179 3871 2430 3937 delubra,
2454 3873 2560 3926 hoc
2587 3879 2692 3936 est,
2719 3873 2977 3926 falsitatis
3006 3873 3289 3943 dogmata.
3323 3873 3496 3927 Judas
3525 3891 3770 3944 quoque,

505 3959 791 4022 deserunt,
809 3963 997 4032 gravis
1043 3962 1309 4018 delictum
1342 3965 1834 4019 incurrunt.Unde
1865 3965 2097 4035 etleges
2176 3961 2233 4015 id
2266 3968 2352 4015 est
2402 3963 2486 4014 vir
2535 3962 2962 4025 ecclesiasticus,
3007 3962 3063 4014 in
3113 3961 3274 4014 malis
3323 3961 3583 4031 operibus
3604 3963 3690 4015 vel
3718 3964 3773 4016 in

500 4049 602 4103 Dei
631 4067 743 4104 non
785 4057 1072 4106 merentur
1095 4054 1366 4125 accipere,
1401 4055 1530 4126 quia
1571 4071 1666 4108 eas
1694 4071 1834 4124 quas
1863 4071 2092 4126 accepe-
2178 4057 2497 4105 sanctarum
2530 4051 2944 4121 Scripturarum
2976 4051 3439 4121 interpretatione
3487 4068 3769 4123 perversa,

504 4144 635 4192 rant
661 4145 812 4204 ante,
832 4148 1311 4211 contempserunt,
1335 4144 1428 4212 qui
1458 4160 1628 4197 unam
1659 4150 1716 4198 et
1731 4161 1916 4198 veram
1941 4144 2097 4198 Chri-
2179 4141 2414 4195 adificat
2444 4140 2550 4194 sibi
2581 4141 2748 4194 urbes
2774 4139 3039 4205 munitas,
3066 4155 3175 4192 non
3199 4141 3404 4193 auxilio
3422 4141 3542 4205 Dei,
3569 4142 3665 4194 sed
3684 4159 3772 4194 ar-

503 4226 576 4278 sti
605 4228 852 4296 corporis
910 4229 1150 4282 hostiam
1209 4231 1551 4294 deserentes,
1587 4232 1768 4285 varias
1803 4233 2098 4286 immolant
2178 4231 2344 4285 tiﬁcis
2367 4231 2680 4292 mendacio,
2712 4230 2845 4283 dum
2873 4229 3206 4300 scripturam
3244 4230 3390 4282 male.
3425 4229 3768 4299 intelligens,

501 4313 889 4384 victimas,pro
910 4315 1070 4369 libito
1091 4333 1192 4370 suo
1222 4318 1577 4372 comedentes
1618 4324 1674 4372 et
1706 4327 2094 4373 consecrantes
2177 4319 2513 4373 testimoniis
2531 4318 2733 4372 divinis
2752 4335 2884 4371 suos
2926 4318 3125 4371 nititur
3167 4319 3499 4371 confirmare
3527 4333 3769 4383 errores,

504 4402 773 4472 mysteria
788 4403 1016 4457 Christi.
1036 4405 1192 4458 Unde
1223 4405 1490 4476 quidquid
1523 4407 2092 4479 fecerint,eleemosy-
2115 4392 2162 4449 D
2183 4425 2323 4478 quos
2345 4407 2754 4476 Dominusigne
2772 4406 2859 4460 sui
2893 4407 3126 4476 spiritus
3160 4407 3480 4472 succcndet,
3507 4412 3564 4459 et
3587 4406 3657 4460 ad
3688 4407 3773 4460 ni-

503 4506 635 4544 nam
695 4491 924 4557 scilicet,
956 4493 1354 4556 humilitatem,
1400 4495 1744 4564 pudicitiam,
1785 4502 2095 4568 cateraque

502 4578 774 4634 virtutum
801 4597 972 4652 opera
996 4581 1446 4653 exhibentes,pro
1485 4584 1660 4639 nihilo
1681 4601 1715 4638 a
1747 4585 1866 4640 Deo
1885 4585 2098 4640 ducun-

499 4675 615 4724 tur.
649 4670 765 4724 Nec
794 4669 1004 4741 aliquid
1043 4671 1112 4724 de
1153 4671 1473 4741 hujusmodi
1504 4673 1792 4747 sacriﬁciis
1822 4675 2092 4728 Dominus

501 4760 791 4830 suscipiet,
815 4760 946 4831 quia
975 4776 1086 4814 non
1113 4761 1234 4824 Dei,
1267 4761 1365 4814 sed
1411 4777 1569 4815 suam
1627 4761 1683 4815 in
1729 4762 1815 4816 his
1851 4763 2091 4832 gloriam

503 4853 819 4917 quarunt.¢
848 4850 1009 4902 Nunc
1037 4849 1423 4904 recordabitur
1449 4849 1774 4920 iniquitates
1795 4867 2009 4917 eorum,
2037 4859 2094 4906 et

501 4934 746 4989 visitabit
761 4943 989 5006 peccata
1006 4955 1218 4992 eorum.
1249 4960 1272 4990 »
1309 4939 1550 4994 Interest
1577 4938 1784 5010 aliquid
1816 4939 1964 4993 inter
1991 4941 2096 4994 ini-

504 5024 779 5094 quitatem
809 5030 865 5077 et
893 5028 1496 5098 peccatum.lniquitas
1520 5029 1668 5082 enim
1708 5035 1793 5082 est
1821 5030 2093 5100 quidquid

504 5117 637 5165 ante
667 5111 909 5164 divinam
958 5115 1329 5168 committitur
1355 5118 1753 5186 cognitionem.
1796 5119 2092 5171 Peccatum

500 5216 650 5265 vero,
673 5199 818 5270 quod
845 5201 1163 5270 postlegem
1184 5211 1558 5273 perpetratur,
1591 5206 1739 5275 quod
1770 5206 1939 5259 etiam
1961 5223 2093 5276 gra-

501 5289 622 5342 vius
642 5287 930 5358 accipitur.
955 5290 1114 5344 Unde
1162 5298 1247 5344 est
1278 5311 1291 5344 :
1321 5312 1340 5342 ι
1371 5293 1526 5347 Beati
1559 5311 1797 5364 quorum
1844 5295 2092 5348 remissa

500 5384 634 5432 sunt
657 5374 1004 5446 iniquitates,
1035 5384 1090 5432 et
1118 5396 1358 5448 quorum
1389 5387 1534 5434 tecta
1550 5388 1683 5435 sunt
1711 5391 1991 5453 peccata.»
2026 5383 2094 5436 Et

502 5467 667 5538 quiin
695 5465 913 5520 delictis
957 5475 1308 5537 permanent,
1332 5469 1660 5538 iniquitates
1689 5489 1882 5526 eorum
1908 5471 2094 5526 Domi-

503 5571 610 5610 nus
632 5555 974 5622 recordatur,
1010 5572 1148 5629 quas
1174 5563 1305 5611 ante
1321 5557 1500 5627 legem
1531 5559 1946 5627 commiserant,
1970 5577 2095 5630 pec-

2176 4497 2355 4552 hilum
2385 4497 2645 4551 deducet.

2797 4638 3031 4693 CAPUT
3055 4639 3150 4692 IX.

2249 4783 2276 4814 «
2304 4763 2432 4818 Noli
2470 4762 2667 4827 laetari,
2713 4761 2907 4828 Israel,
2939 4761 3053 4815 noli
3073 4761 3354 4815 exsultare
3378 4760 3527 4815 sicut
3549 4765 3765 4833 populi,

2177 4851 2307 4922 quia
2321 4851 2626 4905 fornicatus
2638 4867 2698 4904 es
2718 4867 2750 4904 a
2772 4850 2886 4903 Deo
2905 4849 3261 4920 tuo.»P0puli
3281 4850 3574 4904 nationum
3605 4852 3771 4921 igno-

2176 4949 2366 4996 rantes
2383 4942 2485 4996 Dei
2508 4941 2854 5005 notitiam,et
2875 4939 3026 4993 varia
3041 4941 3287 4994 colentes
3302 4941 3620 4994 damonum
3644 4959 3772 5012 por-

2175 5028 2812 5094 tenta,latabanturibi:
2847 5028 2994 5098 quod
3010 5029 3261 5082 videntes
3278 5028 3546 5082 Israelita
3576 5034 3633 5082 et
3661 5029 3770 5098 ipsi

2176 5134 2398 5187 quoque
2411 5123 2698 5186 coeperunt
2707 5116 2954 5186 gaudere
2969 5117 3020 5169 in
3037 5116 3256 5170 cultura
3267 5116 3499 5170 deorum
3513 5133 3742 5171 suorum
3753 5159 3766 5182 ,

2177 5222 2241 5260 eo
2268 5206 2415 5276 quod
2447 5205 2660 5258 similes
2686 5212 2875 5259 essent
2903 5203 3188 5274 gentibus,
3231 5209 3497 5275 putantes
3535 5223 3594 5259 se
3636 5223 3771 5276 pace

2173 5294 2303 5358 frui,
2326 5294 2718 5348 veluticatera
2738 5298 2956 5364 gentes.
2983 5293 3193 5346 Idcirco
3210 5293 3417 5346 dicitur
3451 5293 3501 5348 ei
3535 5312 3545 5347 :
3583 5315 3605 5345 ι
3641 5296 3771 5349 Noli

2174 5383 2373 5448 latari,
2399 5383 2591 5447 Israel,
2628 5403 2647 5431 ρ
2679 5384 2810 5453 quia
2835 5381 3112 5436 recessisti
3144 5398 3177 5434 a
3206 5399 3313 5436 me.
3333 5382 3458 5435 Non
3492 5383 3640 5436 enim
3671 5384 3769 5438 diu

2175 5487 2367 5542 pacem
2404 5475 2486 5542 (ut
2505 5473 2793 5540 astimas),
2829 5471 3078 5537 habebis,
3127 5480 3356 5542 propter
3383 5471 3488 5525 hoc
3513 5473 3766 5541 quinimo

2175 5561 2429 5630 captivus
2475 5560 2716 5624 duceris,
2765 5565 2831 5613 ut
2876 5565 3105 5630 peccata
3151 5565 3251 5613 tua
3301 5559 3630 5630 puniantur,
3670 5562 3767 5632 qui
