4090 6164
308 280 377 336 65

1307 277 1726 333 ENARRATIO
1767 278 1845 332 IN
1886 275 2067 332 OSEE
2101 275 2564 332 PROPHETAM.

3506 277 3577 335 66

308 402 447 458 mihi
477 403 766 457 servitutis
795 419 1022 457 censum
1053 401 1376 473 impendere
1400 402 1610 469 volens,
1645 402 1824 456 factus
1845 418 1904 456 es
1918 404 1966 461 A
1986 400 2354 456 comedebant
2370 418 2548 473 usque
2569 401 2641 456 ad
2669 401 2971 472 septimum
2987 401 3354 457 diem.Prima
3373 403 3579 474 quippe

305 494 449 547 sicut
479 492 672 563 populi
695 492 787 562 qui
821 492 1084 562 ignorant
1114 508 1222 557 me,
1258 491 1353 562 qui
1385 490 1553 544 etiam
1580 491 1637 544 in
1667 491 1783 544 suis
1797 491 1902 544 diis

303 582 572 636 laetantur
598 589 656 636 et
677 581 1079 652 gaudent.Noli
1109 597 1241 650 ergo
1266 580 1532 650 gaudere,
1568 580 1700 650 quia
1727 579 1902 633 fomi-

303 675 466 724 catus
494 687 555 724 es
583 687 618 723 a
644 671 758 724 Deo
789 675 906 735 tuo,
935 675 990 722 et
1020 668 1134 722 noli
1163 675 1219 722 te
1247 673 1447 738 putare
1476 669 1648 722 talem
1678 675 1743 721 ut
1771 673 1906 722 sunt

303 764 522 813 caetera
549 759 1035 829 gentes,quoniam
1065 757 1230 811 aliter
1256 756 1510 811 nesciens
1528 757 1721 819 Deum,
1741 756 1907 810 aliter

304 853 497 901 autem
532 847 766 917 punitur
814 846 1081 900 recedens
1111 863 1143 898 a
1172 846 1306 899 Deo.
1337 845 1542 899 Servus
1589 848 1778 897 autem
1809 842 1905 914 qui

305 937 413 991 scit
439 937 786 990 voluntatem
812 935 1023 988 domini
1054 934 1158 998 sui,
1194 940 1251 987 et
1278 950 1389 986 non
1419 932 1552 986 facit
1580 949 1906 1002 eam,vapu-

307 1023 451 1077 labit
481 1024 742 1077 multum.
778 1041 804 1074 ι
833 1021 1084 1076 Dilexisti
1133 1021 1445 1075 mercedem
1489 1035 1661 1090 super
1711 1036 1907 1074 omnes

306 1127 472 1165 areas
512 1111 702 1167 tritici.
731 1130 754 1162 ›
786 1111 896 1164 Per
915 1127 1075 1164 areas
1104 1115 1160 1162 et
1196 1108 1471 1174 triticum,
1502 1107 1908 1162 abundantiam

309 1200 568 1254 omnium
589 1217 776 1254 rerum
803 1199 1206 1269 intelligamus,
1241 1197 1444 1268 quibus
1473 1197 1622 1250 idem
1670 1195 1911 1266 pupulus

305 1288 620 1353 fruebatur,
646 1305 770 1359 quae
785 1289 973 1342 omnia
989 1287 1220 1358 putabat
1240 1286 1347 1340 sibi
1365 1303 1486 1340 esse
1505 1287 1634 1340 data
1658 1301 1757 1356 pro
1770 1301 1912 1338 mer-

310 1378 466 1441 cede,
503 1394 570 1431 eo
599 1377 747 1447 quod
772 1376 1039 1430 derelicto
1077 1375 1190 1428 Deo
1220 1373 1452 1445 coeperit
1506 1373 1659 1427 idola
1704 1373 1904 1426 colere.

309 1467 516 1520 Omnia
535 1469 684 1519 enim
709 1481 834 1535 quae
855 1481 888 1518 a
902 1465 1015 1518 Deo
1033 1468 1376 1534 perceperat,
1397 1462 1562 1516 idolis
1579 1461 1908 1532 deputabat,

308 1570 482 1624 quam
541 1553 612 1607 ob
643 1569 760 1607 rem
785 1554 940 1623 justo
970 1553 1070 1606 Dei
1093 1552 1308 1622 judicio
1339 1552 1456 1605 hzec
1486 1550 1676 1605 omnia
1706 1549 1785 1604 eis
1813 1565 1911 1602 au-

307 1642 445 1696 ferri
476 1641 784 1702 minantur,
813 1658 939 1696 cum
973 1639 1266 1694 subditur:

1984 491 2074 544 die
2099 489 2311 545 ﬁebant
2341 497 2644 555 mortuum,
2677 491 2859 544 adhuc
2887 491 2945 544 in
2977 491 3172 544 eadem
3205 491 3371 545 domo
3392 492 3582 560 jacen-

1983 584 2118 632 tem.
2149 579 2283 633 l’ost
2303 581 2464 650 cujus
2497 580 2842 650 sepulturam
2873 580 3142 634 feretrum
3172 579 3230 633 in
3262 579 3448 633 medio
3480 597 3582 651 po-

1986 668 2244 732 nebatur,
2268 673 2325 721 et
2353 667 2512 738 quasi
2543 673 2816 738 praesente
2843 674 3066 722 mortuo
3102 667 3579 723 lamentabantur.

1989 757 2307 810 Secundum
2341 757 2482 810 hanc
2509 756 2697 826 itaque
2753 756 3215 810 consuetudinem
3269 756 3406 810 dicit
3459 773 3585 827 pro-

1989 847 2158 916 pheta
2177 846 2517 900 :«Sacriﬁcia
2533 862 2726 900 eorum
2745 845 3076 916 quasipanis
3095 845 3430 915 lugentium,
3443 858 3580 900 rete.

1990 934 2065 988 Et
2089 944 2172 988 est
2199 951 2419 988 sensus:
2458 933 2631 988 Sicuti
2652 950 2719 986 ea
2748 950 2869 1004 quae
2898 933 2956 986 in
2982 934 3148 986 modo
3164 934 3369 987 mortui
3399 940 3578 996 erant,

1990 1023 2282 1076 immunda
2323 1021 2534 1076 ﬁebant
2583 1027 2799 1091 septem
2822 1021 3018 1075 diebus
3071 1021 3274 1091 quibus
3319 1022 3587 1092 lugebant

1991 1117 2296 1172 mortuum,
2327 1110 2583 1181 quisquis
2612 1110 2742 1163 inde
2756 1110 3086 1163 comedisset
3110 1116 3210 1164 aut
3227 1109 3460 1164 bibisset
3478 1111 3586 1164 im-

1994 1200 2234 1253 mundus
2267 1199 2452 1263 ﬁeb'at,
2477 1198 2557 1251 sic
2574 1196 2804 1251 illorum
2837 1197 3126 1263 sacriﬁcia,
3154 1198 3250 1267 qui
3285 1197 3450 1252 idolis
3484 1199 3590 1252 im-

1992 1289 2224 1354 molant,
2262 1287 2555 1341 immunda
2586 1295 2736 1349 sunt,
2758 1291 2876 1339 tam
2905 1285 3028 1355 ipsa
3055 1301 3224 1355 quam
3245 1285 3340 1356 qui
3365 1303 3431 1340 ea
3447 1287 3586 1340 oﬁ'e-

1989 1382 2125 1431 runt
2149 1377 2235 1430 vel
2265 1375 2583 1429 comedunt.
2622 1391 2648 1426 α
2679 1373 2822 1437 Quia
2833 1373 2994 1444 panis
3008 1389 3200 1427 eorum
3217 1373 3418 1427 animae
3443 1373 3590 1444 ipso-

1991 1481 2136 1530 rum,
2163 1484 2190 1515 ι)
2221 1463 2488 1518 subaudis
2515 1468 2881 1533 praeparatur,
2905 1462 2961 1515 id
2994 1467 3096 1524 est,
3132 1462 3319 1516 adhoc
3345 1462 3590 1516 offerunt

1992 1569 2192 1625 panem
2215 1559 2272 1606 et
2295 1559 2493 1606 caetera
2515 1551 2700 1615 idolis,
2736 1558 2796 1604 ut
2823 1551 2955 1604 inde
3007 1550 3287 1604 satientur
3336 1555 3394 1604 et
3444 1567 3589 1620 gau-

1991 1641 2162 1696 deant
2189 1641 2246 1695 in
2276 1639 2537 1712 praesenti
2568 1640 2696 1692 vita.
2729 1640 2935 1694 Anima
2966 1639 3055 1692 hic
3074 1655 3174 1709 pro
3194 1639 3304 1692 vita
3327 1637 3590 1708 praesenti

385 1751 408 1782 ι
436 1733 586 1784 Area
607 1737 664 1784 et
691 1731 938 1784 torcular
958 1746 1070 1784 non
1099 1735 1292 1799 pascet
1322 1745 1434 1794 eas,
1472 1747 1494 1778 ι
1529 1727 1584 1781 id
1643 1731 1746 1792 est,
1775 1715 1970 1780 mit-B
1994 1730 2240 1800 ponitur,
2266 1730 2410 1783 sicut
2430 1729 2568 1782 solet
2583 1728 2706 1782 ﬁeri
2727 1728 2781 1781 in
2813 1727 2996 1782 divino
3029 1727 3270 1798 eloquio,
3303 1727 3452 1781 unde
3483 1732 3592 1795 est,

311 1825 429 1872 tam
461 1819 576 1872 illis
599 1818 844 1889 inopiam
866 1819 1044 1881 famis,
1076 1823 1140 1872 ut
1169 1819 1228 1870 in
1258 1817 1404 1870 areis
1439 1832 1549 1869 non
1587 1815 1911 1869 inveniatur

311 1908 592 1976 triticum,
623 1924 805 1978 neque
822 1907 881 1961 in
906 1905 1282 1960 torcularibus
1307 1905 1684 1968 vinum.Quod
1700 1905 1910 1958 factum

313 2013 434 2050 esse
475 2001 693 2050 constat
722 1995 1068 2066 temporibus
1099 1995 1233 2049 Eliae
1262 1999 1320 2048 et
1344 1993 1529 2059 Elisei,
1558 1993 1780 2064 quando
1798 2008 1912 2045 ma-

313 2090 450 2149 tres,
470 2090 706 2154 cogente
730 2085 895 2150 fame,
917 2085 1160 2138 ﬁliorum
1182 2100 1413 2138 suorum
1438 2081 1801 2137 cadaveribus
1820 2096 1913 2150 pa-

313 2173 636 2227 scebantur.
673 2193 694 2221 σ
727 2174 795 2226 Et
825 2173 1012 2226 vinum
1047 2174 1352 2226 mentietur
1379 2173 1480 2233 eis,
1511 2191 1532 2221 ι
1566 2171 1623 2224 id
1654 2174 1741 2223 est
1772 2169 1911 2222 deﬁ-

314 2262 443 2326 ciet,
479 2279 584 2316 nec
611 2263 720 2315 erit
746 2261 805 2315 in
833 2262 1010 2315 vineis
1040 2267 1141 2316 aut
1157 2259 1549 2325 torcularibus,
1582 2259 1726 2312 sicut
1749 2262 1914 2328 puta-

314 2349 473 2405 bant.
505 2350 726 2404 Dicitur
753 2355 808 2403 et
827 2349 1104 2403 haereticis
1142 2365 1214 2403 ne
1247 2349 1553 2419 gaudeant,
1588 2347 1684 2417 qui
1713 2349 1917 2417 putant

317 2458 375 2495 se
400 2440 619 2494 similes
641 2455 762 2493 esse
788 2439 1073 2508 gentibus,
1106 2439 1241 2492 dum
1289 2437 1359 2491 ab
1394 2437 1610 2490 unitate
1657 2435 1917 2489 Ecclesiae

315 2529 608 2590 recedunt,
645 2528 910 2598 quoniam
942 2529 1037 2598 qui
1067 2527 1189 2580 sine
1233 2527 1354 2596 lege
1389 2530 1774 2596 peccaverunt,
1797 2524 1918 2578 sine

1993 1819 2100 1882 Qui
2126 1824 2279 1872 amat
2307 1817 2552 1871 animam
2577 1833 2758 1880 suam,
2793 1816 2991 1886 perdet
3015 1833 3195 1869 eam.a
3215 1815 3590 1869 Nonintrabit

1991 1907 2050 1960 in
2081 1907 2310 1960 domum
2341 1904 2582 1958 Domini.
2615 1922 2641 1956 ι
2673 1904 2814 1966 Quia
2843 1903 3098 1956 videlicet
3117 1919 3227 1956 non
3259 1903 3498 1956 Domino
3514 1902 3592 1956 of-

1993 1994 2188 2059 fertur,
2213 1993 2310 2048 sed
2340 1992 2708 2046 daemonibus.
2743 1990 3041 2045 Sciendum
3070 1996 3256 2044 autem
3277 1990 3410 2060 quia
3427 1990 3592 2060 panis

1994 2100 2095 2155 pro
2120 2083 2272 2136 omni
2301 2080 2424 2135 cibo
2451 2086 2508 2134 et
2527 2079 2800 2133 sacriﬁcio
2821 2079 3068 2149 ponitur.
3101 2079 3181 2132 De
3202 2079 3482 2132 haereticis
3505 2078 3590 2131 fa-

1995 2172 2117 2226 cilis
2142 2175 2228 2224 est
2245 2169 2584 2233 intellectus,
2616 2167 2712 2237 qui
2736 2183 2848 2221 non
2877 2166 3134 2220 habitant
3161 2166 3220 2220 in
3261 2167 3429 2220 domo
3486 2167 3597 2222 Do-

1996 2259 2153 2323 mini,
2186 2259 2292 2312 hoc
2319 2263 2421 2323 est,
2455 2257 2512 2310 in
2533 2255 2777 2310 Ecclesia
2807 2256 3078 2320 ﬁdelium,
3108 2272 3232 2326 quae
3259 2260 3592 2326 propterso-

1996 2346 2272 2400 liditatem
2303 2344 2430 2399 ﬁdei
2461 2359 2606 2415 saepe
2637 2349 2784 2398 terra
2815 2344 3147 2414 appellatur.
3181 2343 3324 2397 Hinc
3349 2345 3595 2399 Joannes

1996 2435 2160 2490 dicit:
2196 2454 2226 2486 «ι
2247 2436 2323 2489 Ex
2352 2433 2512 2488 nobis
2540 2433 2814 2500 exierunt,
2837 2431 2934 2486 sed
2955 2447 3068 2486 non
3089 2435 3250 2486 erant
3268 2447 3332 2485 ex
3358 2431 3537 2486 nobis.
3567 2450 3591 2482 ι

2000 2527 2070 2580 Et
2092 2529 2444 2578 revertentur
2462 2523 2521 2576 in
2548 2522 2870 2593 Egyptum,
2903 2537 3075 2592 opera
3116 2520 3432 2575 inﬁdelium
3473 2519 3598 2574 imi-

318 2619 441 2688 lege
471 2617 758 2688 peribunt,
781 2615 877 2687 qui
906 2623 1094 2669 autem
1127 2620 1252 2686 post
1294 2615 1394 2668 Dei
1435 2614 1694 2668 notitiam
1734 2629 1917 2666 reces-
2000 2619 2202 2668 tantes.
2237 2612 2397 2667 Unde
2425 2616 2484 2664 et
2528 2610 2678 2664 inter
2706 2609 2966 2680 Assyrios
3013 2609 3230 2678 polluta
3272 2609 3604 2684 comedunt,

319 2707 499 2761 serint
526 2723 562 2760 a
594 2711 746 2759 recta
800 2705 930 2770 ﬁde,
972 2704 1199 2774 gravius
1229 2703 1550 2774 punientur.
1587 2702 1694 2766 Qui
1746 2701 1917 2755 etiam
2000 2701 2134 2755 dum
2164 2701 2220 2754 in
2235 2700 2501 2754 societate
2523 2698 2839 2752 daemonum
2863 2696 3238 2766 voluptatibus
3253 2697 3370 2750 suis
3391 2697 3598 2751 satian-

318 2794 728 2866 temporalibus
754 2793 915 2847 bonis
946 2792 1317 2856 abundantes,
1356 2807 1490 2845 area
1542 2796 1601 2846 et
1648 2789 1919 2844 torculari
2000 2796 2112 2856 tur,
2145 2805 2248 2843 nec
2266 2788 2445 2842 libant
2459 2785 2694 2841 Domino
2709 2785 2922 2850 vinum,
2942 2784 3071 2854 quia
3093 2784 3464 2854 spiritualiter
3484 2801 3598 2839 non

321 2891 576 2954 (corpore
596 2882 808 2935 scilicet
836 2887 892 2935 et
922 2880 1194 2951 sanguine
1220 2880 1446 2948 Christi)
1477 2895 1589 2933 non
1617 2879 1914 2943 satiantur,
2001 2879 2265 2932 laetantur
2291 2877 2348 2930 in
2379 2876 2522 2946 ipso.
2552 2874 2712 2929 Unde
2745 2890 2858 2928 non
2885 2873 3187 2943 placebunt
3213 2874 3283 2934 ei,
3315 2873 3414 2927 sed
3444 2889 3598 2944 quaa-

322 2972 456 3042 quia
485 2971 621 3025 dum
651 2970 881 3040 indigne
908 2969 1227 3034 comedunt,
1258 2973 1592 3040 perpetuum
1618 2968 1833 3022 luctum
1864 2971 1980 3042 et“
2003 2983 2225 3037 cunque
2270 2964 2524 3025 fecerint,
2576 2963 2868 3017 immunda
2923 2961 3349 3032 reputabantur.
3373 2963 3489 3017 Nec
3537 2962 3596 3017 in

322 3066 538 3114 aeterna
559 3058 666 3112 sibi
697 3063 980 3112 tormenta
999 3062 1338 3128 praeparant.
1939 3051 1982 3082 υ
2002 3056 2232 3109 domum
2253 3053 2476 3108 Domini
2499 3052 2710 3106 intrare
2737 3055 3022 3122 poterunt,
3056 3051 3190 3120 quia
3235 3066 3400 3105 omne
3451 3051 3601 3121 quod

399 3169 422 3198 α
449 3149 579 3202 Non
607 3147 943 3201 habitabunt
972 3147 1030 3200 in
1058 3152 1210 3200 terra
1240 3145 1486 3202 Domini.
1526 3162 1552 3196 ν
1579 3145 1702 3200 Non
1737 3144 1922 3198 solum
2000 3142 2216 3196 faciunt
2258 3145 2509 3194 vertetur
2537 3139 2594 3192 in
2620 3139 2861 3193 luctum:
2903 3139 3033 3208 quia
3066 3139 3137 3192 ad
3165 3139 3270 3192 hoc
3298 3137 3446 3193 bona
3475 3155 3604 3209 ope-

323 3238 626 3309 penuriam
656 3235 820 3289 famis
841 3236 1128 3306 patientur
1151 3235 1209 3288 in
1230 3241 1401 3297 terra,
1426 3250 1591 3304 quam
1615 3251 1648 3286 a
1678 3232 1922 3286 Domino
2003 3235 2220 3296 rantur,
2243 3234 2306 3283 ut
2335 3228 2501 3282 verba
2524 3225 2954 3298 praedicationis,
2987 3243 3109 3297 quae
3137 3227 3299 3297 panis
3319 3227 3604 3298 appellan-

323 3333 684 3399 acceperunt,
717 3326 816 3380 sed
843 3325 1011 3379 etiam
1036 3325 1092 3378 in
1114 3323 1494 3395 captivitatem
1523 3323 1924 3388 ducentur,nec
2002 3324 2118 3384 tur,
2139 3318 2256 3373 suis
2276 3316 2626 3371 auditoribus
2653 3315 3002 3385 impendant,
3016 3320 3082 3368 ut
3105 3314 3162 3368 in
3187 3315 3449 3385 praesenti
3464 3332 3605 3385 gau-

322 3423 564 3488 possunt
592 3415 845 3468 habitare
866 3415 919 3467 in
944 3420 1114 3479 terra,
1147 3429 1314 3483 quam
1345 3412 1460 3466 suis
1480 3411 1782 3465 sceleribus
1810 3412 1926 3482 pol-
2005 3408 2194 3473 deant,
2222 3405 2595 3477 exspoliantes
2616 3405 2811 3458 domos
2830 3403 3125 3458 viduarum
3138 3404 3604 3475 suadeceptione,

322 3505 578 3558 luerunt.
606 3522 632 3555 ι
671 3503 946 3556 Reversus
974 3506 1060 3555 est
1116 3501 1378 3570 Ephraim
1436 3501 1496 3553 in
1537 3499 1868 3570 ngyptum.
1895 3516 1921 3550 ιι

325 3591 612 3647 Subaudis
637 3591 822 3652 corde,
855 3590 959 3655 vel,
990 3589 1134 3643 sicut
1161 3605 1332 3659 supra
1352 3589 1562 3642 dictum
1575 3589 1819 3654 est,deos
1838 3604 1928 3641 eo-

323 3698 452 3736 rum
474 3679 805 3734 colendo.Et
820 3679 877 3732 in
893 3678 1137 3748 Assyriis
1151 3679 1424 3748 pollutum
1437 3677 1698 3731 comedit.
1725 3695 1751 3728 ι
1775 3676 1931 3731 Sicut

325 3770 476 3824 enim
506 3769 564 3822 in
595 3775 748 3821 terra
775 3784 876 3821 sua
916 3767 1227 3837 idolothyta
1256 3766 1639 3827 comedebant,
1665 3767 1744 3819 ita
1774 3765 1928 3818 ducti

322 3859 386 3912 in
411 3856 890 3928 captivitatem,in
916 3855 1160 3926 Assyriis
1180 3854 1469 3909 sacriﬁciis
1496 3855 1812 3909 daemonum
1837 3869 1928 3907 ve-

324 3945 668 4000 scebantur:
705 3959 828 4014 quae
865 3943 999 3996 dum
1043 3941 1208 3996 idolis
1267 3941 1668 4006 offerebantur,
1717 3941 1932 4012 polluta

2008 3513 2131 3568 quae
2159 3495 2514 3550 comedentes
2541 3494 3032 3548 contaminantur:
3068 3493 3201 3563 quia
3243 3494 3339 3564 qui
3393 3493 3606 3548 doctri-

2009 3601 2141 3640 nam
2165 3583 2557 3638 haereticorum
2607 3582 2934 3653 suscipiunt,
2962 3581 3238 3636 immundi
3283 3584 3448 3636 ﬁunt.
3475 3583 3604 3636 Hae-

2011 3675 2314 3729 reticorum
2345 3671 2496 3725 enim
2528 3670 2903 3724 conciliabula
2932 3687 3043 3724 non
3073 3670 3272 3724 domus
3319 3670 3422 3724 Dei
3448 3676 3601 3737 sunt,
3648 3683 3654 3689 '

2010 3763 2107 3818 sed
2128 3763 2394 3832 spelunca
2417 3760 2702 3813 latronum
2740 3760 3112 3830 appellantur.

2085 3873 2111 3902 α
2138 3850 2283 3914 Quid
2315 3848 2528 3902 facietis
2559 3849 2616 3901 in
2647 3848 2738 3901 die
2776 3848 3033 3912 solemni,
3067 3847 3125 3902 in
3145 3847 3235 3901 die
3291 3847 3609 3903 festivitatis

2011 3938 2274 3994 Domini?
2303 3957 2329 3988 ι
2361 3936 2523 3990 Diem
2551 3936 2860 3990 solemnem
2887 3936 2972 3990 vel
3000 3935 3320 3990 festivitatis
3360 3937 3606 4001 Domini,

323 4033 561 4088 ﬁebant.
2013 4027 2281 4082 debemus
2302 4025 2617 4094 intelligere
2644 4024 2728 4078 vel
2757 4024 3098 4094 captivitatis
3121 4030 3344 4094 tempus
3375 4029 3432 4077 et
3451 4024 3616 4078 mise-

401 4123 529 4177 Non
562 4119 819 4175 libabunt
846 4120 1084 4175 Domino
1129 4118 1337 4182 vinum,
1373 4137 1400 4172 ι)
1431 4118 1529 4174 sed
1559 4117 1928 4183 daemonibus,
2016 4117 2248 4181 riarum,
2284 4131 2394 4185 quo
2416 4112 2716 4166 vindictam
2739 4112 2809 4166 de
2838 4112 2955 4167 suis
2986 4111 3226 4166 inimicis
3252 4117 3310 4166 et
3354 4111 3611 4166 hostibus

330 4229 357 4262 (ί
396 4217 453 4265 et
480 4226 597 4264 non
625 4208 924 4280 placebunt
946 4209 1050 4262 ei.»
1075 4209 1271 4278 Neque
1295 4207 1443 4261 enim
1466 4207 1574 4278 ipsi
1592 4207 1652 4260 in
1673 4206 1935 4260 Chaldaaa
2016 4205 2281 4260 exercuit.
2309 4204 2463 4258 Licet
2483 4202 2631 4256 enim
2661 4217 2856 4256 omnes
2904 4201 3023 4255 dies
3079 4199 3308 4256 Domini
3363 4200 3497 4270 sint,
3516 4201 3615 4255 illa

326 4299 501 4371 positi
533 4298 774 4352 Domino
803 4296 992 4351 vinum
1020 4295 1196 4350 libare
1224 4301 1504 4366 poterant,
1529 4312 1642 4349 non
1663 4294 1934 4349 habentes
1952 4370 1968 4371 ﬂ
2014 4299 2207 4348 tamen
2236 4291 2460 4362 proprie
2477 4291 2599 4360 ejus
2621 4305 2744 4343 esse
2772 4289 2994 4354 dicitur,
3024 4305 3146 4360 quae
3174 4288 3477 4343 vindictam
3493 4288 3616 4344 red-

327 4370 614 4459 templum
642 4387 730 4440 vel
755 4386 951 4450 altare,
994 4385 1052 4438 in
1081 4401 1191 4455 quo
1223 4385 1342 4438 haec
1376 4383 1642 4438 facerent.
1676 4404 1698 4436 ι
1751 4370 2147 4438 Sacri-Ddere
2166 4379 2401 4450 cogitur.
2437 4378 2578 4432 Cum
2608 4375 2841 4444 venerit,
2870 4377 3073 4447 inquit,
3105 4376 3226 4430 dies
3253 4376 3613 4447 captivitatis,

327 4477 461 4531 ﬁcia
491 4492 692 4530 eorum
715 4474 873 4545 quasi
902 4473 1063 4544 panis
1092 4473 1636 4542 lugentium.0mnes
1669 4472 1766 4543 qui
1790 4488 1937 4526 com—
2019 4474 2075 4522 et
2102 4465 2439 4522 saevissimus
2458 4464 2636 4518 hostis
2663 4465 2960 4535 ingruerit,
2983 4481 3106 4536 qua:
3134 4464 3192 4518 in
3207 4481 3274 4518 ea
3289 4463 3618 4518 solemnitas

331 4566 518 4620 edunt
546 4580 699 4628 eum,
729 4561 1280 4617 contaminabuntur.
1314 4581 1344 4614 ι»
1374 4561 1537 4632 Apud
1566 4561 1788 4616 Judaeos
1811 4577 1939 4615 cum
2021 4561 2125 4620 est,
2156 4571 2327 4626 quam
2358 4569 2461 4623 ego
2490 4553 2668 4607 habeo
2689 4553 3040 4624 placabilem,
3073 4553 3206 4624 quia
3240 4569 3332 4607 me
3371 4552 3619 4607 vindicat

331 4671 440 4725 pro
476 4658 707 4706 mortuo
727 4651 1060 4705 sacriﬁcium
1096 4649 1454 4716 offerebatur,
1511 4649 1764 4720 quisquis
1811 4649 1941 4703 inde
2023 4645 2092 4699 de
2123 4643 2262 4698 meis
2292 4641 2566 4708 hostibus,
2599 4648 2657 4697 et
2674 4643 2895 4713 injuria:
2921 4643 3076 4714 ponit
3105 4641 3354 4706 modum,
3381 4641 3514 4712 quid
3533 4641 3620 4695 fa-

331 4740 700 4806 comedisset,
724 4739 1048 4794 immundus
1076 4739 1243 4794 ﬁebat
1271 4743 1328 4792 et
1357 4737 1496 4809 ipse,
1522 4743 1580 4792 et
1606 4738 1944 4792 sacriﬁcium
2025 4731 2214 4787 cietis?
2243 4730 2744 4801 Respondete.1llis
2775 4729 3090 4785 tacentibus
3109 4728 3217 4782 sibi
3244 4729 3366 4799 ipse
3393 4745 3624 4800 respon-

334 4831 494 4902 quod
524 4828 777 4883 oblatum
801 4827 1002 4882 fuerat.
1032 4828 1224 4898 Ipsum
1249 4830 1456 4897 quippe
1484 4826 1819 4880 sacriﬁcium
1849 4843 1945 4880 vo-
2027 4821 2142 4886 det,
2176 4820 2289 4874 imo
2319 4820 2452 4891 quid
2483 4821 2596 4874 sint
2620 4819 2843 4883 facturi,
2874 4818 3073 4872 divinis
3120 4817 3296 4872 oculis
3342 4817 3618 4873 intuetur.

334 4926 509 4973 catur
538 4917 704 4989 panis
733 4915 1067 4986 lugentium,
1104 4921 1332 4986 propter
1369 4915 1475 4968 hoc
1507 4915 1781 4981 videlicet,
1815 4915 1949 4986 quia
2037 4910 2190 4966 Unde
2221 4907 2616 4980 subjungitur:
2647 4926 2676 4960 ι(
2707 4910 2844 4962 Ecce
2874 4907 3024 4962 enim
3045 4907 3279 4978 profecti
3303 4913 3437 4962 sunt
3473 4924 3626 4962 ava-

341 5025 449 5080 pro
475 5011 702 5060 mortuo
734 5013 857 5058 erat
875 5003 1146 5067 oblatum,
1176 5004 1235 5057 in
1280 5004 1440 5074 cujus
1471 5009 1649 5057 morte
1685 5003 1952 5074 lugebant
2033 4999 2243 5054 stitate.
2275 5019 2295 5046 ο
2333 4997 2457 5063 Quo
2485 4998 2542 5052 in
2562 4997 2681 5052 loco
2703 4996 3048 5068 praeteritum
3070 5013 3170 5068 pro
3192 4996 3383 5050 futuro
3397 4996 3628 5067 ponitur

341 5102 632 5168 parentes.
668 5093 848 5147 Aliter
873 5107 884 5142 :
917 5093 1036 5147 Mos
1059 5092 1207 5163 apud
1249 5091 1475 5146 Judaaos
1514 5092 1638 5159 fuit,
1666 5098 1951 5147 mortuum
2033 5089 2242 5145 usitato
2267 5105 2422 5142 more
2449 5104 2620 5142 sacrae
2642 5086 3212 5158 Scripturaa.Profecti
3233 5090 3367 5141 sunt
3393 5085 3626 5150 scilicet,

342 5202 453 5258 per
481 5187 700 5254 septem
720 5182 840 5236 dies
876 5182 1098 5236 deﬂere.
1137 5182 1396 5246 Quandiu
1431 5187 1619 5236 autem
1669 5183 1770 5236 hoc
1816 5198 1948 5252 age-
2030 5196 2132 5249 pro
2155 5195 2220 5232 eo
2249 5178 2397 5248 quod
2429 5181 2515 5231 est
2530 5176 2972 5247 proﬁciscentur,
2992 5177 3122 5247 quia
3143 5176 3372 5231 miseria
3389 5182 3446 5230 et
3467 5174 3630 5229 vasti-

345 5273 524 5326 batur
551 5271 882 5334 lamentum,
919 5269 1190 5340 quidquid
1212 5269 1269 5323 in
1301 5269 1466 5323 domo
1497 5270 1704 5324 mortui
1736 5286 1836 5340 per
1865 5286 1953 5324 se-
2033 5274 2150 5322 tate
2169 5266 2554 5339 prementibus
2572 5266 2816 5337 Assyriis
2836 5271 3005 5336 atque
3027 5264 3630 5335 Chaldaeis,captosque

345 5368 510 5433 ptem
539 5359 663 5412 dies
691 5357 894 5429 quibus
917 5374 1046 5412 eum
1077 5357 1376 5424 deflebant,
1409 5357 1956 5422 ﬁebat,immundum
2037 5356 2214 5426 ligare
2243 5355 2616 5426 cupientibus,
2650 5356 2866 5426 fugient
2892 5354 2962 5408 ad
2989 5354 3314 5426 Egyptum,
3333 5359 3399 5407 ut
3417 5352 3634 5423 possint

349 5455 500 5504 erat.
527 5447 598 5501 Et
637 5447 893 5517 quisquis
933 5463 1000 5499 ex
1031 5448 1226 5501 eadem
1274 5446 1441 5501 domo
1494 5448 1845 5513 comedisset,
1875 5448 1960 5501 vel
2041 5445 2276 5500 evadere
2296 5461 2496 5500 manus
2514 5443 3337 5500 hostium.Undeetsubditurzi
3360 5443 3635 5512 [Egyptus

349 5535 573 5609 aliquid
599 5540 880 5607 tangeret,
899 5534 1227 5591 immundus
1241 5534 1592 5591 ﬁebat.Unde
1620 5540 1677 5591 et
1693 5537 1962 5592 aliorsum
2043 5533 2410 5606 congregabit
2436 5551 2551 5591 eos.
2586 5534 2863 5607 Memphis
2889 5533 3123 5606 sepeliet
3149 5549 3264 5588 eos.
3293 5549 3322 5585 ι
3353 5529 3514 5594 Quod
3563 5527 3635 5582 de
