4090 6164
488 245 561 325 s7
935 238 1313 299 HAYMONIS
1356 236 1848 295 HALBERSTAT.
1884 234 2108 291 EPISC.
2139 236 2298 293 opp.
2324 240 2510 297 PARS
2538 240 2584 317 1_.
2618 272 2683 282 —
2713 239 3092 317 coMMENT.
3131 244 3320 305 BIBL.
3691 241 3760 299 68

484 350 718 446 reliquis
745 373 987 426 duarum
1013 368 1263 423 tribuum
1291 371 1377 420 est
1403 360 1806 434 accipiendum,
1839 378 1961 439 qum
1988 361 2077 414 in-
2094 358 2262 421 Atibi
2290 360 2484 418 futura
2511 371 2673 420 erant
2691 365 2923 420 adversa
2938 368 3125 421 videre
3143 368 3398 439 potuisti,
3430 385 3534 423 nec
3550 385 3647 423 eos
3658 368 3761 449 qui

488 454 710 518 terfecit
737 456 1028 515 Godaliam
1057 472 1181 511 cum
1213 453 1456 509 Jeremia
1482 456 1676 505 contra
1690 449 1912 503 Domini
1936 466 2079 519 priea
2160 467 2262 521 per
2290 452 2557 522 Spiritum
2586 460 2842 508 sanctum
2871 455 3050 510 edocti
3071 462 3253 524 erant,
3281 457 3337 511 et
3356 454 3457 511 tibi
3477 473 3539 511 ea
3552 456 3757 528 praedi-

489 546 1024 623 ceptum,fugientes
1040 545 1327 600 Chaldzeos
1348 540 1584 611 ingressi
1605 543 1737 592 sunt
1755 536 2076 608 Egyptum,
2163 540 2365 594 cabant
2396 542 2623 604 audisti,
2652 558 2791 623 quos
2834 544 3065 615 insuper
3120 546 3348 599 insanos
3402 550 3459 599 et
3504 550 3758 599 amentes

488 636 586 695 ubi
616 643 807 711 postea
837 633 1161 704 interempti
1190 636 1371 685 sunta
1401 626 2085 687 Nabuohodonosor,sicut

488 724 633 784 liber
649 722 825 799 ipsius
846 725 1129 796 prophetae
1145 725 1401 774 testatur.
1414 715 1687 787 Memphis
1705 716 2083 785 autem.cujus

488 812 834 873 habitatores
850 810 1191 884 sepelierunt
1208 808 1427 862 Judaeos
1448 804 1523 858 ibi
1544 804 1930 873 interemptos,
1954 803 2084 856 civi-

491 913 580 961 tas
606 911 730 960 erat
757 896 1084 971 metropolis
1113 894 1335 971 .‘Egypti
1360 898 1491 947 ante
1514 891 2081 945 Alexandriam.sDe-

490 988 788 1067 siderabile
818 993 1115 1060 argentum
1146 996 1359 1047 eorum,
1394 981 1574 1035 urtica
1620 979 1976 1067 haereditabit
2025 985 2083 1033 et

486 1066 657 1153 lappa
683 1075 741 1133 in
772 1071 1149 1131 tabernaculis
1177 1084 1393 1125 eorum.
1432 1084 1460 1121 »
1493 1069 1623 1121 Haec
1651 1066 1819 1120 verba
1856 1067 2080 1136 longam

487 1161 810 1239 significant
830 1160 1167 1224 vastitatem,
1204 1158 1337 1229 quia
1349 1157 1443 1211 ubi
1473 1162 1635 1211 erant
1657 1156 1938 1226 quondam
1968 1156 2079 1209 Do—

484 1268 612 1328 mus
633 1250 1041 1326 pulcherrimae,
1065 1245 1141 1301 ibi
1163 1254 1298 1301 ortae
1319 1251 1450 1299 sunt
1474 1243 1652 1327 lappae
1680 1250 1848 1314 atque
1863 1244 2074 1298 urticae.

485 1342 631 1399 Nam
664 1357 765 1413 per
790 1344 1086 1409 argentum
1118 1334 1255 1388 illud
1284 1333 1639 1402 intelligitur,
1670 1332 1817 1402 quod
1847 1338 2081 1402 argento

487 1424 714 1495 emitur,
751 1429 891 1484 villae
922 1424 1177 1479 videlicet
1215 1429 1385 1492 atque
1441 1421 1582 1491 agri,
1632 1436 1770 1503 quos
1811 1414 2081 1474 diuturna

483 1518 716 1574 vastitas
743 1516 963 1586 redegit
989 1514 1045 1567 in
1058 1509 1436 1567 solitudinem.
1455 1510 1668 1563 Dicitur
1695 1514 1752 1561 et
1768 1508 2075 1562 haereticis:

485 1609 627 1677 Cum
657 1590 1016 1660 venerit'dies
1054 1594 1372 1655 festivitatis
1414 1598 1783 1661 Domini,hoc
1820 1602 1924 1661 est,
1958 1596 2079 1650 dies

2165 629 2391 682 vocasti.
2423 630 2553 684 Dies
2569 647 2790 701 quoque
2801 633 3033 686 ultionis
3054 630 3240 687 veniet
3257 634 3759 704 reprobis,quando

2166 717 2403 771 Domino
2433 720 2690 773 veniente
2711 721 2779 773 ad
2803 720 3097 790 judicium,
3137 722 3512 778 visitabuntur
3535 725 3604 777 ad
3640 741 3762 794 pm-

2166 820 2317 870 nam,
2350 812 2405 860 et
2447 809 2715 863 reddetur
2757 810 2838 863 eis
2893 816 3060 893 prout
3113 817 3424 885 gesserant,
3487 812 3581 882 qui
3624 811 3760 865 dum

2163 895 2430 958 viverent,
2464 896 2752 951 Israelitas
2778 898 2908 970 (hoc
2936 902 3039 962 est,
3074 896 3216 953 viros
3265 900 3517 954 videntes
3557 901 3759 967 Deum)

2165 998 2225 1037 se
2255 998 2376 1037 esse
2407 985 2747 1061 fatebantur,
2781 987 2927 1057 quod
2950 1002 3060 1041 non
3090 995 3269 1048 erant,
3291 1005 3401 1042 non
3418 1004 3763 1061 cognoscen-

2164 1078 2250 1125 tes
2277 1086 2436 1126 suam
2469 1068 2790 1139 stultitiam,
2822 1075 3071 1129 dicentes
3099 1077 3197 1130 Dei
3230 1074 3432 1131 Filium
3461 1077 3756 1140 facturam,

2163 1160 2434 1230 Spiritum
2464 1169 2720 1217 sanctum
2741 1166 3010 1233 negantes
3034 1184 3046 1229 ;
3073 1167 3567 1231 etrursum,alium
3579 1168 3760 1220 Deum

2162 1247 2390 1313 bonum,
2423 1250 2596 1304 alium
2619 1250 2816 1304 mundi
2841 1258 3156 1306 asserentes
3176 1258 3759 1324 creatorem,quorum

2160 1336 2381 1391 insania
2409 1338 2699 1410 multiplex
2729 1344 2832 1405 est,
2866 1336 2999 1411 quia
3024 1349 3078 1395 et
3104 1342 3432 1412 iniquitates
3454 1342 3757 1414 quamplu-

2160 1426 2332 1480 rimae.

2237 1534 2256 1564 ι
2284 1512 2612 1587 Speculator
2639 1515 2904 1587 Ephraim
2939 1535 3065 1572 cum
3096 1519 3212 1573 Deo
3232 1519 3657 1591 meo,propheta
3677 1520 3757 1573 la-

2237 1537 2256 1564 ι
2284 1537 2612 1587 apesurator
2640 1537 2904 1587 mpuraim
2939 1537 3065 1572 cum
3100 1537 3212 1573 ueo
3232 1537 3484 1591 meo,pro
3530 1537 3657 1574 neta
3678 1537 3757 1573 1a-

2161 1616 2336 1673 queus
2367 1604 2542 1659 ruinae
2570 1604 2750 1659 factus
2783 1610 2868 1659 est
2894 1622 3063 1677 super
3081 1622 3275 1662 omnes
3304 1609 3421 1662 vias
3453 1537 3593 1678 eius.
3611 1607 3757 1662 IVOX

478 1692 697 1767 judicii,
717 1692 941 1764 quando
960 1690 1129 1743 vitam
1150 1689 1267 1742 suis
1290 1687 1609 1740 redditurus
1627 1693 1713 1739 est
1726 1682 2137 1755 amicis,quidB
2160 1693 2445 1762 prophetae
2469 1712 2480 1746 ε
2516 1694 2846 1764 speculator
2874 1694 3160 1766 Ephmim,
3193 1696 3459 1750 subaudis
3489 1702 3592 1759 est,
3625 1713 3751 1751 cum

482 1781 742 1851 facietis?
772 1783 909 1836 Ecce
930 1776 1077 1833 enim
1110 1777 1311 1830 vastati
1341 1775 1476 1829 estis
1504 1774 1574 1827 ab
1602 1774 1874 1839 hostibus,
1906 1774 1963 1827 id
1994 1781 2084 1828 est
2162 1780 2275 1834 Deo
2304 1797 2446 1845 meo,
2471 1780 2527 1834 id
2551 1787 2637 1835 est
2656 1781 2725 1835 ad
2756 1783 2860 1836 hoc
2889 1799 2922 1836 ει
2944 1783 3060 1837 Deo
3100 1800 3225 1838 meo
3274 1784 3614 1839 constitutus
3668 1790 3756 1839 est

482 1870 847 1941 daemonibus,
879 1866 975 1938 qui
1002 1881 1096 1919 vos
1111 1863 1369 1918 omnibus
1395 1863 1845 1933 exspoliaverunt
1863 1862 2081 1916 virtuti-

479 1960 607 2025 bus,
638 1956 845 2012 imitati
877 1956 1011 2009 estis
1040 1969 1212 2025 opera
1237 1952 1570 2013 inﬁdelium,
1601 1957 1657 2004 et
1681 1951 1896 2004 caeteris
1941 1952 2079 2004 estis

480 2023 805 2102 nationibus
858 2023 1088 2098 similes:
1116 2043 1352 2111 Propter
1408 2040 1513 2093 hoc
1567 2038 1643 2092 ibi
1702 2039 1936 2107 sepeliet
1981 2055 2077 2093 vos

480 2132 778 2206 Memphis,
809 2148 932 2204 quae
960 2128 1366 2213 interpretatur
1384 2143 1450 2181 ex
1479 2143 1595 2192 ore,
1620 2128 1749 2197 quia
1772 2128 1933 2197 juxta
1953 2142 2080 2181 sen-

479 2226 689 2280 tentias
718 2228 775 2276 et
797 2216 1175 2290 blasphemiae
1204 2217 1316 2271 oris
1345 2216 1515 2270 vestri
1561 2215 1985 2281 damnabimini,
2018 2221 2076 2269 et

481 2308 633 2385 quod
660 2306 831 2365 locuti
860 2306 993 2363 estis
1021 2308 1079 2360 in
1101 2305 1386 2376 suppliciis
1405 2300 1677 2358 sentietis.
1705 2305 1969 2374 Tuncque
1982 2304 2076 2358 de-

478 2392 778 2467 siderabile
805 2396 1041 2467 argenti,
1064 2394 1122 2449 id
1148 2396 1251 2458 est,
1284 2392 1552 2464 quidquid
1580 2391 1852 2446 habuistis
1897 2392 1955 2445 in
1984 2392 2077 2446 ni~

477 2497 603 2555 tore
626 2462 961 2561 eloquentiae
988 2489 1046 2538 et
1074 2483 1225 2536 falsis
1254 2462 1609 2552 dogmatibus
1632 2482 1813 2534 urtica
1836 2481 2073 2535 heredi-

477 2577 642 2644 tabit,
695 2570 800 2630 hoc
854 2579 957 2637 est,
983 2578 1316 2646 perpetuum
1371 2570 1692 2624 incendium
1746 2569 2070 2640 possidebit,

2159 1868 2479 1938 speculator
2500 1869 2816 1936 Jeroboam,
2852 1872 2946 1941 qui
2977 1872 3203 1926 nomine
3237 1873 3502 1943 Ephraim
3546 1872 3754 1927 intelli-

2157 1956 2330 2025 gitur,
2355 1958 2548 2027 utipse
2577 1963 2632 2012 et
2647 1959 2766 2035 ejus
2793 1974 3059 2030 sequaces
3080 1976 3241 2030 reges
3269 1962 3647 2032 speculatores
3663 1978 3752 2016 es-

2158 2050 2284 2098 sent
2305 2044 2497 2116 populi
2517 2046 2638 2111 Dei,
2672 2051 2729 2100 et
2756 2047 2836 2101 eis
2864 2047 3011 2101 bona
3029 2048 3403 2119 providerent,
3437 2064 3502 2103 ac
3550 2064 3753 2103 secun-

2158 2133 2291 2186 dum
2314 2132 2415 2187 Dei
2438 2134 2801 2199 voluntatem,
2817 2142 3077 2206 regerent
3094 2141 3264 2207 atque
3277 2138 3623 2192 instruerent
3634 2153 3748 2193 eos.

2158 2221 2546 2291 Speculatores
2580 2223 2786 2293 quippe
2808 2224 3236 2294 appellabantur
3265 2232 3510 2280 rectores
3537 2233 3593 2280 et
3620 2242 3753 2297 pro-

2154 2309 2337 2380 phetae
2359 2308 2533 2380 ipsius
2558 2311 2764 2381 populi.
2794 2312 2953 2366 Unde
2971 2318 3028 2367 et
3047 2313 3257 2368 dicitur
3271 2314 3567 2369 Ezechieli:
3588 2316 3753 2386 «Spe-

2156 2397 2463 2451 culatorem
2494 2398 2620 2452 dedi
2649 2404 2705 2453 te
2748 2400 2941 2453 domui
2988 2401 3181 2456 Israel.
3211 2421 3238 2454 »
3270 2398 3358 2457 Ita
3413 2418 3545 2472 ergo
3590 2405 3751 2457 Jero-

2155 2483 2317 2538 boam
2349 2485 2509 2555 quasi
2537 2488 2856 2557 speculator
2882 2493 2940 2542 et
2966 2490 3126 2560 quasi
3164 2492 3437 2569 prOpheta
3467 2492 3632 2545 datus
3666 2496 3754 2545 est

2155 2574 2363 2642 populo
2385 2586 2511 2627 cum
2541 2575 2874 2645 sequacibus
2903 2577 3755 2650 suis,utpopulumcorrigerent

481 2665 631 2738 quod
651 2678 747 2719 vos
767 2670 975 2718 aeterno
1002 2661 1203 2714 ardore
1232 2663 1540 2713 consumet.
1577 2658 1646 2712 Et
1683 2660 1790 2711 erit
1818 2659 1987 2728 lappa
2016 2658 2072 2711 in
2155 2660 2594 2731 delinquentem,
2619 2670 2674 2716 et
2703 2664 2772 2717 ad
2804 2670 3017 2719 rectum
3048 2667 3157 2720 iter
3174 2668 3630 2725 revocarent.Sed
3656 2664 3754 2739 qui

476 2748 856 2809 tabernaculis
884 2748 1001 2805 suis
1024 2750 1129 2803 hoc
1149 2753 1253 2809 est,
1280 2747 1620 2801 conscientia
1646 2751 2001 2817 peccatorum
2017 2751 2078 2800 et
2154 2762 2249 2802 eos
2282 2750 2505 2804 erudire
2526 2751 2819 2820 debuerat,
2852 2753 3035 2807 factus
3073 2750 3160 2809 est
3192 2756 3424 2826 laqueus
3461 2756 3638 2811 ruinae
3692 2757 3753 2811 in

477 2842 729 2915 pristinae
758 2837 1214 2904 conversationis,
1249 2840 1307 2891 et
1324 2851 1470 2890 curae
1489 2830 1813 2905 hujusmodi
1842 2848 1939 2888 vos
1963 2840 2074 2888 ιον·
2154 2837 2414 2891 omnibus
2445 2839 2562 2892 suis
2577 2840 2910 2907 actionibus,
2934 2842 3066 2912 quia
3096 2859 3197 2913 per
3216 2844 3525 2914 potentiam
3550 2849 3607 2899 et
3630 2857 3755 2915 pra-

479 2928 749 3004 quebunt.
944 3012 978 3020 Η
1369 3016 1382 3020 _
1724 3017 1731 3020 μ
1783 3011 1818 3020 η
1986 3017 1993 3020 μ
2035 3011 2046 3020 _
2090 2958 2133 3020 ρ
2153 2940 2279 2978 vam
2310 2927 2627 3020 suasionem
2661 2929 2791 2983 fecit
2819 2945 2913 2984 eos
2933 2931 3085 3020 idola
3103 2932 3312 2986 colere:
3342 2938 3399 2986 et
3427 2933 3523 3002 qui
3543 2933 3755 2988 debue-

502 3000 516 3019 τ
551 3038 579 3074 «ι
608 3000 898 3074 Venerunt
926 3012 1045 3072 dies
1081 3016 1434 3081 visitationis,
1464 3017 1740 3068 venerunt
1767 3011 1885 3066 dies
1914 3000 2133 3065 retri-u
2156 3020 2374 3069 ratesse
2394 3017 2666 3087 propheta
2689 3024 2752 3071 ut
2781 3019 2986 3089 populo
3012 3020 3109 3073 Dei
3130 3020 3410 3074 culturam
3428 3000 3752 3076 ostenderet

474 3108 739 3165 butionis.
774 3127 795 3158 »
820 3104 1081 3161 Visitatio
1098 3105 1157 3158 in
1176 3105 1279 3159 hoc
1303 3105 1421 3158 loco
1442 3118 1542 3182 pro
1560 3101 1861 3156 afﬂictione
1879 3105 1936 3154 et
1954 3104 2068 3154 tor-
2153 3102 2343 3157 docuit
2355 3120 2449 3157 eos
2471 3104 2868 3160 idololatrian).
2893 3107 3052 3161 Unde
3076 3108 3167 3163 hic
3198 3108 3459 3163 subditur
3484 3128 3496 3162 :
3535 3127 3560 3162 ι
3593 3111 3752 3165 lnsa~

473 3204 665 3253 mento
695 3194 940 3267 ponitur.
974 3192 1127 3248 Alibi
1157 3192 1385 3264 ponitur
1410 3191 1469 3245 in
1496 3191 1659 3247 bono.
1682 3194 1743 3244 ut
1765 3196 1851 3243 est
1874 3204 1885 3243 ε
1924 3206 1949 3238 ι
1975 3188 2067 3242 Vi-
2147 3189 2243 3244 nia
2265 3209 2288 3241 ι
2314 3192 2416 3245 hoc
2435 3198 2536 3256 est,
2558 3193 2771 3247 idolum
2795 3211 2821 3248 (ι
2858 3195 2915 3248 in
2943 3196 3110 3249 domo
3137 3194 3236 3251 Dei
3266 3199 3412 3269 ejus,
3447 3216 3472 3247 ν
3497 3199 3551 3252 id
3563 3205 3668 3263 est,
3691 3199 3751 3254 in

475 3282 665 3342 sitavit
688 3300 790 3339 nos
810 3280 995 3338 oriens
1015 3296 1079 3337 ex
1099 3282 1215 3335 alto
1243 3321 1254 3334 .
1292 3298 1314 3331 ι
1348 3301 1373 3329 σι
1398 3278 1920 3348 Veneruntanquit)
1946 3275 2069 3331 dies
2147 3280 2365 3346 Betbel,
2396 3280 2491 3334 ubi
2513 3286 2679 3336 antea
2708 3282 2896 3336 fuerat
2916 3284 3113 3339 domus
3145 3284 3353 3342 Dei.lbi
3376 3288 3582 3358 quippe
3602 3288 3749 3343 vitu-e

469 3370 827 3439 visitationis,
862 3369 976 3426 inde
1008 3366 1211 3442 quibus
1234 3383 1406 3440 supra
1434 3369 1677 3422 dixerat:
1703 3366 1891 3432 «Quid
1907 3365 2068 3420 faeie-
2144 3366 2262 3421 lum
2294 3384 2530 3422 aureum
2556 3371 2905 3425 adorandum
2944 3373 3258 3428 constituit.

469 3462 543 3518 tis
573 3458 631 3517 in
662 3460 752 3517 die
776 3459 1010 3515 solemni
1031 3460 1088 3514 et
1101 3456 1422 3513 festivitatis
1449 3456 1744 3511 Dominih
1773 3455 2067 3509 Venerunt
2221 3468 2249 3507 α
2284 3457 2567 3511 Profunde
2598 3466 2986 3528 peccaverunt,
3016 3460 3161 3514 sicut
3186 3460 3244 3514 in
3267 3461 3467 3516 diebus
3496 3462 3746 3517 Gabaa.»

470 3548 589 3607 dies
611 3548 1014 3614 retributionis,
1038 3550 1103 3602 ut
1122 3546 1309 3618 qualia
1330 3547 1601 3611 fecerunt,
1617 3546 1753 3599 talia
1769 3545 2059 3614 recipiant.
2144 3541 2254 3597 Hic
2282 3545 2501 3599 reducit
2528 3547 2802 3616 propheta
2832 3548 2899 3600 ad
2935 3549 3265 3602 memoriam
3289 3552 3470 3604 scelus
3500 3551 3744 3606 ﬁliorum

475 3662 497 3693 ε
518 3638 668 3695 Scito
681 3636 957 3703 te,[srael,
983 3636 1217 3691 stultum
1237 3632 2064 3705 praphetam,insanum,virum
2146 3631 2321 3686 Israel
2378 3635 2527 3704 quod
2559 3635 2841 3704 quondam
2871 3641 3099 3705 gestum
3132 3637 3260 3691 etin
3285 3638 3495 3701 Gabaa,
3521 3640 3747 3709 quando

467 3724 876 3800 spiritualem.»
892 3722 1140 3795 Populus
1162 3722 1504 3777 Israeliticus
1525 3738 1682 3775 veros
1712 3720 2060 3790 DeiprOphe-
2144 3734 2375 3775 uxorem
2406 3720 2609 3775 Levita:
2639 3724 2971 3778 revertentis
2996 3725 3065 3777 de
3092 3725 3383 3780 Bethleem
3415 3727 3611 3781 illicito
3649 3743 3746 3783 ne-

465 3824 574 3884 tas,
605 3818 832 3870 insanos
850 3810 1184 3885 appellabat.
1204 3812 1361 3866 Unde
1378 3811 1615 3881 legimus
1628 3810 1775 3880 quod
1796 3808 2059 3863 dixerunt

466 3905 750 3978 principes
776 3902 836 3957 in
867 3900 1110 3956 Ramoth
1139 3900 1348 3954 Galaad
1378 3900 1448 3953 ad
1478 3899 1651 3952 Hieu:
1688 3913 1715 3948 ε
1746 3897 1892 3961 Quid
1921 3897 2062 3951 dixit

466 3993 571 4049 tibi
589 3993 823 4047 insanus
845 3988 988 4045 iste?
1010 4008 1037 4042 )›
1058 3988 1260 4060 quibus
1279 3988 1373 4042 ille
1394 3987 1475 4041 ait
1492 3986 1736 4041 :«Nostis
1750 3987 2065 4051 hominem,’

467 4088 525 4139 et
553 4082 685 4157 quid
705 4082 925 4157 locutus
953 4078 1082 4133 sit.»
1112 4076 1327 4132 Dicitur
1346 4093 1479 4147 ergo
1504 4076 1571 4130 :0
1589 4075 1781 4140 Israel,
1792 4090 1940 4129 nunc
1959 4080 2061 4129 tua

462 4168 634 4227 verba
662 4185 954 4241 cognosce,
984 4166 1080 4238 qui
1107 4166 1438 4237 prophetam
1466 4164 1571 4218 tibi
1609 4164 1741 4218 vera
1779 4163 2057 4217 dicentem

467 4266 524 4317 et
562 4256 773 4335 Spiritu
788 4263 983 4313 sancto
1006 4254 1457 4327 praphetantem,
1480 4253 1714 4306 stultum
1728 4252 2057 4305 etinsanum

2138 3822 2331 3862 cavere
2382 3810 2699 3871 concubitu,
2732 3811 2924 3882 sicque
2979 3812 3037 3866 in
3068 3814 3374 3883 impietatis
3410 3815 3741 3870 barathrum

2141 3912 2242 3950 suo
2269 3902 2523 3969 tempore
2551 3898 2836 3954 Israelitas
2887 3901 3023 3955 dicit
3065 3903 3372 3973 demersos,
3403 3908 3468 3958 ut
3515 3906 3745 3959 vincant

2139 3986 2320 4040 scelus
2347 3988 2496 4057 quod
2520 3988 2654 4041 olim
2686 3989 2870 4042 fuerat
2888 3990 2944 4043 in
2966 3989 3156 4043 Gabaa
3177 3996 3559 4062 perpetratum
3576 3994 3743 4049 ,Ροε-

2142 4090 2340 4129 sumus
2368 4084 2425 4130 et
2452 4076 2573 4131 dies
2602 4076 2795 4131 Gabaa
2823 4078 3076 4149 accipere
3106 4088 3347 4151 tempus,
3381 4082 3606 4151 quando
3637 4094 3741 4153 pro

2139 4165 2257 4221 Deo
2284 4167 2361 4221 ibi
2393 4168 2685 4239 elegerunt
2700 4184 2890 4240 regem
2917 4171 3052 4225 Saul
3080 4171 3149 4224 de
3166 4171 3306 4225 urbe
3324 4171 3736 4230 Gabaa.Potius

2140 4254 2292 4309 enim
2345 4252 2439 4309 isti
2468 4262 2854 4326 peccaverunt,
2894 4259 3161 4328 quoniam
3212 4256 3295 4314 illi
3343 4264 3736 4319 tantummodo

468 4331 721 4415 vocabas;
752 4342 902 4402 Scito
927 4346 1119 4416 itaque
1146 4348 1203 4397 te
1246 4341 1503 4403 stultum,
1528 4340 1635 4394 hoc
1687 4344 1790 4401 est,
1821 4340 1944 4392 sine
1974 4331 2120 4391 in-D
2138 4341 2317 4396 Deum
2355 4342 2705 4413 reliquerunt
2720 4345 2978 4415 eligendo
3002 4346 3108 4399 sibi
3129 4360 3319 4415 regem
3336 4348 3619 4404 hominem
3637 4350 3737 4422 qui

463 4434 710 4503 tellecta,
734 4438 791 4491 et
809 4448 938 4490 eum
967 4445 1135 4504 quem
1155 4429 1390 4484 vocabas
1416 4428 1747 4499 prophetam
1770 4422 2052 4493 insanum,

469 4529 566 4601 qui
594 4542 720 4581 mea
752 4518 919 4578 verba
941 4514 1262 4591 despexisti,
1293 4522 1347 4571 et
1368 4512 1606 4587 putabas
1641 4518 1699 4569 te
1726 4528 1848 4569 esse
1874 4515 2056 4568 virum

464 4612 834 4689 spiritualem,
864 4614 921 4664 et
946 4607 1241 4681 profutura
1278 4604 1382 4659 tibi
1411 4602 1729 4658 aestimabas
1772 4609 1831 4657 te
1866 4603 2057 4657 videre

460 4695 563 4778 per
585 4700 858 4775 Spiritum
889 4702 1165 4752 sanctum.
1198 4693 1407 4749 Aliter:
1444 4692 1592 4778 Scito
1610 4698 1685 4757 te,
1711 4692 2057 4778 lsrael,stul~

451 4773 582 4851 tum
610 4773 960 4865 prophetam,
986 4784 1118 4857 quia
1130 4780 1233 4837 tibi
1256 4776 1623 4857 promittebas
1646 4773 1924 4851 pacem,et
1940 4792 2052 4834 non

454 4870 797 4950 venit'jux'ta
841 4882 999 4929 tuam
1053 4870 1251 4925 falsam
1298 4869 1721 4924 aestimationem
1756 4887 1769 4935 ;
1804 4868 1942 4923 scito
1995 4874 2054 4923 te

458 4970 628 5035 etiam
652 4965 983 5037 prephetam
1014 4972 1135 5014 esse
1163 4960 1445 5023 insanum,
1478 4957 1575 5029 qui
1606 4972 1732 5011 mea
1760 4957 1926 5011 verba
1953 4958 2051 5013 deo

458 5045 687 5133 spexisti
698 5099 710 5120 ,
733 5055 789 5107 et
800 5048 1036 5123 putabas
1052 5052 1109 5102 te
1124 5052 1245 5102 esse
1259 5046 1439 5101 virum
1464 5046 1901 5117 spiritualcm,et
1920 5059 2052 5118 pro-

458 5148 651 5207 futura
676 5138 779 5196 tibi
805 5136 1094 5194 :etimabas
1117 5143 1174 5191 te
1205 5136 1391 5190 videre
1417 5151 1516 5217 per
1542 5135 1819 5206 Spiritum.
1855 5154 1877 5187 ‹
1912 5136 2049 5191 Pro‘

459 5241 586 5321 pter
615 5226 1033 5321 multitudinem
1065 5225 1378 5321 iniquitatis
1406 5231 1517 5278 tuae
1543 5228 1599 5278 et
1627 5224 2049 5321 multitudinem

458 5313 736 5397 amentiae.
763 5338 790 5371 ι
807 5313 872 5371 Id
898 5321 1000 5372 est.
1015 5316 1247 5401 prepter
1259 5314 1555 5367 innumera
1575 5318 1801 5393 peccata
1814 5314 2047 5368 multam

459 5390 631 5469 etiam
651 5403 944 5463 incurristi
980 5390 1304 5465 amentiam,
1337 5408 1401 5457 ut
1450 5390 1739 5473 proprium
1784 5401 2048 5455 amittens

457 5476 824 5581 intellectum,
847 5493 1096 5550 nescires
1122 5491 1257 5564 quid
1285 5504 1501 5562 ageres.
1533 5484 1691 5546 Unde
1713 5502 1817 5545 nec
1843 5502 1912 5544 ea
1924 5502 2047 5561 quae

2138 4430 2220 4483 eis
2231 4430 2759 4486 dominaretur:isti
2789 4439 2979 4488 autem
3010 4436 3067 4487 et
3083 4448 3272 4504 regem
3298 4431 3404 4489 sibi
3420 4438 3729 4508 elegerunt.

2139 4518 2434 4573 Jeroboam
2454 4519 2713 4575 videlicet
2749 4520 2930 4575 filium
2984 4522 3207 4576 Nabath
3250 4530 3447 4580 contra
3483 4525 3585 4581 Dei
3634 4541 3730 4582 vo-

2137 4606 2447 4672 luntatem;
2477 4607 2710 4679 insuper
2736 4622 2771 4663 a
2800 4609 2915 4664 Deo
2946 4617 3317 4673 recesserunt,
3346 4613 3549 4669 vitulos
3590 4630 3732 4686 quos

2134 4692 2253 4764 ipse
2309 4694 2519 4750 fecerat
2565 4696 2872 4755 adoranda.
2898 4713 2925 4749 α
2951 4698 3358 4755 Recordabitur
3405 4701 3732 4773 iniquitates

2134 4792 2348 4847 eorum,
2383 4796 2411 4838 ι
2433 4784 2864 4857 subaudis,un
2882 4798 3032 4841 nunc
3050 4787 3356 4858 putabatur
3365 4802 3484 4844 esse
3497 4791 3722 4859 oblitus,

2139 4886 2165 4923 α
2190 4877 2246 4925 et
2273 4867 2519 4927 visitabit
2539 4880 2767 4944 peccata
2795 4889 3010 4939 eorum,
3034 4893 3064 4928 ιι
3096 4876 3364 4932 subaudis
3379 4894 3480 4950 per
3496 4880 3730 4951 captivi.-

2132 4965 2310 5015 tatem
2337 4962 2396 5015 in
2430 4968 2686 5017 mortem.
2721 4965 2871 5018 Deus
2899 4965 3049 5019 enim
3070 4966 3373 5037 aliquando
3390 4968 3727 5025 oblivionem

2132 5064 2243 5104 non
2274 5051 2504 5121 patitur,
2531 5052 2625 5106 sed
2658 5057 2793 5106 tunc
2824 5054 3104 5109 recordari
3123 5055 3346 5119 dicitur,
3365 5058 3590 5137 quando
3606 5058 3730 5113 vin.

2132 5138 2338 5193 dictam
2368 5140 2751 5210 peccatoribus
2781 5143 3017 5197 reddere
3039 5144 3659 5215 cognoscitur.Possunt
3671 5152 3729 5202 et

2131 5227 2249 5281 haec
2276 5229 2473 5282 referri
2504 5225 2576 5283 ad
2604 5245 2699 5285 eos
2735 5231 2831 5305 qui
2859 5218 3142 5302 praepositi
3166 5231 3393 5287 fuerant
3445 5233 3722 5315 Ecclesiae,

2130 5315 2187 5367 id
2216 5318 2304 5368 est
2331 5315 2574 5387 episc0pi
2605 5323 2661 5372 et
2723 5318 3055 5401 presbyteri.
3105 5319 3215 5373 Sed
3252 5321 3362 5401 ipsi
3405 5336 3746 5400 perversam_

2130 5402 2443 5457 doctrinam
2481 5398 2749 5474 docendo,
2781 5402 2914 5462 facti
2945 5411 3078 5462 sunt
3113 5407 3237 5462 aliis
3264 5398 3501 5481 laqueus
3540 5411 3723 5483 perdi-

2126 5490 2313 5546 tionis.
