4062 6168
220 218 287 302 69.

1233 221 1652 305 ENARRATiO
1693 224 1773 279 IN
1812 224 1993 293 ossa
2029 222 2489 313 ΡῌΟΡῌΕΤᾼΜ.

291 365 315 397 ι
342 346 518 410 Quasi
546 347 667 401 vias
707 347 817 418 [ΑΙ.
851 346 1005 415 uvas]
1038 345 1097 399 in
1129 346 1351 399 deserto
1393 346 1579 400 inveni
1610 349 1808 413 Israel,
1830 352 1878 407 Α

3419 224 3492 285 70

2028 347 2294 418 Ephraim
2324 351 2388 399 ut
2402 342 2531 406 vidi,
2552 344 2735 416 Tyrus
2752 352 2874 402 erat
2894 348 3130 404 fundata
3156 349 3215 404 in
3242 351 3491 422 pulchri-

220 436 381 507 quasi
406 436 594 507 prima
622 448 793 507 poma
820 432 1089 489 ﬁculneae.
1124 453 1146 485 ι
1203 434 1266 488 Id
1310 439 1416 499 est,
1446 450 1570 489 cum
1621 430 1815 489 omnes
1896 437 2111 491 tudine.
2196 435 2379 507 Tyrus
2430 434 2624 489 civitas
2654 441 2786 489 erat
2825 436 3030 491 nobilis
3073 442 3131 491 et
3185 440 3490 497 multarum

216 531 414 595 gentes
441 525 681 579 desertae
711 530 900 577 essent
937 535 971 577 a
1011 523 1143 586 Deo,
1195 514 1356 592 cujus
1407 523 1665 577 notitiam
1704 538 1817 576 non
1899 523 2242 589 divitiarum,
2274 523 2333 577 in
2366 520 2549 576 medio
2583 523 2756 576 maris
2782 523 2911 585 sita,
2945 538 3003 579 et
3029 526 3325 581 dicebatur
3370 512 3494 583 em;

218 613 522 677 habebant,
556 614 745 668 inveni
777 614 1045 683 populum
1076 610 1267 673 Israel,
1292 614 1452 683 quasi
1479 612 1623 665 viam
1654 612 1712 665 in
1733 628 1818 667 so-
1899 613 2138 684 perium,
2171 628 2236 666 eo
2265 612 2411 682 quod
2443 625 2638 665 omnes
2666 611 2741 664 ibi
2775 612 3161 668 invenirentur
3179 615 3384 671 divitiae
3422 614 3493 671 ad

216 702 476 765 litudine,
529 708 588 755 et
616 703 763 756 sicut
788 700 947 755 avide
1000 699 1130 753 novi
1181 700 1392 753 fructus
1425 700 1634 753 inventi
1664 715 1816 752 com-
1899 702 2216 761 emendum,
2266 699 2634 770 plurimisque
2708 698 2918 755 civibus
2970 702 3310 758 abundabat.
3342 705 3497 769 Qua-

217 791 487 859 eduntur,
519 792 601 844 sic
647 790 908 855 omnibus
940 788 1205 859 gentibus
1247 787 1457 842 relictis
1487 790 1544 842 in
1573 787 1812 849 deserto,
1898 793 2128 860 propter
2150 788 2434 857 Ephraim,
2458 788 2511 841 id
2550 794 2636 841 est
2658 788 2850 842 decem
2882 790 3061 844 tribus
3110 793 3497 862 superbientes

216 879 540 948 huiusmodi
569 878 711 948 elegi
738 894 853 933 eos.
889 879 1005 931 Hoc
1036 883 1122 930 est
1143 876 1292 930 enim
1325 878 1472 947 quod
1503 874 1815 947 subjungit,
1899 879 1954 932 in
1986 876 2346 930 multitudine
2373 875 2697 931 divitiarum
2719 884 2775 929 et
2802 879 3136 948 pepulerunt
3164 864 3401 935 similem
3433 899 3495 938 se

220 986 244 1019 ι
274 958 441 1037 quasi
472 968 657 1038 prima
685 981 853 1037 poma
903 965 1175 1028 ﬁculneae,
1213 987 1234 1015 ι

1271 964 1539 1019 subaudis
1578 981 1700 1034 quae
1728 964 1821 1017 de-
1899 967 2047 1036 Tyro
2085 965 2317 1035 putavit,
2362 962 2599 1017 fundata
2635 964 2692 1017 in
2741 965 3174 1035 pulchritudine,
3199 969 3256 1022 id
3302 975 3388 1025 est
3434 971 3495 1028 in

214 1054 496 1109 lectabilis
534 1062 622 1108 est
651 1062 710 1109 et
754 1071 879 1108 cum
910 1070 1104 1108 amore
1132 1053 1436 1123 colligitur.
1491 1070 1517 1105 ι
1560 1051 1623 1107 In
1654 1068 1820 1106 cacu-
1900 1056 2113 1107 honore
2127 1059 2184 1106 et
2211 1053 2410 1107 decore
2440 1052 2746 1105 multarum
2771 1053 3116 1109 divitiarum.
3150 1056 3218 1110 Et
3255 1063 3340 1113 est
3368 1074 3492 1116 sen-

216 1144 371 1196 mine
396 1143 523 1213 ejus
577 1142 689 1196 vidi
721 1147 910 1212 patres
943 1156 1158 1196 eorum.
1192 1161 1220 1191 ιι
1257 1140 1367 1196 Hoc
1393 1146 1498 1199 est.
1540 1141 1598 1194 in
1654 1138 1817 1194 initio
1900 1159 2031 1197 sus:
2064 1143 2200 1196 Tam
2231 1141 2464 1212 pulcher
2493 1145 2620 1193 erat
2639 1141 2871 1211 (inquit)
2900 1140 3183 1212 Ephraim,
3217 1143 3312 1215 qui
3343 1163 3493 1204 nunc

216 1230 395 1300 ipsius
431 1231 627 1301 populi
654 1231 841 1298 gratia
876 1228 1271 1311 misericordiae
1299 1244 1437 1283 mese
1466 1228 1609 1298 elegi
1638 1226 1816 1282 Abra-
1900 1234 2154 1286 desertus
2175 1236 2278 1295 est,
2303 1236 2357 1284 et
2397 1231 2476 1283 sic
2505 1229 2820 1283 vallabatur
2850 1230 2949 1286 Dei
2978 1233 3203 1293 auxilio,
3229 1238 3295 1287 ut
3311 1230 3493 1307 Tyrus

218 1318 369 1383 bam,
409 1314 592 1383 Isaac,
619 1325 676 1372 et
705 1318 894 1379 Jacob,
928 1320 1057 1395 quia
1088 1319 1225 1373 mihi
1252 1320 1600 1390 placuerunt,
1636 1316 1817 1371 adhze-
1901 1319 1997 1391 qui
2022 1319 2164 1373 mari
2195 1318 2462 1387 cingitur,
2490 1322 2547 1370 et
2575 1316 2848 1386 procellas
2892 1331 2957 1370 ac
3001 1318 3256 1374 turbines
3298 1312 3497 1379 vento-

219 1413 408 1461 rentes
436 1407 552 1464 ﬁde
584 1410 641 1460 et
686 1406 848 1461 bonis
895 1406 1176 1477 operibus.
1211 1404 1415 1462 Videre
1458 1409 1662 1478 quippe
1692 1406 1813 1471 Dei,

219 1424 408 1461 rentes
436 1424 552 1464 uae
584 1424 641 1460 et
690 1424 848 1461 ooms
895 1424 1176 1477 operibus.
1220 1424 1415 1462 vmere
1458 1424 1550 1478 qui
1596 1424 1662 1477 pe
1694 1424 1813 1471 uel,

218 1495 481 1555 misereri
509 1499 614 1548 est.
653 1512 676 1545 ι
710 1494 827 1564 Ipsi
857 1503 1045 1549 autem
1071 1495 1425 1550 intraverunt
1446 1493 1517 1549 ad
1546 1424 1820 1567 geelphe-

1902 1424 2029 1463 rum
2058 1407 2402 1462 contemnit:
2456 1411 2513 1459 et
2559 1402 2704 1458 sicut
2745 1405 2926 1475 Tyrus
2970 1406 3152 1460 undas
3198 1408 3495 1466 adversum
3566 1456 3573 1465 ι

1903 1512 1963 1551 se
2012 1496 2369 1565 insurgentes
2418 1509 2528 1548 non
2580 1499 2742 1547 curat
2765 1532 2781 1557 ,
2835 1494 2915 1546 sic
2951 1493 3033 1549 illi
3086 1494 3187 1548 Dei
3258 1501 3497 1567 protecti

214 1596 338 1651 ger,
374 1600 398 1632 ι
434 1583 492 1641 id
534 1587 621 1637 est
660 1583 874 1637 idolum
914 1582 1307 1645 Moabitarum,
1361 1602 1383 1634 ι
1429 1586 1487 1636 et
1520 1577 1875 1655 abalienati_
1905 1585 2116 1639 auxilio
2147 1600 2246 1655 pro
2278 1583 2454 1637 nihilo
2518 1581 2796 1635 ducebant
2843 1595 3040 1635 omnes
3092 1584 3390 1640 adversum
3436 1604 3498 1644 se

219 1677 354 1725 sunt
386 1688 411 1721 ι
455 1668 513 1724 id
543 1677 647 1733 est,
680 1674 1049 1725 recesserunt.
1090 1690 1117 1724 α
1150 1670 1215 1725 In
1253 1668 1598 1741 profusione,
1636 1688 1661 1721 (ί
1694 1652 2277 1746 sub-Binsurgeiites.
2311 1691 2333 1724 ι
2372 1671 2638 1742 Ephraim
2693 1671 2939 1724 adducet
2985 1672 3056 1728 ad
3081 1670 3495 1731 interfectorem

220 1759 384 1821 audis
429 1759 541 1826 sui,
597 1778 618 1811 ι
655 1765 713 1813 et
739 1760 872 1813 facti
902 1760 1036 1813 sunt
1067 1756 1491 1823 abominabiles,
1525 1776 1546 1809 ι
1581 1758 1687 1813 hoc
1714 1761 1819 1823 est,

220 1848 536 1917 abjeetione
562 1844 738 1918 digni.
774 1864 801 1899 α
832 1848 1071 1902 Sicutea
1100 1863 1225 1918 quae
1253 1847 1593 1915 dilexerunt,
1618 1864 1644 1901 ι»
1662 1849 1825 1918 juxta

220 1936 360 1990 illud
385 1936 540 2006 quod
572 1936 844 2006 scriptum
873 1940 960 1990 est
1003 1938 1061 2011 in
1106 1935 1322 2006 psalmo
1352 1960 1363 1993 :
1401 1955 1423 1986 ε
1459 1934 1684 1991 Similes
1712 1932 1824 1988 illis

223 2026 364 2079 ﬁant
384 2024 487 2095 qui
516 2024 732 2077 faciunt
761 2040 845 2087 ea,
863 2030 919 2081 et
938 2038 1133 2078 omnes
1162 2023 1259 2095 qui
1287 2023 1577 2103 confidunt
1597 2022 1652 2078 in
1684 2020 1817 2087 eis,»

225 2118 287 2168 ut
312 2128 430 2167 non
459 2113 645 2166 solum
677 2113 1003 2175 idololatria,
1029 2112 1125 2166 sed
1156 2113 1325 2167 etiam
1359 2115 1480 2184 ipsa
1506 2112 1657 2167 idola
1685 2124 1826 2165 nun-

224 2208 521 2274 cupentur.
556 2201 632 2254 Ut
654 2204 845 2255 autem
884 2200 954 2255 ad
983 2199 1204 2275 fidelem
1237 2196 1504 2275 populum
1538 2199 1647 2255 ista
1686 2198 1826 2254 refe-

224 2280 439 2355 ramus,
467 2289 529 2342 in
566 2290 789 2343 deserto
819 2290 989 2369 hujus
1018 2288 1224 2355 seaculi,
1261 2286 1327 2343 id'
1360 2296 1445 2344 est
1477 2304 1605 2343 cum
1644 2286 1825 2342 omnis

226 2379 476 2432 mundus
507 2382 802 2432 teneretur
826 2378 884 2431 in
913 2382 1159 2453 peccato,
1193 2381 1249 2432 et
1275 2383 1471 2459 gentes
1498 2378 1826 2448 ignorarent

227 2468 426 2531 Deum,
442 2467 693 2537 primum
715 2466 773 2518 in
792 2465 1060 2536 apostolis
1089 2468 1146 2519 et
1174 2464 1495 2536 apostolicis
1515 2465 1648 2519 viris
1674 2462 1826 2518 inve-

227 2556 601 2609 nitDominus
630 2554 901 2624 populum
915 2554 1299 2631 Christianum
1330 2560 1517 2608 mente
1541 2551 1717 2608 Deum
1741 2549 1823 2608 vi-

227 2645 549 2708 deatem,et
568 2642 911 2696 dulcissimis
934 2656 1125 2696 eorum
1155 2644 1391 2696 satiatus
1417 2648 1502 2696 est
1526 2642 1817 2699 fructibus.

230 2733 337 2787 Sed
348 2731 605 2786 haeretici
622 2730 718 2800 qui
739 2730 843 2783 sibi
854 2744 1057 2783 nomen
1070 2728 1511 2785 Christianitatis
1529 2734 1803 2802 usurpant
1815 2772 1823 2792 .

225 2822 591 2876 intraverunt
610 2819 681 2873 ad
710 2818 1079 2889 Beelphegor,
1113 2817 1419 2873 servientes
1443 2818 1684 2873 libidini.
1716 2818 1829 2874 Dif-

1905 1765 2050 1820 ﬁlios
2078 1780 2228 1817 suos.
2251 1782 2272 1812 ι
2306 1760 2726 1815 lnterfectorem
2748 1759 3125 1828 intelligamus
3141 1763 3396 1817 Azaelem
3413 1780 3499 1819 re-

1904 1868 2033 1923 gem
2067 1852 2259 1922 Syriae,
2295 1850 2390 1919 qui
2421 1847 2737 1902 Samariam
2775 1848 2942 1915 longe
2977 1850 3232 1918 tempore
3256 1850 3494 1919 obsedit,

1906 1954 2196 2011 quousque
2222 1936 2371 1991 fame
2384 1940 2617 2005 cogente
2646 1935 2715 1987 ad
2746 1950 2873 1988 eum
2887 1936 3122 2001 exirent,
3154 1937 3496 1996 arbitrantes

1908 2028 2013 2083 sibi
2042 2028 2237 2081 utilius
2264 2040 2389 2079 cum
2419 2024 2606 2094 gladio
2635 2022 2819 2076 subito
2866 2024 3068 2093 perire,
3102 2039 3271 2095 quam
3327 2028 3498 2100 longa

1908 2116 2112 2171 inedia.
2127 2112 2488 2185 'I‘ropologice
2522 2111 2766 2169 haeretici
2786 2107 3181 2181 intelliguntur
3208 2113 3495 2185 prraim,

1906 2221 2031 2275 quae
2059 2203 2230 2257 veluti
2250 2198 2540 2255 instabiles
2558 2205 2616 2254 et
2641 2190 2832 2253 lascivi
2848 2200 2919 2253 de
2940 2199 3182 2257 Ecclesia
3204 2188 3498 2272 recedunt,

1908 2299 1965 2347 et
1990 2292 2309 2363 gloriantur
2324 2290 2382 2344 in
2402 2288 2767 2343 multitudine
2796 2289 3061 2351 ﬁliorum,
3082 2304 3220 2359 quos
3250 2306 3352 2362 per
3365 2307 3499 2363 pra-

1906 2394 2035 2435 vum
2064 2381 2267 2450 dogma
2295 2379 2401 2433 sibi
2419 2376 3034 2449 generant,quibusque
3053 2366 3325 2435 Dominus
3355 2394 3505 2438 com-

1906 2470 2175 2534 minatur,
2209 2466 2428 2521 etiamsi
2482 2465 2714 2519 enutriti
2742 2462 2957 2518 fuerint
2996 2466 3325 2535 puniendos,
3360 2484 3503 2541 quo-

1906 2558 2054 2611 niam
2086 2573 2150 2610 ex
2183 2554 2553 2610 fornicatione
2571 2558 2705 2607 sunt
2715 2550 2911 2622 geniti,
2944 2550 3069 2608 ideo
3091 2561 3147 2609 et
3167 2562 3353 2625 patres
3378 2559 3502 2615 abs-

1908 2658 2015 2714 que
2045 2641 2236 2698 liberis
2259 2642 2591 2703 redduntur,
2617 2641 2748 2693 dum
2764 2640 2932 2693 simul
2952 2641 3209 2713 discipuli
3230 2660 3356 2699 cum
3378 2661 3505 2718 pra-

1906 2733 1990 2786 vis
2013 2736 2251 2802 pereunt
2282 2728 2591 2799 magistris,
2624 2729 2694 2787 de
2723 2728 2929 2798 quibus
2949 2736 3006 2785 et
3034 2730 3325 2788 subditur:
3359 2754 3383 2784 ι
3406 2734 3502 2792 νε

1909 2821 1991 2875 eis
2027 2837 2154 2875 cum
2182 2832 2465 2873 recessero
2489 2816 2559 2870 ab
2591 2816 2692 2871 eis.
2730 2834 2752 2864 ι
2780 2815 3072 2888 Simulque
3109 2821 3346 2890 replicat
3367 2836 3503 2893 qua.

226 2911 371 2965 ﬁcile
390 2915 482 2964 est
516 2909 690 2969 enim,
727 2912 791 2961 ut
818 2906 1015 2969 beatus
1044 2908 1418 2985 Hieronymus
1465 2910 1619 2975 dicit,
1651 2909 1981 2985 heare-niis
2006 2909 2180 2963 fuerit
2215 2907 2502 2978 prraim,
2537 2905 2758 2976 quando
2778 2904 3004 2976 (inquit)
3027 2908 3225 2961 eratin
3257 2910 3503 2968 Ecclesia

226 2999 409 3053 ticum
458 2997 729 3067 reperire,
782 2997 879 3066 qui
927 2995 1127 3066 diligat
1153 2997 1491 3062 castitatem,
1538 2998 1672 3051 licet
1700 3015 1825 3051 eam

229 3089 414 3161 soleat
438 3102 540 3149 ure
566 3085 855 3156 praeferre.
909 3084 1040 3154 quia
1068 3085 1221 3149 aliud
1252 3085 1503 3156 loquitur
1540 3086 1723 3151 labiis,
1771 3103 1830 3141 a-

230 3177 352 3249 liud
385 3180 578 3247 servat
605 3173 965 3240 conscientia,
1009 3179 1067 3239 et
1108 3174 1307 3244 implet
1337 3189 1527 3245 apere.
1575 3175 1735 3234 Unde
1772 3181 1831 3233 et

229 3263 642 3337 abominabiles
669 3263 934 3329 existunt,
963 3262 1096 3329 facti
1120 3262 1420 3328 immundi.
1447 3264 1597 3320 sicut
1626 3278 1833 3334 eaquae

229 3352 575 3423 dilexerunt.

302 3459 329 3499 ᾳ
370 3437 637 3513 Ephraim
652 3437 815 3509 quasi
842 3437 960 3505 avis
975 3438 1233 3503 avolavit.
1272 3463 1295 3486 ιι
1331 3440 1449 3501 Hoc
1478 3439 1831 3509 est,pcmulus

232 3529 425 3593 decem
484 3525 740 3593 tribuum
792 3527 1052 3593 velociter
1087 3533 1299 3591 terram
1337 3527 1620 3598 propriam
1668 3527 1832 3587 amit-

230 3622 372 3685 tens.
403 3615 624 3683 abiitin
656 3614 1053 3699 captivitatem-
1076 3618 1252 3679 Avem
1290 3621 1479 3677 autem
1528 3616 1832 3686 appellavit

233 3722 362 3779 eum
383 3704 682 3776 propheta.
716 3709 779 3769 ut.
807 3704 1049 3769 velocem
1075 3703 1134 3773 in
1160 3703 1496 3774 Babylonem
1525 3705 1832 3771 transitum

233 3794 673 3857 demonstraret.
695 3811 717 3855 ς
743 3791 932 3859 Gloria
945 3808 1138 3857 eorum
1157 3808 1191 3855 ξι
1207 3798 1371 3861 partu
1384 3798 1442 3853 et
1460 3791 1532 3853 ab
1550 3799 1710 3851 utero
1724 3799 1784 3849 et
1800 3810 1834 3850 α

237 3887 535 3956 conceptu.
581 3900 604 3931 ι
631 3879 902 3953 subaudis
930 3880 1186 3946 avolavit.
1220 3880 1578 3942 Gloriabatur
1596 3883 1838 3952 populus

237 3971 429 4041 deosin
440 3968 765 4043 ﬁliumin
777 3968 1138 4037 multitudine
1148 3968 1393 4033 filiorum
1408 3975 1465 4030 et
1477 3970 1839 4032 multitudine

240 4060 609 4129 exercituum.
644 4063 701 4127 ξι
713 4055 773 4125 in
787 4074 853 4111 80
872 4072 932 4119 $8
963 4059 1234 4128 maiorem
1258 4057 1565 4121 arbitratus
1580 4065 1669 4114 est
1686 4058 1723 4115 J
1726 4060 1840 4116 uda

242 4149 417 4217 fratre
429 4164 558 4215 sua.
571 4146 706 4217 quia
731 4146 851 4217 ipse
869 4146 1063 4213 decem
1083 4146 1458 4211 tribubusille
1472 4147 1689 4207 duobus
1706 4164 1842 4218 pm

1844 2958 1894 3022 C

1908 2998 2059 3075 inter
2086 2997 2271 3053 saeculi
2300 2996 2469 3065 hujus
2499 2993 2888 3060 tentationem,
2923 2990 3082 3064 quasi
3097 2992 3277 3067 Tyrus
3296 3001 3503 3056 tunde-

1910 3087 2079 3141 batur
2104 3085 2337 3139 marinis
2366 3082 2646 3146 ﬂuctibus,
2672 3089 2929 3141 attamen
2951 3078 3319 3141 nihiladversi
3341 3094 3503 3159 pote-

1911 3178 2000 3230 rat
2014 3175 2311 3236 sustinere,
2336 3173 2467 3244 quia
2482 3172 2725 3226 habebat
2743 3172 3170 3228 fundamentum
3192 3176 3503 3247 Christum,

1912 3280 2082 3334 super
2103 3263 2252 3333 quod
2277 3261 2479 3316 domus
2498 3256 2771 3315 mdiﬁcata
2804 3274 2915 3314 non
2931 3267 3115 3331 potest
3142 3267 3507 3324 everti.Nullc

1912 3359 2101 3406 autem
2138 3351 2288 3404 filios
2316 3364 2450 3404 suos
2474 3350 2659 3409 educit
2688 3349 2759 3403 ad
2800 3349 3233 3416 interfectorem,
3267 3355 3371 3410 hoc
3393 3364 3500 3425 est,

1911 3442 1981 3495 ad
2001 3439 2409 3510 diabolum,qui
2440 3438 2780 3492 aeternaliter
2794 3438 3014 3495 animas
3038 3454 3236 3510 pravas
3259 3439 3505 3513 jugulat.

1913 3531 1982 3584 Et
2007 3529 2238 3600 pulchre
2257 3528 2412 3593 dicit,
2438 3547 2467 3578 α
2498 3527 2701 3589 educit,
2730 3545 2755 3578 »
2780 3526 2835 3579 id
2868 3532 2974 3595 est,
3004 3528 3073 3581 de
3104 3530 3347 3585 Ecclesia
3376 3532 3512 3589 facit

1913 3618 2127 3673 extrahi
2154 3617 2323 3670 foras.
2357 3613 2645 3670 Moraliter
2656 3612 2800 3668 illius
2824 3614 3089 3685 Ephraim
3111 3632 3409 3686 possumus
3427 3620 3511 3676 di-

1914 3723 2039 3761 cere
2067 3706 2434 3776 oog-itationes
2461 3704 2749 3774 pessimae,
2801 3709 2856 3757 et
2910 3706 3194 3760 contraria
3243 3707 3512 3778 dogmata

1915 3794 2157 3857 veritati,
2193 3806 2316 3863 quae
2344 3792 2533 3845 omnia
2564 3790 2839 3851 Dominus
2867 3790 3148 3858 interficit,
3180 3809 3281 3849 nec
3310 3812 3510 3867 pecca-

1920 3889 2071 3937 tores
2102 3882 2244 3936 tales
2285 3876 2491 3935 liberos
2517 3880 2725 3939 habere
2750 3876 2978 3950 patitur,
3022 3896 3162 3951 quas
3175 3886 3518 3941 aeternaIiter

1919 3970 2332 4040 derelinquens,
2355 3982 2482 4023 cum
2503 3969 2622 4023 suis
2643 3969 2826 4038 pravis
2849 3969 3206 4038 dogmatibus
3230 3978 3287 4025 et
3300 3972 3512 4043 iniquis

1919 4057 2352 4130 cogitationibus
2381 4057 2560 4127 punit.
2594 4052 2754 4115 Unde
2779 4062 2889 4110 est:
2926 4052 2991 4111 In
3020 4058 3122 4111 illa
3149 4059 3240 4112 die
3252 4060 3514 4131 peribunt

1922 4164 2118 4204 omnes
2137 4146 2509 4216 cogitationes
2525 4162 2739 4200 eorum.
3260 4133 3267 4142 ’

245 4237 369 4306 fuit.
386 4234 693 4305 Habebunt
716 4250 850 4334 περ
871 4234 1144 4343 ρξιιι-ῆῐῃοε
1165 4235 1537 4306 ﬁlioa,quibus
1555 4236 1905 4343 gloriame
1996 4256 2019 4287 ι
2052 4236 2137 4289 Da
2157 4232 2257 4299 eis,
2289 4234 2541 4296 Domine.
2579 4232 2896 4343 Quid’dabis
2923 4228 3004 4289 eis
3021 4234 3049 4287 φ
3067 4235 3152 4289 Da
3177 4236 3260 4291 eis
3290 4239 3509 4296 vulvam

244 4324 671 4397 tunqniumnee
684 4322 887 4393 captivi
905 4322 1059 4389 ducti
1078 4328 1333 4389 militum
1353 4324 1522 4385 etiam
1538 4325 1837 4393 interfecti,
1857 4318 1902 4343 ν
1922 4323 2043 4377 sine
2070 4323 2262 4377 liberis
2275 4328 2335 4377 et
2350 4322 2528 4378 ubera
2553 4318 2793 4378 arentia.
2827 4341 2851 4373 ι
2881 4324 2966 4378 Ne
2994 4324 3083 4378 his
3103 4338 3227 4396 qua:
3246 4327 3398 4383 Deus
3410 4344 3513 4401 pro

247 4420 306 4485 et
331 4413 597 4479 avolavit,
631 4418 737 4477 hoc
767 4416 873 4479 est.
904 4410 1089 4477 subito
1121 4410 1305 4475 omnis
1343 4426 1541 4473 eorum
1581 4412 1845 4484 glori

248 4518 363 4575 qua
378 4498 438 4556 in
457 4502 592 4565 ﬁliis
612 4499 1021 4571 gloriabantur,
1040 4500 1287 4567 recessit.
1298 4502 1454 4562 Unde
1469 4507 1527 4560 et
1544 4502 1805 4559 subditur
1825 4522 1839 4557 :

1922 4411 2307 4471 benedictione
2324 4408 2478 4465 dedit
2492 4412 2636 4466 male
2651 4416 2962 4477 utamur,et
2973 4412 3031 4467 in
3067 4417 3350 4471 contrario
3370 4434 3521 4489 quae-

1925 4516 2034 4571 que
2051 4500 2122 4554 ab
2136 4516 2202 4554 eo
2225 4501 2360 4563 data
2378 4506 2513 4554 sunt
2525 4503 3166 4573 convertamur,expedit
3176 4510 3240 4558 ut
3250 4507 3518 4563 auferan-

320 4607 353 4653 ς
382 4590 631 4659 quodet
652 4589 700 4643 si
727 4589 1066 4655 enutrierint
1092 4590 1238 4653 ﬁlios
1265 4591 1634 4662 suos,absque
1655 4592 1846 4647 liberis
1924 4596 2021 4644 tur
2053 4603 2088 4642 a
2119 4586 2562 4659 nobis.Denique
2597 4602 2725 4642 cum
2773 4589 2934 4643 nobis
2965 4590 3161 4661 lingua
3189 4594 3322 4647 data
3350 4596 3423 4651 sit
3445 4599 3518 4653 ad

246 4694 346 4739 eos
369 4677 572 4747 faciam
605 4676 665 4730 in
686 4675 1028 4740 hominibus,
1067 4696 1092 4737 η
1126 4677 1180 4738 id
1211 4684 1315 4742 est.
1348 4679 1396 4737 si
1426 4680 1845 4737 multitudinem

244 4765 555 4835 liberorum
604 4766 1087 4834 conﬁrmaverint.
1120 4771 1179 4822 et
1217 4767 1504 4827 licentiam
1552 4768 1840 4824 nutriendi

244 4853 715 4923 habuerintmihii
738 4854 818 4919 οἱς
840 4855 1107 4924 proderit.
1137 4857 1270 4927 quia
1307 4857 1604 4915 tradentur
1626 4859 1768 4921 neci,
1787 4864 1845 4913 et

246 4942 451 5011 iaciam
468 4947 535 5009 ut
564 4958 677 5009 non
702 4942 1018 5011 glorientur
1038 4943 1095 5003 in
1124 4945 1226 5008 eis,
1264 4945 1397 5015 quia
1435 4946 1700 5002 videbunt
1718 4947 1845 5002 illos

247 5031 513 5095 interﬁci,
538 5037 595 5095 et
620 5029 694 5096 ab
726 5030 981 5095 hostibus
1008 5032 1631 5105 captivarimmterisquo
1657 5037 1844 5090 natio-

1926 4680 2104 4734 Deum
2125 4678 2555 4743 iaudandum,et
2570 4692 2694 4749 quis
2708 4677 2854 4731 bona
2869 4680 3307 4749 suntlequenda,
3328 4684 3375 4737 si
3393 4682 3521 4755 quis

1927 4784 1993 4822 ea
2008 4767 2277 4831 abutatur
2294 4767 2354 4820 in
2375 4765 2804 4837 blasphemiam,
2827 4772 3022 4819 contra
3045 4766 3192 4823 hunc
3219 4769 3521 4830 Psalmista

1923 4857 2291 4927 deprecatur:
2331 4872 2353 4904 ι
2385 4855 2542 4908 Muta
2572 4856 2711 4908 ﬂant
2746 4854 2895 4907 labia
2934 4850 3147 4919 dolosa,
3184 4877 3208 4905 ο
3242 4863 3347 4913 etc.
3375 4860 3521 4925 Quia

1926 4961 2058 5015 ergo
2080 4944 2344 5015 Ephraim
2373 4942 2724 5014 gloriabatur
2743 4942 2800 5003 in
2812 4948 2975 4998 utero
3001 4945 3135 5003 etin
3162 4954 3434 5020 conceptu
3463 4956 3524 5008 et

1925 5038 2111 5104 partu,
2138 5039 2197 5087 et
2223 5033 2284 5086 in
2318 5033 2652 5103 populorum
2678 5031 3169 5105 multitudine,pro
3188 5036 3391 5106 quibus
3411 5039 3523 5095 eia.

250 5120 419 5183 nihili
444 5121 505 5189 in
530 5120 839 5191 propagine
862 5120 1109 5185 filiorum
1148 5122 1488 5189 latentibus,
1520 5124 1627 5194 ipsi
1680 5129 1849 5179 erunt
1924 5129 2018 5177 tus
2044 5123 2102 5176 in
2130 5121 2451 5192 superbiam
2479 5120 2749 5185 tumebat,
2781 5135 2910 5175 cum
2942 5123 3126 5193 potius
3157 5125 3387 5182 deberet
3413 5127 3524 5185 hu-

252 5208 463 5279 absque
490 5208 702 5275 liberis.
738 5228 765 5267 ii
799 5208 911 5271 Sed
939 5214 998 5269 et
1030 5225 1111 5271 νεα
1133 5210 1234 5277 eis.
1282 5228 1411 5275 cum
1448 5226 1731 5268 recessero
1774 5213 1849 5267 ab
1927 5211 2133 5265 miliari
2160 5218 2219 5265 et
2260 5212 2377 5264 Deo
2394 5210 2607 5279 gratias
2637 5223 2826 5280 agere,
2853 5212 2949 5281 qui
2989 5227 3085 5266 eos
3118 5214 3522 5286 multiplicare-

254 5297 538 5364 eisJQuia
562 5298 713 5363 mini
729 5296 838 5367 ipsi
851 5304 1261 5362 Iacesmuma
1277 5315 1385 5361 me,
1410 5305 1579 5372 δίθεο
1591 5302 1847 5356 recedam

1930 5305 2038 5365 rat,
2070 5300 2320 5369 loquitur
2366 5298 2638 5370 prepbeta
2663 5299 2734 5352 ad
2772 5298 3093 5365 Dominum,
3118 5302 3348 5359 dicens:
3382 5325 3410 5360 ι
3442 5305 3526 5362 Da

260 5384 329 5447 ab
357 5386 458 5451 eis,
491 5392 744 5456 tuncque
777 5385 1028 5450 sentient
1053 5402 1150 5453 van,
1186 5387 1293 5445 hoc
1316 5393 1404 5444 est
1429 5388 1850 5445 damnationem
1932 5390 2033 5453 eis,
2056 5387 2308 5452 Domine,
2335 5405 2361 5439 ι
2390 5388 2607 5459 sibique
2646 5387 2753 5458 ipsi
2786 5384 3113 5459 respondet.
3140 5408 3167 5440 ι
3190 5392 3338 5456 Quid
3366 5392 3525 5451 dabis

262 5483 546 5545 milia.
576 5491 710 5541 eum
727 5490 899 5539 omne
915 5489 1107 5537 meum
1132 5476 1480 5549 perdiderint
1500 5477 1789 5541 auxilium.

1933 5478 2057 5533 eis?
2089 5496 2116 5530 la
2150 5475 2222 5541 Et
2248 5478 2441 5532 statim
2480 5476 2840 5552 impreoaudo
2871 5469 2931 5532 et
2962 5482 3317 5561 provocando
3340 5482 3523 5542 Deum
