4062 6168
481 301 546 358 71

890 288 1270 349 HAYMONIS
1306 275 1792 343 HALBERSTAT.
1835 269 2064 326 EPISC.
2112 265 2272 322 OPP.
2315 264 2519 320 PARS.
2560 265 2606 318 Ι.
2646 291 2708 304 --
2744 260 3116 317 COMMENT.
3155 259 3341 316 BIBL.

3687 256 3757 315 7‘2

483 423 751 477 adversus
778 419 924 482 illos,
957 414 1258 471 subinfert:
1290 412 1374 465 Da
1403 409 1485 462 eis
1513 405 1730 459 vulvam
1755 397 2004 454 sterilem
2018 395 2513 461 etAnequaquam
2544 388 2769 450 facient,
2799 387 2854 441 id
2885 393 2986 452 est,
3022 387 3168 441 filios
3218 403 3331 441 non
3375 385 3755 457 generabunt,

485 511 661 565 ubera
686 508 921 573 arentia,
944 523 1015 559 ne
1047 504 1262 558 scilicet
1278 499 1522 553 habeant
1549 508 1746 548 causas
1776 485 2072 558 superbia,

489 605 547 653 et
573 599 629 652 in
662 614 771 668 quo
799 594 1027 666 gloriari
1057 593 1258 651 solent,
1287 589 1344 642 in
1374 588 1476 640 hoc
1509 580 1942 668 confundantur.
1978 573 2079 627 Su-

489 665 695 758 perbia—
713 665 862 741 enim
894 685 953 738 in
979 683 1059 737 eis
1088 685 1209 735 erat
1238 673 1538 732 multitudo
1560 665 2075 732 ﬁliorum.ideoque

490 754 570 831 ait
598 795 608 828 :
666 777 746 831 Da
777 775 859 829 eis
905 772 1123 826 vulvam
1169 766 1437 828 sterilem,
1470 779 1540 815 ne
1571 758 1781 814 scilicet
1807 754 2076 823 generent

489 863 654 928 filios,
703 868 760 916 et
808 862 881 914 da
917 859 1088 913 ubera
1119 855 1357 919 arentia,
1389 856 1472 915 ut,
1506 845 1726 903 etiamsi
1753 840 2074 913 genuerint,

491 969 604 1006 non
635 950 880 1005 habeant
911 948 1057 1002 unde
1089 961 1182 998 eos
1212 945 1423 997 lactare
1443 937 1677 1010 possint.

565 1060 587 1091 ε
619 1040 832 1094 Omnes
855 1035 1115 1106 nequitia
1145 1047 1340 1086 eorum
1366 1029 1424 1082 in
1457 1024 1675 1094 Galgal,
1706 1021 1840 1092 quia
1876 1018 1952 1072 ibi
1981 1033 2077 1070 ex-

491 1147 616 1185 osos
637 1128 807 1182 habui
829 1143 941 1181 eos.
955 1145 976 1175 ι
997 1126 1060 1178 In
1081 1121 1280 1190 Galgal
1296 1117 1430 1174 Saul
1450 1121 1652 1169 unctus
1675 1117 1763 1164 est
1782 1109 1839 1162 in
1864 1121 2074 1176 regem,

489 1218 749 1274 Samuele
778 1217 920 1269 iram
951 1213 1052 1267 Dei
1072 1210 1278 1282 populo
1298 1205 1612 1260 nuntiante.
1635 1199 1715 1254 Ibi
1743 1195 1963 1266 (inquit)
1986 1210 2081 1247 ex-

487 1324 615 1362 osos
635 1305 809 1360 habui
826 1301 1081 1371 eos.quia
1102 1313 1292 1369 regem
1309 1294 1592 1349 hominem
1615 1289 1691 1343 ibi
1710 1286 2077 1359 postulantes,

488 1414 523 1450 a
561 1411 684 1449 meo
717 1391 954 1462 imperio
976 1390 1350 1444 recesserunt.
1371 1382 1548 1437 Aliter
1573 1398 1584 1432 :
1616 1376 1881 1446 Legimus
1911 1372 1967 1425 in
1990 1370 2083 1424 Li-

493 1483 596 1537 bro
627 1484 761 1536 Jesu
791 1460 961 1542 Nave,
995 1477 1142 1548 quod
1173 1476 1230 1528 in
1252 1473 1449 1542 Galgal
1480 1469 1716 1540 populus
1736 1460 2083 1517 Israeliticus

499 1570 742 1626 secundo
772 1569 941 1622 fuerit
969 1563 1349 1625 circumcisus,
1383 1559 1476 1613 ubi
1507 1558 1674 1611 etiam
1706 1558 1902 1624 postea
1921 1552 2081 1624 quasi

496 1675 669 1714 causa
698 1655 981 1727 religionis
1011 1655 1255 1725 primum
1293 1653 1583 1719 coeperunt
1610 1647 1793 1699 colere
1824 1643 1993 1706 idola,
2025 1641 2083 1694 in

2161 480 2244 533 vel
2279 479 2424 532 bona
2455 495 2625 548 opera
2654 493 2767 530 non
2788 476 3093 530 habebunt.
3130 493 3156 527 α
3189 475 3345 538 Quod
3378 482 3434 528 et
3464 475 3512 528 si
3543 490 3761 542 genue-

2159 569 2292 628 rint,
2331 565 2668 619 interficiam
2695 563 3087 617 amantissima
3111 563 3262 616 uteri
3289 579 3506 616 eorum.
3529 563 3625 616 )ld
3660 566 3761 622 est,

2159 655 2206 708 si
2236 655 2645 723 contigeriteos
2667 652 2868 706 habere
2900 651 3044 705 filios
3074 656 3272 704 contra
3294 668 3476 704 meam
3510 653 3769 704 volunta-

2159 748 2292 804 tem,
2329 743 2466 796 nihil
2495 743 2574 796 eis
2605 741 2874 812 proderit,
2915 740 3047 809 quia
3090 739 3426 793 interficiam
3470 747 3641 794 natos
3673 759 3766 796 eo-

2159 848 2306 885 rum.
2342 849 2481 902 quos
2525 830 2827 884 admodum
2875 828 3134 898 diligunt.
3170 829 3286 882 Hoc
3316 835 3402 882 est
3430 829 3581 882 enim
3618 832 3767 900 quod

2160 937 2330 991 supra
2365 921 2464 974 ait:
2493 919 2652 984 Quod
2683 919 2730 972 si
2759 917 3097 972 enutrierint
3124 917 3288 982 filios,
3323 917 3538 988 absque
3564 918 3766 973 liberis

2159 1025 2254 1062 eos
2280 1009 2498 1062 faciam.

2235 1116 2262 1148 ι
2287 1097 2526 1166 Abjiciet
2543 1113 2637 1149 eos
2651 1096 2799 1149 Deus
2821 1094 3139 1164 meus,quia
3153 1111 3263 1148 non
3286 1096 3591 1158 audierunt
3615 1113 3766 1162 eum,

2164 1190 2221 1238 et
2241 1192 2408 1238 erunt
2437 1186 2562 1254 vagi
2604 1185 2662 1237 in
2708 1183 3051 1237 nationibus.
3093 1203 3113 1232 ι
3147 1183 3347 1236 Varias
3385 1185 3638 1239 culturas
3669 1204 3773 1256 per

2165 1275 2386 1328 diversa
2407 1274 2529 1327 loca
2557 1271 3006 1342 sequendo,quia
3030 1272 3337 1326 noluerunt
3361 1289 3484 1326 esse
3513 1274 3682 1328 solidi
3713 1275 3774 1330 in

2166 1363 2335 1416 unius
2364 1362 2480 1415 veri
2504 1361 2863 1415 veneratione
2893 1361 3013 1414 Dei.
3047 1361 3353 1415 Possumus
3390 1362 3496 1416 hoc
3522 1379 3776 1432 genera-

2167 1451 2298 1504 liter
2327 1451 2638 1520 intelligere
2683 1451 2751 1503 de
2799 1448 3059 1503 omnibus
3097 1448 3327 1515 Judais,
3361 1467 3605 1519 quorum
3638 1452 3777 1522 quia

2168 1538 2446 1608 principes
2474 1555 2507 1590 a
2536 1537 2774 1591 Domino
2800 1541 3170 1602 recesserunt,
3189 1543 3475 1591 moventes
3495 1539 3774 1608 populum

2165 1632 2232 1681 ut
2261 1643 2388 1681 eum
2419 1627 2488 1679 ad
2519 1631 2758 1679 mortem
2790 1631 3135 1696 expeterent,
3167 1626 3332 1695 ejecit
3361 1643 3456 1680 eos
3493 1627 3564 1680 de
3601 1628 3776 1682 domo

493 1763 733 1817 quorum
749 1713 969 1798 editura
985 1713 1174 1795 olmnia
1193 1739 1404 1792 scelera
1428 1734 1847 1789 commiserunt.
1875 1731 2084 1784 Verum
2107 1738 2153 1797 Β
2170 1732 2290 1779 503a
2325 1721 2382 1768 et
2411 1731 2523 1768 non
2552 1713 2710 1767 addit
2736 1719 2799 1767 ιη
2825 1713 3022 1784 diligat
3042 1730 3156 1767 805-
3181 1715 3434 1777 Quorum
3458 1716 3617 1770 radix
3647 1733 3774 1787 Pe!"

493 1835 627 1905 quia
670 1833 868 1902 Galgal
899 1828 1182 1891 revelatio,
1231 1827 1343 1880 sive
1374 1821 1726 1877 volutabrum
1757 1821 2090 1890 interpreta-

491 1927 604 1988 tur,
630 1922 772 1976 bene
800 1919 1062 1991 nequitia
1087 1915 1477 1971 haereticorum
1509 1913 1565 1965 in
1599 1909 1797 1980 Galgal
1831 1924 1953 1962 esse
2000 1906 2087 1959 di-

491 2017 714 2075 cuntur,
745 2027 810 2064 eo
831 2009 979 2080 quod
1001 2004 1414 2060 manifestanda
1435 2017 1607 2072 Opera
1635 2015 1850 2061 eorum,
1867 1997 2086 2066 ipsique

493 2099 607 2154 sint
625 2100 697 2153 ad
726 2099 936 2152 inferos
965 2093 1312 2149 devolvendi.
1347 2089 1462 2160 Ipsi
1493 2089 1643 2142 enim
1672 2085 1944 2140 veraciter
1958 2083 2084 2137 odio

493 2187 650 2257 digni
675 2191 825 2249 sunt,
849 2184 982 2255 quia
1000 2187 1195 2236 contra
1221 2182 1399 2234 Deum
1431 2176 1723 2231 mendacia
1753 2175 2080 2242 loquuntur.

569 2293 596 2328 α
629 2276 865 2344 Propter
902 2271 1174 2325 malitiam
1212 2266 1674 2322 adinventionum
1714 2278 1927 2317 eorum.
1964 2281 1986 2310 ι
2021 2259 2084 2314 Id

495 2368 602 2428 est,
633 2367 862 2433 propter
889 2360 1166 2414 idolorum
1185 2358 1660 2424 culturam,quam
1683 2352 1788 2423 ipsi
1807 2349 2084 2404 malitiose

494 2452 791 2507 adversum
822 2466 912 2503 me
949 2449 1302 2510 invenerunt,
1341 2462 1366 2496 ι
1397 2444 1466 2497 de
1511 2442 1677 2494 domo
1709 2456 1836 2494 mea
1863 2437 2085 2508 ejiciam

495 2556 610 2603 eos,
659 2559 682 2590 ι
711 2539 768 2593 id
799 2531 902 2603 est,
938 2537 1008 2590 de
1037 2534 1255 2598 Bethel,
1289 2550 1410 2603 qua
1465 2531 1665 2585 domus
1695 2529 1796 2582 Dei
1846 2526 2076 2581 dicitur.

497 2627 623 2683 Sive
676 2627 844 2681 etiam
904 2626 1136 2679 domum
1175 2621 1399 2676 Domini
1437 2635 1733 2691 possumus
1771 2615 2087 2683 intelligere

498 2717 722 2781 calum,
755 2716 825 2770 de
863 2731 972 2786 quo
999 2712 1160 2784 ejecti
1190 2716 1345 2777 sunt;
1380 2710 1514 2780 quia
1543 2707 1870 2762 deficientes
1898 2719 2090 2772 corpo-

495 2822 576 2873 re,
615 2805 673 2858 in
702 2804 894 2858 anima
926 2819 1149 2874 quoque
1176 2799 1520 2854 aternaliter
1547 2801 1802 2868 pereunt.

573 2915 590 2943 σ
630 2894 754 2948 Non
783 2892 987 2946 addam
1019 2896 1083 2944 ut
1107 2889 1337 2959 diligam
1369 2905 1481 2942 eos.
1518 2904 1543 2937 ι
1579 2884 1944 2954 Perspicuum
1983 2886 2085 2946 est,

497 2982 644 3053 quod
673 2998 785 3035 non
815 2979 1094 3034 addiderit
1123 2978 1394 3032 Dominus
1421 2981 1486 3029 ut
1514 2975 1665 3028 ultra
1691 2990 1786 3027 eos
1811 2972 2090 3042 diligeret,

496 3045 645 3124 unde
665 3085 844 3138 usque
861 3067 1028 3120 hodie
1048 3065 1104 3119 in
1121 3065 1443 3136 captivitate
1460 3067 1946 3133 permanserunt.¢
1960 3059 2089 3114 Om-
2107 3045 2151 3104 Ο

497 3173 597 3211 nes
641 3155 922 3227 principes
969 3171 1164 3208 eorum
1211 3153 1552 3216 recedentes,
1587 3169 1613 3203 ι
1646 3149 1914 3204 subaudis
1938 3152 2090 3202 sunt.

497 3245 789 3315 Principes
818 3244 876 3297 in
900 3244 1006 3298 hoc
1033 3244 1152 3297 loco
1173 3241 1440 3296 debemus
1465 3239 1778 3309 intelligere
1807 3254 1966 3308 reges
1995 3237 2094 3289 de-

498 3350 622 3389 cem
642 3331 1014 3403 tribuum,qui
1047 3348 1241 3385 omnes
1275 3347 1309 3384 a
1339 3331 1453 3384 Deo
1478 3345 1577 3398 per
1601 3326 1975 3381 idololatriam
2002 3341 2092 3378 re-

498 3427 806 3494 cesserunt,
831 3421 1131 3490 nullusque
1155 3435 1220 3473 ex
1240 3418 1321 3473 eis
1350 3417 1420 3471 ad
1446 3417 1620 3471 Deum
1643 3421 1762 3469 toto
1783 3415 1947 3469 corde
1968 3431 2096 3468 con-

500 3527 691 3565 versus
711 3516 815 3564 est.
845 3511 1148 3564 Possumus
1178 3509 1296 3562 hac
1325 3507 1515 3560 omnia
1544 3505 1752 3559 referre
1783 3505 1852 3558 ad
1883 3503 2092 3558 Christi

497 3604 773 3670 tempora,
807 3604 864 3652 et
892 3597 1207 3667 intelligere
1246 3597 1314 3650 de
1345 3594 1562 3649 duabus
1599 3593 2007 3663 tribubus,qua
2036 3593 2093 3646 in

499 3689 742 3743 adventu
772 3689 894 3758 ejus
923 3688 1114 3757 ejecta
1143 3690 1276 3738 sunt
1301 3684 1370 3738 de
1399 3684 1565 3737 domo
1586 3682 1705 3746 Dei,
1723 3699 1792 3736 ne
1813 3681 2095 3735 salvaren-

500 3781 614 3844 tur,
645 3783 710 3831 ut
736 3777 930 3842 Israel,
964 3776 1020 3829 id
1052 3780 1157 3840 est,
1174 3779 1238 3827 ut
1265 3773 1504 3844 populus
1537 3771 1892 3824 Christianus
1920 3769 2098 3822 salva-

499 3875 678 3921 retur.
700 3864 844 3920 Hinc
867 3864 925 3919 in
963 3862 1267 3932 Evangelia
1296 3860 1537 3932 legimus
1581 3859 1728 3930 quod
1759 3857 1954 3913 fecerit
1984 3858 2098 3911 Do-

502 3954 691 4009 minus
706 3954 990 4024 ﬂagellum
1009 3952 1079 4006 de
1107 3949 1386 4014 funiculis,
1419 3954 1476 4002 et
1501 3947 1730 4019 ejecerit
1749 3964 1843 4002 eos
1871 3947 1941 4000 de
1959 3951 2099 4000 tem-

502 4044 616 4116 plo.
657 4043 791 4116 quia
813 4044 1042 4098 domum
1081 4040 1267 4096 Patris
1305 4041 1428 4110 ejus
1455 4037 1707 4094 fecerunt
1735 4037 1964 4092 domum
1994 4053 2096 4090 ne-

502 4133 851 4204 gotiationis.

581 4236 608 4271 (
638 4221 940 4274 Percussus
960 4218 1338 4288 estEphraim,
1372 4237 1394 4267 ι
1421 4233 1454 4270 a
1484 4216 1722 4286 Deo,qui
1747 4215 1981 4269 tradidit
2000 4230 2094 4267 eos

504 4305 976 4374 hostibus,¢radix
995 4305 1219 4358 illorum
1233 4305 1508 4358 exsiccata
1518 4304 1870 4368 est,fructum
1890 4319 2097 4372 nequa-

2169 1820 2334 1858 cussa
2363 1803 2641 1856 exsiccata
2672 1807 2776 1867 est,
2805 1802 2936 1872 quia
2955 1801 3139 1854 cordis
3175 1801 3607 1872 intelligentiam
3639 1821 3774 1875 per-

2169 1891 2452 1954 diderunt,
2483 1906 2583 1943 nec
2609 1905 2744 1942 sano
2775 1905 2944 1942 sensu
2978 1888 3325 1958 Scripturam
3348 1906 3569 1944 sacram
3602 1891 3774 1945 intel-

2173 1979 2380 2049 ligunt,
2417 1979 2654 2048 ideoque
2683 1978 2923 2031 fructum
2967 1976 3121 2030 bona
3168 1978 3508 2048 Operationis
3547 1996 3660 2034 non
3687 1981 3778 2034 fa-

2167 2068 2341 2121 ciunt.
2390 2065 2554 2129 Quod
2583 2071 2640 2119 et
2669 2065 2716 2118 si
2745 2065 2994 2128 fecerint,
3037 2065 3094 2117 id
3141 2070 3246 2127 est,
3301 2065 3348 2118 si
3395 2065 3498 2118 visi
3553 2066 3775 2121 fuerint

2168 2156 2516 2225 Scripturam
2565 2159 2814 2207 sanctam
2852 2153 3147 2223 legemque
3185 2152 3465 2214 meditari,
3500 2159 3557 2207 et
3608 2155 3776 2226 quasi

2165 2242 2581 2296 amantissimos
2607 2241 2749 2295 filios
2787 2241 3001 2312 aliquid
3031 2241 3279 2296 scientia
3309 2247 3366 2295 et
3391 2242 3662 2296 doctrina
3700 2243 3775 2297 de

2167 2348 2270 2385 suo
2327 2330 2684 2401 protulerint,
2735 2329 3066 2383 adversante
3117 2329 3356 2383 Domino
3386 2330 3773 2387 succidentur.

2168 2419 2388 2490 Abjecit
2410 2419 2560 2472 enim
2591 2435 2686 2472 eos
2717 2419 2868 2472 Deus
2897 2419 3149 2472 omnium
3175 2419 3602 2488 prophetarum,
3638 2420 3775 2491 quia

2169 2526 2282 2563 non
2304 2509 2604 2562 audierunt
2631 2524 2780 2572 eum,
2811 2507 3004 2576 etvagi
3032 2512 3194 2560 erant
3221 2507 3276 2560 in
3307 2506 3774 2568 nationibus.non

2168 2597 2441 2651 habentes
2453 2597 2660 2659 altare,
2675 2612 2786 2649 non
2808 2595 3003 2658 adem,
3018 2612 3128 2649 non
3159 2595 3439 2649 civitatem
3458 2596 3770 2666 propriam.

2169 2685 2328 2740 Unde
2376 2690 2434 2738 et
2483 2683 2658 2737 David
2702 2682 2761 2736 in
2808 2682 3068 2752 psalmo:
3106 2683 3231 2735 Non
3277 2682 3498 2736 occidas
3555 2699 3652 2738 eos
3676 2699 3775 2738 ne-

2173 2773 2396 2845 quando
2417 2771 2815 2826 obliviscantur
2833 2770 3025 2842 populi
3046 2771 3177 2838 mei,
3198 2771 3458 2844 disperge
3477 2771 3624 2838 illos,
3652 2777 3762 2826 etc.

2807 2929 3042 2984 CAPUT
3077 2929 3145 2984 X.

2250 3093 2274 3124 (
2304 3072 2445 3126 Vitis
2467 3072 2730 3126 frondosa
2758 3071 2950 3137 Israel,
2985 3090 3010 3123 »
3036 3071 3304 3126 subaudis
3324 3071 3430 3125 fuit
3449 3071 3509 3126 in
3538 3073 3772 3140 sanctis,

2177 3161 2400 3232 quando
2433 3160 2739 3215 abundavit
2761 3159 2922 3214 bonis
2942 3159 3222 3230 operibus.
3250 3160 3411 3215 Unde
3439 3166 3525 3215 est
3549 3179 3561 3214 ε
3587 3162 3772 3218 Vinea

2176 3251 2401 3306 Domini
2439 3250 2673 3304 sabaoth
2701 3251 2902 3304 domus
2932 3251 3109 3305 Israel
3147 3256 3250 3304 est.
3285 3270 3313 3302 ι(
3343 3251 3583 3306 Fructus
3621 3253 3768 3308 ada-

2176 3344 2380 3409 quatus
2403 3345 2490 3392 est
2518 3338 2588 3392 ei.
2620 3356 2646 3390 ι
2679 3339 2862 3392 Bonas
2905 3338 3054 3391 enim
3085 3339 3419 3409 propagines
3464 3339 3679 3394 habens
3719 3345 3780 3395 et

2177 3427 2398 3495 ﬂagella
2425 3426 2734 3490 fructifera,
2775 3426 2980 3480 multos
3004 3425 3195 3479 botros
3215 3427 3426 3489 attulit,
3440 3432 3498 3480 et
3521 3443 3767 3482 uvarum

2175 3515 2488 3568 fecunditas
2510 3530 2796 3568 ramorum
2815 3515 3262 3584 magnitudinem
3285 3515 3589 3585 coaquavit
3603 3561 3615 3572 .
3629 3515 3779 3580 Quia

2178 3603 2483 3657 secundum
2499 3603 2917 3656 multitudinem
2941 3603 3274 3672 populorum
3297 3602 3603 3658 abundavit
3616 3604 3779 3658 bonis

2177 3691 2458 3761 operibus,
2485 3691 2544 3746 in
2571 3690 2926 3762 patriarchis,
2958 3691 3245 3760 prophetis
3272 3697 3329 3745 et
3355 3692 3572 3746 caeteris
3612 3692 3780 3747 bonis

2178 3780 2328 3833 viris.
2361 3780 2488 3833 Alia
2515 3779 2810 3833 translatio
2838 3777 3006 3832 habet
3040 3798 3051 3831 :
3107 3779 3251 3832 Vitis
3302 3795 3514 3850 aquosa
3574 3781 3773 3844 Israel.

2181 3867 2329 3937 quod
2360 3867 2420 3920 in
2448 3867 2656 3920 malam
2696 3872 2912 3937 partem
2939 3866 3328 3936 intelligimus,
3355 3867 3489 3938 quia
3516 3867 3781 3923 videlicet

2180 3972 2392 4026 aquosa
2418 3955 2567 4021 vitis,
2594 3956 2642 4010 si
2671 3971 2704 4008 a
2723 3955 2962 4009 vinitore
2991 3971 3104 4008 non
3133 3955 3304 4009 fuerit
3332 3962 3548 4026 putata,
3569 3961 3692 4010 tota
3714 3957 3780 4011 in

2175 4044 2465 4099 frondibus
2493 4045 2709 4109 crescit,
2738 4050 2792 4098 et
2830 4045 3125 4099 humorem
3166 4061 3334 4115 quem
3389 4043 3664 4100 debuerat
3717 4045 3780 4100 in

2175 4133 2305 4188 vina
2330 4139 2570 4195 mutare,
2619 4149 2764 4187 vana
2790 4132 3076 4187 frondium
3106 4137 3164 4186 et
3185 4133 3444 4186 foliorum
3470 4133 3781 4188 ambitione

2176 4222 2466 4292 disperdit,
2490 4227 2548 4276 et
2577 4221 2892 4276 istiusmodi
2921 4221 3049 4274 vitis
3078 4222 3350 4276 damnosa
3379 4230 3464 4276 est
3494 4221 3772 4293 agricolis.

2175 4310 2326 4365 Talis
2367 4310 2471 4364 fuit
2513 4309 2701 4369 Israel,
2755 4326 3008 4364 crescens
3045 4310 3103 4363 in
3152 4309 3514 4363 multitudine
3546 4311 3780 4380 populo-

502 4411 671 4467 quam
699 4395 957 4448 facient.»
982 4393 1367 4462 Metaphoram
1397 4391 1572 4444 sumit
1599 4391 1669 4444 ab
1699 4390 2157 4460 arbore,cujusD
2177 4414 2324 4461 rum,
2373 4403 2430 4451 et
2457 4413 2568 4451 non
2607 4397 2846 4451 reddens
2891 4398 3135 4451 fructum
3165 4397 3424 4466 agricola
3463 4398 3600 4458 Deo.
3644 4398 3780 4469 quia

504 4485 553 4538 si
599 4483 814 4537 radices
840 4481 1117 4545 aruerint,
1151 4481 1393 4534 fructum
1441 4479 1588 4533 ferre
1615 4496 1728 4534 non
1767 4480 2005 4550 poterit:
2040 4485 2098 4533 et

501 4573 548 4627 si
575 4572 866 4644 paululum
892 4570 1108 4636 fecerit,
1137 4570 1328 4623 statim
1353 4569 1411 4622 in
1441 4567 1560 4638 ipso
1608 4569 1745 4622 ﬂore
1773 4567 2093 4624 siccabitur.

505 4661 687 4726 Quam
709 4666 898 4716 autem
921 4657 1306 4714 Israelitarum
1321 4657 1566 4711 radicem
1597 4657 1866 4711 debemus
1893 4657 2099 4711 intelli-

503 4768 656 4823 gere,
671 4751 781 4806 nisi
801 4750 973 4805 bonos
1002 4753 1209 4820 patres,
1233 4762 1300 4800 ex
1320 4745 1522 4816 quibus
1542 4745 1624 4799 illi
1643 4745 1827 4800 carnis
1847 4762 2097 4816 sumpse-

507 4846 644 4894 runt
671 4839 986 4910 originem?
1010 4839 1079 4891 Et
1105 4843 1294 4891 tamen
1317 4835 1450 4906 quia
1475 4835 1776 4888 noluerunt
1802 4851 1997 4888 eorum
2028 4837 2096 4888 ﬁ-

509 4928 636 4981 dem
677 4933 890 4993 tenere,
941 4933 1111 4998 atque
1141 4925 1390 4996 exempla
1437 4924 1668 4989 imitari,
1706 4923 1979 4977 exsiccata
2015 4929 2100 4978 est

512 5015 669 5069 radix
700 5015 922 5070 illorum
953 5032 1053 5085 per
1082 5017 1204 5080 hoc,
1234 5015 1381 5086 quod
1413 5015 1525 5069 illis
1546 5013 1839 5068 subvenire
1864 5029 1977 5068 non
2008 5030 2103 5083 po-

513 5109 767 5172 tuerunt,
791 5109 853 5158 ut
882 5102 952 5156 ab
996 5103 1312 5157 imminenti
1342 5105 1490 5157 malo
1517 5121 1612 5165 eos
1640 5102 1942 5156 liberarent
1973 5116 1984 5150 :
2018 5103 2102 5156 vel

515 5198 665 5248 certe
695 5192 938 5246 radicem
960 5192 1138 5245 Deum
1167 5191 1436 5246 debemus
1465 5193 1716 5264 accipere
1746 5192 2100 5263 omnipoten-

511 5287 647 5346 tem,
675 5281 735 5335 in
781 5296 890 5351 quo
930 5279 1155 5333 fuerant
1183 5279 1422 5344 fundati,
1455 5281 1664 5350 quique
1693 5297 1787 5335 eos
1817 5285 1881 5334 ut
1907 5296 2102 5334 omnes

514 5370 749 5442 populos
777 5373 1081 5433 creaverat,
1113 5365 1459 5438 protegebat,
1482 5374 1537 5421 et
1559 5385 1806 5424 crescere
1834 5368 2099 5428 faciebat.

2177 4501 2303 4540 cum
2334 4485 2619 4539 debuisset
2646 4484 2829 4539 facere
2856 4501 3014 4550 uvas,
3040 4485 3173 4540 fecit
3197 4484 3510 4541 labruseas.
3541 4485 3622 4539 De
3652 4486 3781 4556 qui-

2177 4573 2282 4628 bus
2320 4573 2593 4644 scriptum
2625 4579 2711 4628 est
2746 4591 2758 4626 :
2796 4593 2823 4626 α
2868 4573 3045 4628 Vinea
3073 4573 3444 4628 Sodomorum
3484 4573 3646 4627 vinea
3675 4591 3781 4628 eo-

2177 4678 2326 4715 rum.
2364 4681 2386 4712 ι
2418 4661 2692 4715 Laborem
2719 4661 2869 4716 enim
2897 4678 3061 4716 suum
3088 4677 3200 4714 non
3225 4661 3287 4714 in
3310 4660 3471 4714 bonis
3494 4659 3778 4731 operibus,

2177 4750 2276 4804 sed
2305 4751 2363 4804 in
2384 4749 2731 4804 abundantia
2759 4749 3024 4803 foliorum
3055 4755 3533 4819 occupaverunt:
3567 4749 3785 4803 Secun-

2179 4839 2313 4892 dum
2342 4837 2765 4892 multitudinem
2794 4838 3008 4892 fructus
3029 4837 3116 4892 sui
3148 4836 3310 4890 multi
3323 4837 3549 4906 plicavit
3569 4836 3674 4890 sibi
3695 4837 3784 4892 al-

2179 4927 2346 4984 taria.
2373 4946 2396 4977 »
2414 4927 2474 4979 1d
2501 4932 2604 4991 est,
2641 4931 2778 4996 quot
2805 4925 3033 4980 fuerunt
3061 4925 3336 4990 homines,
3352 4931 3438 4978 tot
3459 4924 3784 4980 habuerunt

2183 5015 2409 5070 altaria:
2435 5031 2558 5084 qua
2586 5015 2734 5068 enim
2765 5015 2920 5085 prius
2949 5016 3133 5068 fuerat
3160 5013 3453 5067 abundans
3472 5013 3632 5068 bonis
3652 5030 3786 5084 ope-

2182 5103 2356 5168 ribus,
2390 5109 2586 5174 postea
2605 5102 3007 5158 abundantiam
3035 5104 3316 5158 fructuum
3338 5103 3504 5156 vertit
3529 5103 3588 5156 in
3603 5103 3782 5157 oﬂ'en-

2183 5209 2305 5247 sam
2335 5191 2776 5255 multitudinem,
2813 5198 2877 5247 ut
2898 5198 3108 5263 quanto
3132 5192 3322 5262 plures
3361 5190 3593 5245 haberet
3611 5208 3786 5262 popu-

2184 5281 2285 5344 los,
2334 5285 2494 5335 tanto
2539 5281 2702 5352 plura
2741 5282 3043 5336 adiﬁcaret
3083 5280 3302 5334 altaria.
3356 5280 3514 5334 Unde
3569 5278 3783 5344 subdit,

2195 5370 2391 5422 «Juxta
2408 5369 2721 5424 ubertatem
2747 5375 2913 5423 terra
2935 5385 3049 5423 sua
3068 5367 3394 5422 exuberavit
3407 5366 3783 5432 simulacris,»

522 5459 652 5513 Hac
679 5475 810 5529 ergo
841 5457 996 5510 radix
1022 5457 1079 5510 in
1109 5456 1220 5510 illis
1259 5455 1533 5509 exsiccata
1569 5463 1672 5520 est,
1703 5459 1834 5527 quia
1849 5460 1969 5529 jam
1997 5475 2107 5513 non
2191 5458 2248 5511 id
2279 5465 2383 5523 est,
2417 5458 2724 5512 secundum
2775 5457 2923 5526 quod
2953 5464 3105 5510 terra
3126 5457 3350 5511 illorum
3383 5472 3496 5526 pra
3525 5454 3789 5509 omnibus

518 5563 614 5604 eos
635 5546 880 5620 protegit
893 5551 1062 5618 atque
1076 5543 1508 5605 defendit.Unde
1527 5544 1787 5600 subditur
1815 5547 2111 5604 :Fructum
2190 5547 2358 5602 terris
2388 5547 2496 5603 fuit
2527 5545 2839 5618 uberrima,
2873 5546 2951 5601 sic
2977 5563 3092 5618 pra
3131 5544 3390 5600 omnibus
3413 5543 3677 5617 gentibus
3713 5543 3792 5599 fe~
