4062 6168
238 315 302 373 73

1269 327 1686 385 ENARRATIO
1726 331 1803 384 IN
1841 330 2021 385 OSEE
2058 331 2518 386 PROPHETAM.

3443 333 3513 389 74

233 448 431 496 cerunt
461 442 539 496 ibi
564 445 893 512 simulacra,
941 448 997 502 id
1038 454 1125 504 est
1156 450 1432 521 imagines
1478 458 1831 508 mortuorum
1850 457 1901 515 Α
1916 454 1997 508 eis
2027 454 2140 508 sint
2169 453 2360 511 ablati.
2387 454 2736 525 subiungunt
2758 455 3007 509 dicentes
3030 474 3081 508 :«
3104 456 3230 511 Non
3260 458 3413 512 enim
3437 460 3513 513 ti-

232 532 527 585 hominum
559 541 660 587 aut
688 536 1038 613 animalium,
1064 538 1345 593 intantum
1368 548 1432 594 ut
1452 543 1623 595 etiam
1653 543 1833 596 abun-
1916 543 2160 597 muimus
2188 544 2507 597 Dominum.
2547 563 2568 593 ι
2602 544 2730 596 Acsi
2760 544 3009 623 dicerent
3055 562 3066 574 ·
3113 545 3243 599 Ideo
3279 546 3518 616 perdidi-

233 621 485 675 dantiam
514 628 684 677 terra:
730 625 992 679 nimietas
1044 628 1286 682 vinceret
1330 630 1626 685 idolorum.
1665 633 1754 685 Sic
1780 637 1837 685 et

231 709 483 763 haeretici
518 710 655 763 dum
678 720 865 766 essent
884 714 938 766 in
958 714 1201 768 Ecclesia
1223 716 1477 786 plantati,
1496 718 1836 773 vocabantur

234 798 399 851 vinea
448 799 694 857 Domini.
744 808 801 854 et
841 803 1148 858 efferebant
1204 805 1516 860 uberrimos
1563 807 1777 862 fructus
1820 828 1830 862 :

233 894 433 958 postea
459 908 590 945 vero
612 891 933 946 recedentes
965 910 999 945 a
1040 893 1183 947 bono
1209 895 1394 955 altari,
1418 896 1473 949 id
1496 902 1581 949 est
1609 897 1679 951 ab
1709 898 1836 951 uni-

233 981 350 1030 tate
380 979 536 1041 ﬁdei,
576 981 764 1051 plures
813 982 1018 1034 erroris
1046 982 1133 1035 sui
1165 1000 1293 1036 aras
1336 990 1747 1049 exstruxerunt,
1784 992 1842 1039 et

232 1067 396 1134 juxta
410 1067 735 1122 ubertatem
754 1075 917 1123 terrae
938 1087 1071 1134 suae,
1095 1071 1151 1124 id
1174 1077 1259 1125 est
1271 1074 1435 1141 juxta
1452 1089 1691 1127 acumen
1711 1091 1840 1128 sen-

238 1172 335 1208 sus
366 1162 426 1209 et
453 1158 564 1209 vim
595 1158 846 1211 ardentis
878 1158 1108 1228 ingenii,
1134 1160 1580 1215 exuberaveiuut
1607 1163 1843 1217 simula-

239 1244 368 1297 cris.
402 1245 482 1298 Ex
512 1245 952 1316 profundissimo
984 1248 1134 1301 enim
1174 1265 1341 1303 sensu
1385 1267 1544 1320 reges
1574 1261 1631 1304 et
1655 1251 1844 1322 populi

238 1332 447 1386 vitulos
476 1351 679 1388 aureos
709 1336 1101 1401 adoraverunt,
1137 1342 1194 1390 et
1226 1338 1544 1392 habuerunt
1566 1338 1623 1391 in
1654 1339 1847 1410 impie-

240 1426 355 1475 tate
403 1439 766 1489 consensum,
796 1441 960 1494 quem
1002 1425 1270 1495 praevenit
1294 1426 1609 1497 captivitas.
1650 1428 1844 1481 Extre-

240 1526 367 1563 mus
400 1511 558 1565 enim
574 1529 671 1565 rex
691 1513 879 1567 decem
897 1512 1147 1567 tribuum
1168 1514 1277 1568 fuit
1297 1516 1458 1579 Osee,
1477 1515 1547 1569 de
1574 1533 1685 1586 quo
1708 1516 1845 1569 scri-

1918 651 2043 686 mus
2069 650 2255 703 regem
2288 633 2572 686 hominem
2622 633 2717 703 qui
2756 649 2857 686 nos
2907 633 3207 687 defendere
3252 634 3511 702 debebat,

1918 722 2048 791 quia
2065 738 2176 775 non
2198 720 2490 775 timuimus
2502 738 2690 790 regem
2716 738 2905 774 verum
2922 722 3157 776 Deum.x
3182 723 3251 776 Et
3270 740 3366 777 rex
3380 724 3518 794 quid

1918 810 2084 863 faciet
2105 810 2263 863 nobis
2282 810 2305 861 τ(
2337 835 2355 855 ιι
2386 811 2592 863 Sensus
2608 816 2718 863 est:
2744 810 2799 864 Si
2822 810 3210 865 habuissemus
3229 812 3520 866 hominem

1919 914 2129 967 regem,
2156 898 2288 968 quid
2318 898 2525 951 faceret
2554 898 2757 951 nobis?
2780 897 2842 951 Id
2866 904 2951 952 est
2987 900 3265 969 quomodo
3295 917 3398 954 nos
3426 900 3522 954 de-

1922 987 2147 1040 fendere
2170 992 2373 1056 posset,
2395 1003 2520 1039 cum
2546 988 2691 1040 Deus
2710 987 3065 1056 omnipotens
3085 991 3159 1041 sit
3177 988 3335 1043 nobis
3351 990 3522 1043 offen-

1924 1092 2037 1141 sus,
2064 1076 2223 1145 cujus
2241 1074 2513 1128 voluntati
2536 1091 2699 1128 nemo
2721 1076 2982 1129 resistere
3003 1077 3221 1146 potest?
3251 1077 3422 1141 Quasi
3442 1077 3523 1132 di-

1924 1171 2113 1218 cerent
2140 1165 2218 1217 :N
2226 1164 2323 1216 ihil
2345 1163 2503 1216 nobis
2515 1163 2805 1233 prodesset
2823 1163 2868 1216 si
2888 1163 3278 1218 habuissemus
3307 1181 3519 1235 regem.

2002 1274 2023 1304 ι
2070 1252 2391 1322 Loquimini
2430 1252 2600 1305 verba
2651 1252 2881 1304 visionis
2921 1252 3156 1307 inutilis.
3195 1272 3217 1303 ι
3253 1253 3369 1306 Vox
3397 1269 3525 1323 pro-

1927 1344 2108 1414 phetae
2139 1357 2324 1394 sermo
2351 1346 2436 1394 est
2460 1340 2561 1394 Dei
2592 1339 2903 1393 deridentis
2932 1356 3027 1394 eos
3069 1341 3165 1411 qui
3195 1340 3302 1394 sibi
3329 1358 3526 1412 pacem

1928 1437 1986 1485 et
2032 1429 2466 1501 prosperitatem
2512 1428 2921 1499 pollicebantur
2966 1434 3283 1483 venturam.
3324 1429 3530 1499 Loqui-

1928 1520 2068 1573 mini
2092 1518 2316 1589 (inquit)
2347 1518 2518 1571 verba
2551 1517 2780 1571 visionis
2819 1518 3055 1583 inutilis,
3085 1516 3145 1571 id
3172 1524 3262 1571 est
3291 1507 3529 1589 promit-

240 1605 402 1669 ptum
436 1606 526 1654 est
551 1600 701 1671 quod
731 1602 925 1655 fecerit
955 1602 1179 1672 quidem
1216 1604 1430 1658 malum
1457 1604 1517 1658 in
1545 1610 1846 1676 conspectu
1927 1608 2030 1661 tite
2082 1607 2237 1661 vobis
2284 1623 2572 1677 prospera,
2623 1612 2681 1660 et
2730 1606 3009 1660 somniate
3039 1606 3263 1661 somnia
3286 1606 3526 1675 diversa,

239 1687 491 1752 Domini,
516 1690 616 1742 sed
638 1706 750 1743 non
779 1690 922 1745 sicut
944 1708 1104 1762 reges
1135 1692 1230 1763 qui
1262 1693 1491 1747 fuerunt
1516 1699 1647 1748 ante
1673 1710 1802 1747 eum
1828 1713 1841 1760 ;
1929 1714 2053 1767 quae
2106 1696 2262 1751 vobis
2311 1701 2514 1750 cuncta
2559 1695 2809 1750 salubria
2862 1699 3082 1750 evenire
3137 1697 3527 1767 pronuntient,

241 1776 374 1846 quia
404 1777 670 1847 permisit
698 1795 792 1833 eos
816 1779 888 1851 (si
928 1777 1151 1851 vellent)
1197 1781 1280 1836 ire
1328 1783 1386 1836 in
1428 1783 1701 1853 templum
1730 1784 1843 1837 Do-
1863 1768 2074 1840 Bsicut
2092 1786 2364 1839 hactenus
2412 1784 2641 1839 fecistis.
2675 1783 2878 1838 Omnia
2917 1800 3039 1854 qum
3082 1783 3235 1838 vobis
3260 1801 3535 1857 prospera

237 1865 401 1932 mini,
424 1866 577 1937 quod
601 1874 725 1921 erat
744 1867 803 1922 in
827 1869 1247 1941 Hierosolymis.
1273 1871 1380 1925 Sed
1421 1871 1553 1941 quia
1576 1871 1709 1925 data
1738 1870 1846 1925 sibi
1929 1874 2277 1940 videbantur,
2311 1874 2369 1927 in
2399 1873 2746 1927 contrarium
2770 1878 2903 1927 sunt
2933 1888 3109 1927 versa.
3140 1873 3301 1927 Unde
3337 1874 3531 1928 subdi-

237 1953 467 2009 licentia
485 1956 792 2010 noluerunt
812 1957 893 2011 ire
908 1957 963 2010 in
992 1958 1513 2023 Hierusalem,nono
1529 1976 1676 2012 anno
1690 1961 1845 2014 Oscae
1928 1968 2022 2016 tur
2054 1980 2064 2014 :
2106 1982 2127 2013 ι
2164 1968 2222 2015 et
2246 1961 2458 2014 ferietis
2486 1960 2685 2025 fcedus,
2735 1980 2757 2010 ›
2790 1977 2903 2015 non
2936 1977 3064 2014 cum
3114 1960 3249 2027 Deo,
3300 1960 3398 2015 sed
3427 1976 3532 2032 po-

240 2044 392 2097 venit
405 2045 792 2111 Salmanasar,
816 2062 911 2100 rex
923 2046 1306 2117 Assyriorum,
1332 2054 1389 2100 et
1408 2048 1553 2118 cepit
1577 2049 1844 2119 populum
1929 2052 2044 2106 tius
2069 2066 2195 2105 cum
2229 2049 2539 2120 mendacio,
2561 2049 2810 2103 dicentes
2846 2069 2859 2102 :
2894 2050 3009 2103 Pax
3039 2049 3147 2103 erit
3175 2049 3353 2104 nobis.
3392 2067 3419 2101 α
3460 2048 3532 2103 Et

239 2132 439 2197 Israel,
471 2134 745 2204 duxitque
771 2135 830 2188 in
861 2134 1137 2205 Assyrios,
1171 2141 1228 2188 et
1252 2135 1506 2190 habitare
1536 2137 1668 2190 fecit
1685 2139 1873 2207 juxta.
1926 2139 2438 2210 germinabitquasi
2462 2138 2780 2192 amaritudo
2796 2138 3097 2208 judicium,
3123 2138 3221 2191 rid
3242 2142 3328 2191 est
3344 2137 3533 2208 ipsum

245 2224 456 2277 flumen
488 2224 699 2289 Gozan,
718 2224 775 2277 in
796 2223 1113 2278 civitatibus
1133 2225 1634 2289 Medorum.Quaari
1659 2231 1848 2279 autem
1930 2228 2286 2282 mendacium
2318 2227 2376 2281 in
2406 2244 2516 2297 quo
2546 2227 2846 2281 conﬁditis.
2877 2243 2990 2280 non
3019 2225 3406 2298 pacatissimos
3422 2225 3537 2280 fru-

244 2316 430 2380 potest
459 2328 565 2366 cur
592 2312 696 2366 sub
736 2313 992 2383 pessimis
1022 2313 1248 2383 regibus
1278 2315 1426 2384 capti
1465 2331 1577 2368 non
1616 2313 1844 2378 fuerint,

244 2399 338 2453 sed
364 2399 474 2453 sub
504 2417 572 2453 eo
600 2400 695 2471 qui
725 2408 967 2470 cmperat
996 2418 1061 2454 ex
1091 2408 1251 2473 parte
1297 2402 1485 2472 aliqua
1515 2404 1584 2456 ad
1612 2404 1853 2456 meliora

247 2489 543 2542 converti?
562 2489 647 2542 Ad
680 2490 828 2559 quod
852 2490 1172 2553 dicendum,
1190 2491 1337 2560 quod
1358 2491 1461 2545 sub
1483 2492 1607 2545 aliis
1628 2491 1853 2562 regibus

246 2576 552 2630 excusabat
579 2594 638 2630 se
668 2577 926 2647 populus,
956 2583 1015 2631 et
1042 2577 1262 2631 dicebat
1294 2600 1303 2631 ;
1347 2579 1560 2648 Regum
1591 2596 1854 2649 paremus

246 2664 519 2735 imperiis
577 2682 680 2719 nec
722 2683 1020 2736 possumus
1053 2667 1315 2720 resistere
1343 2668 1652 2738 tyrannidi,
1695 2668 1855 2721 ideo-

247 2770 355 2824 que
380 2754 620 2808 colimus
643 2754 848 2808 vitulos
878 2772 1016 2826 quos
1062 2755 1300 2809 adorare
1346 2754 1755 2824 compellimur,
1800 2760 1857 2808 et

247 2843 314 2895 ad
348 2843 625 2913 templum
670 2843 895 2897 Domini
939 2844 1236 2897 ascendere
1274 2860 1386 2897 non
1434 2860 1749 2914 possumus.
1792 2845 1856 2897 In

245 2930 446 2985 diebus
475 2937 669 3001 autem
705 2932 881 2996 Ossae,
906 2932 975 2985 ab
1004 2932 1198 2985 eodem
1222 2949 1352 3002 rege
1375 2939 1712 3002 praeceptum
1746 2936 1851 2998 est,

244 3035 318 3073 ne
347 3027 509 3073 tanto
536 3020 724 3074 studio
753 3021 1072 3074 colerentur
1102 3021 1259 3074 vituli
1313 3021 1412 3074 sed
1444 3021 1540 3091 qui
1570 3021 1735 3074 vellet
1770 3020 1853 3074 ire

244 3107 304 3161 in
337 3108 719 3169 Hierusalem,
755 3115 812 3162 et
839 3109 897 3163 in
922 3109 1131 3179 templo
1161 3109 1679 3178 sacriﬁcaretlluic
1701 3109 1850 3162 enim

1929 2322 2051 2371 ctus
2083 2316 2236 2370 vobis
2265 2315 2601 2387 procreabit,
2644 2315 2847 2386 quibus
2895 2315 3092 2369 satiari
3140 2314 3384 2386 possitis,
3434 2313 3535 2369 sed

1932 2406 2045 2459 vim
2075 2404 2492 2462 amaritudinis.
2527 2403 2868 2474 captivitatis
2885 2403 3118 2471 scilicet,
3153 2409 3321 2475 atque
3358 2403 3530 2457 inter-

1934 2494 2211 2548 fectionis.
2244 2514 2264 2541 ιι
2294 2494 2476 2562 Super
2496 2492 2679 2546 sulcos
2704 2492 2846 2561 agri,
2884 2510 2909 2543 ι
2933 2492 2991 2544 id
3007 2496 3095 2545 est
3118 2508 3289 2562 super
3305 2496 3534 2546 terrena

1935 2582 2102 2635 corda
2142 2586 2345 2645 vestra,
2385 2580 2454 2633 de
2484 2579 2687 2650 quibus
2728 2581 2905 2633 malos
2948 2578 3162 2633 fructus
3198 2578 3533 2650 protulistis,

1936 2669 2246 2724 secundum
2302 2667 2439 2721 illud
2472 2686 2483 2720 :
2523 2687 2550 2721 α
2586 2668 2663 2721 De
2702 2667 2869 2721 corde
2912 2672 3122 2721 exeunt
3167 2667 3539 2737 cogitationes

1939 2759 2119 2812 malae.
2158 2777 2182 2809 »
2209 2755 2477 2826 Discipuli
2509 2771 2730 2825 quoque
2748 2755 3160 2821 haereticorum,
3178 2772 3305 2808 cum
3326 2755 3538 2810 fuerint

1940 2863 2133 2901 eorum
2163 2846 2404 2899 contrita
2432 2844 2743 2907 mendacia,
2776 2860 2901 2897 sero
2940 2842 3130 2897 dicent
3163 2862 3174 2897 :
3207 2844 3332 2897 Non
3360 2843 3539 2898 habe-

1942 2953 2067 2990 mus
2097 2951 2308 3004 regem,
2329 2934 2383 2986 id
2413 2938 2499 2987 est
2526 2933 2844 3002 magistros,
2871 2932 2966 3002 qui
2986 2932 3147 2986 nobis
3177 2934 3331 3003 prius
3362 2933 3539 3004 impe-

1935 3027 2216 3082 raverant,
2245 3027 2303 3074 et
2339 3020 2543 3091 quibus
2571 3020 2997 3091 decipientibus,
3020 3020 3201 3074 Deum
3224 3037 3337 3074 non
3351 3020 3542 3075 timui-

1937 3098 2078 3165 mus.
2113 3110 2182 3163 Et
2214 3126 2309 3163 rex
2336 3110 2471 3180 quid
2496 3108 2661 3162 faciet
2690 3108 3038 3163 nobis?Acsi
3067 3108 3319 3163 dicerent
3339 3151 3351 3163 .
3389 3109 3536 3173 Quid

245 3197 543 3251 sententiae
574 3197 915 3251 contradixit
943 3198 1200 3268 populus,
1218 3208 1275 3252 et
1289 3200 1393 3252 hoc
1414 3203 1499 3252 est
1523 3198 1673 3268 quod
1704 3195 1912 3257 nuncC
1933 3198 2094 3252 nobis
2121 3198 2335 3269 profuit
2363 3214 2459 3251 eos
2486 3198 2669 3268 sequi,
2703 3214 2942 3267 quorum
2974 3198 3031 3251 in
3059 3198 3393 3253 necessitate
3423 3214 3540 3253 non

242 3285 384 3340 dicit
414 3305 426 3340 :

314 3392 355 3425 α
390 3375 646 3429 Divisum
669 3380 757 3429 est
776 3392 872 3429 cor
887 3392 1101 3437 eorum,
1134 3395 1156 3427 ι
1182 3375 1235 3428 id
1257 3381 1345 3429 est
1372 3375 1630 3429 voluntas
1651 3380 1708 3428 et
1728 3391 1855 3429 sen-

244 3478 345 3517 sus
366 3464 515 3534 regis
536 3474 597 3517 et
614 3464 829 3535 papuli.
855 3464 1098 3535 Ideoque
1127 3481 1276 3518 nunc
1305 3464 1411 3539 ait,
1432 3466 1553 3534 jam
1575 3464 1731 3517 nulla
1753 3481 1848 3517 ex-

244 3552 541 3606 cusatione
565 3559 913 3617 remanente,
932 3573 954 3603 «
991 3569 1139 3607 nunc
1168 3552 1483 3608 interibunt
1509 3558 1606 3606 net
1629 3552 1851 3606 traden-

244 3646 339 3694 tur
364 3648 595 3695 aeterna;
623 3641 949 3712 captivitati.
978 3642 1181 3697 Statim
1211 3642 1359 3699 enim
1382 3648 1446 3696 ut
1473 3642 1713 3712 populus
1734 3642 1850 3695 dis-

246 3730 427 3783 sensit
476 3746 512 3783 a
558 3746 715 3800 rege,
749 3730 899 3784 venit
924 3730 1185 3785 interitus
1229 3736 1286 3785 et
1322 3730 1635 3801 captivitas,
1682 3746 1851 3800 quam

246 3816 391 3871 Osee
423 3818 705 3888 propheta
745 3834 857 3872 non
888 3819 1069 3872 solum
1103 3818 1375 3890 praedixit,
1410 3824 1474 3871 ut
1502 3818 1713 3871 dictum
1745 3824 1849 3885 est,

246 3906 344 3959 sed
395 3906 575 3960 etiam
626 3907 787 3969 vidit,
818 3907 1105 3979 visamque
1145 3908 1387 3963 deﬂevit.
1436 3906 1684 3978 Ideoque
1727 3906 1849 3960 ait:

248 4014 271 4042 ι
301 3995 494 4057 Nunc,
534 4014 563 4047 θ
586 3995 645 4049 id
664 4001 749 4050 est
768 3996 825 4050 in
838 3997 1100 4067 praesenti
1114 4002 1391 4067 tempore,
1421 4015 1445 4049 ε
1468 3997 1589 4067 ipse
1612 3995 1853 4050 confrin-

241 4089 336 4152 get
364 4084 677 4138 simulacra
702 4101 919 4151 eorum,
962 4085 1394 4157 depopulabitur
1420 4102 1548 4139 aras
1570 4101 1786 4139 eorum.
1824 4104 1847 4135 ι

241 4170 324 4225 De
341 4171 465 4227 Deo
485 4173 594 4227 hoc
624 4173 835 4228 dicitur
864 4175 1265 4245 omnipotente,
1292 4190 1400 4228 non
1425 4175 1572 4245 quod
1602 4174 1721 4244 ipse
1750 4174 1853 4228 hoc

243 4259 445 4315 fecerit
464 4263 696 4332 propria
716 4280 908 4329 manu,
931 4264 1027 4317 sed
1046 4265 1190 4334 quod
1210 4264 1577 4335 perAssyrios
1599 4264 1855 4317 voluntas

244 4351 368 4418 ejus
399 4352 639 4421 impleta
660 4352 753 4411 sit,
788 4352 845 4405 in
867 4352 1069 4422 quibus
1097 4352 1548 4424 depopulabitur,
1572 4352 1630 4405 id
1651 4358 1738 4405 est
1756 4352 1856 4405 de-

1933 3288 2208 3342 sentimus
2238 3286 2554 3340 auxilium?
2586 3287 2718 3339 llaec
2746 3286 2952 3346 dicent,
2978 3293 3291 3358 quaerentes
3317 3286 3539 3358 aliquas

1934 3376 2337 3439 excusationes,
2369 3380 2434 3428 ut
2460 3391 2572 3429 non
2604 3392 2705 3445 per
2729 3393 2807 3439 se,
2842 3376 2939 3429 sed
2968 3392 3070 3447 per
3118 3377 3375 3432 doctores
3403 3392 3537 3430 suos

1934 3481 2150 3519 errasse
2176 3464 2486 3517 videantur.
2522 3463 2682 3517 Unde
2709 3468 2766 3517 et
2792 3463 2982 3531 verba,
3006 3468 3063 3518 et
3085 3463 3327 3518 visiones
3353 3465 3535 3519 haere-

1932 3553 2173 3606 ticorum
2203 3551 2431 3605 inutiles
2460 3557 2608 3606 sunt.
2646 3552 2716 3606 Et
2743 3551 2948 3605 ferient
2972 3551 3151 3606 foedus
3176 3568 3537 3624 nequaquam

1935 3658 2061 3694 cum
2092 3642 2226 3706 Deo,
2258 3640 2356 3694 sed
2383 3657 2508 3695 cum
2536 3640 2932 3695 amaritudinis
2954 3640 3184 3709 judicio.
3220 3641 3300 3694 De
3330 3641 3436 3695 hoc
3447 3641 3540 3711 ju-

1935 3729 2077 3783 dicio
2110 3729 2381 3784 Dominus
2408 3729 2467 3783 in
2499 3730 2814 3800 Evangelia,
2835 3728 2983 3801 quod
3014 3729 3243 3800 quidam
3263 3729 3540 3802 recipiant

1936 3819 2179 3889 amplius
2200 3818 2496 3888 judicium,
2531 3818 2664 3889 quia
2692 3835 2818 3873 cum
2846 3818 2968 3873 dies
3000 3818 3198 3890 judicii
3224 3819 3536 3888 advenerit,

1938 3908 2114 3979 quiin
2144 3908 2327 3960 sulcos
2352 3907 2474 3977 agri
2503 3907 2684 3961 cordis
2708 3908 3112 3962 seminaverint
3153 3909 3532 3977 mendacium,

1936 4001 2149 4050 metent
2177 3995 2627 4064 damnationem;
2681 4002 2738 4049 et
2783 3996 2876 4065 qui
2914 3996 3316 4050 seminaverint
3353 3997 3413 4051 in
3455 3998 3535 4051 la-

1934 4084 2162 4156 crymis,
2197 4084 2252 4137 in
2278 4083 2484 4154 gaudio
2516 4088 2751 4137 metent.
2786 4083 3052 4153 Sequitur
3085 4103 3096 4137 :

2010 4191 2037 4226 «
2076 4171 2285 4226 Vaccas
2320 4172 2601 4226 Bethaven
2627 4172 2926 4226 coluerunt
2954 4171 3303 4226 habitatores
3332 4171 3531 4226 Sama-

1937 4262 2050 4317 riae.
2090 4282 2111 4313 ι
2134 4262 2420 4315 Bethaven
2437 4262 2561 4331 ipsa
2589 4267 2675 4315 est
2705 4261 2990 4326 Bethel,et
3013 4264 3419 4332 interpretatur
3437 4260 3536 4315 do-

1939 4368 2063 4405 mus
2088 4351 2245 4416 idoli,
2268 4351 2327 4404 in
2349 4367 2460 4421 qua
2480 4350 2670 4421 posuit
2698 4350 2993 4405 Jeroboam
3030 4350 3266 4404 vitulum
3295 4366 3534 4405 aureum

241 4439 495 4494 vastabit
524 4446 584 4494 et
612 4439 869 4494 destruet
892 4457 1019 4495 aras
1044 4458 1254 4496 eorum.
1286 4442 1687 4495 Haereticorum
1722 4457 1851 4494 sen-
1871 4473 1921 4530 Β
1939 4457 2103 4510 quem
2132 4438 2360 4504 fecerat,
2393 4456 2588 4493 vaccas
2633 4440 2782 4494 enim
2812 4438 2963 4509 ipsos
2993 4438 3194 4493 vitulos
3220 4444 3385 4496 vooat
3411 4439 3538 4494 irri-

243 4544 337 4582 sus
366 4530 527 4583 inter
556 4546 615 4583 se
645 4529 857 4583 divisus
886 4534 990 4594 est,
1021 4530 1156 4583 dum
1184 4531 1334 4584 varie
1363 4531 1432 4585 de
1463 4530 1686 4583 Christo
1724 4546 1852 4583 sen-

242 4616 417 4680 tiunt,
457 4619 697 4689 ideoque
720 4618 1050 4684 interibunt,
1079 4618 1135 4672 id
1175 4624 1261 4673 est
1305 4624 1574 4690 perpetuo
1614 4619 1851 4672 damna-

240 4704 463 4761 buntur
479 4707 779 4778 supplicio,
801 4708 935 4761 dum
957 4709 1094 4779 ipse,
1115 4706 1171 4761 id
1195 4713 1280 4762 est
1300 4709 1448 4761 Deus
1476 4707 1849 4777 omnipotens,

240 4794 557 4850 simulacra
593 4802 651 4850 et
669 4812 818 4861 aras,
841 4796 899 4850 id
917 4801 1003 4850 est
1022 4796 1175 4850 varia
1198 4796 1479 4866 dogmata,
1506 4812 1628 4866 quae
1648 4795 1757 4865 ipsi
1786 4795 1855 4849 de

242 4885 416 4939 corde
449 4902 555 4939 suo
584 4886 889 4951 finxerunt,
922 4885 1296 4956 depopulatus
1325 4885 1517 4939 fuerit.

318 4992 341 5024 α
389 4974 545 5037 Quia
573 4990 721 5027 nunc
748 4974 937 5027 dicent
989 4994 1011 5025 ι
1060 4975 1221 5029 Nunc
1250 4974 1493 5045 positum
1522 4978 1608 5027 est
1634 4990 1735 5045 pro
1763 4990 1848 5040 eo,

246 5062 395 5133 quod
419 5069 513 5117 est
531 5068 686 5126 tunc,
712 5079 860 5116 nono
879 5062 1140 5117 videlicet
1168 5080 1336 5130 anno,
1360 5080 1486 5117 cum
1512 5068 1708 5133 captus
1726 5062 1852 5117 fue-

244 5150 318 5204 rit
331 5150 488 5206 Osee
509 5167 541 5204 a
563 5151 943 5211 Salmanasar.
968 5152 1063 5222 qui
1093 5157 1151 5205 et
1178 5152 1297 5223 ipse
1328 5157 1415 5206 est
1452 5151 1849 5217 Sennacherib,

246 5245 299 5292 et
324 5240 553 5310 positus
578 5239 634 5293 in
662 5257 905 5294 carcere.
943 5241 1011 5295 Et
1043 5246 1340 5311 postquam
1368 5240 1707 5310 confregerit
1738 5240 1850 5294 Do-

248 5330 438 5383 minus
465 5330 772 5384 simulacra
800 5331 997 5398 Israel,
1026 5330 1213 5384 dicent
1244 5347 1255 5381 :
1292 5350 1320 5382 ε(
1349 5332 1472 5385 Non
1507 5337 1592 5384 est
1621 5347 1713 5383 rex
1751 5346 1855 5383 no-

250 5418 349 5473 bis.
389 5438 415 5471 ››
448 5419 562 5482 Qui
585 5436 686 5473 nos
714 5419 977 5473 videlicet
1002 5419 1284 5483 defendat,
1313 5420 1447 5489 quia
1478 5418 1730 5472 videlicet
1761 5435 1855 5471 rex

254 5514 308 5561 et
333 5523 543 5561 omnes
586 5508 866 5578 principes
905 5508 1083 5562 nostri
1124 5508 1272 5580 capti
1303 5515 1360 5563 et
1387 5507 1666 5562 interfecti
1703 5512 1854 5562 sunt.

252 5596 515 5670 Denique
542 5612 769 5651 causam
786 5598 1135 5668 exponendo,
1167 5615 1268 5655 cur
1295 5614 1390 5654 rex
1413 5604 1469 5653 et
1495 5595 1776 5670 principes
1792 5595 1862 5652 ab

510 5694 778 5786 19.533913.
814 5697 1053 5785 CXVII.

1940 4529 2105 4582 sorie.
2155 4528 2324 4591 Quasi
2374 4528 2588 4582 diceret
2621 4546 2631 4581 :
2667 4528 2752 4581 Ad
2790 4533 3007 4582 tantam
3056 4529 3207 4582 enim
3248 4529 3537 4583 miseriam

1935 4617 2158 4671 devenit
2178 4616 2371 4677 Israel,
2391 4623 2453 4671 ut
2483 4633 2595 4671 non
2625 4617 2805 4670 solum
2834 4618 3053 4682 vitulos,
3087 4618 3185 4671 sed
3214 4617 3385 4671 etiam
3414 4634 3536 4671 vac-

1933 4723 2028 4760 cas
2059 4689 2527 4760 adoraret.Porro
2560 4706 2902 4759 habitatores
2937 4704 3434 4769 Samariae,omnes
3453 4706 3536 4759 in-

1937 4793 2269 4863 telliguntur
2282 4792 2627 4848 habitatores
2650 4794 2843 4847 decem
2860 4793 3129 4858 tribuum,
3155 4810 3394 4865 quarum
3413 4811 3536 4849 me-

1936 4883 2171 4953 tropolis
2194 4889 2317 4936 erat
2345 4883 2540 4938 eadem
2570 4883 2785 4937 civitas.
2814 4903 2837 4934 ι
2867 4882 3010 4947 Quia
3039 4882 3181 4937 luxit.
3205 4900 3376 4955 super
3404 4900 3541 4939 eum

1936 4971 2174 5042 populus
2205 4972 2347 5041 ejus.
2386 4991 2408 5022 ι
2427 4972 2502 5027 Ut
2532 4971 2852 5025 ostenderet
2883 4988 2982 5043 per
3010 4988 3199 5026 vaccas
3229 4972 3534 5039 Bethaven,

1935 5059 2172 5113 vitulum
2203 5059 2407 5114 debere
2428 5059 2668 5130 intelligi
2686 5061 2779 5131 qui
2794 5066 2917 5115 erat
2936 5061 2995 5115 in
3011 5062 3227 5129 Bethcl;
3253 5078 3365 5116 non
3382 5061 3538 5117 intu-

1935 5148 2003 5202 lit
2035 5168 2047 5203 :
2072 5149 2238 5203 Luxit
2266 5166 2439 5220 super
2464 5166 2558 5203 eos
2590 5149 2846 5221 populus,
2872 5150 2968 5205 sed
2991 5168 3161 5222 super
3187 5168 3271 5205 eo.
3289 5151 3536 5222 Populus

1934 5243 2124 5291 autem
2156 5240 2278 5308 ejus
2307 5238 2531 5305 dicitur,
2566 5239 2699 5310 quia
2726 5239 2908 5310 ipsum
2936 5240 3171 5294 vitulum
3193 5257 3427 5295 aureum
3449 5257 3540 5295 co-

1935 5327 2104 5389 lebat,
2140 5327 2236 5396 qui
2281 5333 2416 5381 tunc
2461 5328 2657 5399 utique
2706 5329 2865 5390 luxit,
2896 5329 3119 5399 quando
3153 5328 3315 5398 (sicut
3355 5330 3414 5384 in
3453 5346 3540 5384 ses

1939 5414 2240 5487 quentibus
2280 5416 2615 5481 invenimus)
2648 5417 2707 5471 in
2744 5434 2977 5472 munere
3025 5418 3246 5473 delatus
3291 5424 3377 5473 est
3415 5417 3537 5489 regi

1940 5503 2130 5557 ultori.
2168 5522 2193 5554 «
2235 5504 2304 5558 Et
2326 5504 2536 5571 aeditui,
2573 5526 2594 5556 ι
2630 5505 2685 5559 id
2708 5511 2795 5560 est
2821 5507 3142 5561 sacerdotes
3163 5527 3185 5559 ι
3222 5508 3341 5577 ejus
3369 5521 3540 5577 super

1951 5611 2082 5651 eum
2100 5593 2544 5668 exsultaverunt,
2578 5615 2597 5647 ο
2617 5612 2682 5652 eo
2703 5596 2853 5675 quod
2877 5595 3031 5653 fraus
3060 5594 3182 5670 ejus
3209 5611 3323 5651 non
3351 5599 3438 5649 est
3465 5593 3539 5674 de

3248 5691 3287 5781 3
