4090 6164
536 332 623 425 79

981 365 1359 421 HAYMONIS
1403 361 1892 417 HALBE'RSTAT.
1928 358 2152 414 EPISC.
2183 358 2341 413 OPP.
2369 358 2554 412 PARS
2582 358 2628 413 Ι.
2661 387 2726 398 —
2758 356 3136 412 COMMENT.
3174 356 3363 412 BIBL.

3735 351 3810 408 80

536 510 672 566 ergo
697 495 791 548 ille
822 509 947 548 cum
977 492 1245 546 trecentis
1262 490 1413 554 viris,
1431 489 1814 542 ferenssecum
1834 484 2124 554 lampadas
2140 487 2189 544 Α
2218 506 2232 530 ι
2275 482 2366 536 Sic
2391 481 2653 535 abierunt
2680 498 2711 535 a
2734 481 2874 535 facie
2900 498 3115 544 eorum,
3152 496 3178 532 ι
3205 480 3261 535 id
3286 485 3373 534 est
3398 478 3589 533 taliter
3624 494 3810 532 reces-

536 585 887 654 lagenarum.
921 588 978 634 et
1003 580 1283 634 interfecit
1330 578 1632 631 exercitum
1666 574 2120 631 Madianitarum,

540 671 638 742 qui
681 668 1074 729 ascendebant,
1099 684 1223 721 cum
1262 664 1520 718 omnibus
1565 679 1687 732 qua:
1736 660 2036 725 habebant,
2072 667 2129 714 et

538 759 875 830 possidebat,
903 764 1072 827 atque
1116 753 1417 809 devorabat
1461 758 1661 804 cuncta
1690 767 1812 819 quae
1855 751 1925 802 ad
1956 749 2128 803 Israel

536 846 911 919 pertinebant.
951 847 1019 899 Et
1047 850 1133 896 est
1153 858 1347 896 sensus
1381 859 1391 893 :
1427 841 1583 895 Sicut
1610 844 1861 892 vastatus
1899 842 1983 890 est
2003 838 2124 890 Sal-

537 952 726 1000 mana,
749 935 1006 1006 princeps
1034 930 1489 990 Madianitarum,
1515 927 1610 997 qui
1628 926 1953 980 interfectus
1985 934 2071 980 est
2095 941 2129 977 a

538 1025 724 1089 domo,
758 1023 812 1076 id
843 1031 929 1075 est
958 1037 991 1074 a
1019 1019 1231 1073 familia
1267 1016 1564 1075 Gedeonis.
1597 1015 1694 1084 qui
1724 1014 2037 1078 vindicavit,
2070 1013 2128 1066 id

538 1118 642 1176 est,
695 1109 981 1165 damnavit
1020 1108 1174 1171 Baal,
1212 1122 1369 1159 aram
1425 1105 1544 1173 ejus
1590 1103 1930 1157 destruendo
1959 1102 2018 1155 in
2039 1101 2130 1154 die

534 1198 730 1271 praelii,
791 1202 973 1251 matre
1025 1211 1194 1265 super
1230 1193 1374 1246 ﬁlios
1428 1191 1606 1248 allisa.
1639 1190 1718 1244 sic
1769 1189 1935 1243 faciet
1977 1188 2131 1242 vobis

535 1286 750 1351 Bethel,
796 1286 854 1338 in
902 1300 1015 1354 qua
1048 1282 1284 1336 vitulum
1328 1279 1589 1350 posuistis
1620 1294 1872 1338 aureum,
1914 1294 1950 1331 τι
1989 1278 2130 1330 facie

536 1374 767 1430 malitiae
789 1372 1151 1442 iniquitatum
1191 1374 1629 1438 vestrarum,pro
1646 1366 1848 1436 quibus
1875 1365 2131 1420 hostibus

535 1462 732 1519 traditi
764 1460 1038 1533 peribitis.
1071 1458 1229 1522 Quod
1256 1462 1443 1511 autem
1471 1456 1607 1509 dicit
1637 1474 1647 1508 :
1682 1476 1704 1507 ι
1750 1455 1933 1509 Matre
1961 1472 2133 1527 super

537 1553 683 1607 ﬁlios
710 1550 891 1614 allisa,
920 1568 943 1598 ι
969 1547 1039 1601 ad
1066 1548 1170 1600 hoc
1190 1546 1456 1616 pertinet,
1491 1544 1639 1613 quod
1669 1544 1865 1597 eadem
1896 1543 2132 1597 historia

536 1640 690 1704 dicit,
728 1638 862 1708 quia
905 1642 1214 1707 postquam
1250 1632 1674 1703 comprehendit
1702 1632 1929 1685 Gedeon
1958 1632 2132 1686 Zebee

536 1733 594 1783 et
614 1729 897 1783 Salmana.
930 1723 1209 1796 principes
1239 1722 1696 1783 Madianitarum,
1716 1721 1797 1773 ait
1820 1720 1959 1774 illis:
1987 1721 2133 1784 Qua-

2208 577 2404 624 serunt
2429 572 2538 624 cito
2565 572 2633 624 ad
2665 570 2974 624 doctrinam
3005 571 3227 624 illorum
3258 569 3434 623 vocati
3462 567 3532 621 ab
3556 566 3655 633 eis,
3682 582 3811 620 ver-

2212 665 2393 713 tentes
2423 660 2504 712 eis
2527 666 2687 728 terga
2720 664 2776 713 et
2808 659 3012 713 mentis
3058 659 3345 717 duritiam,
3383 657 3603 728 quando
3647 655 3808 709 dixe-

2212 754 2345 801 runt
2382 751 2567 801 Aaron
2611 766 2621 799 :
2663 748 2771 801 Fac
2803 747 2962 801 nobis
3002 747 3137 801 deos
3166 746 3262 816 qui
3312 763 3414 799 nos
3459 743 3801 816 praecedant.

2208 835 2388 905 Moysi
2417 835 2565 888 enim
2596 835 2726 888 huic
2756 836 3034 889 nescimus
3063 835 3196 906 quid
3222 834 3427 887 factum
3457 833 3550 898 sit,
3573 840 3629 885 et
3668 846 3795 901 pro-

2209 924 2472 977 cedentes
2505 924 2890 977 clamaverunt
2916 942 2969 976 ια
3004 922 3105 976 Isti
3126 928 3258 977 sunt
3285 923 3361 975 dii
3388 924 3494 986 tui,
3527 919 3723 986 Israel,
3747 924 3809 973 et

2211 1017 2433 1065 caetera.
2462 1032 2487 1064 »
2524 1030 2549 1062 (ι
2578 1013 2790 1065 Baalim
2812 1011 3198 1076 immolabant,
3215 1017 3271 1064 et
3292 1010 3606 1065 simulacris
3634 1007 3811 1062 sacri-

2212 1100 2475 1155 ﬁcabant.
2503 1120 2533 1150 ι
2567 1102 2693 1154 Non
2722 1101 2871 1155 enim
2901 1100 2981 1154 eis
3001 1100 3298 1154 suffecerat
3325 1104 3585 1154 vocantes
3612 1102 3807 1152 conte-

2215 1205 2428 1253 mnere,
2460 1188 2568 1242 nisi
2596 1188 2956 1243 immolarent
3005 1189 3135 1243 Baal
3178 1195 3433 1259 tempore
3467 1186 3678 1254 Achab,
3708 1185 3807 1257 qui

2212 1277 2426 1348 accepit
2440 1278 2653 1331 idolum
2673 1294 2707 1331 a
2722 1278 2984 1343 Sidoniis,
3011 1294 3076 1331 eo
3089 1278 3237 1348 quod
3248 1276 3487 1342 Iezabel,
3506 1275 3680 1330 ﬁliam
3710 1290 3807 1328 re~

2211 1366 2299 1435 gis
2321 1366 2702 1431 Sidoniorum,
2735 1367 2974 1421 duxerit.
2999 1366 3136 1420 Baal
3165 1372 3351 1420 autem
3382 1366 3505 1436 ipse
3531 1370 3617 1418 est
3646 1363 3807 1417 Beel-

2213 1455 2443 1524 phegor.
2479 1455 2809 1509 Simulacris
2845 1455 3015 1509 etiam
3046 1454 3455 1521 sacrificabant,
3478 1470 3592 1507 non
3620 1453 3802 1507 solum

2211 1542 2270 1595 in
2296 1543 2419 1595 Dan
2445 1548 2501 1595 et
2521 1542 2578 1596 in
2602 1544 2797 1597 Bethel
2815 1543 2964 1597 idola
2978 1542 3346 1607 colentes,sed
3364 1541 3534 1596 etiam
3564 1541 3623 1595 in
3651 1556 3809 1594 mon-

2212 1629 2361 1683 tibus
2388 1636 2445 1683 et
2472 1631 2612 1685 lucis
2633 1632 2958 1703 caeterisque
2973 1632 3109 1686 locis
3138 1632 3375 1686 amoenis
3401 1631 3583 1685 varias
3611 1629 3810 1700 imagi-

2213 1734 2313 1771 nes
2343 1718 2658 1773 adorantes.
2694 1721 2773 1774 De
2790 1721 3064 1775 haereticis
3089 1720 3265 1775 facilis
3295 1719 3667 1790 intelligentia
3696 1722 3803 1784 est,

535 1817 616 1871 les
661 1816 891 1869 fuerunt
942 1812 1043 1865 viri
1095 1828 1234 1880 quos
1284 1809 1563 1863 occidistis
1602 1809 1659 1862 in
1699 1808 1978 1863 Thabor?
2027 1810 2129 1864 Cui
2152 1801 2449 1876 Bquorum
2484 1824 2598 1872 rex,
2633 1809 2687 1862 id
2719 1815 2804 1862 est
2828 1808 3102 1871 diabolus,
3142 1811 3228 1863 vel
3260 1808 3492 1879 quilibet
3519 1808 3810 1862 haeresiar-

536 1905 801 1959 Salmana
830 1900 1122 1971 respondit
1153 1917 1164 1949 :
1197 1898 1419 1953 Similes
1436 1898 1781 1962 tuifuerunt,
1807 1905 1863 1951 et
1892 1915 2037 1952 unus
2063 1916 2132 1952 ex
2215 1895 2366 1959 clies,
2427 1897 2609 1950 instar
2644 1897 2876 1952 diluculi
2933 1898 3189 1953 transiet.
3238 1896 3392 1964 Quos
3445 1899 3502 1951 in
3547 1896 3802 1959 infantia,

530 1994 644 2048 illis
672 1992 814 2046 sicut
845 1990 995 2044 ﬁlius
1024 1987 1191 2058 regis.
1216 1986 1428 2050 Quibus
1468 1986 1561 2039 ille
1578 1985 1693 2038 ait:
1730 1988 1786 2040 Si
1807 1987 2133 2040 servassetis
2216 1985 2442 2053 quando
2468 1986 2826 2039 crediderunt
2853 1991 2910 2039 et
2958 1992 3120 2040 erant
3153 1986 3390 2057 parvuli,
3435 1991 3605 2056 atque
3643 1984 3809 2038 Chri-

534 2100 649 2149 eos,
673 2099 786 2137 non
807 2082 1115 2136 occiderem
1143 2098 1258 2145 vos,
1300 2086 1429 2146 etc.;
1463 2095 1754 2150 quousque
1775 2076 2131 2140 concludens,
2215 2073 2401 2126 stiano
2430 2074 2658 2127 nomine
2679 2075 3071 2140 censebantur,
3093 2064 3287 2129 dilexit
3311 2075 3480 2135 Deus,
3511 2081 3566 2128 et
3593 2073 3811 2128 vocavit

535 2171 616 2223 ait
647 2188 658 2222 :
694 2170 853 2223 Sicut
878 2169 1012 2221 fecit
1040 2169 1306 2221 mulieres
1335 2168 1455 2221 sine
1487 2165 1678 2220 liberis
1725 2164 1948 2234 gladius
1976 2168 2127 2228 tuus,
2213 2177 2308 2214 eos
2338 2162 2407 2214 de
2436 2161 2795 2216 tribulatione
2825 2168 2882 2216 et
2908 2163 3155 2217 tenebris
3179 2163 3403 2234 [Egypti
3455 2163 3685 2217 Vocavit
3711 2178 3811 2216 au-

534 2258 614 2312 sic
646 2263 827 2311 mater
853 2262 950 2310 tua
971 2257 1081 2311 erit
1104 2256 1225 2310 sine
1255 2255 1462 2309 liberis.
1500 2254 1891 2322 Percussitque
1913 2268 2041 2305 eum
2073 2257 2131 2304 et
2212 2253 2327 2302 tem
2353 2251 2637 2319 apostolos
2657 2257 2712 2304 et
2742 2251 3001 2305 doctores
3032 2252 3354 2316 Ecclesiaa,a
3386 2250 3587 2321 quibus
3603 2251 3803 2316 vocati,

533 2345 830 2400 interfecit.
864 2345 1041 2399 Allisa
1071 2351 1159 2399 est
1180 2345 1371 2414 itaque
1402 2348 1584 2397 mater
1609 2359 1778 2412 super
1803 2341 1968 2405 ﬁlios,
1997 2338 2129 2410 quia
2211 2345 2569 2391 recesserunt
2596 2339 2784 2393 afacie
2815 2356 3030 2401 eorum,
3049 2346 3106 2393 et
3128 2340 3507 2394 adoraverunt
3535 2339 3809 2410 Beelphe-

534 2434 710 2488 nimio
741 2434 932 2488 dolore
962 2432 1247 2487 confracta
1272 2449 1336 2487 ex
1367 2437 1548 2485 morte
1568 2431 1833 2494 filiorum,
1863 2429 1949 2482 vel
1977 2432 2126 2482 certe
2206 2442 2329 2495 gor,
2363 2426 2467 2480 hoc
2486 2432 2570 2480 est
2600 2427 2716 2481 suis
2742 2427 2888 2482 vitiis
2922 2433 2979 2482 et
3002 2428 3219 2482 libidini
3250 2429 3574 2487 servientes.
3601 2429 3809 2482 immo-

534 2538 662 2577 cum
687 2522 826 2592 ipsis
853 2527 941 2576 est
981 2521 1192 2593 pariter
1236 2521 1578 2590 interempta
1616 2518 1800 2589 potuit
1821 2517 1969 2571 enim
2001 2516 2126 2570 fieri
2210 2514 2404 2567 labant
2434 2514 2750 2569 simulacris
2777 2532 2899 2587 quae
2944 2516 3049 2570 sibi
3097 2518 3391 2572 ﬁnxerant.
3417 2517 3633 2589 Singuli
3653 2518 3808 2572 enim

537 2614 603 2663 ut
626 2609 702 2662 ibi
732 2614 897 2670 esset,
932 2614 1142 2662 etcum
1174 2607 1310 2678 ipsis
1349 2607 1562 2678 pariter
1590 2606 1937 2670 allideretur,
1970 2604 2122 2673 quia,
2209 2603 2604 2657 haereticorum
2658 2604 2942 2659 habebant
2979 2606 3114 2659 deos
3152 2622 3304 2672 suos,
3337 2612 3394 2660 et
3434 2606 3809 2678 quodcunque

533 2697 680 2752 sicut
715 2697 1098 2767 supradictum
1132 2704 1237 2761 est,
1254 2696 1400 2767 quod
1430 2712 1555 2750 cum
1588 2694 1851 2749 omnibus
1882 2710 2004 2765 quae
2034 2694 2129 2747 ha—
2211 2691 2615 2757 simulaverint,
2647 2693 2807 2763 quasi
2837 2694 3093 2764 sculptile
3118 2695 3309 2748 colunt
3330 2700 3386 2748 et
3404 2694 3706 2750 conflatile.

536 2785 761 2853 bebant,
793 2785 1171 2840 ascendebant
1199 2786 1269 2839 ad
1300 2790 1509 2840 terram
1541 2783 1734 2838 Israel.
2288 2802 2312 2828 α
2348 2781 2416 2834 Et
2444 2797 2547 2851 ego
2585 2781 2743 2851 quasi
2787 2783 3057 2836 nutritius
3089 2784 3373 2854 Ephraim.
3416 2807 3433 2831 ι
3468 2784 3677 2837 Narrat
3696 2801 3809 2855 quo

1138 2875 1372 2929 CAPUT
1402 2874 1497 2928 XI.
2216 2885 2409 2924 amore
2440 2869 2613 2924 Israel
2643 2871 2903 2926 dilexerit
2939 2873 3182 2927 vocando
3212 2891 3276 2926 ex
3307 2873 3570 2945 Egypto,
3601 2890 3807 2929 secun-

608 2982 633 3014 ι
667 2962 842 3017 Sicuti
867 2979 1033 3017 mane
1057 2962 1285 3028 transit,
1314 2961 1621 3032 pertransit
1642 2977 1734 3015 rex
1761 2959 1957 3014 Israel.
1987 2979 2009 3010 »
2028 2958 2131 3013 Di-
2214 2957 2344 3011 dum
2365 2958 2501 3012 illud
2525 2959 2942 3014 Deuteronomii
2974 2979 2983 3017 :
3010 2962 3261 3016 Portavit
3282 2968 3338 3016 te
3364 2962 3636 3017 Dominus
3654 2963 3807 3017 Deus

531 3051 708 3105 versis
727 3051 926 3121 ﬁguris
955 3038 1194 3120 explicat
1222 3050 1479 3104 eumdem
1511 3066 1758 3113 sensum,
1793 3049 1941 3119 quod
1962 3063 2132 3118 supra
2158 3110 2194 3121 Α
2212 3051 2366 3113 tuus,
2401 3052 2465 3100 ut
2490 3048 2631 3101 solet
2667 3048 2835 3102 homo
2862 3055 3085 3120 gestare
3122 3051 3419 3121 parvulum
3452 3050 3650 3117 ﬁlium,
3683 3058 3797 3109 etc.

533 3139 751 3192 dixerat
779 3154 821 3189 ει
854 3138 1119 3192 Transire
1138 3138 1272 3192 fecit
1299 3139 1553 3192 Samaria
1572 3154 1761 3207 regem
1782 3154 1945 3191 suum
1970 3136 2130 3205 quasi
2153 3110 2195 3169 Ο
2218 3152 2241 3181 α
2278 3134 2580 3190 Portabam
2620 3154 2715 3191 eos
2744 3138 2800 3191 in
2851 3137 3096 3193 brachiis
3126 3138 3284 3205 meis,
3317 3158 3342 3190 υ
3372 3139 3430 3192 id
3455 3144 3542 3193 est
3568 3139 3627 3192 in
3651 3138 3807 3215 forti-

535 3243 794 3297 spumam
819 3243 989 3298 super
1009 3226 1206 3280 faciem
1237 3243 1463 3297 aquae.»
1488 3227 1754 3280 Eamdem
1783 3226 1990 3279 etenim
2006 3242 2126 3280 rem
2210 3222 2404 3277 tudine
2433 3241 2574 3285 mea,
2626 3226 2751 3279 Acsi
2777 3225 2989 3280 diceret
3015 3245 3028 3279 :
3064 3228 3178 3296 Ego
3204 3227 3299 3297 qui
3330 3243 3482 3281 eram
3514 3234 3696 3297 pater,
3726 3228 3806 3281 fa-

535 3315 641 3369 sub
670 3316 781 3370 alia
812 3315 972 3386 ponit
1000 3315 1395 3369 similitudine:
1421 3315 1566 3369 sicut
1595 3314 1746 3369 enim
1773 3331 1937 3368 mane
1968 3315 2129 3368 adve-
2210 3319 2331 3366 ctus
2359 3330 2481 3366 sum
2512 3313 2798 3378 nutritius,
2814 3319 2871 3367 et
2895 3315 3188 3385 parvulum
3222 3332 3405 3370 meum
3424 3316 3483 3369 in
3503 3315 3650 3370 ulnis
3667 3315 3807 3370 meis

535 3404 728 3458 niente
767 3406 885 3459 sole
917 3403 1025 3458 cito
1065 3404 1289 3467 transit,
1344 3404 1423 3457 ita
1474 3404 1781 3474 pertransit
1827 3420 1923 3457 rex
1954 3403 2128 3457 Israel
2208 3399 2326 3470 ipse
2360 3400 2673 3470 portabam,
2706 3418 2777 3456 ne
2802 3402 3174 3457 lzedereturin
3193 3403 3513 3471 solitudine,
3547 3410 3603 3458 et
3628 3421 3700 3458 ne
3722 3404 3808 3458 vel

537 3493 699 3558 Osee,
733 3493 866 3564 quia
889 3499 1085 3563 captus
1105 3497 1191 3546 est
1210 3492 1280 3546 ab
1310 3492 1580 3546 hostibus.
1618 3493 1715 3546 Est
1743 3498 1931 3546 autem
1963 3508 2129 3545 mane
2211 3494 2351 3543 zestu
2382 3489 2441 3542 in
2469 3490 2577 3552 die,
2604 3490 2687 3543 vel
2713 3490 2961 3545 tenebris
2989 3497 3301 3547 terreretur
3325 3492 3384 3547 in
3409 3499 3572 3548 nocte
3595 3512 3606 3546 :
3636 3492 3694 3547 in
3714 3493 3806 3547 die

536 3597 755 3636 aurorae
794 3586 970 3645 ortus,
1003 3598 1038 3634 a
1083 3582 1194 3634 ﬁne
1228 3581 1407 3634 noctis
1433 3597 1610 3650 usque
1639 3580 1706 3633 ad
1757 3585 1943 3633 ortum
1973 3580 2125 3633 solis.

541 3688 568 3722 ((
599 3670 744 3733 Quia
778 3686 920 3740 puer
948 3670 1142 3730 Israel,
1183 3677 1241 3723 et
1265 3669 1429 3723 dilexi
1455 3686 1602 3723 eum.
1632 3689 1658 3719 ι)
1687 3669 1926 3738 Exponit
1951 3667 2129 3722 bene-

539 3758 829 3828 ﬁcia-qua:
884 3758 992 3828 ipsi
1023 3759 1338 3812 contulerat
1365 3759 1531 3811 Deus.
1576 3758 1723 3810 Puer
1749 3757 1971 3827 (inquit)
2011 3763 2133 3810 erat

539 3844 738 3911 Israel,
756 3846 912 3900 idola
939 3847 1125 3900 colens
1148 3847 1203 3899 in
1224 3847 1546 3916 A3gypto,et
1575 3845 1864 3915 pueriliter
1884 3846 2127 3915 sapiens.

543 3936 605 3989 et
623 3934 791 3990 dilexi
819 3952 947 3990 eum
969 3936 1026 3989 in
1052 3934 1384 4006 patriarchis
1413 3942 1471 3988 et
1499 3934 1729 4004 reliquis
1750 3934 1974 3988 sanctis.
2007 3955 2029 3984 α
2065 3934 2135 3987 Et

2214 3594 2365 3631 eram
2390 3579 2659 3634 nubes.in
2679 3590 2841 3633 nocte
2860 3581 3120 3634 columna
3148 3581 3313 3651 ignis.
3343 3600 3369 3633 «
3395 3582 3464 3636 Et
3487 3581 3809 3635 nescierunt

2215 3667 2363 3736 quod
2387 3684 2639 3721 curarem
2675 3684 2787 3733 eos,
2812 3694 2832 3715 υ
2858 3670 2916 3722 id
2934 3675 3020 3723 est
3038 3686 3162 3722 cum
3191 3676 3533 3740 peccassent,
3564 3675 3621 3723 et
3650 3670 3809 3724 fecis-

2214 3760 2339 3808 sent
2369 3755 2473 3809 sibi
2505 3762 2673 3827 caput
2688 3756 2863 3820 vituli,
2891 3758 3017 3811 dedi
3038 3757 3118 3811 eis
3145 3758 3326 3811 locum
3360 3759 3720 3829 pmnitentiee,
3749 3765 3809 3813 et

2215 3844 2615 3913 ignoraverunt
2632 3846 2780 3915 quod
2795 3863 2992 3899 curare
3013 3863 3108 3900 eos
3128 3846 3406 3912 vellem,id
3428 3853 3514 3900 est
3533 3845 3809 3901 mundare

2214 3932 2285 3986 ab
2313 3932 2476 3986 idolis
2499 3935 2636 3991 suis.
2669 3953 2693 3985 «
2726 3933 2793 3987 In
2823 3935 3086 3989 funiculis
3128 3935 3307 3989 Adam
3339 3936 3563 3989 traham
3590 3952 3704 4001 eos,
3748 3935 3810 3989 id

544 4041 612 4078 ex
664 4024 906 4096 Egypto
948 4024 1135 4079 vocavi
1178 4024 1357 4078 lilium
1404 4038 1614 4089 meum,
1665 4040 1692 4075 ››
1735 4022 2003 4077 subaudis
2035 4038 2136 4094 per
2217 4027 2304 4076 est
2330 4023 2385 4076 in
2412 4023 2612 4076 affectu
2640 4023 2949 4077 dilectionis
2975 4040 3084 4094 quo
3110 4023 3289 4078 Adam
3318 4023 3479 4078 dilexi
3503 4040 3517 4078 :
3541 4023 3672 4096 quia
3698 4023 3811 4078 sio-

542 4114 794 4185 Moysen.
839 4114 931 4167 Sic
968 4113 1117 4167 enim
1156 4114 1274 4184 ipse
1309 4112 1449 4166 dixit
1489 4112 1769 4166 Pharaoni
1804 4131 1815 4165 :
1850 4113 1979 4165 Haec
2002 4112 2139 4166 dicit
2217 4118 2283 4166 ut
2301 4128 2429 4165 eum
2452 4117 2705 4166 sanctum
2746 4111 2869 4179 feci,
2914 4112 2994 4166 ita
3025 4117 3082 4166 et
3113 4112 3237 4166 illos
3284 4113 3634 4167 sanctiﬁcare
3658 4112 3811 4167 volui

452 4247 465 4261 .
544 4202 840 4255 Dominus:
864 4201 1308 4271 Primogenitum
1333 4217 1518 4255 meum
1545 4201 1763 4254 dimitte
1782 4206 1847 4254 ut
1865 4201 2141 4255 sacriﬁcet
2221 4205 2278 4253 et
2305 4201 2544 4254 mundos
2573 4200 2825 4254 reddere.
2845 4200 3004 4255 Unde
3031 4206 3089 4255 et
3112 4199 3369 4254 subditur
3401 4218 3458 4253 :«
3491 4201 3548 4255 in
3574 4200 3811 4255 vinculis

545 4289 685 4343 mihi
716 4289 774 4342 in
800 4289 1119 4343 deserto.Et
1145 4288 1297 4349 alibi,
1320 4290 1736 4359 Primogenitus
1760 4306 1918 4343 meus
1939 4289 2133 4343 Israel.
2219 4288 2526 4350 charitatis,
2560 4307 2587 4341 ν
2636 4288 2691 4342 id
2732 4294 2820 4343 est
2858 4290 2916 4342 in
2951 4306 3172 4343 summo
3227 4290 3430 4344 aﬁectu
3474 4289 3807 4345 dilectionis.

547 4378 617 4431 Et
643 4377 850 4431 iterum
882 4393 895 4432 :
929 4377 1098 4431 Filios
1126 4378 1368 4432 enutrivi
1414 4382 1471 4432 et
1508 4379 1765 4432 exaltavi.
1796 4378 1952 4442 Quod
1989 4379 2036 4432 si
2066 4378 2137 4432 ad
2219 4376 2378 4430 Unde
2407 4382 2463 4430 et
2490 4378 2545 4429 in
2584 4376 2693 4430 alia
2721 4377 3088 4432 translatione
3134 4378 3413 4433 habetur:
3461 4380 3527 4434 In
3545 4377 3814 4433 funiculis

545 4465 953 4537 Christum,qui
985 4472 1072 4520 est
1098 4466 1271 4521 Filius
1296 4467 1498 4533 Patris,
1528 4467 1637 4521 ista
1663 4467 1869 4521 referre.
1900 4467 2136 4521 volueri-
2161 4462 2203 4518 D
2222 4465 2513 4519 hominum
2541 4466 2763 4519 traham
2789 4482 2902 4521 eos.
2938 4468 3006 4521 Et
3031 4475 3119 4522 est
3140 4484 3339 4522 sensus
3373 4488 3384 4522 :
3434 4484 3502 4522 ea
3538 4467 3816 4523 charitate

548 4571 692 4620 mus,
726 4571 794 4608 ex
820 4554 1063 4627 Egypto
1088 4571 1216 4610 eum
1247 4556 1710 4627 vocavit.quando
1745 4558 1826 4623 (ut
1842 4556 2140 4610 Mattheus

547 4643 646 4713 ait)
673 4644 744 4698 ad
776 4650 1111 4716 praeceptum
1140 4645 1325 4715 angeli
1355 4662 1470 4699 una
1499 4661 1625 4698 cum
1656 4649 1835 4698 matre
1866 4643 2078 4714 virgine
2106 4661 2140 4698 a

546 4733 756 4804 Ioseph
778 4734 1043 4789 reductus
1072 4741 1157 4789 est
1183 4734 1242 4787 in
1272 4739 1481 4788 terram
1527 4732 1723 4787 Israel.
1757 4732 2138 4803 Spiritualiter

549 4827 737 4876 autem
767 4824 1192 4894 Egyptusquae
1207 4821 1451 4876 tenebrae
1463 4820 1842 4884 dicitur,hunc
1862 4820 2137 4875 mundum

548 4909 848 4980 signiﬁcat.
880 4912 1036 4965 Tunc
1066 4926 1199 4979 ergo
1229 4910 1379 4963 Deus
1399 4908 1605 4962 Filium
1620 4924 1785 4963 suum
1805 4924 1871 4961 ex
1896 4907 2139 4978 )Egypto

548 4999 783 5065 vocavit,
826 4998 1051 5070 quando
1108 5015 1209 5069 per
1261 4996 1602 5051 ascensionis
1644 4996 1902 5067 gloriam,
1936 4996 2008 5050 ab
2036 4997 2142 5051 hoc

547 5090 759 5143 mundo
785 5088 1132 5143 sublevatum
1159 5088 1216 5140 in
1246 5087 1383 5140 ccelo
1408 5086 1698 5141 collocavit

624 5196 650 5229 α
683 5177 1035 5231 Vocaverunt
1058 5192 1172 5229 eos.
1195 5194 1222 5228 n
1256 5175 1399 5238 Quia
1426 5174 1602 5230 Israel
1632 5176 1760 5230 licet
1781 5175 2145 5246 singulariter

549 5265 787 5328 dicatur,
797 5262 1608 5335 pluraliterintelligitur,sicut
1622 5265 1858 5335 populus
1879 5270 1935 5319 et
1965 5265 2139 5335 plebs.

550 5351 721 5405 Recte
745 5368 777 5405 a
801 5352 1069 5421 singulari
1090 5353 1293 5406 transit
1313 5353 1384 5406 ad
1409 5353 1680 5423 pluralem
1708 5371 1763 5409 :c
1789 5353 2145 5408 Vocaverunt

551 5454 666 5501 eos,
701 5440 756 5493 id
776 5446 863 5494 est
889 5440 1110 5495 Iudaeos
1139 5457 1353 5503 omnes,
1384 5443 1623 5512 Moyses,
1648 5447 1702 5497 et
1731 5444 1937 5509 Aaron,
1971 5448 2027 5497 et
2046 5460 2146 5497 cae-

551 5526 677 5590 teri,
712 5534 775 5582 ut
799 5535 1172 5599 sequerentur
1197 5545 1291 5583 eos
1322 5529 1674 5599 egredientes
1706 5530 1775 5583 de
1804 5536 1957 5585 terra
1975 5530 2148 5602 IEgy-

547 5616 649 5701 pti,
681 5622 739 5673 et
786 5624 851 5673 ut
880 5618 982 5673 Dei
1013 5617 1312 5691 implerent
1351 5619 1661 5691 jussionem
1692 5625 1750 5675 et
1779 5620 2143 5677 voluntatem.

2221 4569 2334 4623 qua
2359 4554 2529 4607 dilexi
2560 4559 2614 4607 et
2635 4554 2867 4609 astrinxi
2889 4555 3025 4609 mihi
3050 4556 3361 4623 Abraham,
3390 4558 3549 4613 Isaac
3571 4562 3630 4611 et
3655 4562 3820 4612 mete-

2221 4658 2315 4695 ros
2344 4648 2566 4697 sanctos
2595 4645 2933 4715 conjungam
2966 4644 3104 4698 mihi
3134 4651 3192 4700 et
3218 4646 3373 4701 istos.
3410 4664 3437 4699 α
3479 4647 3550 4701 Et
3590 4662 3686 4700 ero
3733 4646 3817 4701 eis

2222 4732 2382 4803 quasi
2413 4732 2664 4787 exaltans
2687 4734 2887 4804 jugum
2909 4751 3078 4805 super
3096 4735 3350 4790 maxillas
3378 4752 3629 4797 eorum,»
3655 4736 3715 4790 id
3730 4742 3819 4792 est

2219 4821 2469 4875 auferam
2498 4821 2570 4875 ab
2600 4821 2681 4876 eis
2703 4823 2903 4893 jugum
2935 4823 3094 4894 legis,
3118 4830 3182 4878 ut
3208 4840 3321 4879 non
3357 4830 3594 4896 pereant
3611 4841 3819 4880 secun-

2220 4908 2354 4962 dum
2384 4911 2778 4981 gravissimum
2803 4912 3020 4983 pondus
3036 4913 3175 4984 ejus,
3207 4930 3317 4985 quo
3342 4914 3425 4967 ait
3455 4931 3505 4967 ε(
3537 4913 3646 4978 Qui
3666 4913 3817 4968 fece-

2225 4997 2302 5051 rit
2329 4998 2565 5061 idolum,
2597 5005 2679 5054 et’
2701 5000 2795 5072 qui
2823 5001 3200 5056 immolaverit
3223 5003 3460 5069 Molech,
3491 5008 3672 5057 morte
3701 5019 3823 5058 mo-

2224 5086 2419 5141 riatur.
2450 5106 2476 5140 ν
2503 5089 2643 5153 Quia
2665 5090 2814 5143 enim
2841 5091 3282 5146 misericordiam
3306 5092 3489 5162 potius
3520 5109 3689 5163 quam
3705 5092 3824 5147 vin-

2226 5176 2430 5230 dictam
2462 5180 2806 5251 volo,jugum
2824 5181 2966 5251 legis
2994 5179 3391 5241 sublevabo.ne
3419 5180 3651 5250 ponderi
3668 5180 3822 5235 illius

2227 5266 2615 5333 succumbant,
2633 5269 2715 5323 vel
2741 5270 2941 5339 jugum
2969 5269 3305 5339 captivitatis
3334 5274 3391 5322 et
3419 5266 3822 5322 dominationis

2228 5361 2556 5411 cunctarum
2577 5357 2985 5428 percircuitum
3014 5357 3307 5412 nationum
3329 5358 3583 5412 auferam
3614 5356 3684 5411 ab
3713 5357 3817 5411 eis.

2233 5462 2259 5495 (ι
2291 5444 2356 5498 Et
2384 5445 2657 5499 declinavi
2679 5445 2748 5500 ad
2784 5462 2911 5500 eum
2926 5450 2990 5499 ut
3015 5451 3352 5510 vesceretur,
3379 5467 3401 5498 ι
3429 5446 3483 5501 id
3508 5451 3595 5501 est
3621 5444 3821 5500 dediei

2228 5550 2412 5588 escam
2448 5551 2655 5589 manna
2685 5534 2740 5587 in
2770 5537 2992 5588 deserto
3020 5540 3084 5587 ut
3111 5540 3451 5604 pasceretur.
3480 5534 3639 5599 Quod
3668 5534 3823 5589 enim

2229 5623 2499 5679 declinavi
2520 5624 2592 5678 ad
2629 5639 2779 5693 eum,
2806 5623 2889 5678 ita
2914 5627 3000 5679 est
3030 5622 3463 5699 intelligendum
3492 5642 3508 5683 :
3538 5622 3825 5681 declinare
