4062 6168
285 246 345 302 8|
1301 253 1717 312 ENARRATIO
1757 256 1837 313 IN
1876 258 2057 315 OSEE
2097 262 2553 320 PROPHETAM.

3486 274 3558 336 82

285 370 382 468 ieci
396 370 469 468 ad
490 387 622 468 eum
642 371 820 468 cibos.
839 372 1145 468 Possumus
1165 381 1223 431 et
1239 377 1357 468 haec
1383 380 1553 435 verba
1576 382 1648 435 ad
1677 384 1882 437 adven-
1896 387 1947 444 Α
1962 390 2018 438 et
2038 385 2281 456 reliquas
2319 389 2572 444 civitates
2630 389 3020 447 Sodomorum.
3052 393 3375 451 Notandum
3408 398 3557 468 quod

285 466 402 514 tum
428 461 741 517 Dominicze
772 464 1175 520 incarnationis
1204 467 1431 521 referre.
1466 471 1751 525 lntantum
1779 473 1887 537 (in-

286 549 429 620 quit)
458 550 630 605 dilexi
656 568 772 617 eos,
803 560 862 607 et
889 561 1004 607 tam
1032 556 1279 609 clemens
1309 564 1500 626 pastor
1529 558 1625 623 fui,
1645 567 1706 613 ut
1735 578 1885 615 mor-

285 637 473 693 bidam
502 656 667 695 ovem
688 641 941 696 humeris
970 643 1109 696 meis
1139 644 1260 715 ipse
1285 651 1589 715 portarem.
1620 646 1733 719 Ipsi
1757 667 1884 704 vero

284 728 695 797 ignoraverunt
720 731 872 800 quod
905 747 1031 784 mea
1061 732 1189 785 illos
1216 733 1478 803 passione
1507 752 1783 803 curarem,
1830 745 1886 792 et

286 818 417 889 quia
436 824 662 873 amator
690 836 816 874 sum
848 819 1161 887 hominum,
1192 822 1472 875 traherem
1509 823 1637 878 illos
1665 826 1736 879 ad
1761 843 1883 881 cre-

283 906 533 961 dendum
558 908 796 962 vinculis
824 908 1133 971 charitatis,
1150 911 1308 980 juxta
1329 911 1465 965 illud
1488 930 1501 966 :
1527 913 1704 967 Nemo
1734 916 1884 969 venit

282 995 353 1048 ad
379 995 614 1051 Patrem
664 997 773 1052 nisi
818 1014 922 1069 per
969 1014 1078 1052 me.
1119 998 1190 1052 Et
1218 998 1475 1052 arbitrati
1515 1006 1647 1053 sunt
1680 1003 1883 1073 jugum

285 1100 477 1138 meum
499 1085 621 1139 leve
641 1101 763 1140 esse
808 1086 1221 1156 gravissimum,
1251 1093 1310 1140 et
1360 1087 1628 1142 declinaxi
1687 1092 1757 1144 ad
1787 1108 1882 1146 eos

285 1175 554 1228 deserens
578 1190 754 1244 regna
781 1175 1070 1239 caelorum,
1102 1181 1168 1228 ut
1197 1191 1323 1228 cum
1375 1175 1454 1228 eis
1503 1193 1755 1231 versarer
1791 1197 1882 1233 as-

283 1268 512 1333 sumpta
538 1261 720 1317 forma
745 1263 1019 1330 hominis;
1053 1263 1293 1333 dedique
1311 1263 1393 1318 eis
1420 1263 1606 1318 cibum
1636 1268 1883 1337 corporis

279 1352 415 1408 mei.

350 1459 380 1494 ι
412 1441 543 1494 Non
572 1446 888 1495 revertetur
915 1441 973 1495 in
1024 1446 1231 1496 terram
1287 1442 1531 1513 Egypti.
1561 1464 1585 1495 ))
1631 1444 1880 1515 Populus

1968 472 2063 527 ubi
2092 482 2287 529 contra
2314 477 2454 532 duas
2484 480 2665 534 tribus
2696 482 2968 536 Dominus
3023 482 3272 553 loquitur
3300 501 3400 555 per
3424 502 3558 556 proa

1966 563 2187 632 phetas,
2219 580 2329 618 non
2358 567 2574 621 Adama
2603 569 2831 639 ponitur
2859 578 2917 624 et
2931 570 3176 632 Seboim,
3199 573 3297 627 sed
3314 572 3559 629 Sodoma

1967 656 2023 704 et
2053 652 2381 707 Gomorrha.
2420 656 2577 710 Unde
2603 657 2658 710 in
2683 659 2827 711 Isaia
2855 658 3111 729 legimus,
3143 680 3165 712 ι
3202 661 3407 715 Audite
3435 678 3558 716 ver-

1966 738 2098 793 bum
2121 741 2363 805 Domini,
2396 745 2672 815 principes
2722 747 3090 802 Sodomorum
3125 766 3136 800 :
3172 750 3444 820 percipite
3472 752 3558 805 le-

1962 845 2093 898 gem
2136 829 2358 885 Domini
2389 832 2488 886 Dei
2535 834 2731 899 nostri,
2764 835 3002 905 populus
3047 835 3392 895 Gomorrha,
3428 859 3451 887 ι
3485 837 3559 895 Et

1946 917 2238 972 -Dominus
2267 918 2324 972 in
2356 920 2654 991 Evangelia
2675 923 3017 993 discipulis,«
3051 925 3421 981 Tolerabilius
3445 928 3556 983 erit

1966 1005 2220 1060 Sodomae
2249 1013 2307 1061 et
2334 1008 2659 1065 Gomorrbae
2682 1028 2849 1081 quam
2867 1013 3079 1066 civitati
3107 1030 3231 1084 qua:
3260 1030 3374 1069 non
3405 1032 3554 1070 rece-

1964 1095 2112 1165 perit
2137 1113 2251 1150 vos.
2288 1116 2310 1147 ι
2341 1097 2408 1151 Et
2427 1098 2496 1152 ad
2525 1099 2837 1153 Jerusalem
2866 1100 3118 1155 Ezechiel
3142 1143 3153 1154 .
3189 1121 3212 1153 α
3240 1103 3556 1158 Justiﬁcata

1965 1190 2053 1237 est
2079 1185 2319 1238 Sodoma
2350 1202 2415 1239 ex
2444 1191 2518 1239 te.
2556 1208 2576 1237 ι
2611 1187 2846 1251 Quando
2872 1195 3061 1243 autem
3082 1190 3272 1244 decem
3301 1191 3553 1261 loquitur

1965 1272 2242 1337 tribubus,
2277 1290 2389 1328 non
2431 1274 2673 1329 Sodoma
2704 1282 2762 1330 et
2816 1276 3150 1344 Gomorrha,
3187 1278 3285 1333 sed
3335 1285 3549 1334 ceterae

1965 1368 2252 1433 ponuntur
2279 1362 2530 1417 civitates
2553 1364 2635 1418 illi
2655 1364 2935 1435 subjecta,
2969 1372 3198 1437 propter
3234 1367 3339 1421 hoc
3358 1367 3551 1423 videli-

1962 1456 2069 1515 cet,
2102 1450 2235 1520 quia
2266 1451 2394 1505 licet
2424 1452 2619 1506 decem
2646 1454 2887 1522 majores
2914 1458 3105 1507 essent
3130 1469 3386 1517 numero,
3408 1469 3552 1525 prae-

278 1532 453 1586 Israel
478 1531 585 1596 sub
609 1531 906 1594 Manahen,
929 1547 1060 1601 rege
1086 1531 1275 1584 decem
1305 1530 1575 1595 tribuum,
1610 1533 1782 1587 voluit
1799 1534 1881 1589 fu-
1963 1539 2252 1593 minebant
2281 1546 2471 1594 tamen
2501 1541 2625 1595 dure
2653 1540 2927 1611 dignitate
2966 1541 3209 1611 quadam
3261 1542 3457 1613 templi
3494 1547 3553 1597 et

276 1638 410 1692 gere
440 1622 502 1675 in
536 1622 841 1693 IEgyptum
871 1637 905 1674 a
928 1620 1067 1674 facie
1090 1620 1469 1675 Sennacherib
1492 1622 1758 1677 auxilium
1784 1625 1881 1677 ﬂa-
1902 1691 1939 1699 _‘
1962 1626 2286 1683 sacerdotii.
2327 1628 2569 1697 Ideoque
2600 1629 2825 1698 gravius
2862 1634 3231 1699 peccaverunt
3258 1646 3427 1699 quam
3457 1630 3551 1683 de-

274 1691 486 1779 gitans.
526 1691 736 1764 Contra
766 1726 933 1780 quem
964 1709 1054 1762 hic
1074 1710 1324 1779 loquitur
1348 1710 1872 1775 Dominus,direns:
1897 1691 2102 1777 Bcem,
2136 1732 2260 1785 qua:
2285 1716 2374 1769 his
2404 1691 2663 1770 omnibus
2690 1691 2974 1781 carebant,
2997 1723 3054 1770 et
3092 1691 3320 1788 insuper
3357 1717 3426 1772 ab
3463 1719 3552 1772 Je-

280 1800 451 1853 (Non
470 1798 1032 1869 revertetur(inquit)
1053 1799 1110 1852 in
1142 1805 1352 1851 terram
1373 1798 1616 1870 Egypti,
1640 1820 1661 1849 ι
1697 1806 1759 1853 ut
1778 1802 1878 1855 sci-

277 1889 409 1943 licet
439 1887 693 1942 habeant
713 1905 902 1959 regem
924 1888 1276 1942 Pharaonem
1312 1906 1324 1940 :
1367 1912 1381 1934 ι
1420 1889 1514 1941 sed
1543 1888 1723 1942 Assur
1759 1889 1878 1959 ipse

277 1994 368 2031 rex
397 1980 530 2047 ejus
560 1986 666 2041 est,
708 1996 733 2028 ι
760 1978 818 2031 id
862 1984 945 2032 est
994 1976 1391 2037 Sennacherib.
1421 1993 1486 2030 ac
1513 1978 1746 2047 posthac
1770 1979 1879 2032 erit

279 2083 371 2120 rex
403 2066 553 2136 ejus,
588 2066 722 2137 quia
765 2072 960 2137 captus
1007 2066 1066 2119 in
1110 2066 1489 2136 captivitatem
1524 2066 1779 2131 ducetur,
1822 2073 1877 2120 et

276 2154 666 2209 dominabitur
690 2155 843 2208 illius
868 2156 996 2224 jure
1022 2154 1264 2208 victoris.
1301 2154 1486 2218 Quare
1523 2159 1711 2208 autem
1740 2156 1877 2209 talia

275 2243 589 2313 patiantur,
614 2242 868 2313 aperitur
888 2258 1015 2296 cum
1044 2242 1334 2295 subditur;
1362 2260 1387 2293 α
1407 2242 1670 2312 quoniam
1687 2243 1877 2297 nolue-

276 2337 405 2385 runt
436 2331 693 2385 converti
724 2350 750 2384 ι
777 2347 878 2401 per
895 2330 1298 2401 paenitentiam,
1343 2330 1536 2384 conﬁsi
1565 2332 1623 2385 in
1652 2331 1877 2386 homine

275 2420 643 2490 potiusqnam
680 2420 738 2473 in
771 2420 906 2474 Deo.

344 2528 372 2562 α
394 2509 591 2580 Coepit
630 2508 856 2578 gladius
882 2509 939 2562 in
978 2507 1294 2562 civitatibus
1334 2510 1476 2579 ejus,
1509 2514 1565 2563 et
1585 2513 1875 2562 consumet

273 2598 486 2652 electos
505 2599 648 2667 ejus.
667 2616 691 2647 ι
721 2597 862 2651 Vide
889 2603 1162 2667 quantum
1185 2598 1402 2668 pondus
1414 2597 1790 2663 miseriarum,
1812 2604 1876 2652 ut

272 2702 382 2741 non
408 2687 564 2757 agri,
592 2686 677 2740 vel
694 2686 1092 2757 possessiones,
1133 2702 1199 2739 ac
1251 2702 1386 2740 rura
1422 2692 1732 2750 vastantur,
1772 2686 1869 2740 sed

268 2776 493 2829 medias
516 2775 771 2829 civitates
796 2774 975 2828 hostis
1002 2773 1265 2828 introeat.
1304 2774 1485 2844 Cmpit
1519 2773 1733 2843 (inquit)
1752 2774 1869 2844 gla-

266 2864 391 2919 dius
418 2865 487 2919 in
507 2863 829 2918 civitatibus
883 2864 1024 2933 ejus,
1068 2862 1335 2917 subaudis
1365 2862 1701 2925 interﬁcere,
1747 2884 1772 2909 α
1814 2867 1868 2916 et

267 2958 573 3008 consumet
595 2953 802 3006 electos
823 2953 1025 3023 ejus,\»
1059 2951 1338 3022 principes
1376 2950 1651 3017 videlicet,
1673 2967 1739 3003 ac
1775 2967 1870 3004 ro-

264 3043 551 3098 bustiores
573 3041 849 3095 exercitus
863 3041 1002 3110 ejus,
1030 3061 1050 3089 ι
1061 3045 1119 3094 et
1130 3039 1383 3094 comedet
1396 3039 1584 3109 capita
1601 3054 1814 3093 eorum.
1839 3057 1865 3092 ι

265 3132 420 3196 Quod
438 3132 606 3202 ipsos
627 3129 909 3200 signiﬁcat
927 3128 1225 3200 principes,
1250 3127 1345 3199 qui
1382 3129 1513 3198 jure
1540 3127 1738 3198 capitis
1761 3144 1866 3181 cae-

261 3225 409 3275 teros
448 3224 685 3290 regunt.

335 3331 357 3360 ι
375 3310 445 3364 Et
474 3308 728 3381 populus
755 3324 914 3361 meus
942 3305 1207 3377 pendebit
1224 3305 1295 3359 ad
1325 3304 1570 3358 reditum
1599 3321 1807 3366 meum,
1840 3324 1863 3355 ι

261 3399 315 3454 id
342 3405 451 3466 est,
491 3414 628 3452 cum
654 3403 880 3467 tempus
905 3395 1121 3449 venerit
1155 3394 1514 3465 captivitatis,
1556 3398 1613 3447 et
1645 3392 1867 3464 gladius

1959 1805 2205 1857 rusalem
2232 1805 2392 1874 longe
2422 1811 2587 1858 erant
2638 1806 2859 1859 remoti.
2915 1806 3188 1860 Similiter
3214 1806 3456 1860 Sodoma
3492 1812 3552 1860 et

1960 1892 2274 1947 Gomorrha
2303 1892 2542 1961 majores
2580 1892 2809 1946 fuerunt
2849 1892 2906 1945 in
2936 1893 3164 1957 scelere,
3195 1892 3328 1961 quia
3353 1893 3549 1963 nequi-

1961 1980 2039 2032 tia
2068 1980 2270 2031 horum
2291 1980 2507 2033 caeteris
2539 1979 2976 2049 principabatur.
3012 1979 3286 2050 Subjectae
3323 1996 3546 2050 quoque

1958 2074 2160 2122 secutae
2190 2074 2339 2131 sunt,
2400 2068 2635 2137 ideoque
2676 2068 2908 2137 gravius
2951 2067 3059 2120 erit
3109 2067 3239 2123 illis.
3276 2052 3548 2123 Similiter

1955 2156 2181 2226 gravius
2202 2156 2310 2209 erit
2336 2154 2553 2209 duabus
2575 2154 2851 2220 tribubus,
2876 2171 2998 2225 quae
3053 2155 3221 2209 etiam
3248 2156 3305 2209 in
3335 2156 3546 2226 templo

1956 2245 2181 2298 Domini
2200 2245 2496 2297 coluerunt
2522 2243 2691 2306 idola,
2715 2260 2882 2313 quam
2910 2244 3123 2298 decem.
3161 2244 3365 2298 Servus
3394 2242 3545 2297 enim

1958 2334 2053 2403 qui
2075 2334 2178 2387 scit
2206 2333 2551 2386 voluntatem
2584 2332 2805 2385 Domini
2833 2338 2890 2384 et
2919 2347 3031 2385 non
3054 2331 3206 2393 facit,
3243 2331 3421 2401 plagis
3457 2347 3549 2385 va-

1959 2422 2179 2491 pulabit
2225 2420 2433 2478 multis.
2471 2419 2631 2475 Unde
2677 2419 3035 2473 ecclesiastici
3093 2419 3211 2484 viri,
3260 2418 3308 2472 si
3344 2418 3546 2472 iisdem

1960 2509 2163 2580 quibus
2192 2515 2249 2563 et
2273 2508 2518 2563 haeretici
2576 2507 2934 2561 continentur
2976 2505 3297 2571 sceleribus,
3338 2522 3547 2577 nequa-

1960 2614 2127 2669 quam
2157 2597 2384 2651 Adamze
2422 2602 2479 2650 et
2504 2595 2746 2657 Seboim,
2779 2611 2903 2665 quae
2926 2594 3218 2648 inferiores
3252 2600 3406 2657 sunt,
3445 2595 3545 2649 sed

1954 2689 2207 2744 Sodomae
2252 2692 2308 2739 et
2364 2685 2710 2749 Gomorrha,
2743 2700 2865 2754 qua:
2909 2685 3189 2752 majorum
3238 2682 3542 2736 criminum

1950 2782 2099 2841 sunt,
2133 2774 2472 2829 cruciatibus
2500 2771 2892 2843 subjacebunt.
2930 2791 2958 2821 α
2983 2771 3325 2825 Conversum
3370 2776 3457 2824 est
3483 2770 3542 2824 in

1950 2881 2041 2918 me
2069 2880 2165 2917 cor
2215 2876 2403 2917 meum
2459 2861 2688 2932 pariter,
2739 2858 3071 2914 conturbata
3116 2868 3201 2913 est
3250 2858 3540 2939 poenitudo

1952 2970 2094 3017 mea,
2134 2971 2157 3002 ι
2191 2951 2248 3005 id
2277 2955 2364 3004 est
2389 2954 2705 3004 monstrata
2734 2955 2820 3002 est
2862 2964 2987 3002 mea
3030 2948 3285 3001 voluntas
3304 2952 3540 3017 paterno

1951 3041 2173 3105 affectu,
2207 3039 2342 3110 quia
2370 3038 2562 3092 statim
2618 3042 2680 3092 ut
2730 3037 2951 3091 locutus
3007 3052 3131 3090 sum
3162 3036 3460 3090 adversum
3482 3041 3540 3090 te

1950 3131 2183 3193 malum,
2211 3134 2266 3182 et
2286 3127 2567 3181 crudelem
2599 3126 2811 3195 protuli
2848 3124 3206 3188 sententiam,
3231 3124 3421 3193 tetigit
3448 3140 3540 3178 me

1949 3219 2129 3290 pietas
2165 3217 2421 3269 vincente
2480 3213 2880 3277 misericordia,
2918 3212 3089 3266 veluti
3146 3211 3539 3266 austeritatem

1944 3306 2152 3377 judicis
2183 3305 2361 3375 pietas
2386 3303 2610 3372 mitigat
2638 3302 2831 3372 patris.
2866 3300 3067 3355 Statim
3100 3305 3164 3354 ut
3183 3300 3539 3365 locutussum

1948 3412 2037 3449 me
2067 3393 2330 3464 Ephraim
2358 3398 2415 3445 et
2432 3391 2610 3446 Israel
2638 3391 2785 3443 sicut
2805 3389 3029 3443 Adama
3055 3395 3113 3443 et
3140 3389 3363 3444 Seboim
3392 3389 3540 3459 posi-

261 3486 685 3558 consumpserit
710 3501 905 3539 omnes
960 3484 1259 3538 bellatores
1302 3482 1472 3547 illius,
1514 3498 1615 3535 nec
1659 3482 1867 3552 poterit
1945 3489 2156 3547 turum,
2181 3497 2306 3535 mea
2325 3484 2607 3535 commota
2635 3483 2770 3532 sunt
2800 3478 3030 3542 viscera,
3058 3483 3114 3532 et
3144 3478 3405 3548 pcenituit
3446 3496 3538 3533 me

260 3576 489 3649 aliquod
510 3574 772 3629 invenire
786 3572 1125 3644 praesidium,
1144 3577 1279 3626 tunc
1308 3569 1463 3641 plebs
1484 3587 1609 3624 mea
1637 3570 1865 3624 miscra-
1946 3583 2132 3620 meum
2163 3564 2441 3635 quondam
2471 3563 2733 3633 populum
2752 3562 2939 3615 delere
2969 3566 3257 3649 perpetuo.
3275 3561 3365 3616 Sic
3384 3562 3535 3616 enim

259 3647 383 3720 bilis
402 3681 543 3719 sero
569 3662 959 3734 paenitentiam
983 3667 1129 3731 aget,
1154 3659 1409 3714 hostibus
1432 3664 1632 3712 cuncta
1648 3664 1864 3712 vastan-
1944 3654 2195 3724 loquitur
2226 3653 2315 3706 hic
2339 3652 2610 3706 Dominus
2640 3668 2651 3702 :
2693 3649 2876 3703 Veluti
2934 3649 2981 3702 si
3023 3647 3261 3719 quilibet
3286 3654 3535 3703 vestrum

259 3753 406 3809 tibus
434 3750 717 3824 pendebit
744 3750 815 3805 ad
840 3766 1023 3804 meum
1051 3749 1314 3812 reditum,
1361 3753 1419 3801 et
1443 3746 1764 3817 suspirabit,
1798 3763 1862 3800 ac
1944 3742 2172 3813 quidam
2231 3740 2380 3794 dicat
2411 3754 2422 3788 :
2454 3739 2717 3794 Occidam
2763 3744 2839 3802 te,
2868 3742 2925 3790 et
2970 3735 3160 3789 statim
3208 3736 3538 3806 paenitentia

259 3840 513 3896 converti
546 3837 830 3910 captabit;
865 3836 963 3891 sed
990 3852 1101 3889 non
1132 3834 1400 3905 proderit,
1424 3833 1557 3904 quia
1584 3835 1862 3903 quondam
1945 3832 2146 3885 ductus
2172 3829 2474 3899 subjungat
2502 3843 2512 3875 ε
2536 3828 2660 3881 Mea
2697 3826 2878 3896 culpa,
2910 3826 3042 3895 quia
3090 3824 3279 3878 taliter
3314 3826 3536 3881 locutus

257 3932 358 3986 fuit
381 3926 638 4001 populus
664 3942 841 3989 meus,
861 3941 1009 3978 nunc
1037 3929 1225 3978 autem
1250 3923 1645 3991 non.rJugum
1671 3927 1859 3975 autem
1942 3936 2066 3974 sum
2095 3920 2389 3973 adversum
2414 3922 2490 3970 te.

258 3999 593 4091 imponetur
617 4016 671 4069 ei
717 4014 907 4077 simul,
957 4013 1104 4084 quod
1155 4028 1267 4066 non
1318 4011 1621 4065 auferetur.
1659 4029 1686 4063 ι
1717 4010 1861 4073 Quia
2018 4008 2181 4060 «Non
2207 4006 2405 4059 faciam
2433 4004 2679 4091 furorem
2709 4003 3058 4091 iraaAmeaat)
3092 3999 3149 4052 id
3158 4004 3264 4091 _es_t
3300 4001 3371 4091 de
3408 4017 3534 4091 mea

256 4087 430 4180 usque
452 4104 634 4160 hodie
663 4103 847 4157 adhuc
893 4101 1037 4156 servi
1090 4104 1423 4171 permanent
1472 4099 1529 4152 in
1577 4098 1859 4151 montibus
1942 4095 2241 4149 clementia
2260 4109 2371 4147 non
2413 4090 2675 4145 mutabor
2697 4095 2764 4180 ut
2807 4087 3125 4180 d‘isperdam
3158 4088 3454 4180 liphraim,
3483 4090 3533 4144 si

257 4175 569 4252 Persarum
601 4200 661 4247 et
678 4192 986 4247 Medorum.
1023 4189 1215 4244 Potest
1240 4189 1347 4243 hoc
1396 4194 1454 4242 et
1505 4186 1576 4240 ad
1603 4192 1858 4257 tempera
1940 4183 1999 4236 in
2031 4199 2120 4236 me
2142 4180 2527 4253 paenitentiam
2559 4178 2754 4248 egerit.
2806 4175 2966 4230 Unde
3019 4175 3294 4245 sequitur,
3339 4196 3363 4228 ι
3405 4178 3532 4232 Non

258 4286 654 4341 Romanorum
674 4281 894 4343 referri,
922 4280 1056 4351 quia
1082 4284 1217 4333 tunc
1231 4278 1260 4332 J
1268 4277 1408 4333 udaai
1428 4276 1627 4330 ultima
1646 4281 1704 4329 et
1730 4292 1858 4346 per-
1874 4304 1924 4363 D
1941 4276 2250 4329 convertar,
2289 4288 2315 4323 »
2348 4286 2382 4323 a
2409 4284 2533 4322 mea
2568 4266 2778 4363 scilicet
2798 4264 3098 4363 clementia
3118 4264 3187 4317 ad
3228 4265 3530 4363 crudelita-

257 4382 423 4447 petua
451 4378 600 4429 sunt
616 4370 943 4442 captivitate
972 4368 1243 4423 damnati.

325 4483 356 4518 ι
422 4460 731 4528 Quomodo
778 4458 923 4513 dabo
970 4464 1045 4523 te,
1105 4456 1390 4527 Ephraim,
1433 4458 1723 4525 protegam
1777 4457 1855 4519 te,

257 4552 475 4608 Israel?
512 4570 539 4601 ν
575 4550 629 4603 id
660 4553 748 4602 est
792 4563 904 4601 non
952 4546 1297 4617 protectione
1326 4544 1549 4613 dignus.
1584 4544 1738 4596 More
1780 4542 1858 4612 pii

257 4642 431 4712 patris
451 4641 554 4694 hic
580 4637 857 4694 Dominus
880 4635 1130 4706 loquitur
1159 4634 1229 4687 ad
1277 4632 1470 4688 Israel.
1512 4653 1534 4681 ι
1568 4630 1857 4695 Quomodo

259 4731 479 4801 (inquit)
513 4726 665 4782 dabo
693 4725 789 4779 te?
822 4744 845 4775 ι
876 4723 933 4777 id
965 4728 1052 4778 est
1098 4721 1375 4792 quomodo
1406 4726 1601 4791 potero
1628 4723 1685 4772 te
1723 4718 1858 4771 dare

255 4819 310 4872 in
332 4818 727 4891 captivitatem
764 4812 884 4867 sine
912 4828 1037 4865 meo
1066 4809 1296 4864 dolore?
1325 4807 1604 4879 quomodo
1640 4811 1697 4860 te
1725 4821 1857 4877 pro-

253 4914 460 4979 tegam,
497 4912 565 4960 et
591 4904 727 4976 quid
770 4901 872 4957 tibi
925 4900 1147 4963 faciam,
1190 4903 1249 4952 et
1289 4913 1400 4968 qua
1437 4901 1559 4950 arte
1596 4901 1653 4949 te
1689 4895 1858 4949 corri-

252 4997 499 5067 piam,et
530 4991 816 5065 quomodo
840 4996 897 5043 te
913 5005 1038 5042 meo
1058 4986 1263 5042 auxilio
1278 4984 1573 5040 denudabo
1600 4984 1721 5038 sine
1742 5001 1857 5038 ma-

252 5085 397 5140 ximo
420 5083 621 5139 cordis
641 5080 871 5136 dolore?
900 5078 1003 5132 Hic
1020 5076 1169 5131 enim
1200 5075 1450 5146 loquitur
1487 5073 1647 5144 quasi
1695 5083 1856 5144 pater

254 5174 394 5244 pius.
429 5194 455 5225 ι
492 5169 792 5236 Quomodo
814 5166 958 5222 dabo
988 5166 1084 5220 te?
1132 5168 1194 5219 ut
1239 5164 1473 5227 Adams,
1509 5182 1532 5213 ι
1564 5161 1849 5223 subaudis,

256 5261 393 5315 dabo
424 5267 485 5315 te
512 5282 528 5323 ς
570 5280 592 5309 ι
625 5273 829 5329 ponam
850 5263 907 5310 te
931 5256 1076 5309 sicut
1101 5250 1451 5313 Seboim,-id
1481 5255 1566 5303 est
1596 5249 1727 5302 licet
1742 5265 1853 5302 non

257 5351 371 5404 sine
391 5349 620 5411 dolore,
644 5352 836 5400 tamen
866 5343 1085 5398 tradam
1116 5348 1191 5408 te,
1224 5346 1282 5394 et
1309 5339 1561 5409 redigam
1581 5344 1638 5391 te
1668 5338 1722 5391 in
1738 5337 1856 5409 pul-

261 5454 439 5493 verem
472 5442 538 5491 et
570 5436 626 5488 in
654 5432 1017 5488 solitudinem
1044 5434 1343 5493 vastam,et
1367 5426 1562 5481 delebo
1589 5443 1766 5497 usque
1787 5426 1856 5479 ad

262 5524 474 5580 cineres
504 5528 571 5578 et
596 5520 985 5602 favillas,sicut
1014 5518 1191 5574 delevi
1218 5516 1494 5571 Adamam
1525 5518 1580 5568 et
1611 5513 1853 5577 Seboim,

1941 4368 2076 4425 tem,
2113 4379 2139 4411 «ι
2170 4366 2235 4413 ut
2280 4357 2599 4428 disperdam
2646 4354 2931 4425 Ephraim,
2972 4372 2995 4403 ι
3030 4352 3086 4406 id
3132 4358 3218 4406 est
3261 4355 3531 4425 populum

1941 4449 2131 4503 decem
2161 4447 2412 4501 tribuum
2440 4464 2450 4495 :
2486 4460 2597 4497 non
2627 4442 2776 4496 enim
2798 4440 3049 4512 percutio
3064 4446 3128 4494 ut
3140 4440 3458 4511 disperdam
3472 4442 3531 4497 in

1942 4542 2295 4608 perpetuum,
2341 4534 2438 4587 sed
2491 4538 2557 4586 ut
2610 4530 2923 4584 emendem.
2969 4529 3286 4583 Crudelitas
3324 4530 3530 4601 quippe

1941 4642 2067 4680 mea
2090 4622 2432 4696 poenitentiae
2458 4627 2514 4675 et
2534 4619 2757 4691 pietatis
2788 4617 3002 4671 occasio
3034 4622 3137 4670 est.
3184 4636 3205 4666 ι
3249 4616 3528 4680 Quoniam

1938 4715 2089 4769 Deus
2104 4730 2206 4783 ego
2220 4728 2342 4766 sum
2354 4714 2445 4780 ,et
2473 4725 2585 4763 non
2614 4708 2801 4771 homo,
2833 4705 2891 4758 in
2912 4703 3189 4757 mediotui
3205 4709 3452 4758 sanctus.
3498 4724 3522 4757 ι

1940 4804 2121 4858 Homo
2152 4802 2219 4855 ad
2251 4801 2356 4853 hoc
2376 4796 2617 4870 percutit
2636 4801 2700 4849 ut
2726 4793 2942 4864 perdat,
2973 4791 3043 4844 ad
3065 4792 3169 4845 hoc
3186 4791 3449 4846 irascitur
3465 4797 3531 4847 ut

1937 4891 2200 4952 vindicet,
2234 4888 2395 4957 cujus
2408 4884 2684 4955 judicium
2718 4879 3051 4951 supplicium
3108 4884 3209 4933 est.
3246 4878 3401 4934 Deus
3432 4896 3529 4934 au-

1936 4973 2052 5033 tem
2085 4978 2155 5032 ad
2188 4978 2291 5031 hoc
2322 4973 2555 5044 corripit
2582 4976 2647 5024 ut
2669 4968 2949 5032 emendet,
2978 4967 3049 5021 ad
3073 4968 3176 5022 hoc
3194 4968 3445 5038 ﬂagellat
3464 4974 3530 5024 ut

1935 5064 2389 5137 corripiat.Quod
2406 5077 2534 5115 vero
2570 5058 2851 5130 sequitur:
2876 5058 2940 5111 In
2964 5056 3148 5111 modio
3174 5057 3255 5111 tui
3274 5064 3527 5122 sanctus,

1934 5156 2127 5211 taliter
2146 5160 2232 5208 est
2261 5149 2712 5221 intelligendum:
2746 5147 2805 5202 Si
2832 5145 3215 5217 paenitentiam
3245 5161 3413 5216 agere
3432 5163 3529 5201 vo-

1936 5243 2128 5306 lueris,
2162 5242 2220 5295 in
2251 5239 2437 5293 medio
2468 5238 2553 5291 tui
2582 5253 2701 5303 ero,
2730 5241 2787 5289 et
2819 5232 3082 5287 habitabo
3109 5240 3317 5297 tecum,
3337 5238 3395 5287 et
3421 5234 3530 5288 sal-

1934 5331 2076 5385 vabo
2101 5336 2175 5393 te,
2204 5349 2230 5381 u
2271 5334 2328 5383 et
2348 5344 2459 5381 non
2490 5325 2773 5397 ingrediar
2795 5323 3096 5376 civitatem.
3136 5341 3157 5372 ι
3192 5322 3274 5375 Ad
3312 5322 3531 5376 hocsci-

1937 5421 2070 5475 licet
2088 5426 2153 5473 ut
2183 5418 2433 5489 puniam,
2465 5416 2609 5470 sicut
2651 5413 2889 5483 judices,
2918 5411 3050 5482 quia
3080 5427 3190 5465 non
3214 5426 3341 5465 sum
3383 5426 3529 5464 unus
3609 5428 3619 5437 ·

1938 5511 2012 5565 de
2039 5508 2129 5562 his
2157 5523 2281 5578 qua:
2308 5506 2365 5560 in
2393 5503 2626 5560 urbibus
2649 5500 2924 5566 habitant,
2938 5505 2996 5554 et
3022 5498 3283 5554 humanis
3310 5496 3529 5567 legibus
