4090 6164
300 289 365 348 89

1309 291 1728 349 ENARRATIO
1758 292 1835 348 IN
1861 289 2043 347 OSEE
2073 288 2534 345 PROPHE’I‘AM.

3482 285 3554 344 90

299 416 488 472 vitulos
543 418 805 488 appellat.
864 437 887 469 ι
943 419 1086 474 Nam
1134 424 1193 473 et
1234 420 1437 477 altaria
1476 435 1667 473 eorum
1717 416 1940 489 quasiA
1962 431 2116 475 suus,
2149 432 2261 469 non
2292 415 2440 485 quod
2466 431 2658 469 eorum
2683 412 2958 469 Dominus
2984 412 3077 479 sit,
3091 410 3188 466 sed
3205 410 3354 486 quod
3374 426 3554 482 quon-

300 505 468 561 acervi
492 522 664 576 super
681 506 865 560 sulcos
886 507 1026 577 agri,
1058 528 1077 557 ι
1104 508 1457 571 subauditur,
1485 506 1874 568 remanebunt,

298 601 349 649 et
368 594 979 665 relinquenturabsque
1003 596 1243 659 cultura,
1272 596 1382 650 illis
1411 596 1467 648 in
1495 595 1876 665 captivitatem
1902 665 1909 673 _

297 682 486 745 ductis,
519 681 688 735 sicuti
708 681 914 735 tumuli
942 682 1011 737 de
1039 682 1320 755 lapidibus
1344 691 1398 737 et
1427 683 1614 737 arenis
1643 699 1877 755 congre-

294 772 421 841 gati.

361 895 389 928 ε
419 877 592 946 Fugit
633 876 806 932 Iacob
845 878 905 932 in
948 880 1234 950 regionem
1283 882 1476 952 Syriae.
1514 900 1540 935 io
1574 882 1880 936 Historiam

295 967 568 1020 Geneseos
590 972 826 1035 tangere
850 968 1124 1038 propheta
1143 969 1623 1041 videtur,loquens
1652 971 1721 1024 de
1752 970 1882 1039 fuga

294 1054 474 1119 Iacob,
508 1054 604 1125 qui
632 1055 774 1124 fugit
812 1055 881 1109 ad
912 1056 1102 1111 Laban
1133 1059 1468 1113 avunculum
1499 1075 1663 1114 suum
1692 1059 1750 1113 in
1786 1075 1878 1112 re-

292 1142 504 1212 gionem
537 1143 734 1213 Syriae,
763 1143 833 1196 de
862 1160 971 1215 quo
1002 1151 1058 1199 et
1085 1162 1256 1217 supra
1284 1146 1501 1202 dixerat
1532 1167 1543 1201 :
1575 1167 1596 1198 ι
1630 1146 1696 1200 In
1720 1152 1878 1201 utero

293 1231 668 1301 supplantavit
711 1230 946 1285 fratrem
993 1249 1180 1297 suum,
1214 1241 1270 1288 et
1311 1234 1371 1288 in
1408 1234 1740 1289 fortitudine
1778 1250 1880 1289 sua

294 1319 533 1373 directus
561 1326 647 1373 est
686 1336 814 1373 cum
855 1322 1075 1392 angelo.
1110 1340 1136 1373 1:
1173 1341 1198 1374 α
1235 1324 1302 1376 Et
1346 1323 1572 1377 servivit
1609 1324 1814 1389 Israel;
1849 1342 1875 1378 η

294 1405 391 1459 hoc
443 1413 536 1459 est
577 1406 699 1476 ipse
752 1407 942 1473 Jacob,
998 1427 1022 1459 (‹
1056 1409 1114 1462 in
1152 1426 1341 1474 uxore,
1379 1430 1405 1463 io
1455 1410 1512 1464 id
1541 1416 1627 1465 est
1655 1415 1883 1481 propter

295 1509 540 1558 uxorem,
572 1494 780 1549 Rachel
808 1496 1043 1561 scilicet,
1072 1503 1285 1569 septem
1318 1499 1480 1553 annis
1503 1515 1737 1570 pascens
1756 1514 1883 1552 oves

294 1585 549 1639 avunculi
575 1584 683 1638 sui.
725 1604 748 1635 ι
785 1586 855 1640 Et
894 1585 952 1640 in
990 1603 1161 1641 uxore
1191 1587 1434 1652 servivit,
1473 1607 1496 1639 ι
1529 1604 1630 1659 pro
1660 1587 1771 1641 alia
1802 1586 1883 1641 vi-

294 1673 489 1729 delicet
524 1673 665 1728 alios
694 1680 911 1746 septem
926 1720 938 1733 .

362 1818 385 1849 ι
427 1799 496 1853 In
546 1800 821 1871 propheta
860 1805 1050 1856 autem
1098 1802 1290 1857 eduxit
1335 1818 1462 1856 eum
1507 1802 1781 1856 Dominus
1818 1801 1887 1855 de

292 1886 611 1958 Egypto,et
633 1888 691 1941 in
714 1890 988 1960 propheta
1015 1895 1270 1943 servatus
1300 1896 1438 1944 est.)
1466 1889 1610 1954 Quia
1629 1889 1698 1943 de
1718 1876 1889 1943 Jacob

294 1982 345 2029 et
370 1976 551 2030 Israel
576 1975 868 2030 historiam
898 1982 1085 2031 texere
1114 1985 1379 2049 coeperat,
1424 1976 1717 2049 conjungit
1741 1976 1889 2048 patri

294 2064 448 2130 ﬁlios,
494 2065 691 2119 dicens
726 2084 738 2118 :
775 2085 799 2115 α
835 2067 899 2120 In
930 2068 1205 2137 propheta
1244 2068 1435 2121 eduxit
1461 2084 1590 2122 eum
1625 2068 1891 2123 Dominus

292 2153 355 2207 de
382 2154 681 2224 Egypto,u
701 2154 759 2207 in
777 2155 966 2225 Moyse
991 2154 1380 2227 videlicet,quo
1401 2165 1664 2212 monente
1680 2158 1891 2227 egressi

293 2247 416 2294 sunt
438 2241 511 2294 de
544 2247 700 2295 terra
727 2241 973 2313 IEgypti.
1006 2243 1107 2296 Vel
1128 2251 1299 2310 certe,
1330 2246 1376 2298 si
1408 2245 1578 2299 altius
1596 2247 1713 2300 haec
1740 2245 1891 2299 volu-

294 2344 411 2382 mus
439 2329 1153 2400 intelligere,Dominus,id
1174 2340 1259 2387 est
1280 2334 1429 2387 Deus
1454 2335 1635 2397 Pater,
1670 2336 1725 2388 in
1753 2352 1885 2405 pro-

294 2417 473 2487 pheta,
508 2418 570 2471 id
598 2420 766 2472 estin
789 2420 1030 2488 Christo,
1063 2421 1334 2492 populum
1360 2439 1526 2476 suum
1557 2424 1626 2477 de
1641 2423 1888 2478 tenebris

294 2503 642 2559 inﬁdelitatis
660 2507 1051 2562 eduxit.Porro
1079 2509 1138 2563 in
1168 2511 1440 2581 propheta
1469 2511 1618 2565 idem
1649 2512 1888 2582 populus

295 2600 547 2649 servatus
571 2598 908 2667 est,quando
938 2613 1040 2668 pro
1068 2604 1294 2669 peccato
1332 2599 1513 2664 vituli,
1548 2599 1770 2653 Domini
1807 2600 1890 2652 ira

295 2683 576 2746 saeviente,
609 2689 925 2752 prostratus
949 2701 1138 2739 coram
1162 2702 1227 2739 eo
1261 2686 1403 2739 dixit
1435 2704 1447 2738 :
1482 2704 1508 2738 α
1532 2688 1646 2741 Aut
1674 2687 1893 2740 dimitte

297 2769 389 2829 eis,
421 2775 523 2823 aut
575 2770 698 2823 dele
746 2787 837 2825 me
884 2772 953 2825 de
998 2772 1142 2826 libro
1189 2779 1305 2838 tuo,
1345 2789 1370 2824 ν
1422 2779 1551 2837 etc.,
1598 2790 1892 2845 quousque

296 2874 628 2929 responsum
657 2865 746 2913 est
773 2859 824 2913 ei
860 2878 871 2913 :
907 2878 934 2912 ι
966 2860 1166 2914 Dimisi
1189 2862 1350 2930 juxta
1376 2860 1607 2915 verbum
1633 2868 1824 2919 tuum.
1868 2883 1889 2914 ι

295 2947 416 3001 Non
462 2947 703 3015 errabit,
752 2948 846 3019 qui
894 2949 1379 3019 supplantatorem
1427 2948 1604 3003 Jacob
1635 2955 1692 3004 et
1719 2949 1897 3005 Israel

296 3035 580 3091 videntem
604 3037 782 3091 Deum
815 3039 871 3092 in
900 3044 1035 3109 typo
1066 3038 1507 3093 Dominidixerit
1526 3042 1953 3111 prmcessisseﬁ'

298 3130 350 3178 et
375 3126 589 3179 Rachel
638 3127 821 3197 primo
863 3128 1112 3181 sterilem
1159 3134 1329 3199 atque
1356 3129 1680 3197 formosam,
1725 3148 1895 3203 quam

298 3213 606 3284 plurimum
628 3215 822 3269 dilexit
840 3216 1029 3282 Jacob,
1048 3218 1366 3287 signiﬁcare
1386 3219 1689 3273 Ecclesiam
1707 3239 1718 3273 :
1738 3222 1895 3275 Liam

298 3306 480 3355 autem
522 3301 896 3373 lippientibus
949 3304 1126 3358 oculis
1173 3310 1342 3375 atque
1371 3305 1687 3373 fecundam,
1723 3308 1896 3379 Syna«

296 3404 447 3459 gogae
474 3396 844 3445 sacramenta
872 3398 1204 3455 monstrare,
1239 3399 1297 3446 et
1332 3394 1478 3464 quod
1509 3395 1628 3465 ipse
1660 3397 1895 3450 creden-

297 3477 432 3531 tium
459 3479 738 3549 populum
770 3480 1025 3534 eduxerit
1051 3481 1120 3534 de
1144 3481 1391 3536 tenebris
1419 3483 1586 3553 hujus
1612 3485 1820 3549 saeculi,
1843 3488 1901 3537 et

300 3566 364 3619 ad
393 3567 754 3622 lucidissima
780 3568 1040 3623 Iordanis
1087 3570 1318 3633 fluenta,
1352 3570 1408 3625 id
1438 3577 1524 3626 est
1553 3571 1898 3643 baptismum

299 3655 638 3725 pervenerit.

369 3800 392 3831 ι
422 3780 512 3834 Ad
538 3780 898 3834 iracundiam
926 3798 1017 3836 me
1036 3783 1354 3853 provocavit
1385 3783 1647 3855 Ephraim
1678 3786 1735 3840 in
1751 3802 1903 3840 ama-

1960 504 2088 557 dam
2121 504 2394 559 Dominus
2423 520 2615 558 eorum
2646 503 2769 559 fuit.

2548 666 2782 722 CAPUT
2818 666 2973 720 XIII.

2036 790 2063 825 α
2093 772 2382 844 Loquente
2414 773 2699 845 Ephraim,
2731 772 2931 826 horror
2957 771 3160 826 invasit
3177 771 3372 827 Israel.
3401 792 3424 824 ι
3458 774 3564 829 Lo-‘

1964 867 2172 933 quente
2201 862 2487 933 Ephraim,
2520 862 2575 915 id
2605 867 2690 915 est
2717 860 3033 924 Jeroboam,
3059 861 3174 916 ﬁlio
3212 861 3455 927 Nabath,
3489 863 3559 916 de

1963 950 2114 1004 tribu
2146 951 2431 1021 Ephraim,
2456 956 2514 1004 et
2538 950 2894 1025 praecipiente
2906 955 2970 1003 ut
2987 950 3138 1004 idola
3151 951 3415 1016 colerent,
3436 952 3561 1005 hor-

1962 1056 2077 1104 ror,
2104 1040 2158 1093 id
2190 1046 2277 1093 est
2296 1039 2463 1093 timor
2491 1039 2698 1093 nimius
2734 1038 2939 1093 invasit
2968 1039 3160 1100 Israel,
3184 1039 3467 1094 intentum
3497 1044 3562 1093 ut

1961 1130 2137 1183 Deum
2167 1128 2602 1198 derelinqueret,
2625 1133 2680 1180 et
2699 1127 2860 1180 idolis
2874 1127 3233 1181 sacriﬁcaret.
3253 1128 3411 1182 Unde
3435 1126 3564 1181 sub-

1961 1217 2150 1271 ditur:
2194 1239 2213 1267 ι
2252 1216 2637 1287 Etdeliquitin
2660 1216 2815 1274 Baal.
2848 1234 2874 1268 ι
2895 1215 3044 1269 idolo
3069 1216 3279 1270 scilicet
3302 1216 3561 1271 Sidonio-

1961 1322 2107 1370 rum,
2141 1304 2236 1376 qui
2258 1311 2315 1359 et
2341 1306 2460 1375 ipse
2489 1312 2575 1358 est
2596 1303 2717 1368 Bel,
2737 1322 2761 1353 (ι
2784 1308 2839 1356 et
2862 1307 3117 1357 mortuus
3137 1309 3242 1367 est,
3274 1323 3302 1353 io
3327 1303 3563 1357 inﬁdeli-

1962 1400 2079 1449 tate
2108 1394 2348 1465 perdens
2378 1410 2528 1461 eum,
2561 1393 2663 1464 qui.
2688 1391 2823 1445 dicit
2847 1410 2857 1443 :
2897 1409 2922 1443 ι
2943 1391 3058 1460 Ego
3079 1407 3203 1444 sum
3232 1391 3394 1444 vita.»
3413 1390 3563 1445 Scri-

1965 1489 2124 1554 ptum
2146 1488 2232 1537 est
2252 1482 2401 1537 enim
2433 1500 2444 1535 :
2474 1501 2498 1533 ‹‹
2532 1482 2737 1538 Anima
2767 1496 2890 1552 quae
2934 1478 3243 1551 peccaverit
3290 1480 3414 1551 ipsa
3443 1494 3560 1534 mo-

1965 1572 2164 1627 rietur.
2204 1592 2225 1622 ι

2044 1681 2066 1712 ι
2124 1661 2193 1715 Et
2238 1677 2389 1715 nunc
2444 1659 2784 1714 addiderunt
2828 1658 2900 1713 ad
2944 1657 3309 1729 peccandum.
3361 1676 3384 1708 ι
3422 1658 3565 1713 Pec-

1905 1731 2159 1805 Bcatum
2208 1749 2540 1804 idololatriae
2574 1754 2799 1819 peccato
2837 1747 3182 1818 copulantes,
3219 1764 3246 1800 «
3282 1746 3566 1801 fecerunt-

1971 1856 2079 1910 que
2111 1839 2217 1893 sibi
2244 1839 2545 1902 conﬂatile,
2583 1857 2608 1890 ››
2640 1837 2696 1891 id
2733 1842 2819 1891 est
2847 1836 3102 1895 vitulum,
3139 1852 3165 1887 α
3215 1835 3285 1889 de
3330 1839 3565 1904 argento

1970 1944 2093 1992 suo,
2128 1946 2155 1981 ii
2182 1933 2246 1982 ut
2263 1928 2474 1982 scilicet
2510 1925 2780 1980 haberent
2835 1925 2942 1996 ipsi
2980 1941 3203 1996 quoque
3250 1940 3383 1978 suos
3415 1925 3565 1979 vitu-

1972 2016 2076 2082 los,
2105 2035 2129 2086 ς(
2160 2016 2320 2087 quasi
2372 2015 2800 2069 similitudinem
2837 2013 3136 2067 idolorum.
3166 2032 3193 2066 »
3225 2012 3370 2077 Quia
3412 2013 3565 2068 enim

1972 2122 2069 2159 rex
2108 2104 2349 2159 habebat
2375 2105 2509 2158 deos
2537 2119 2758 2164 aureos,
2789 2102 2915 2173 ipsi,
2946 2102 3002 2155 id
3048 2107 3135 2155 est
3186 2102 3378 2172 populi
3431 2101 3567 2157 sub-

1966 2195 2119 2265 jecti.
2153 2194 2460 2248 secundum
2494 2209 2654 2247 suam
2687 2190 3111 2261 possibilitatem
3143 2190 3202 2244 in
3241 2190 3567 2245 similitudi-

1976 2300 2106 2338 nem
2128 2283 2353 2337 illorum
2383 2282 2635 2336 fecerunt
2658 2280 2763 2335 sibi
2791 2280 2925 2334 deos
2943 2285 3292 2350 argenteam:
3328 2280 3569 2335 Factura

1967 2372 2246 2426 artiﬁcum
2270 2376 2452 2425 totum
2482 2376 2586 2435 est,
2619 2387 2643 2421 υ
2661 2369 2713 2423 id
2738 2374 2824 2423 est
2840 2384 2980 2438 opus
3007 2366 3270 2433 hominis,
3302 2383 3413 2421 non
3442 2368 3567 2425 Dei.

1973 2479 2000 2513 α
2036 2461 2133 2515 His
2163 2461 2270 2531 ipsi
2304 2460 2523 2514 dicunt:
2558 2457 2854 2512 Immolate
2896 2456 3170 2521 homines,
3223 2456 3424 2510 vitulos
3474 2455 3571 2509 ad-

1973 2556 2215 2603 orantes.
2255 2570 2276 2599 ι
2304 2549 2459 2602 Sicut
2488 2547 2645 2601 verbi
2671 2546 2857 2617 gratia
2871 2545 3003 2599 fecit
3022 2545 3309 2599 Manasses
3329 2550 3386 2598 et
3405 2543 3569 2598 multi

1974 2637 2166 2702 alii,de
2187 2635 2390 2706 quibus
2401 2634 2670 2705 scriptum
2687 2640 2798 2687 est:
2822 2631 3261 2697 Immolaverunt
3276 2631 3418 2685 ﬁlios
3439 2648 3570 2687 suos

1976 2732 2033 2780 et
2061 2725 2206 2779 ﬁlias
2230 2740 2362 2778 suas
2383 2722 2748 2777 daemonibus.
2786 2722 2909 2775 Acsi
2940 2726 3134 2791 aperte
3164 2720 3401 2775 diceret:
3438 2720 3568 2781 Vos,

1978 2815 2222 2868 cultores
2250 2813 2549 2877 idolorum,
2578 2811 2709 2882 quia
2734 2810 2930 2864 hostiae
2962 2825 3075 2863 non
3095 2808 3571 2879 suppetunt.ﬁlios

1980 2908 2037 2957 et
2060 2903 2207 2956 ﬁlias
2238 2906 2449 2955 vestras
2469 2901 2619 2955 idola
2638 2900 2920 2954 vobiscum
2946 2898 3273 2962 colentes,id
3285 2903 3371 2952 est
3384 2898 3571 2952 vitulis

1979 2992 2285 3046 immolate.
2317 2990 2415 3044 Sin
2446 2994 2633 3044 autem
2666 2991 2752 3056 (ut
2782 2988 3008 3059 quidam
3038 2987 3248 3045 volunt)
3290 2986 3575 3041 deamones

1976 3079 2362 3151 loquunturad
2386 3079 2673 3149 populum:
2698 3098 2718 3128 ι
2738 3077 3031 3132 Immolate
3047 3075 3321 3140 homines,
3335 3095 3355 3124 ι
3370 3076 3574 3130 vitulos

1978 3168 2125 3222 enim
2158 3167 2437 3221 deferunt.
2471 3165 3089 3235 Ostendituringluvies
3108 3179 3302 3218 eorum
3323 3163 3418 3234 qui
3438 3179 3574 3218 san-

1976 3257 2146 3327 guine
2163 3255 2514 3309 victimarum
2548 3254 2780 3308 aluntur
2807 3259 2865 3308 et
2900 3253 3353 3307 holocaustorum
3398 3252 3572 3319 fumo,

1979 3344 2148 3415 quod.
2173 3342 2559 3398 deﬁcientibus
2587 3342 2804 3407 hostiis,
2838 3341 3092 3396 homines
3110 3341 3346 3412 cupiunt
3372 3341 3578 3395 immo-

1979 3433 2102 3495 lari,
2136 3449 2374 3503 quorum
2404 3448 2518 3486 non
2535 3432 2717 3486 solum
2741 3430 2994 3495 interitu,
3018 3430 3117 3485 sed
3145 3434 3203 3484 et
3236 3430 3434 3484 cruore
3477 3429 3576 3484 lte-

1978 3526 2193 3577 tantur.

2055 3627 2080 3660 (ι
2106 3608 2318 3662 Idcirco
2343 3612 2511 3662 erunt
2538 3609 2695 3678 quasi
2718 3607 2894 3661 nubes
2926 3606 3221 3671 matutina,
3253 3610 3311 3659 et
3328 3605 3474 3660 sicut
3485 3621 3577 3660 ros

1983 3696 2294 3751 matutinus
2322 3696 2704 3767 pertransiens
2728 3714 2739 3749 :
2773 3696 2919 3750 sicut
2936 3696 3118 3767 pulvis
3137 3694 3363 3749 turbine
3384 3699 3579 3766 raptus

1983 3802 2049 3840 ex
2081 3801 2232 3849 area,
2266 3790 2324 3838 et
2342 3785 2485 3839 sicut
2540 3784 2730 3838 fumus
2783 3784 3043 3838 fumario.
3072 3804 3094 3835 ι
3147 3784 3291 3848 Quia
3354 3782 3575 3853 (inquit)

297 3866 1443 3942 ritudinibussuisJSensusest:Cumego
1457 3872 1905 3943 Ephraim,idest
1986 3874 2242 3928 homines
2270 3873 2478 3937 vitulis,
2513 3874 2627 3926 imo
2663 3888 2777 3927 uno
2827 3872 2997 3926 vitulo
3043 3872 3495 3936 immolaverunt,
3522 3875 3581 3925 et

300 3970 487 4010 omnes
508 3957 714 4010 decem
741 3956 923 4011 tribus
950 3960 1020 4012 de
1046 3957 1309 4030 Egyptia
1334 3961 1601 4015 servitute
1630 3961 1903 4016 liberave-
1984 3963 2359 4018 adoraverunt
2388 3960 2833 4022 vitulos,idcirco
2855 3965 3021 4014 erunt
3042 3960 3201 4030 quasi
3218 3959 3414 4023 nubes,
3443 3964 3575 4020 etc.,

300 4043 729 4116 rim,multaque
751 4045 899 4099 bona
913 4046 993 4099 illi
1023 4049 1414 4113 concesserim,
1441 4050 1758 4120 provocavit
1786 4067 1897 4118 me,
1985 4067 2107 4121 quae
2118 4049 2308 4103 omnia
2318 4048 2577 4102 videntur
2591 4047 2662 4101 ad
2681 4054 2922 4117 tempus,
2940 4052 2998 4100 et
3016 4047 3128 4101 cito
3144 4063 3267 4101 esse
3287 4046 3571 4101 desinunt.

303 4133 390 4202 qui
406 4150 536 4187 sum
566 4140 781 4188 natura
805 4136 1180 4203 dulcissimus,
1207 4138 1264 4191 in
1278 4138 1397 4191 suis
1409 4139 1898 4204 amaritudinibus,
1985 4138 2175 4193 Nubes
2202 4138 2353 4191 enim
2375 4141 2431 4191 et
2460 4153 2552 4190 ros
2581 4137 2698 4190 sole
2729 4135 3058 4190 adveniente
3091 4135 3361 4205 fugantur
3388 4139 3444 4189 et
3486 4150 3582 4188 ex-

301 4220 353 4274 id
382 4228 468 4276 est
494 4222 640 4276 fecit
666 4239 756 4276 me
771 4230 1111 4292 amarum,et
1127 4226 1311 4296 coegit
1332 4227 1565 4281 reddere
1578 4227 1899 4281 vindictam.
1980 4227 2295 4294 siccantur;
2328 4225 2508 4296 pulvis
2538 4242 2761 4296 quoque
2789 4225 2858 4280 de
2885 4240 3016 4278 area
3044 4230 3260 4295 raptus,
3308 4229 3365 4278 et
3394 4223 3582 4279 fumus

308 4328 333 4362 (
355 4312 421 4365 Et
447 4311 695 4382 sanguis
725 4314 849 4383 ejus
893 4330 1065 4384 super
1101 4331 1228 4368 eum
1270 4316 1472 4379 veniet,
1501 4336 1523 4366 ι
1570 4316 1627 4368 id
1654 4323 1741 4369 est
1784 4316 1905 4385 ipse
1986 4317 2056 4370 de
2083 4316 2322 4370 fumario
2352 4315 2408 4367 in
2428 4319 2626 4368 tenues
2655 4330 2823 4368 auras
2850 4313 3254 4372 dissolvuntur.
3292 4312 3453 4368 Unde
3474 4317 3580 4368 est:

302 4401 402 4455 erit
422 4419 605 4457 causa
634 4401 833 4455 mortis
853 4400 1058 4471 ejus,id
1071 4407 1156 4456 est
1184 4409 1412 4474 propter
1425 4411 1714 4474 peccatum
1736 4421 1900 4458 suum
1925 4398 1971 4454 D
1991 4405 2150 4459 Sicut
2172 4404 2361 4457 deﬁcit
2390 4402 2961 4470 fumus,deﬁcient.Et
2981 4409 3068 4456 est
3080 4418 3308 4459 sensus:
3339 4401 3582 4456 sicutahaa

305 4488 537 4544 ducetur
566 4490 844 4559 captivus,
896 4496 955 4544 et
994 4492 1362 4545 interﬁcietur
1400 4493 1472 4546 ab
1512 4493 1787 4558 hostibus,
1818 4510 1903 4547 se-

305 4580 544 4633 cundum
576 4579 732 4650 quod
762 4579 937 4633 David
966 4580 1037 4634 ad
1064 4582 1316 4651 eum,qui
1340 4598 1399 4635 se
1428 4581 1654 4638 Saulem
1676 4582 1901 4636 interfe-

308 4668 441 4721 cisse
468 4669 798 4735 nuntiabat,
822 4670 959 4724 dicit
990 4688 1001 4723 :
1038 4687 1063 4721 ι
1098 4671 1343 4741 Sanguis
1371 4676 1503 4726 tuus
1531 4689 1701 4743 super
1737 4677 1906 4743 caput

306 4759 482 4810 tuum.
520 4776 546 4807 ι
588 4776 612 4808 ι
641 4757 713 4811 Et
739 4757 1098 4828 opprobrium
1128 4760 1249 4828 ejus
1270 4759 1529 4813 restituet
1558 4761 1608 4814 ei
1632 4762 1904 4814 Dominus

308 4843 452 4897 Deus
470 4851 632 4910 tuus,
660 4865 687 4897 ι)
720 4825 791 4898 id_
807 4825 893 4900 est
919 4825 1220 4900 vindictam
1246 4847 1605 4919 blasphemia:
1635 4865 1746 4919 qua
1771 4849 1906 4903 dixi-

308 4933 375 4987 sti
400 4950 411 4985 :
439 4952 467 4986 ι
492 4934 599 4989 Isti
615 4942 751 4987 sunt
767 4934 843 4988 dii
870 4935 952 4988 tui
971 4936 1131 5005 quite
1152 4936 1466 4991 eduxerunt
1483 4937 1551 4991 de
1568 4944 1720 4992 terra
1735 4939 1906 5009 [Egy-

307 5022 437 5089 pti,»
462 5022 640 5075 faciet
668 5022 938 5075 Dominus
958 5040 1129 5093 super
1148 5030 1204 5078 te
1225 5024 1427 5078 venire.
1462 5025 1694 5096 Semper
1724 5025 1901 5080 haere-

309 5108 396 5163 tici
416 5109 930 5164 clementissimum
948 5111 1249 5165 Dominum
1270 5112 1339 5165 ad
1352 5112 1699 5166 iracundiam
1718 5130 1912 5184 provo-

309 5204 449 5264 cant,
465 5206 528 5252 et
540 5199 646 5269 qui
664 5200 843 5269 magis
857 5200 977 5253 vult
992 5200 1381 5270 pmnitentiam
1396 5200 1704 5270 peccatoris
1721 5218 1890 5271 quam

310 5293 568 5347 mortem,
611 5286 824 5339 duritia
869 5287 1053 5340 cordis
1084 5288 1169 5341 sui
1215 5288 1417 5358 punire
1458 5288 1815 5358 compellunt.
1846 5290 1913 5345 Et

311 5376 537 5444 sanguis
549 5392 890 5445 eorum,quo
916 5381 974 5429 et
995 5393 1158 5430 suum
1190 5383 1246 5431 et
1269 5378 1572 5430 multorum
1596 5378 1913 5433 effuderunt

314 5464 860 5532 sanguinem,veniet
877 5470 1240 5533 supereos,et
1259 5465 1560 5536 approbria
1589 5464 1788 5534 quibus
1808 5466 1914 5520 Do-

315 5550 459 5604 mino
507 5550 989 5621 blasphemabant
1032 5552 1295 5608 restituet
1334 5552 1416 5607 eis
1454 5553 1730 5617 Dominus
1762 5554 1912 5615 Deus

1984 4501 2227 4564 quatuor
2248 4491 2431 4546 subito
2451 4490 2795 4552 dilabuntur,
2821 4491 2902 4544 sic
2922 4490 3002 4544 illi
3029 4490 3214 4545 subito
3229 4491 3507 4544 ducentur
3525 4490 3583 4544 in

1980 4580 2260 4652 Assyrios.
2286 4579 2443 4634 Unde
2473 4595 2646 4649 supra
2664 4579 2876 4633 dictum
2899 4583 2984 4631 est
3005 4595 3016 4629 :
3037 4598 3060 4630 ¢
3092 4578 3249 4633 Sicut
3271 4594 3435 4632 mane
3457 4594 3584 4647 per-

1986 4669 2205 4731 transit,
2241 4668 2322 4721 ita
2340 4667 2670 4738 pertransiit
2697 4683 2793 4721 rex
2822 4665 3053 4720 Israel.»
3081 4666 3229 4720 Nubi
3253 4671 3443 4720 autem
3470 4682 3585 4720 ma-

1987 4757 2203 4821 tutinze,
2228 4762 2284 4810 et
2316 4756 2450 4820 rori,
2483 4761 2541 4809 et
2566 4755 2779 4825 pulveri
2809 4754 3058 4809 haeretici
3082 4754 3585 4825 comparantur,de

1987 4845 2190 4915 quibus
2220 4845 2278 4899 in
2302 4843 2555 4915 Epistola
2583 4843 2854 4898 catholica
2875 4841 3140 4912 legimus:
3168 4842 3239 4897 Hi
3261 4848 3394 4897 sunt
3408 4841 3586 4897 nubes

1988 4933 2109 4987 sine
2136 4933 2315 5004 aquis.
2360 4932 2581 4986 [labent
2617 4932 2762 4986 enim
2802 4930 3041 5002 speciem
3084 4932 3484 5003 prophetarum
3530 4936 3589 4987 et

1988 5020 2223 5075 nubium
2254 5021 2710 5092 apostolicarum,
2743 5019 2812 5073 ad
2834 5036 2973 5091 quas
3011 5018 3111 5074 Dei
3160 5021 3362 5075 veritas
3400 5036 3589 5091 perve-

1991 5109 2094 5172 nit,
2119 5109 2216 5163 sed
2246 5126 2358 5163 non
2381 5108 2806 5185 habentaquas,
2827 5109 2885 5163 id
2926 5114 3011 5164 est
3055 5110 3298 5180 gratiam
3345 5109 3589 5181 Spiritus

1991 5197 2189 5261 sancti,
2223 5197 2292 5250 de
2321 5214 2431 5267 quo
2456 5197 2723 5250 Dominus
2752 5197 2923 5251 dicit:
2967 5218 2988 5248 α
3025 5198 3132 5261 Qui
3162 5198 3340 5252 credit
3375 5198 3436 5252 in
3476 5215 3585 5266 me,

1992 5286 2228 5339 ﬂumina
2256 5285 2325 5338 de
2356 5290 2547 5338 ventre
2576 5287 2698 5356 ejus
2722 5286 2898 5339 ﬂuent
2924 5302 3084 5356 aqua;
3113 5285 3263 5340 vivae.
3291 5303 3318 5338 ι

2072 5399 2092 5424 α
2115 5377 2227 5445 Ego
2241 5383 2434 5430 autem
2446 5377 2718 5431 Dominus
2740 5379 2888 5431 Deus
2908 5383 3039 5432 tuus
3051 5395 3117 5431 ex
3128 5384 3278 5431 terra
3298 5378 3587 5451 Egypti.)
3606 5377 3620 5394 '

1995 5465 2099 5519 Fui
2126 5464 2480 5528 subauditur,
2514 5482 2580 5519 ex
2610 5482 2720 5536 quo
2744 5464 2909 5520 eduxi
2933 5471 2991 5519 te
3018 5466 3088 5520 de
3130 5467 3370 5538 Egypto
3398 5487 3413 5520 :
3474 5486 3496 5519 ι
3535 5472 3591 5521 et

1994 5554 2175 5616 Deum
2196 5553 2407 5628 absque
2436 5572 2528 5610 me
2557 5556 2789 5622 nescies,
2819 5560 2876 5610 et
2904 5560 3110 5626 praeter
3138 5571 3356 5609 menon
3380 5559 3468 5607 est
3484 5553 3592 5607 sal-
