4062 6168
511 317 582 378 95
925 319 1306 377 HAYMONIS
1343 320 1828 382 HALBERSTAT.
1872 319 2099 376 EPISC.
2142 318 2303 375 OPP.
2345 317 2550 374 PARS.
2591 317 2636 374 Ι.
2678 345 2739 358 -
2773 316 3147 374 COMMENT.
3187 318 3372 375 BIBL.

3712 318 3787 373 96

515 448 575 498 et
604 442 889 498 adorando
936 442 1236 502 demonia.
1276 446 1549 501 Corruisti
1581 462 1680 517 per
1702 446 2099 510 idololatriam,
2121 446 2252 505 Aut
2281 461 2382 499 nos
2410 448 2727 516 protegant,
2762 443 2859 498 sed
2884 461 2998 498 non
3018 460 3215 499 sumus
3242 444 3351 499 tuti
3370 449 3428 499 et
3450 444 3690 516 protecti
3718 443 3792 498 ab

514 546 790 602 consurge
802 533 1125 603 percultum
1148 534 1545 604 etreligionem
1571 534 1670 589 Dei
1694 535 1777 588 tui
1801 534 2109 606 adimplen-

523 620 675 674 dam.
706 621 797 675 Sic
821 621 1206 691 unusquisque
1236 629 1488 676 nostrum
1520 622 1686 676 debet
1722 639 1906 693 agere.
1940 622 2110 677 Inﬁr-

516 709 657 762 mati
678 726 892 774 sumus,
927 715 981 763 et
1010 709 1321 764 corruimus
1350 710 1404 763 in
1434 716 1724 781 peccatum
1761 730 1771 764 :
1802 728 2110 782 consurga-

517 814 646 852 mus
674 799 744 851 ad
774 798 1180 869 pmnitentiam,
1214 799 1477 854 facientes
1523 800 1739 854 fructus
1769 801 1968 871 dignos
1999 818 2111 873 pce-

518 886 786 952 nitentiae,
815 892 877 941 ut
920 888 1163 941 Joannes
1199 887 1448 959 Baptista
1487 888 1759 960 praecinit,
1783 896 1837 943 et
1870 896 2110 944 reverta-

520 990 699 1029 mura
728 975 934 1029 nostris
963 975 1224 1046 operibus
1243 977 1457 1047 pravis.

594 1082 618 1114 α
647 1063 846 1118 Tollite
873 1062 1154 1117 vobiscum
1186 1064 1373 1129 verba,
1423 1082 1450 1117 ι
1496 1082 1528 1118 o
1561 1066 1752 1137 populi
1794 1067 1985 1121 decem
2013 1068 2111 1121 tri-

525 1151 717 1217 buum,
752 1172 777 1204 «
811 1160 869 1207 et
890 1154 1280 1208 convertimini
1303 1155 1374 1208 ad
1403 1155 1793 1218 Dominum,et
1818 1157 1986 1211 dicite
2001 1158 2105 1210 ei.»

517 1240 641 1296 Duo
669 1242 787 1313 agit
808 1243 1084 1314 propheta
1118 1262 1130 1295 :
1162 1244 1422 1298 hortatur
1437 1260 1532 1298 eos
1550 1245 1616 1298 ad
1641 1246 2115 1316 pmnitentiam,et

519 1330 589 1384 de
616 1347 726 1401 quo
755 1332 997 1385 fundant
1023 1331 1305 1385 orationes
1325 1332 1394 1386 ad
1426 1332 1751 1390 Dominum.
1789 1334 2009 1400 Tollite,
2033 1335 2115 1389 in-

522 1417 663 1487 quit,
706 1417 990 1473 vobiscum
1022 1418 1207 1482 verba,
1243 1420 1349 1473 hoc
1379 1427 1466 1474 est
1495 1439 1507 1473 :
1552 1421 1806 1476 Proferte
1836 1438 2029 1493 preces
2058 1429 2115 1477 et

526 1505 856 1560 delictorum
881 1508 1304 1572 confessionem,
1338 1514 1397 1563 et
1416 1510 1803 1564 convertimini
1829 1510 1900 1564 ad
1921 1512 2113 1565 Domi-

526 1607 664 1647 num
695 1598 810 1648 tam
852 1596 1035 1650 verbis
1066 1614 1233 1668 quam
1268 1597 1545 1668 operibus.
1595 1596 1697 1651 Ille
1726 1599 1875 1652 enim
1902 1615 2029 1653 vere
2058 1604 2115 1653 et

526 1682 803 1738 veraciter
830 1686 1175 1740 convertitur
1201 1702 1236 1739 a
1263 1702 1365 1740 sua
1383 1685 1678 1757 iniquitate
1693 1688 1763 1741 ad
1785 1686 1930 1742 bona
1944 1704 2115 1759 opera

2192 534 2291 588 eis.
2325 535 2486 588 Nunc
2502 550 2634 603 ergo
2649 533 2769 602 jam
2790 549 2903 587 non
2933 532 3207 587 habemus
3238 534 3500 589 fiduciam
3532 534 3589 587 in
3612 534 3793 588 homi-

2192 622 2394 687 i.e,sed
2426 622 2482 675 in
2512 627 2586 683 te.
2623 622 2715 692 qui
2746 638 2806 675 es
2843 622 2993 676 Deus
3022 629 3233 688 noster,
3284 622 3415 693 quia
3456 623 3791 677 maledictus

2193 710 2359 764 homo
2385 710 2481 780 qui
2512 710 2742 763 conﬁdit
2769 710 2828 763 in
2858 710 3106 775 homine,
3146 716 3203 763 et
3231 727 3266 764 a
3302 711 3541 765 Domino
3580 711 3794 764 recedit

2193 815 2288 853 cor
2317 800 2461 869 ejus;
2488 805 2545 853 et
2560 798 2707 869 quod
2739 798 2897 853 addit
2920 816 2969 850 :«
2994 799 3175 869 Super
3201 815 3375 870 equos
3396 816 3508 853 non
3527 799 3794 853 ascende-

2192 905 2343 951 mus,
2381 908 2406 940 »
2446 888 2801 942 demonstrat
2847 887 2980 957 quia
3030 887 3227 944 conﬁsi
3283 904 3453 959 super
3497 887 3794 959 Egyptios

2193 982 2343 1041 sunt,
2375 976 2470 1047 qui
2502 976 2883 1030 velocissimos
2913 991 3087 1046 equos
3112 974 3413 1029 habebant.
3447 977 3518 1030 Et
3545 982 3635 1030 est
3661 992 3793 1030 sen-

2194 1082 2290 1119 sus
2323 1084 2334 1118 :
2370 1066 2551 1136 Super
2580 1080 2753 1136 equos
2773 1081 2885 1118 non
2911 1064 3406 1130 ascendemus,hoc
3437 1071 3529 1119 est
3556 1081 3673 1119 non
3690 1065 3793 1119 ha-

2196 1153 2391 1207 bemus
2409 1154 2558 1208 ultra
2574 1170 2731 1225 spem
2750 1153 2807 1207 in
2825 1152 3224 1225 Egyptiis,sed
3245 1153 3301 1207 in
3317 1158 3374 1207 te
3393 1154 3501 1207 erit
3510 1153 3793 1223 refugium

2197 1252 2471 1300 nostrum.
2520 1243 2836 1313 Allegorice
2888 1242 2936 1296 si
2984 1242 3241 1296 volumus
3268 1242 3420 1297 istud
3448 1242 3790 1312 intelligere,

2195 1348 2296 1403 per
2320 1335 2495 1386 Assur
2526 1349 2823 1403 possumus
2843 1332 3095 1402 accipere
3122 1331 3426 1393 diabolum,
3450 1348 3553 1403 per
3580 1348 3793 1401 equum

2195 1438 2326 1475 vero
2342 1421 2662 1491 superbiam
2681 1421 2850 1474 illius.
2877 1419 2936 1476 Si
2948 1420 3075 1491 quis
3093 1437 3231 1491 ergo
3246 1425 3500 1474 nostrum
3524 1419 3791 1474 ﬁduciam

2195 1509 2456 1565 habuerit
2484 1511 2538 1564 in
2571 1512 2768 1574 Assur,
2802 1509 3030 1580 placans
3068 1526 3196 1563 eum
3229 1508 3578 1575 muneribus,
3611 1509 3795 1580 pessi-

2195 1598 2302 1653 mis
2347 1598 2561 1652 scilicet
2616 1597 2898 1669 Operibus,
2959 1597 3161 1668 quibus
3207 1598 3326 1669 ipse
3354 1598 3691 1662 delectatur,
3731 1603 3797 1651 ut

2195 1687 2461 1742 ascendat
2490 1704 2718 1758 equum,
2748 1687 2857 1741 hoc
2887 1691 2974 1741 est
2993 1703 3165 1758 super
3199 1686 3584 1756 arrogantiam
3618 1685 3793 1746 illius,

522 1772 965 1844 peragenda,qui
986 1775 1091 1830 hoc
1120 1774 1269 1845 quod
1289 1775 1468 1829 credit
1496 1781 1554 1829 et
1581 1776 1747 1830 corde
1785 1782 1958 1841 tenet,
1975 1790 2175 1849 prae-3.
2195 1776 2411 1830 eveniet
2442 1777 2491 1830 ei
2522 1776 2628 1830 hoc
2649 1776 2796 1847 quod
2851 1775 3124 1830 Dominus
3167 1775 3223 1829 in
3268 1775 3569 1846 Evangelio
3606 1774 3748 1829 dicit
3780 1793 3792 1827 :

520 1857 670 1913 dicat
688 1877 784 1914 ore
816 1867 873 1915 et
896 1862 1094 1933 implet
1121 1880 1307 1934 opere.
1343 1883 1369 1914 «
1403 1864 1640 1919 Omnem
1664 1866 1823 1920 aufer
1842 1866 2110 1937 iniquita-
2199 1885 2221 1917 ι
2254 1866 2453 1920 Omnis
2483 1865 2662 1935 qui-se
2693 1864 2922 1929 exultat,
2957 1864 3365 1919 humiliabitur.
3392 1883 3418 1917 ι)
3447 1884 3467 1914 α
3493 1865 3613 1918 Nec
3640 1863 3795 1917 dicc-

519 1950 721 2012 tem,et
749 1949 938 2020 accipe
960 1948 1191 2009 bonum.
1218 1957 1275 2005 et
1302 1952 1599 2007 reddemus
1620 1953 1819 2008 vitulos
1834 1954 2110 2009 labiorum
2194 1972 2320 2009 mus
2349 1955 2517 2019 ultra,
2550 1954 2627 2008 dii
2656 1954 2833 2007 nostri
2861 1970 3032 2024 opera
3072 1969 3342 2008 manuum
3389 1958 3740 2018 nostrarum,
3770 1971 3793 2002 ι

519 2040 862 2090 nostrorum.
891 2059 914 2086 ι
943 2039 1100 2092 Talia
1131 2038 1296 2093 debet
1334 2041 1717 2113 unusquisque
1760 2043 2006 2097 ﬁdelium
2034 2043 2115 2097 di-
2195 2043 2251 2097 id
2279 2048 2364 2096 est
2394 2042 2596 2095 vitulos
2625 2058 2846 2105 aureos,
2876 2057 3015 2111 quos
3064 2056 3167 2095 nos
3206 2040 3312 2111 ipsi
3353 2041 3605 2104 fecimus,
3641 2040 3798 2093 ultra

522 2138 648 2177 cere
691 2142 702 2177 :
744 2145 765 2177 ι
810 2126 1047 2180 Omnem
1070 2128 1229 2181 aufer
1256 2127 1630 2197 iniquitatem,
1666 2152 1687 2180 ι
1718 2131 1772 2184 id
1804 2138 1890 2185 est
1909 2132 1978 2185 ab
2000 2149 2114 2185 om-
2195 2132 2329 2186 deos
2349 2147 2461 2184 non
2478 2130 2900 2185 aestimabimus.
2917 2146 3019 2183 nec
3044 2129 3312 2183 auxilium
3345 2128 3416 2182 ab
3435 2129 3515 2182 eis
3535 2128 3797 2199 postula-

525 2212 694 2266 nibus
722 2230 824 2267 nos
848 2216 1090 2269 emunda
1120 2217 1382 2287 peccatis,
1404 2218 1565 2287 juxta
1592 2219 1730 2272 illud
1750 2237 1797 2271 ει
1832 2220 1916 2274 Ab
1937 2222 2115 2275 occul-
2196 2220 2397 2274 bimus.
2429 2237 2456 2271 α
2490 2219 2633 2283 Quia
2661 2220 2783 2289 ejus
2813 2218 2908 2289 qui
2953 2218 3013 2272 in
3062 2224 3117 2271 te
3164 2223 3251 2271 est
3289 2215 3644 2271 misereberis
3689 2233 3799 2286 po-

522 2300 597 2355 tis
626 2301 766 2356 meis
796 2305 1004 2358 munda
1031 2321 1140 2359 me.
1180 2325 1201 2355 ι
1236 2307 1305 2360 Et
1342 2307 1527 2377 accipe
1559 2307 1787 2372 bonum,
1819 2309 2115 2365 confessio-
2197 2309 2337 2380 puli.
2374 2327 2396 2359 ι
2432 2309 2550 2363 Hoc
2575 2314 2661 2362 est
2686 2307 2877 2379 populi
2900 2307 3093 2369 Israel,
3123 2306 3192 2361 de
3215 2322 3324 2376 quo
3341 2305 3592 2359 dixeras:
3615 2304 3797 2358 Filius

524 2405 655 2445 nem
686 2390 915 2458 scilicet,
952 2410 1257 2466 precesque
1280 2411 1391 2448 non
1417 2396 1573 2450 ﬁctas
1602 2402 1656 2451 et
1685 2398 1997 2467 gratiarum
2028 2416 2116 2453 ac-
2196 2398 2606 2469 primogenitus
2637 2413 2794 2451 meus
2826 2396 3018 2451 Israel.
3064 2396 3212 2461 Eius,
3242 2393 3442 2464 inquit,
3470 2392 3665 2464 populi
3692 2392 3793 2462 qui

527 2478 761 2533 tionem.
789 2480 949 2545 Quod
971 2482 1230 2554 adjungit
1258 2484 1533 2555 prOpheta
1566 2504 1577 2538 :
1628 2486 1947 2541 Reddemus
1973 2489 2117 2543 vitu-
2198 2487 2254 2540 in
2283 2486 2338 2540 te
2368 2493 2453 2540 est
2473 2503 2574 2557 per
2601 2485 2768 2539 ﬁdem
2814 2490 2871 2539 et
2915 2483 3321 2555 paenitentiam,
3365 2498 3586 2553 quoque
3615 2497 3794 2552 quon-

525 2567 610 2623 los
629 2568 904 2624 labiorum
948 2577 1288 2637 nostrorum,
1325 2572 1655 2628 mirabiliter
1684 2576 1950 2647 loquitur.
1983 2578 2121 2643 Quis
2202 2575 2330 2629 dam
2353 2575 2634 2645 peccando
2663 2590 2695 2628 a
2724 2579 2781 2628 te
2817 2578 3143 2637 recesserat,
3170 2577 3465 2643 postquam
3494 2587 3596 2642 per
3616 2570 3795 2643 paeni-

525 2672 776 2728 unquam
800 2660 999 2715 vitulos
1019 2660 1075 2714 in
1099 2660 1281 2724 labiis,
1315 2662 1423 2716 nisi
1456 2669 1679 2734 sumpta
1700 2681 1830 2734 pars
1852 2665 2023 2722 fuerit
2050 2670 2122 2725 ad
2203 2664 2435 2718 tentiam
2464 2663 2636 2717 fuerit
2662 2679 2936 2728 reversus,
2970 2660 3321 2716 misereberis
3340 2661 3483 2731 eius.

528 2746 807 2802 edendum
833 2748 858 2802 ?
883 2749 1006 2804 Non
1029 2750 1281 2822 pracipit
1299 2751 1499 2805 offerre
1524 2752 1726 2807 vitulos
1748 2759 1805 2807 et
1826 2757 2118 2826 sacriﬁcia,
2281 2772 2303 2802 ι
2338 2751 2559 2806 Sannbo
2587 2750 2954 2804 contritiones
2983 2765 3199 2811 eorum,
3225 2748 3455 2817 diligam
3488 2764 3585 2801 θοε
3623 2764 3800 2818 8Ρ⁰η⁴

526 2835 893 2908 victimasque
915 2855 1055 2909 quas
1075 2838 1333 2893 solebant
1362 2839 1539 2895 Judaei
1566 2841 1623 2894 in
1653 2843 1863 2913 templo
1897 2846 2116 2912 offerre,
2202 2845 2388 2895 tanee.
2426 2863 2451 2888 ν
2480 2839 2623 2905 Quia
2651 2839 2910 2893 dixerant
2951 2854 3053 2908 per
3088 2836 3476 2909 paenitentiam
3504 2835 3575 2890 ad
3613 2836 3794 2890 Deum

529 2925 627 2980 sed
657 2942 758 2997 per
773 2926 976 2981 vitulos
999 2927 1275 2982 labiorum
1306 2928 1575 2983 debemus
1596 2930 1909 3002 intelligere
1927 2934 2121 2989 laudes
2204 2928 2456 2983 conversi
2488 2945 2499 2979 :
2544 2927 2783 2983 Omnem
2814 2914 2972 2980 aufer
2999 2926 3375 2996 iniquitatem,
3402 2930 3462 2979 et
3477 2924 3665 2995 accipe
3693 2924 3799 2979 bo-

528 3018 586 3068 et
594 3014 908 3084 gratiarum
926 3015 1358 3087 actiones,juxta
1372 3017 1509 3071 illud
1522 3018 1858 3074 Psalmistaa:
1882 3020 2122 3077 Immola
2140 3062 2180 3088 ι,
2204 3034 2370 3084 num;
2400 3021 2862 3088 recognoscentes
2887 3022 3103 3086 patrem
3120 3031 3287 3084 quem
3314 3014 3680 3085 reliquerant,
3703 3030 3796 3067 re-

530 3101 646 3155 Deo
670 3103 1004 3157 sacriﬁcium
1026 3105 1228 3167 laudis,
1261 3111 1319 3159 et
1346 3106 1516 3160 redde
1544 3107 1834 3162 Altissimo
1854 3115 1979 3164 vota
2000 3117 2120 3175 tua;
2140 3101 2183 3125 υ
2204 3106 2429 3177 spondit
2454 3104 2755 3160 Dominus:
2778 3102 2999 3159 Sanabo
3019 3103 3385 3157 contritiones
3395 3119 3610 3167 eorum,
3635 3102 3693 3155 id
3712 3108 3801 3157 est

528 3195 586 3244 et
610 3190 748 3245 illud
781 3209 827 3244 τι
864 3191 1210 3247 Sacriﬁcium
1241 3193 1357 3248 Deo
1387 3194 1620 3265 spiritus
1650 3198 2118 3254 contribulatus.»
2204 3195 2488 3249 dimittam
2510 3194 2591 3248 eis
2622 3199 2869 3264 peccata,
2904 3191 3107 3263 quibus
3141 3192 3391 3262 graviter
3414 3191 3640 3245 fuerant
3662 3207 3798 3245 con-

529 3278 621 3333 Sic
652 3284 709 3333 et
736 3280 1122 3352 unusquisque
1150 3289 1403 3337 nostrum
1432 3283 1786 3350 vitulos,'hoc
1805 3293 1891 3342 est
1907 3288 2121 3355 laudes,
2202 3282 2363 3337 fracti
2391 3288 2449 3337 et
2478 3282 2770 3336 vulnerati
2806 3281 3045 3350 Diligaln
3077 3297 3171 3334 eos
3200 3284 3526 3352 spontanee,
3565 3279 3670 3333 hoc
3688 3287 3794 3341 est.

528 3366 647 3421 Deo
675 3368 1045 3440 omnipotenti
1074 3371 1279 3433 reddit,
1313 3388 1437 3426 cum
1468 3374 1770 3428 conﬁtetur
1805 3392 1865 3430 se
1894 3378 2122 3432 credere
2208 3372 2539 3426 voluntarie.
2579 3389 2601 3424 σ
2641 3370 2789 3435 Quia
2817 3385 3044 3423 aversus
3064 3375 3149 3423 est
3183 3369 3341 3423 furor
3372 3384 3532 3423 meus
3552 3367 3622 3422 ab
3638 3368 3740 3434 eis,
3772 3388 3792 3418 1

528 3454 590 3510 in
619 3456 1050 3519 Deum,Patrem
1074 3458 2120 3531 ingenitum,Filiumgenitum,verum
2204 3461 2594 3532 paenitentiam
2624 3459 2735 3513 illis
2765 3457 3079 3528 agentibus.

528 3543 709 3599 Deum
742 3552 799 3600 et
826 3546 1110 3603 hominem
1132 3549 1382 3611 credenS,
1401 3551 1672 3621 Spiritum
1704 3559 1957 3607 sanctum
1989 3571 2123 3624 pro-
2278 3569 2300 3600 ι
2339 3550 2444 3603 Ero
2483 3548 2643 3620 quasi
2691 3565 2802 3611 ros,
2854 3552 2911 3601 et
2959 3545 3135 3601 Israel
3171 3545 3513 3617 germinabit
3537 3546 3696 3617 quasi
3727 3548 3798 3600 li-

529 3634 818 3689 cedentem
850 3653 880 3690 a
924 3638 1091 3692 Patre
1118 3645 1175 3692 et
1202 3638 1364 3703 Filio,
1397 3640 1730 3695 Trinitatem
1764 3641 1820 3694 in
1849 3642 2123 3698 distantia
2202 3638 2361 3692 lium.
2396 3660 2417 3689 ι
2444 3638 2550 3701 Qui
2569 3638 2716 3690 enim
2741 3642 2972 3707 propter
2989 3635 3510 3707 peccatairascebar
3529 3635 3627 3695 eis,
3649 3652 3801 3689 nunc

529 3740 917 3795 personarum,
950 3729 1225 3783 unitatem
1252 3729 1310 3782 in
1340 3730 1576 3783 Deitatis
1616 3730 1868 3801 potentia
1895 3731 2116 3787 habere.
2202 3731 2431 3797 propter
2476 3742 2661 3779 meam
2716 3725 3071 3779 clementiam
3114 3723 3446 3780 miserebor.
3498 3724 3567 3777 Et
3592 3739 3688 3777 ero
3718 3724 3800 3777 eis

529 3812 600 3867 Et
627 3813 733 3867 hoc
759 3830 950 3885 agens,
983 3816 1254 3889 adimplet
1280 3817 1416 3871 illud
1445 3818 1695 3889 Apostoli
1729 3838 1741 3872 :
1779 3838 1803 3870 «
1827 3819 2121 3880 Corde,in-
2205 3815 2364 3886 quasi
2392 3831 2505 3879 ros,
2534 3814 2667 3885 quia
2701 3820 2899 3868 aestum
2939 3814 3229 3867 aestuantis
3257 3812 3500 3867 incendii
3528 3818 3587 3866 et
3612 3811 3802 3866 libidi-

530 3901 672 3973 quit.
706 3904 955 3963 creditur
981 3906 1051 3960 ad
1074 3906 1355 3976 justitam,
1396 3923 1492 3962 ore
1537 3914 1725 3962 autem
1757 3908 2030 3963 confessio
2059 3910 2124 3964 fit,
2205 3903 2292 3957 nis
2321 3901 2703 3957 misericordia
2724 3917 2850 3955 mea
2868 3900 3117 3955 auferam
3140 3900 3211 3955 ab
3225 3901 3337 3967 eis;
3360 3900 3576 3974 ipsique
3592 3901 3802 3971 germi-

528 3990 600 4045 ad
627 3992 889 4048 salutem.
923 4013 949 4049 ι
2207 3993 2424 4050 nabant
2440 3998 2503 4047 ut
2524 3992 2861 4062 lilium.quia
2879 3990 3246 4045 abundabunt
3260 3996 3317 4044 et
3327 3997 3580 4044 crescent
3597 3997 3802 4043 decore

606 4098 633 4132 ι
664 4083 841 4138 Assur
865 4100 978 4139 non
998 4084 1235 4140 salvabit
1261 4102 1386 4153 nos,
1415 4102 1585 4158 super
1607 4103 1781 4158 equos
1804 4104 1914 4142 non
1935 4104 2125 4143 ascen-
2204 4085 2495 4146 virtutum,
2529 4088 2588 4135 et
2614 4081 2784 4135 odore
2806 4080 2963 4135 bonas
2982 4079 3339 4151 Operationis.
3365 4078 3523 4133 Unde
3548 4078 3757 4132 Paulus
3782 4098 3793 4132 :

530 4170 749 4227 demus.
787 4191 812 4223 ι)
846 4172 993 4227 Dicit
1037 4173 1235 4228 beatus
1288 4175 1684 4247 Hieronymus,
1720 4177 1854 4247 quia
1892 4178 2121 4232 traditio
2207 4192 2233 4225 ι
2268 4171 2475 4228 Christi
2505 4170 2684 4224 bonus
2703 4170 2843 4223 odor
2857 4185 3051 4223 sumus
3070 4169 3201 4223 Deo.
3227 4167 3602 4221 uGerminant
3619 4166 3794 4231 enim,

528 4256 850 4311 Judaeorum
880 4265 984 4319 est,
1046 4261 1193 4330 quod
1241 4263 1589 4332 temporibus
1634 4264 1929 4327 Manahen,
1974 4267 2123 4335 regis
2204 4262 2318 4315 imo
2347 4261 2551 4314 ﬂorent
2586 4258 2746 4325 electi
2775 4264 2839 4311 ut
2866 4257 3066 4315 lilium,
3098 4257 3399 4311 Dominum
3430 4256 3607 4309 Deum
3627 4269 3797 4309 suum

531 4344 727 4423 Israel,
750 4345 970 4400 miserit
994 4348 1113 4418 ipse
1145 4365 1240 4402 rex
1276 4350 1552 4404 Manahen
1579 4357 1634 4404 et
1664 4353 1902 4422 pepulus
1932 4354 2120 4408 decem
2138 4417 2178 4423 _
2205 4350 2513 4413 imitantes,
2548 4347 2645 4416 qui
2670 4346 2809 4400 dicit
2837 4346 2895 4400 in
2925 4346 3171 4400 Canticis
3198 4345 3545 4399 canticorum
3581 4361 3592 4395 :
3631 4363 3654 4393 ι
3682 4344 3799 4413 Ego

532 4417 782 4488 tribuum
807 4434 957 4488 mille
980 4417 1188 4490 talenta
1210 4438 1427 4507 argenti
1446 4439 1589 4493 Phul
1607 4417 2121 4511 regi-Assyriorum,
2138 4417 2185 4474 D
2206 4438 2306 4491 ﬂos
2334 4436 2537 4506 campi,
2570 4441 2627 4489 et
2654 4434 2833 4487 lilium
2851 4434 3204 4489 convallium.
3241 4452 3301 4487 »(‹
3338 4434 3407 4487 Et
3434 4438 3693 4502 erumpet
3711 4448 3800 4485 ra-

530 4527 594 4577 ut
625 4528 774 4576 esset
793 4540 992 4578 manus
1011 4526 1135 4595 ejus
1158 4542 1283 4579 cum
1306 4527 1407 4590 eis,
1439 4533 1497 4581 et
1523 4527 1754 4582 haberet
1771 4545 1964 4599 pacem
1995 4547 2124 4585 cum
2205 4526 2298 4580 dix
2325 4526 2447 4596 ejus
2476 4530 2541 4578 ut
2567 4523 2786 4588 Libani,
2834 4542 2855 4573 ι
2888 4523 2941 4576 id
2973 4529 3060 4577 est
3085 4524 3344 4577 voluntas
3372 4521 3520 4575 bona
3555 4520 3625 4574 ad
3662 4520 3802 4574 eﬁ‘e-

533 4612 1023 4685 eis,przeberetque
1043 4615 1311 4669 auxilium
1330 4615 1401 4668 ad
1432 4615 1805 4671 resistendum
1823 4618 2119 4689 Egyptiis.
2204 4621 2357 4670 ctum
2386 4613 2543 4668 bonae
2573 4612 2913 4683 operationis
2936 4612 3189 4666 ducetur.
3232 4611 3478 4666 Libanus
3506 4625 3668 4663 mons
3689 4618 3795 4669 est.

531 4702 688 4758 Inter
716 4719 839 4774 quae
866 4720 1101 4759 munera
1128 4704 1295 4759 etiam
1337 4704 1464 4759 illos
1496 4704 1636 4759 duos
1674 4705 1874 4760 vitulos
1904 4707 2125 4762 misisse

532 4790 635 4862 illi,
659 4808 799 4864 quos
832 4794 1149 4848 sacerdotes
1188 4809 1382 4848 eorum
1408 4794 1658 4847 fecerant
1688 4810 1755 4847 ex
1784 4810 1912 4860 aere,
1941 4800 1998 4848 et
2024 4796 2122 4850 de-

532 4887 871 4935 auraverant
893 4900 993 4953 pro
1014 4884 1201 4938 aureis
1224 4899 1363 4954 quos
1400 4881 1693 4936 Jeroboam
1722 4882 1953 4948 fecerat,
1984 4901 2124 4954 quo-

532 4983 658 5022 rum
680 4986 883 5024 aurum
915 4972 1021 5041 ipsi
1039 4972 1359 5027 sacerdotes
1379 4971 1583 5043 populo
1608 4971 1902 5041 ignorante
1920 4972 1978 5026 in
1994 4989 2125 5027 suos

532 5072 669 5111 usus
697 5059 1129 5121 transtulerunt,
1160 5060 1495 5116 fabricantes
1522 5076 1706 5115 aeneus
1731 5060 1852 5114 loco
1875 5060 2139 5129 illomm;.

533 5142 603 5198 de
632 5144 836 5216 quibus
866 5145 1057 5200 vitulis
1087 5147 1369 5217 Propheta
1404 5148 1670 5219 [superius
1696 5147 1835 5201 dixit
1863 5169 1873 5202 :
1920 5150 1987 5202 Et
2005 5149 2125 5219 ipse

535 5232 891 5300 (subauditur
919 5234 1142 5293 vitulus)
1158 5235 1214 5288 in
1242 5237 1419 5291 Assur
1436 5237 1655 5291 delatus
1672 5242 1759 5291 est
1779 5253 1986 5291 munus
2004 5238 2124 5308 regi

530 5321 721 5386 ultori,
756 5338 971 5393 ponens
1010 5323 1353 5392 singularem
1396 5341 1693 5379 numerum
1739 5342 1840 5396 pro
1882 5326 2120 5396 plurali;

454 5460 463 5475 ,
530 5410 768 5481 ideoque
792 5410 931 5464 dixit
960 5411 1259 5480 Propheta,
1284 5427 1349 5464 ex
1372 5428 1608 5483 persona
1636 5414 1825 5483 populi
1853 5414 2120 5484 loquens:

537 5520 561 5554 ι
594 5501 773 5554 Assur
807 5515 919 5554 non
957 5497 1193 5554 salvabit
1241 5516 1362 5553 nos.
1390 5519 1417 5552 ι
1448 5501 1578 5554 Acsi
1606 5501 1820 5556 diceret
1847 5502 1971 5556 aliis
2009 5519 2125 5556 ver-

533 5588 621 5646 bis
639 5608 651 5644 :
671 5589 978 5646 Possumus
996 5604 1153 5661 spem
1167 5594 1417 5645 nostram
1438 5605 1608 5662 super
1623 5590 1882 5660 Assyrios
1892 5607 2118 5662 ponere,

2204 4705 2362 4775 cujus
2407 4702 2635 4757 arbores
2675 4700 3173 4765 excellentissimis,
3211 4706 3481 4771 quantum
3518 4698 3591 4753 ad
3629 4714 3801 4752 auras

2206 4792 2513 4848 extendunt
2539 4791 2824 4856 verticem,
2849 4795 3066 4843 tantum
3092 4789 3336 4843 radicem
3364 4788 3422 4842 in
3441 4788 3558 4841 ima
3575 4786 3800 4840 demer-

2204 4888 2367 4954 gunt,
2413 4887 2478 4935 ut
2530 4880 2687 4934 nulla
2730 4884 3064 4950 tempestate
3110 4879 3455 4950 quatiantur,
3485 4876 3584 4931 sed
3614 4874 3799 4930 stabili

2207 4970 2354 5024 mole
2382 4966 2712 5022 consistant.

2283 5077 2304 5109 ι
2335 5055 2506 5110 Ibunt
2528 5054 2670 5109 rami
2691 5055 2833 5124 ejus,
2868 5072 2893 5107 n
2916 5054 2973 5108 id
2991 5059 3078 5109 est
3098 5053 3397 5125 proﬁciunt
3416 5053 3485 5107 de
3508 5052 3715 5106 virtute
3742 5053 3799 5106 in

2206 5146 2489 5208 virtutem,
2514 5162 2544 5194 α
2576 5148 2633 5197 et
2661 5143 2769 5197 erit
2801 5143 2959 5214 quasi
3002 5142 3148 5196 oliva
3191 5142 3376 5213 gloria
3422 5142 3562 5211 ejus.
3598 5160 3622 5193 ››
3655 5141 3802 5205 Quia

2206 5236 2494 5289 dixerunt:
2527 5233 2595 5286 Et
2614 5239 2873 5303 erumpet
2899 5230 3056 5285 radix
3083 5232 3205 5300 ejus
3230 5229 3391 5301 quasi
3410 5228 3658 5284 Libanus
3681 5247 3694 5295 ;
3730 5246 3802 5283 ne

2207 5329 2535 5395 putaremus
2557 5322 2816 5375 eumdem
2837 5336 2964 5374 eum
3001 5320 3154 5389 loqui
3174 5337 3239 5372 ex
3264 5318 3627 5373 infructuosis
3641 5316 3805 5370 arbo-

2206 5411 2360 5465 ribus
2391 5417 2648 5464 sanctum
2670 5410 2874 5473 virum,
2924 5415 2982 5462 et
3011 5424 3341 5462 conversum
3366 5407 3440 5460 ad
3472 5406 3800 5468 Dominum,

2205 5500 2363 5554 olivae
2393 5498 2691 5554 fructiferae
2713 5502 3023 5567 comparat.
3048 5497 3244 5551 Oleum
3267 5502 3454 5550 autem
3488 5494 3803 5548 misericor-

2205 5590 2358 5647 diam
2409 5588 2708 5658 signiﬁcat,
2749 5602 2873 5656 qua:
2906 5602 3008 5656 per
3046 5585 3381 5640 charitatem
3423 5589 3712 5656 Operatur,
3744 5592 3803 5635 et
