4062 6168
304 234 367 291 97

1288 234 1720 293 ΕΝΑΒΒΑΤῙΟ
1756 234 1835 289 IN
1872 232 2046 289 JOEL
2084 230 2547 287 PROPHETAM.

3510 238 3580 295 98

301 359 563 415 omnibus
608 358 772 413 bonis
817 361 1099 431 aperibus.
1149 359 1245 414 Ait
1286 370 1420 431 ergo
1452 376 1467 417 :
1503 379 1529 411 ((
1573 360 1694 414 Erit
1737 360 1898 431 quasi
1921 362 1967 419 Α
1987 356 2085 422 sis,
2111 354 2243 427 quia
2271 355 2663 427 pmnitentiam
2683 373 2856 428 agens
2877 374 3038 413 meus
3058 375 3181 414 esse
3195 360 3584 432 cmpisti,quid

300 449 443 504 oliva
487 448 673 518 gloria
720 450 865 518 ejus,
906 469 929 500 »
960 448 1017 502 id
1062 454 1149 502 est
1194 448 1457 519 operibus
1504 448 1899 502 misericordiae

298 536 765 608 impinguabitur,
815 545 880 591 ut
923 554 1156 591 accenso
1204 538 1418 592 lumine
1447 539 1506 592 in
1536 539 1782 592 tenebris
1810 538 1900 592 lu-

299 632 440 690 ceat,
479 634 538 680 et
561 626 690 680 aliis
736 627 1056 696 exemplum
1095 625 1253 681 bonae
1292 627 1634 697 operationis
1664 627 1894 682 tribuat.

369 733 397 768 α
430 715 502 768 Et
519 714 660 768 odor
687 715 808 784 ejus
838 723 903 769 ut
929 714 1144 769 Libani.
1184 734 1206 765 ι
1238 715 1485 769 Libanus
1504 716 1654 787 apud
1680 717 1901 771 Graecos

296 810 352 858 et
376 802 645 857 Hebraeos
674 809 733 856 et
760 819 923 857 mons
947 802 1158 856 dicitur
1184 807 1242 856 et
1268 803 1419 857 thus.
1456 802 1557 856 Hic
1587 810 1776 857 autem
1801 820 1900 874 pro

294 891 465 945 thure
492 890 749 962 ponitur:
777 891 935 946 Sicut
960 890 1110 945 enim
1134 892 1306 946 odore
1326 892 1527 958 thuris,
1557 891 1638 945 sic
1652 892 1899 946 delecta-

1982 445 2134 499 ultra
2161 445 2243 499 vis
2273 447 2456 499 colere
2487 446 2678 500 idola?
2713 466 2734 496 ι
2782 447 2898 517 Ego
2937 448 3231 503 exaudiam
3262 455 3319 502 et
3345 449 3583 519 dirigam

1982 549 2109 588 eum
2134 533 2517 604 paenitentiam
2543 541 2828 605 agentem,
2856 542 2914 589 et
2942 537 3010 590 ad
3044 553 3134 591 me
3160 537 3521 592 clamantem.
3549 554 3577 589 »

1982 623 2230 693 Dirigam
2262 640 2410 687 eum,
2446 623 2503 677 id
2529 629 2615 677 est
2645 641 2745 694 per
2774 632 2984 679 rectam
3017 626 3163 679 viam
3200 627 3458 682 incedere
3491 627 3580 682 fa-

1983 711 2127 765 ciam
2153 731 2165 778 ;
2199 712 2289 766 via
2318 719 2506 767 autem
2530 713 2811 779 Christus,
2841 731 2941 785 per
2967 732 3133 786 quem
3156 717 3222 769 fit
3236 728 3492 771 accessus
3511 716 3583 771 ad

1988 799 2232 855 Patrem.
2274 820 2299 851 «
2340 802 2456 872 Ego
2487 807 2549 855 ut
2573 801 2817 856 abietem
2846 803 3138 869 virentem,
3192 823 3218 856 ι
3249 804 3585 861 subauditur

1982 889 2111 943 dedi
2142 906 2292 956 eum,
2323 897 2388 943 ut
2416 890 2649 944 haberet
2685 891 3025 946 viriditatem
3055 893 3183 946 ﬁdei
3216 898 3274 947 et
3300 893 3584 965 operatio-

299 996 425 1033 mur
454 986 516 1034 et
536 981 691 1034 fama
712 980 855 1050 justi
885 980 1148 1034 hominis.
1982 980 2161 1038 nis,et
2187 996 2412 1050 semper
2438 979 2685 1033 caelestia
2714 981 2918 1035 mentis
2938 981 3148 1035 intuitu
3177 988 3411 1052 peteret.
3450 1004 3473 1035 ι
3504 984 3583 1039 Ex

371 1089 392 1120 ι
430 1069 1191 1124 Convertentursedentesin
1214 1063 1417 1124 umbra
1434 1072 1574 1141 ejus.
1607 1068 1737 1124 :Illi
1757 1069 1901 1124 scili-
1982 1084 2071 1122 me
2098 1068 2315 1123 fructus
2353 1069 2475 1138 ejus
2504 1068 2765 1123 inventus
2802 1075 2905 1129 est.
2943 1089 2969 1122 υ
3004 1070 3060 1123 id
3087 1076 3174 1125 est
3204 1071 3386 1125 omnis
3422 1072 3577 1127 illius

296 1164 397 1218 cet,
432 1159 533 1229 qui
561 1174 600 1211 a.
626 1159 743 1213 Deo
774 1159 945 1213 Patre
970 1159 1251 1230 peccando
1281 1164 1651 1222 recesserant,
1672 1175 1898 1213 conver—
1978 1156 2248 1228 operatio,
2281 1163 2339 1211 et
2371 1157 2589 1211 Veteris
2623 1164 2680 1211 et
2716 1158 3221 1213 NoviTestamenti
3253 1159 3572 1215 observatio

296 1254 489 1301 tentur
516 1247 590 1300 ad
620 1264 771 1312 eum,
814 1252 873 1301 et
894 1252 1192 1319 postquam
1225 1249 1476 1302 conversi
1503 1248 1732 1313 fuerint,
1758 1247 1899 1300 acci-
1978 1263 2043 1301 ex
2067 1264 2190 1300 meo
2210 1246 2495 1317 praecessit
2513 1245 2680 1311 dono,
2704 1246 2825 1301 sine
2847 1248 3108 1318 quonihil
3127 1250 3579 1319 potestisfacere.

300 1336 451 1406 pient
480 1336 868 1390 conversionis
917 1353 1031 1391 suae
1078 1338 1390 1408 praemium,
1424 1342 1489 1391 ut
1527 1337 1762 1391 sedeant
1792 1335 1897 1391 sub
1981 1335 2281 1390 Sciendum
2313 1340 2502 1388 autem
2553 1335 2701 1405 quod
2747 1352 2893 1406 saepe
2930 1337 3049 1406 jam
3083 1337 3345 1404 diximus,
3381 1340 3581 1394 salutis

298 1424 518 1489 umbra,
542 1425 600 1478 id
621 1430 708 1479 est
728 1424 831 1479 sub
850 1425 1198 1496 protectione
1218 1424 1370 1478 illius
1390 1424 1665 1491 habitent,
1689 1432 1746 1479 et
1766 1442 1895 1497 pos-
1981 1422 2210 1477 Israelis
2240 1429 2298 1478 et
2326 1423 2659 1478 reversionis
2688 1424 2759 1477 ad
2780 1425 2955 1479 Deum
2986 1431 3044 1479 et
3066 1426 3135 1480 de
3155 1427 3479 1498 captivitate
3498 1444 3583 1483 re-

297 1515 405 1568 sint
417 1514 614 1567 dicere
630 1530 756 1568 cum
778 1514 1051 1568 Ecclesia:
1080 1513 1195 1567 Sub
1207 1512 1409 1568 umbra
1430 1514 1580 1567 illius
1604 1531 1773 1585 quam
1796 1513 1895 1568 de-
1981 1512 2380 1583 demptionem,
2417 1529 2528 1566 non
2561 1513 2866 1567 carnaliter
2901 1514 3097 1585 accipi,
3134 1522 3200 1569 ut
3226 1514 3409 1571 Judaei
3431 1533 3585 1572 som-

295 1601 673 1655 sideraveram
696 1602 835 1668 sedi,
859 1608 916 1656 et
929 1602 1141 1656 fructus
1158 1603 1281 1673 ejus
1306 1602 1486 1656 dulcis
1512 1600 1731 1671 gutturi
1753 1618 1896 1656 meo.
1983 1602 2160 1661 niaut,
2194 1602 2290 1655 sed
2323 1601 2692 1672 spiritualiter
2721 1608 2779 1656 et
2804 1602 3093 1657 verissime
3124 1605 3491 1675 compleatur.

300 1709 322 1741 ι
349 1690 557 1744 Vivent
575 1691 783 1755 tritico,
808 1690 1277 1761 etgerminahunt
1298 1691 1459 1761 quasi
1479 1690 1658 1744 vinea.
1694 1711 1715 1740 ι
1737 1691 1899 1758 Cum,
1921 1678 1967 1737 Β
2064 1712 2085 1742 ι
2121 1690 2256 1755 Quis
2304 1690 2530 1761 sapiens
2582 1697 2640 1745 et
2680 1692 2959 1762 intelliget
2995 1693 3136 1760 ista;
3180 1693 3499 1765 intelligens
3528 1700 3587 1751 et

295 1778 496 1849 inquit,
516 1779 891 1834 sederintsub
916 1779 1115 1833 umbra
1133 1780 1303 1838 illius.
1329 1780 1424 1849 qui
1452 1780 1657 1833 mortui
1677 1779 1903 1833 fuerant
1983 1778 2122 1832 sciet
2160 1778 2312 1833 haec?
2345 1798 2371 1830 ν
2407 1780 2469 1832 1η
2496 1780 2583 1833 his
2615 1779 2816 1847 verbis.
2850 1782 3136 1851 Propheta
3181 1782 3584 1840 obscuritatem

299 1869 487 1923 vivent
519 1869 736 1934 tritico,
759 1869 817 1923 id
840 1875 927 1923 est
944 1868 1106 1923 bonis
1134 1868 1396 1940 operibus
1412 1868 1900 1932 abundabunt,vel
1982 1867 2297 1926 voluminis.
2346 1874 2402 1920 et
2445 1867 2831 1922 difficultatem
2871 1870 3116 1924 ostendit
3152 1872 3582 1942 explanationis.

297 1974 530 2027 corpore
562 1962 622 2012 et
649 1958 926 2028 sanguine
954 1955 1297 2022 Domini,vel
1313 1963 1463 2011 certe
1490 1957 1677 2012 tritico
1692 1957 1896 2023 vivent,
1982 1955 2118 2019 Quis
2149 1957 2254 2010 nisi
2288 1956 2509 2011 Christo
2540 1956 2776 2011 docente
2807 1974 3161 2028 cognoscere,
3192 1960 3324 2031 quid
3358 1961 3577 2032 signiﬁ-

297 2045 425 2116 quia
453 2063 560 2116 per
590 2046 897 2112 Christum,
928 2046 1023 2117 qui
1070 2052 1156 2100 est
1181 2062 1374 2101 verum
1427 2046 1796 2108 frumentum,
1829 2047 1899 2101 de

298 2140 479 2188 morte
505 2133 583 2187 ad
616 2134 790 2188 vitam
820 2140 1137 2205 resurgent.
1173 2135 1334 2190 Unde
1366 2142 1451 2189 est
1481 2154 1492 2189 :
1517 2135 1635 2190 Nisi
1657 2152 1898 2205 granum

297 2223 571 2277 frumenti
601 2224 808 2278 cadens
837 2224 894 2278 in
924 2230 1133 2278 terram
1164 2230 1451 2279 mortuum
1485 2225 1677 2287 fuerit,
1711 2225 1894 2295 ipsum

298 2312 480 2366 solum
510 2319 726 2367 manet.
759 2314 887 2385 Ipse
911 2329 1132 2384 quoque
1164 2314 1323 2367 vinea
1351 2320 1455 2375 est,
1480 2314 1576 2384 qui
1606 2314 1661 2367 in
1693 2330 1754 2367 se
1782 2331 1899 2367 cre-

299 2401 495 2455 dentes
519 2402 650 2456 vino
678 2402 961 2472 spirituali
982 2401 1388 2457 debriat.Unde
1414 2403 1712 2457 Psalmista
1729 2421 1739 2454 :
1758 2402 1898 2456 Visi-

298 2490 427 2542 tasti
451 2495 670 2543 terram
690 2486 760 2543 ‘et
786 2489 1077 2543 inebriasti
1096 2506 1241 2544 eam.
1276 2491 1341 2544 Et
1361 2490 1481 2561 ipse
1510 2491 1783 2544 Dominus
1816 2490 1903 2544 di-

296 2577 527 2648 scipulis
549 2579 889 2643 :Comedite,
914 2578 1098 2645 amici,
1118 2578 1286 2633 bibite
1306 2584 1363 2633 et
1381 2578 1757 2645 inebriamini,
1779 2579 1907 2634 cha-

296 2667 527 2721 rissimi.
565 2666 743 2734 Quasi
770 2668 934 2722 vinea
963 2684 1096 2738 ergo
1127 2668 1286 2721 electi
1324 2668 1744 2738 germinabunt.
1772 2668 1904 2739 quia

295 2756 613 2811 Dominum"
635 2774 801 2811 suum
835 2756 996 2811 bonis
1022 2756 1285 2827 operibus
1322 2756 1714 2823 imitabuntur,
1741 2758 1903 2826 juxta

296 2845 447 2915 quod
478 2846 601 2917 ipse
634 2846 903 2900 Dominus
931 2845 1098 2900 dicit:
1122 2863 1149 2897 α
1179 2845 1286 2909 Qui
1316 2845 1452 2898 mihi
1481 2845 1785 2911 ministrat,
1811 2862 1902 2900 me

293 2940 587 3004 sequatur.
625 2955 648 2985 ι
672 2953 699 2986 ι
731 2933 1059 2989 Memoriale
1088 2934 1207 3004 ejus
1235 2934 1381 2988 sicut
1408 2935 1597 2988 vinum
1628 2935 1845 2989 Libani.
1876 2955 1899 2986 ι

1980 2046 2311 2110 cetJezrael,
2337 2046 2470 2117 quid
2502 2062 2662 2100 soror
2692 2046 2812 2115 ejus
2843 2062 2955 2100 non
2986 2047 3426 2103 misericordiam
3453 2067 3583 2105 con-

1979 2140 2189 2199 secuta,
2220 2135 2352 2206 quid
2382 2135 2582 2189 tertius
2631 2135 2807 2189 frater
2837 2136 2957 2206 ejus
2990 2153 3104 2190 non
3150 2138 3410 2208 populus,
3445 2138 3581 2210 quid

1980 2223 2245 2277 meretrix
2266 2224 2409 2278 Osee
2420 2225 2738 2294 conjuncta,
2758 2230 2816 2278 et
2828 2230 3031 2279 caetera
3046 2242 3169 2296 quae
3191 2231 3497 2280 narrantur
3514 2226 3575 2282 in

1978 2311 2178 2382 capite,
2194 2313 2279 2365 vel
2301 2312 2435 2383 quid
2458 2318 2652 2367 ventus
2672 2319 2995 2378 urens,etc.,
3011 2313 3065 2367 in
3080 2313 3213 2367 ﬁne?
3237 2315 3448 2369 Harum
3467 2315 3578 2369 ita»

1981 2415 2088 2470 que
2109 2398 2510 2454 obscuritatem
2550 2417 2739 2454 rerum
2773 2401 3153 2462 considerans.
3178 2403 3295 2457 ait:
3324 2403 3461 2467 Quis
3487 2419 3581 2458 sa-

1985 2487 2145 2558 piens
2169 2493 2226 2541 et
2254 2488 2533 2559 intelliget
2559 2488 2665 2542 ista
2684 2490 2709 2541 ?
2747 2489 2803 2544 Si
2852 2495 3044 2544 autem
3086 2490 3205 2561 ipse
3235 2491 3331 2562 qui
3359 2491 3584 2563 scripsit

1984 2578 2069 2630 vel
2100 2577 2325 2630 difficile
2355 2578 2442 2631 vel
2470 2577 2814 2648 impossibile
2843 2580 3166 2641 conﬁtetur,
3200 2579 3335 2651 quid
3364 2597 3466 2635 nos
3495 2582 3583 2636 fa-

1985 2682 2112 2719 cere
2135 2682 2452 2736 possumus,
2496 2666 2611 2736 qui,
2654 2666 3019 2737 lippientibus
3044 2668 3220 2722 oculis
3248 2673 3305 2722 et
3332 2675 3584 2739 peccato-

1986 2771 2110 2809 rum
2136 2755 2395 2809 sordibus
2439 2754 2767 2810 obscuratis.
2818 2755 3191 2810 clarissimum
3229 2756 3400 2827 jubar
3446 2758 3582 2813 solis

1987 2859 2099 2897 non
2130 2858 2430 2914 possumus
2457 2843 2704 2897 intueri?
2740 2849 2863 2898 tum
2892 2843 2939 2898 si
2969 2844 3210 2899 dicerem
3250 2845 3387 2900 illud
3429 2846 3581 2918 quod

1986 2930 2257 3001 scriptum
2278 2938 2389 2985 est:
2417 2931 2463 2985 Ο
2488 2931 2829 3001 profundum
2854 2931 3176 2987 divitiarum
3207 2934 3496 3004 sapientiae
3523 2938 3584 2989 et

297 3023 503 3076 Vinum
534 3023 735 3077 Libani
766 3040 1070 3094 possumus
1096 3022 1283 3077 dicere
1313 3023 1563 3088 mistum,
1593 3029 1651 3078 et
1668 3023 1902 3078 diversis
1925 2993 2229 3074 Cscientiae
2258 3020 2387 3074 Dei!
2422 3036 2589 3089 quam
2632 3020 3023 3075 inscrutabilia
3047 3026 3181 3076 sunt
3202 3023 3418 3092 judicia
3451 3026 3575 3095 ejus

293 3112 596 3182 pigmentis
619 3113 998 3177 conditum,ut
1017 3112 1243 3166 odorem
1256 3111 1463 3166 habeat
1479 3112 1893 3167 suavissimum.

293 3200 357 3253 Et
373 3206 463 3254 est
472 3200 854 3255 sensuszsicut
867 3201 1054 3254 vinum
1072 3202 1478 3271 pigmentatum
1499 3216 1669 3254 suave
1683 3200 1895 3271 fragrat

293 3289 640 3355 hominibus,
662 3289 744 3344 sic
762 3290 1034 3344 memoria
1044 3289 1187 3358 justi
1209 3288 1454 3342 hominis
1471 3288 1693 3343 Domini
1724 3306 1895 3359 opera

292 3377 597 3444 imitantis,
627 3378 814 3432 suavis
843 3384 931 3432 est
958 3384 1016 3431 et
1044 3378 1243 3431 dulcis.
1278 3379 1582 3432 Possumus
1610 3384 1666 3431 et
1704 3378 1894 3432 vinum

291 3466 482 3521 Libani
508 3467 653 3520 illud
684 3467 1014 3537 intelligere,
1037 3466 1182 3537 quod
1206 3466 1440 3520 Domino
1470 3466 1809 3521 offerebatur
1838 3467 1896 3529 in

292 3556 523 3627 templo,
555 3555 627 3609 de
652 3572 763 3626 quo
792 3556 873 3609 ait
899 3556 1195 3609 Zacharias
1218 3574 1228 3608 :
1251 3575 1273 3607 ι
1302 3556 1491 3627 Aperi,
1522 3556 1750 3622 Libane,
1773 3573 1898 3627 por-

292 3649 372 3697 tas
398 3652 559 3709 tuas,
597 3663 623 3696 ι
651 3650 754 3698 etc.
795 3646 953 3700 Sicut
996 3645 1146 3698 enim
1180 3644 1568 3698 delectabatur
1594 3645 1744 3699 Deus
1773 3661 1898 3699 om-

240 3778 251 3788 .
293 3732 557 3803 nipotens
585 3733 645 3786 in
675 3733 803 3787 vino
823 3734 972 3803 quod
1004 3733 1054 3787 ei
1085 3732 1442 3798 offerebatur,
1485 3732 1564 3786 sic
1600 3733 1813 3801 gaudet
1842 3738 1897 3787 et

290 3820 515 3877 letatur
549 3838 614 3876 ex
645 3821 818 3875 odore
846 3821 1118 3880 ﬁdelium,
1160 3821 1310 3888 ﬁdei,
1351 3826 1408 3875 et
1453 3820 1728 3875 bonorum
1758 3837 1896 3891 ope-

288 3925 407 3965 rum
432 3912 511 3965 de
549 3927 609 3964 se
639 3910 996 3965 reddentium
1023 3911 1250 3964 famam.

357 4019 380 4049 ο
422 3999 727 4071 Ephraim,
760 3999 895 4071 quid
923 3999 1063 4053 mihi
1092 4000 1243 4054 ultra
1272 3998 1460 4053 idola?
1492 4017 1514 4050 ι
1548 3998 1896 4054 Subauditur

295 4089 555 4161 Opponis.
575 4088 645 4142 Et
664 4094 752 4142 est
764 4104 962 4143 sensus
984 4106 996 4141 :
1019 4089 1160 4143 Cum
1180 4093 1341 4142 tanta
1367 4087 1511 4142 bona
1529 4095 1896 4159 percepturus

1981 3114 2039 3163 et
2057 3107 2475 3179 investigabiles
2497 3107 2595 3163 viae
2612 3110 2750 3179 ejus.
2780 3129 2802 3158 ι
2835 3109 2978 3174 Quia
3008 3116 3173 3165 rectae
3204 3111 3301 3166 viae
3332 3112 3577 3181 Domini,

1979 3203 2037 3253 et
2060 3197 2201 3268 justi
2230 3196 2604 3251 ambulabunt
2633 3198 2692 3252 in
2722 3197 2824 3252 eis.
2854 3218 2877 3249 ι
2911 3198 3028 3252 Viae
3059 3200 3283 3254 Domini
3316 3200 3583 3257 mandata

1976 3287 2372 3358 intelliguntur
2396 3286 2617 3341 Veteris
2650 3303 2715 3341 ac
2754 3287 2881 3342 novi
2899 3289 3262 3356 Testamenti,
3286 3291 3345 3345 in
3376 3291 3579 3363 quibus

1970 3376 2108 3447 justi
2141 3376 2599 3440 ambulant,dum
2629 3393 2696 3431 ea
2724 3393 2893 3448 opere
2915 3378 3217 3449 complent,
3235 3379 3486 3449 dicentes
3504 3381 3578 3437 ad

1978 3466 2154 3520 Deum
2186 3483 2313 3520 cum
2332 3466 2632 3520 Psalmista
2658 3484 2701 3518 τι
2728 3467 2937 3520 Perﬁce
2955 3483 3182 3537 gressus
3215 3446 3369 3524 meos
3398 3471 3458 3525 in
3486 3488 3580 3526 se-

1980 3554 2134 3608 mitis
2154 3554 2285 3608 tuis.
2310 3575 2369 3604 u
2394 3554 2855 3609 Praevaricatores
2892 3571 3023 3609 vero
3060 3564 3326 3612 corruent
3342 3558 3399 3612 in
3422 3559 3521 3613 eis.
3548 3577 3577 3612 ι

1978 3643 2457 3707 Praevaricatores,
2483 3642 2661 3696 Judaei
2691 3642 3109 3714 intelliguntur,
3130 3645 3395 3710 haeretici,
3425 3647 3580 3702 falsi-

1980 3749 2087 3803 que
2119 3731 2445 3796 Christiani,
2480 3731 2575 3802 qui
2606 3732 2871 3787 mandata
2902 3733 3125 3788 Domini
3148 3735 3579 3805 transgrediun-

1977 3821 2202 3884 tur.Qui
2225 3820 2283 3873 in
2305 3820 2386 3874 eis
2406 3826 2690 3881 corruent.
2712 3821 2977 3891 quoniam
3005 3822 3101 3893 qui
3135 3822 3195 3876 in
3222 3823 3346 3894 lege
3386 3841 3579 3895 pecca-

1975 3915 2194 3972 verunt,
2225 3926 2326 3979 per
2356 3909 2539 3978 legem
2564 3909 2988 3979 judicabuntur.
3023 3909 3097 3964 Et
3124 3927 3316 3965 servus
3355 3911 3449 3981 qui
3474 3911 3581 3965 scit

1978 3997 2326 4051 voluntatem
2356 3995 2592 4060 domini,
2643 4001 2700 4049 et
2740 4012 2854 4049 non
2903 3995 3054 4063 facit,
3088 3996 3266 4066 plagis
3294 3997 3579 4068 vapulavit

1982 4086 2197 4141 multis.

1354 4359 1473 4436 IN
1518 4357 1785 4437 JOEL
1836 4354 2527 4437 PROPHETAM.

366 4580 486 4639 Joel
512 4582 931 4655 interpretatur
958 4575 1249 4651 incipiens.
1302 4574 1416 4633 Iste
1454 4578 1522 4634 ad
1568 4574 1816 4632 Iudaeam
1850 4575 1972 4657 etD

302 4666 661 4726 Hierusalem
702 4668 1030 4724 vaticinium
1073 4666 1383 4739 proferens,
1415 4667 1474 4721 in
1502 4664 1778 4738 principio
1817 4664 1906 4719 sui

304 4759 604 4815 voluminis
622 4764 750 4832 post
769 4758 1028 4812 luctuosa
1053 4756 1303 4811 convivia
1318 4756 1389 4811 ad
1410 4757 1623 4811 luctum
1643 4759 1908 4826 provocat

303 4846 678 4915 Hierusalem,
712 4846 1104 4916 excidiumque
1134 4846 1254 4915 ejus
1280 4847 1642 4916 praenuntiat.
1660 4845 1905 4916 Prophe-

297 4940 377 4991 tat
404 4954 634 5010 quoque
667 4936 1013 4992 vocationem
1040 4936 1319 5005 gentium,
1338 4941 1395 4989 et
1416 4950 1903 5006 supercongrega-

300 5025 380 5077 tos
407 5026 709 5080 credentes
729 5028 1200 5096 superventurum
1214 5021 1489 5093 Spiritum
1517 5027 1794 5076 sanctum.

813 5156 1049 5211 CAPUT
1086 5154 1394 5211 PRIMUM.

371 5293 394 5319 ι
424 5270 680 5326 Verbum
699 5271 927 5326 Domini
949 5272 1098 5343 quod
1126 5272 1334 5326 factum
1363 5276 1449 5325 est
1479 5272 1549 5326 ad
1577 5274 1698 5328 Joel
1727 5275 1905 5329 ﬁlium

307 5356 563 5416 Phatuel.
602 5379 627 5411 ι
657 5361 778 5414 Joel
808 5360 1221 5432 interpretatur
1260 5362 1420 5416 fortis
1469 5362 1589 5418 Dei.
1643 5364 1898 5430 Phatuel,

305 5446 595 5518 adapertio
641 5450 725 5504 vel
775 5467 961 5504 sermo
1003 5451 1244 5504 Domini.
1290 5451 1535 5506 Verbum
1585 5452 1706 5517 Dei,
1759 5451 1907 5525 quod

307 5550 525 5610 semper
553 5537 663 5594 fuit
685 5540 839 5615 apud
866 5539 1114 5609 Patrem,
1149 5540 1221 5596 ad
1244 5541 1366 5597 Joel
1394 5540 1605 5598 factum
1631 5547 1738 5598 est.

2022 4602 2033 4611 ι
2065 4572 2301 4627 «Audite
2318 4573 2446 4638 hoc,
2463 4588 2649 4637 senes,
2665 4577 2724 4627 et
2733 4573 2966 4628 auribus
2977 4572 3467 4646 percipite,omnes
3486 4572 3585 4627 ha-

1988 4660 2258 4717 bitatores
2281 4662 2467 4717 te‘rraz.
2491 4661 2701 4716 aSencs
2725 4678 2837 4716 non
2851 4668 3036 4727 aetate,
3063 4661 3162 4715 sed
3182 4661 3403 4728 merito;
3428 4659 3584 4714 habi-

1987 4755 2199 4805 tatores
2219 4766 2348 4805 vero
2369 4756 2555 4817 terrae,
2583 4749 2679 4819 qui
2708 4749 2951 4804 terrenis
2976 4748 3239 4820 operibus
3259 4749 3583 4820 deprimun-

1986 4843 2098 4893 tur.
2126 4840 2281 4893 Inter
2297 4839 2491 4893 audire
2520 4853 2669 4901 vero,
2702 4842 2761 4891 et
2780 4835 3011 4891 auribus
3029 4836 3336 4909 percipere,
3376 4851 3585 4908 magna

1987 4928 2260 4983 distantia
2287 4933 2392 4982 est.
2424 4922 2766 4996 Presbyteri,
2801 4925 2907 4979 hoc
2927 4930 3014 4979 est
3039 4924 3380 4996 spirituales,
3400 4943 3585 4981 sacra-

1986 5012 2101 5067 tius
2126 5013 2403 5078 audiunt;
2436 5010 2534 5082 qui
2566 5027 2695 5065 vero
2726 5016 2937 5064 terram
2980 5010 3319 5075 inhabitant,
3351 5011 3584 5067 auribus

1988 5101 2323 5173 percipiunt,
2354 5101 2451 5155 sed
2481 5100 2771 5155 humilius.
2808 5117 2836 5152 ι
2869 5101 2928 5156 Si
2969 5101 3179 5157 factum
3228 5108 3315 5158 est
3341 5102 3493 5157 istud
3523 5100 3585 5156 in

1987 5187 2184 5243 diebus
2213 5188 2430 5251 vestris,
2461 5194 2561 5243 aut
2585 5188 2645 5243 in
2673 5188 2871 5243 diebus
2889 5195 3117 5261 patrum
3138 5196 3582 5255 vestrorum,su-

1988 5293 2090 5349 per
2112 5277 2217 5331 hoc
2238 5278 2366 5331 ﬁliis
2397 5278 2592 5332 vestris
2614 5284 2872 5333 narrate:
2900 5284 2957 5332 et
2977 5279 3077 5332 ﬁlii
3110 5280 3277 5335 vestri
3294 5278 3422 5332 ﬁliis
3442 5278 3580 5344 suis,

1988 5372 2045 5420 et
2074 5364 2172 5420 ﬁlii
2203 5383 2397 5421 eorum
2441 5368 2795 5438 generationi
2842 5368 3049 5422 alterae.
3085 5388 3114 5419 ιι
3148 5367 3305 5432 Quod
3332 5365 3584 5419 dicturus

1990 5472 2135 5518 sum,
2161 5456 2316 5509 novit
2334 5457 2608 5511 memoria
2637 5473 2648 5507 :
2673 5473 2817 5511 nova
2835 5473 2927 5510 res
2938 5473 3111 5511 novos
3130 5454 3413 5511 auditores
3439 5451 3587 5504 desi-

1991 5540 2170 5598 derat.
2197 5542 2396 5601 Vinum
2433 5544 2585 5601 enim
2611 5561 2819 5602 novum
2846 5544 2906 5601 in
2932 5550 3088 5602 utres
3112 5556 3282 5601 novos
3309 5535 3582 5599 mittitur.

3310 5706 3349 5735 ί
