4062 6168
476 240 580 321 ιὸε

882 256 1261 315 ΗΑῩΜΟΝ18
1298 254 1785 312 HALBERSTAT.
1830 251 2054 306 EPISC.

2175 251 2256 305 ’P.
2299 250 2482 305 PARS
2521 250 2565 304 Ι.
2610 280 2673 290 -
2713 248 3086 305 ΟΟΜΜΕΝΤ.
3128 249 3313 306 BIBL.

3650 252 3748 311 104

475 364 621 440 rum’.
652 401 679 435 α
708 382 1044 453 Egrediatur
1099 397 1338 453 sponsus
1380 380 1449 435 de
1476 378 1644 434 cubili
1669 382 1826 431 suoet
1863 375 2421 447 sponsaArotinum,
2452 374 2749 445 utriusque
2768 374 3113 429 Testamenti
3134 373 3581 430 benedictionem
3616 377 3758 432 divi-

474 472 545 526 de
571 472 823 526 thalamo
851 488 973 526 suo.
1006 470 1163 524 Intra
1209 470 1540 523 vestibulum
1597 474 1655 521 et
1682 468 1858 520 altare
1898 466 2077 535 plora-

472 556 617 613 bunt
643 558 959 612 sacerdotes
990 556 1232 611 ministri
1262 555 1505 619 Domini,
1527 560 1585 607 et
1610 553 1814 606 dicent.
1849 572 1876 604 »
1905 552 2080 621 Spon-

476 664 573 702 sus
605 649 861 702 Christus
878 647 947 701 de
977 644 1145 699 cubili
1166 645 1405 703 suo,hoc
1432 648 1516 696 est
1543 642 1612 696 de
1639 643 1765 696 sinu
1790 640 1988 703 Patris,
2009 638 2080 692 ad

477 735 761 807 publicum
795 735 1023 789 humani
1034 733 1256 804 generis
1277 734 1777 802 egressus.Sponsa
1788 746 1917 783 caro
1937 730 2082 798 ejus-

477 824 604 878 dem
620 824 825 878 Christi
842 840 905 876 ex
921 827 1081 876 utero
1123 821 1311 875 Mariae
1326 821 1555 890 virginis
1575 821 1728 872 velut
1742 819 1811 871 de
1831 818 2080 871 thalamo

478 928 581 967 suo
610 912 890 983 prodiens.
930 911 1177 981 Sponsus
1205 924 1389 963 sermo
1417 908 1654 974 divinus,
1674 923 1881 977 sponsa
1893 906 2081 959 anima

478 1001 677 1055 ﬁdelis.
712 1000 1038 1055 Sacerdotes
1078 998 1321 1052 ministri
1349 997 1591 1061 Domini,
1650 995 1888 1066 apostoli
1926 1001 2079 1059 sunt,

478 1106 580 1160 pro
604 1089 821 1143 delictis
850 1088 1042 1159 populi
1066 1086 1525 1141 intervenientes.
1544 1105 1566 1136 ι
1592 1086 1784 1149 Parce,
1811 1084 2070 1144 Domine,

2160 464 2311 517 nitus
2336 464 2395 517 in
2425 464 2648 517 Christo
2668 464 2926 516 collatam
2954 464 3107 517 dicit.

2235 571 2259 604 α
2287 553 2353 606 Et
2379 552 2763 623 implebantur
2784 569 2927 606 areae
2956 552 3260 617 frumento,
3281 558 3336 607 et
3360 554 3763 609 redundabunt

2164 641 2468 694 toreularia
2508 641 2633 694 vino
2669 647 2726 694 et
2756 641 2898 702 oleo,
2935 661 2960 693 ))
2994 641 3051 695 id
3099 648 3185 695 est
3211 640 3268 695 in
3300 643 3543 706 Christo,
3570 643 3656 697 vel
3697 644 3757 699 in

2165 730 2437 800 principio
2466 730 2623 799 regni
2654 730 2983 800 spiritualis,
3011 747 3155 785 area:
3184 730 3441 786 Ecclesiae
3463 748 3495 785 a
3520 733 3762 787 creden-

2165 817 2314 871 tibus
2360 819 2579 888 p0pulis
2617 819 2863 888 repletae,
2895 821 3010 872 sive
3041 820 3209 872 corda
3260 820 3563 874 electorum
3592 822 3763 877 variis

2166 908 2463 962 virtutibus
2488 925 2589 979 per
2616 908 2851 962 imbrem
2874 908 3072 979 gratiae
3093 909 3337 979 Spiritus
3357 909 3539 964 sancti
3559 909 3764 963 redun-

2165 998 2377 1051 dantia.
3520 998 3523 1000 ‘

2231 1106 2251 1135 ι
2280 1086 2350 1140 Et
2377 1086 2605 1139 reddam
2624 1084 2776 1139 vobis
2806 1102 2983 1139 annos
3004 1103 3142 1157 quos
3170 1087 3415 1141 comedit
3443 1088 3679 1152 locusta,
3705 1091 3765 1140 et

477 1194 644 1249 parce
669 1178 875 1249 populo
907 1183 1025 1242 tuo,
1059 1182 1116 1230 et
1145 1192 1214 1229 ne
1253 1175 1352 1229 des
1394 1174 1779 1229 hereditatem
1819 1178 1975 1226 tuam
2017 1172 2074 1225 in
2156 1174 2422 1235 bruchus.
2456 1180 2514 1228 et
2544 1174 2761 1245 rubigo,
2786 1180 2843 1228 et
2870 1175 3361 1229 eruca.Fortitudo
3384 1193 3508 1230 mea
3529 1192 3761 1245 magna,

479 1266 864 1338 opprobrium,
897 1273 963 1319 ut
989 1266 1352 1318 dominentur
1383 1264 1464 1318 eis
1486 1263 1808 1317 nationes.»
1835 1262 1951 1315 Hoc
1965 1264 2070 1314 est:
2159 1280 2327 1333 quam
2351 1263 2478 1316 misi
2509 1262 2565 1316 in
2587 1279 2699 1316 vos.
2734 1282 2754 1312 ιν
2775 1264 3030 1327 Quatuor
3052 1264 3135 1318 hae
3153 1272 3335 1333 pestes
3364 1271 3609 1336 quatuor
3631 1281 3763 1336 per-

478 1360 543 1409 ut
573 1356 824 1409 mitteret
852 1354 948 1424 qui
979 1370 1103 1407 eam
1133 1353 1416 1413 liberaret,
1457 1358 1515 1406 et
1543 1351 1694 1404 misit
1726 1357 1780 1404 et
1825 1348 2077 1421 pepercit
2158 1351 2528 1410 turbationcs,
2562 1368 2663 1422 per
2682 1369 2822 1422 quas
2851 1352 3109 1406 diabolus
3138 1352 3449 1407 humanum
3471 1370 3654 1422 genus
3669 1354 3764 1408 de-

478 1444 684 1515 populo
713 1459 815 1497 suo
839 1461 852 1509 ;
875 1443 932 1496 id
952 1449 1055 1506 est,
1087 1442 1145 1495 in
1176 1442 1418 1495 adventu
1447 1438 2070 1502 Christi,remissionem
2163 1447 2341 1505 vorat,
2378 1440 2717 1510 signiﬁcant,
2751 1441 2856 1495 hoc
2880 1447 2966 1495 est
3004 1458 3016 1491 :
3044 1441 3406 1511 cupiditatem
3444 1448 3501 1496 et
3519 1449 3759 1509 metum,

480 1532 720 1603 largitus
745 1537 831 1585 est
860 1536 1235 1602 peccatorum,
1258 1536 1323 1584 ut
1351 1546 1462 1583 non
1492 1529 1853 1583 dominentur
1877 1527 1958 1580 eis
1979 1543 2075 1580 na—
2156 1530 2411 1584 laetitiam
2441 1536 2611 1600 atque
2640 1529 2951 1584 tristitiam.

480 1620 683 1687 tiones,
714 1621 771 1674 id
801 1625 886 1674 est
906 1620 1206 1673 daemones.
1235 1637 1260 1670 «
1290 1619 1475 1682 Quare
1504 1618 1698 1672 dicunt
1725 1618 1783 1671 in
1814 1616 2067 1687 populis:
2102 1685 2112 1687 Α
2230 1636 2256 1668 «
2287 1618 2355 1672 Et
2384 1618 2687 1671 comedetis
2709 1623 3011 1683 vescentes,
3026 1624 3083 1672 et
3110 1617 3521 1683 saturabimini,
3540 1624 3597 1672 et
3624 1619 3754 1673 lau-

480 1708 589 1764 Ubi
625 1685 711 1763 est
736 1710 884 1763 Deus
914 1725 1107 1762 eorum
1128 1707 1155 1759 ?
1183 1708 1405 1761 Zelatus
1434 1712 1519 1761 est
1559 1685 1830 1760 Dominus
1866 1685 2075 1759 terram
2093 1685 2140 1744 Β
2159 1705 2363 1760 dabitis
2391 1723 2597 1761 nomen
2626 1707 2849 1761 Domini
2871 1707 3174 1773 Deivestri,
3193 1708 3288 1778 qui
3309 1707 3439 1761 fecit
3463 1707 3763 1763 vobiscum

482 1813 664 1862 suam,
687 1803 744 1851 et
764 1797 1013 1868 pepercit
1037 1797 1241 1867 populo
1272 1813 1401 1852 suo.
1434 1815 1459 1848 »
1478 1796 1668 1849 Zelare
1692 1794 1818 1848 ideo
1850 1794 2071 1857 dicitur,

485 1886 616 1957 quia
636 1885 955 1955 ubicunque
969 1885 1120 1938 zelus
1140 1890 1242 1949 est,
1276 1884 1485 1938 amoris
1520 1883 1784 1937 iudicium
1824 1888 1925 1936 est.
1960 1881 2076 1937 Re-

481 1975 711 2046 sponsio
726 1973 966 2040 Domini,
985 1973 1314 2044 pollicitatio
1338 1974 1461 2043 ejus
1482 1989 1582 2043 per
1601 1972 1773 2026 libros
1789 1971 1930 2041 legis
1952 1987 2078 2041 pro-

481 2064 803 2134 phetarum.
846 2080 872 2114 α
896 2063 1033 2116 Ecce
1062 2078 1165 2131 ego
1196 2062 1416 2115 mittam
1449 2061 1601 2115 vobis
1626 2061 1992 2121 frumentum,
2023 2064 2081 2113 et

480 2150 692 2216 vinum,
722 2156 781 2204 et
809 2152 1015 2208 oleum.
1050 2156 1108 2204 et
1135 2149 1485 2221 replebimini
1515 2150 1573 2202 in
1593 2150 1692 2213 eis,
1719 2153 1778 2203 et
1794 2165 1905 2202 non
1933 2147 2077 2201 dabo

479 2256 579 2294 vos
627 2240 780 2293 ultra
807 2239 1169 2310 opprobrium
1215 2239 1274 2292 in
1300 2238 1583 2309 gentibus.
1626 2257 1651 2291 ι
1685 2238 2075 2303 Frumentum,

483 2326 763 2390 Christus,
796 2327 891 2399 qui
920 2328 975 2381 in
1005 2327 1272 2381 Zacharia
1321 2327 1664 2381 frumentum
1695 2326 1901 2379 dicitur
1930 2325 2078 2379 elec-

480 2422 700 2483 torum;
728 2416 938 2481 vinum,
956 2417 1143 2487 gratia
1174 2416 1416 2487 Spiritus
1444 2414 1664 2480 sancti;
1699 2415 1909 2481 oleum,
1943 2414 2077 2467 cha-

480 2505 733 2569 rismata,
768 2521 891 2575 quae
925 2522 959 2558 a
997 2505 1220 2559 Christo
1243 2521 1343 2574 per
1365 2504 1574 2557 donum
1620 2503 1863 2573 Spiritus
1901 2502 2079 2557 sancti

480 2594 543 2649 in
570 2595 742 2649 corda
778 2594 1089 2648 electorum
1122 2593 1536 2657 diffunduntur,
1558 2592 1660 2646 hoc
1688 2599 1775 2646 est
1805 2611 1816 2645 :
1854 2591 2080 2646 benedi-

482 2683 668 2738 ctione
698 2700 824 2737 mea
854 2688 1097 2737 veterem
1136 2682 1589 2736 maledictionem
1620 2680 1969 2751 abstergam.

557 2837 583 2870 (ί
618 2818 688 2872 Et
711 2834 840 2872 eum
864 2816 959 2888 qui
993 2816 1064 2870 ab
1100 2815 1361 2887 aquilone
1393 2819 1501 2883 est,
1528 2816 1722 2886 procul
1752 2815 2015 2886 abjiciam
2046 2833 2081 2870 a

480 2906 654 2973 vobis,
686 2911 743 2959 et
772 2905 1047 2976 expellam
1077 2922 1202 2959 eum
1233 2905 1290 2958 in
1319 2910 1528 2959 terram
1569 2904 1776 2958 inviam
1806 2910 1861 2958 et
1889 2905 2079 2959 deser-

480 3001 617 3052 tam.
655 3014 677 3046 ι
708 2995 1040 3065 Aquilonem
1068 2993 1350 3047 diabolum
1374 2993 1535 3047 dicit:
1564 2998 1772 3047 terram
1802 2994 2007 3047 inviam
2026 3000 2142 3059 etC

485 3086 788 3145 desertam,
822 3082 1087 3153 reprobos
1117 3099 1310 3136 omnes
1339 3082 1397 3136 in
1427 3082 1628 3154 quibus
1664 3089 1863 3153 regnat
1895 3083 2081 3154 appel-

485 3174 581 3227 lat.
616 3192 638 3223 α
672 3171 892 3226 Faciem
916 3172 1037 3241 ejus
1067 3175 1258 3224 contra
1292 3188 1447 3225 mare
1476 3171 1767 3234 orientale,
1809 3178 1866 3226 et
1904 3177 2082 3225 extre-

484 3277 639 3316 mum
667 3260 787 3330 ejus
812 3260 882 3313 ad
922 3275 1077 3313 mare
1106 3259 1505 3313 novissimum.
1522 3278 1542 3309 ι
1560 3258 1825 3313 Diabolus
1845 3275 1955 3313 non
1976 3259 2078 3312 ha-

483 3348 624 3403 bens
654 3347 854 3403 faciem
885 3346 955 3401 ad
994 3347 1168 3400 solem
1209 3347 1567 3417 justitize,sed
1609 3342 1941 3417 quocunque
1988 3363 2079 3401 re-

485 3436 975 3509 spexerit,semper
987 3452 1139 3489 mare
1159 3436 1320 3489 istius
1336 3436 1524 3490 saeculi
1537 3436 1783 3506 respicit.
1793 3435 2079 3490 Orientale

482 3534 672 3581 autem
702 3532 759 3581 et
788 3524 1173 3587 novissimum,
1210 3525 1544 3595 principium
1563 3524 1739 3578 ruinae
1762 3524 1880 3593 ejus
1917 3524 2079 3578 intel-

481 3615 695 3687 ligitur.
732 3635 753 3666 ι
800 3614 865 3669 Et
914 3614 1178 3667 ascendet
1216 3615 1362 3667 fetor
1410 3614 1554 3683 ejus,
1588 3618 1644 3667 et
1686 3613 1951 3667 ascendet
1980 3629 2081 3683 pu-

482 3705 644 3758 tredo
674 3704 817 3773 ejus,
841 3702 976 3773 quia
1003 3701 1241 3772 superbe
1269 3702 1402 3772 egit.
1439 3721 1464 3753 »
1484 3701 1626 3756 Cum
1646 3700 1794 3755 idem
1821 3701 2075 3755 diabolus

476 3793 769 3864 jugulatus
787 3792 845 3844 in
869 3792 980 3845 fine
1006 3790 1199 3844 mundi
1230 3789 1419 3844 fuerit.
1452 3794 1588 3844 tunc
1632 3789 1776 3844 fetor
1800 3792 1943 3861 ejus,
1976 3790 2081 3844 hoc

485 3886 573 3936 est
597 3880 780 3952 qualis
800 3879 893 3946 sit,
923 3877 1184 3934 omnibus
1203 3878 1516 3951 apparebit.

559 4034 584 4067 ι
607 4015 734 4071 Noli
756 4015 975 4081 timere,
989 4018 1160 4079 terra,
1181 4014 1400 4069 exsulta
1410 4018 1468 4068 et
1488 4012 1844 4085 laetare,quia
1864 4013 2078 4084 magni-

2160 1794 2460 1849 mirabilia.
2498 1814 2519 1845 ι
2556 1796 2765 1849 Omnes
2789 1795 2936 1849 enim
2971 1796 3066 1866 qui
3100 1796 3763 1867 leguntSrripturascar-

2158 1884 2382 1948 naliter,
2402 1884 2547 1938 sicut
2574 1884 2771 1947 Judaei,
2793 1889 2850 1939 et
2874 1885 2943 1938 ad
2965 1885 3398 1954 intelligentiam
3428 1902 3541 1939 non
3563 1903 3763 1956 perve-

2160 1973 2325 2027 niunt
2352 1961 2727 2043 spirituale'm,
2755 1973 2847 2026 isti
2888 1980 3021 2027 sunt
3046 1981 3348 2037 vescentes,
3385 1980 3443 2028 et
3468 1991 3763 2045 nunquam

2160 2061 2231 2114 ad
2281 2061 2637 2115 saturitatem
2667 2062 3073 2132 pervenientes.
3110 2063 3179 2116 Et
3216 2062 3521 2116 laudabitis
3551 2079 3761 2118 nomen

2162 2150 2385 2203 Domini
2408 2150 2507 2204 Dei
2531 2150 2962 2215 vestri,hocest:
2993 2153 3041 2204 si
3074 2151 3514 2205 misericordiam
3537 2152 3639 2206 Dei
3663 2168 3764 2223 per

2160 2238 2595 2307 intelligentiam
2627 2238 2978 2310 spiritualem
3023 2239 3244 2293 fueritis
3282 2241 3586 2297 consecuti.
3626 2259 3653 2293 α
3695 2242 3764 2295 Et

2160 2343 2273 2380 non
2302 2327 2678 2381 confundetur
2706 2328 2942 2398 populus
2972 2344 3132 2381 meus
3156 2328 3214 2381 in
3244 2328 3673 2399 sempiternum,
3706 2335 3765 2383 et

2161 2416 2512 2485 scietis,quia
2532 2415 2590 2469 in
2619 2415 2802 2469 medio
2831 2416 3003 2470 Israel
3025 2433 3127 2486 ego
3156 2433 3339 2475 sum.»
3361 2416 3417 2470 id
3451 2424 3537 2471 est
3558 2417 3618 2472 in
3640 2435 3763 2472 me-

2162 2504 2253 2558 dio
2282 2504 2593 2558 videntium
2622 2503 2805 2557 Deum
2829 2522 2893 2558 ex
2924 2505 3053 2559 ﬁde.
3076 2506 3177 2559 »Εἰ
3194 2523 3296 2575 ego
3318 2506 3591 2560 Dominus
3612 2507 3764 2561 Deus

2166 2599 2367 2658 vester,
2402 2599 2460 2647 et
2486 2609 2599 2646 non
2628 2599 2715 2647 est
2744 2593 3004 2664 amplius,
3039 2599 3096 2647 et
3124 2611 3237 2647 non
3264 2594 3641 2649 confundetur
3667 2613 3767 2666 po-

2163 2682 2330 2753 pulus
2372 2698 2531 2735 meus
2561 2682 2618 2735 in
2648 2688 2942 2736 aeternum.
2976 2702 2998 2732 ι
3039 2682 3154 2751 Ego
3202 2699 3328 2736 sum
3378 2683 3657 2745 Christus,
3700 2689 3760 2739 et

2164 2787 2267 2842 ego
2305 2771 2580 2825 Dominus
2606 2777 2804 2837 vester,
2834 2771 2983 2824 idem
3008 2770 3127 2841 ipse
3149 2770 3426 2840 Christus,
3446 2777 3503 2824 et
3518 2772 3766 2843 amplius

2163 2866 2367 2931 praeter
2390 2859 2696 2913 Christum.

2239 2969 2261 2999 ι
2311 2949 2382 3002 Et
2408 2949 2516 3001 erit
2547 2953 2674 3019 post
2700 2949 2834 3013 haec,
2869 2952 2926 3001 et
2953 2948 3233 3002 effundam
3278 2948 3537 3018 spiritum
3571 2965 3767 3004 meum

2168 3053 2338 3108 super
2369 3053 2592 3091 omnem
2623 3052 2870 3102 carnem,
2893 3042 2949 3090 et
2968 3036 3381 3108 prophetabunt
3398 3038 3495 3091 ﬁlii
3519 3039 3687 3093 vestri
3708 3045 3768 3094 et

2164 3127 2292 3180 ﬁlim
2323 3132 2541 3180 vestrae.
2570 3126 2743 3180 Senes
2765 3126 2934 3179 vestri
2955 3126 3173 3180 somnia
3192 3126 3572 3193 somniabunt,
3597 3134 3655 3182 et
3670 3128 3767 3199 ju-

2162 3232 2329 3269 venes
2358 3215 2596 3269 visiones
2616 3214 2902 3270 videbunt.
2940 3235 2965 3267 »
3014 3216 3208 3282 Senes,
3243 3216 3566 3287 prophetas,
3597 3217 3766 3287 juve—

2163 3320 2281 3363 nes.
2316 3303 2596 3375 apostolos
2627 3304 2890 3375 appellat.

2236 3411 2265 3443 α
2304 3392 2410 3447 Sed
2437 3400 2493 3447 et
2521 3410 2691 3464 super
2718 3410 2908 3447 servos
2946 3409 3101 3447 meos
3154 3397 3211 3446 et
3252 3393 3484 3447 ancillas
3514 3410 3670 3448 meas
3702 3393 3767 3450 in

2160 3479 2359 3534 diebus
2387 3480 2496 3534 illis
2521 3481 2803 3535 effundam
2833 3481 3093 3551 spiritum
3122 3497 3330 3535 meum.
3372 3501 3397 3534 »
3424 3482 3542 3536 Hoc
3561 3499 3768 3538 secun-

2161 3570 2295 3623 dum
2328 3569 2615 3623 historiam
2649 3570 3105 3625 manifestissime
3132 3570 3349 3624 dictum
3379 3576 3437 3624 et
3463 3571 3765 3643 impletum

2162 3663 2247 3711 est
2300 3658 2497 3712 Servos
2529 3675 2702 3726 meos,
2735 3660 2883 3714 viros
2911 3660 3233 3731 spirituales
3262 3667 3431 3729 atque
3462 3660 3761 3716 doctores:

2163 3746 2394 3800 ancillas
2441 3763 2589 3812 vero,
2639 3748 2918 3815 ecclesias,
2981 3748 3068 3801 vel
3134 3746 3354 3801 animas
3409 3748 3767 3805 credentium

2162 3837 2324 3894 dicit.

2238 3944 2263 3978 (ί
2284 3927 2352 3980 Et
2376 3925 2519 3980 dabo
2549 3926 2803 3998 prodigia
2827 3927 2884 3980 in
2914 3927 3052 3981 coelo
3076 3928 3206 3983 etin
3218 3929 3761 4001 terra,sanguinem,

2160 4021 2217 4071 et
2245 4015 2453 4086 ignem,
2487 4021 2543 4070 et
2570 4032 2831 4086 vaporem
2870 4015 3025 4069 fumi.
3060 4035 3087 4068 ι)
3123 4016 3387 4089 Prodigia
3407 4019 3466 4073 in
3479 4019 3767 4085 cmlo,hoc

480 4105 668 4160 ﬁcavit
698 4104 967 4159 Dominus
992 4110 1057 4159 ut
1084 4104 1292 4158 faceret
1325 4121 1335 4156 :
1371 4104 1541 4158 nolite
1579 4103 1780 4157 timere
1810 4102 2078 4157 animalia
2160 4111 2247 4160 est
2270 4106 2329 4159 in
2351 4104 2593 4165 sanctis;
2621 4110 2679 4159 et
2711 4103 2770 4158 in
2799 4111 2970 4166 terra,
3013 4105 3120 4159 hoc
3148 4112 3235 4160 est
3279 4107 3336 4160 in
3377 4107 3766 4178 peccatoribus

480 4192 889 4263 regionis,quia
906 4192 1366 4262 germinaverunt
1380 4191 1630 4262 speciosa
1652 4191 1879 4245 deserti.
1908 4209 1933 4243 ›)
1956 4192 2074 4245 Ηοο
2160 4211 2220 4248 se
2250 4194 2523 4248 Dominus
2545 4194 2681 4247 dare.
2710 4193 3021 4264 pollicetur.
3070 4195 3140 4248 Et
3160 4195 3291 4266 quid
3323 4196 3598 4267 prodigia,
3645 4196 3759 4251 nisi

483 4287 570 4335 est
591 4279 987 4349 cogitationem
1038 4294 1219 4342 suam,
1253 4295 1421 4348 quam
1470 4295 1570 4349 pro
1613 4280 1795 4333 salute
1843 4279 2142 4373 humaniD
2162 4282 2322 4351 signa
2351 4288 2408 4335 et
2436 4282 2807 4351 perditionem
2838 4287 3220 4352 peccatorum,
3252 4301 3375 4354 quae
3417 4285 3474 4338 in
3515 4285 3766 4342 adventu

479 4367 706 4440 generis
733 4366 1027 4436 disposuit,
1056 4366 1199 4420 utde
1228 4382 1423 4420 eorum
1446 4366 1766 4420 substantia
1788 4367 1965 4421 Filius
1978 4367 2077 4421 Dei
2098 4366 2136 4373 ⁷
2164 4370 2404 4441 Spiritus
2416 4370 2593 4423 sancti
2619 4370 2907 4440 patefactae
2935 4373 3109 4427 sunt?
3139 4373 3202 4427 In
3232 4374 3507 4444 sanguine
3526 4372 3765 4429 interfe-

482 4471 710 4512 carnem
742 4459 1073 4508 assumeret.
1110 4455 1248 4508 Eam
1272 4470 1441 4524 quam
1460 4470 1632 4524 supra
1660 4454 1879 4508 dixerat
1907 4456 2080 4509 male-
2161 4458 2271 4512 ctio
2302 4459 2649 4525 animarum;
2673 4459 2729 4513 in
2760 4460 2888 4529 igne
2919 4462 3162 4516 calorem
3197 4464 3471 4533 corporis,
3508 4462 3624 4516 sive
3653 4462 3767 4517 ira-

484 4545 712 4611 dictam,
733 4558 882 4599 nunc
908 4542 1046 4597 dicit
1064 4542 1457 4597 benedictione
1476 4543 1576 4597 Dei
1599 4543 1925 4597 restaurari.
1949 4544 2079 4597 Ani-
2160 4547 2420 4602 cundiam
2452 4547 2661 4613 cordis;
2687 4549 2744 4602 in
2769 4565 2973 4620 vapore
3001 4550 3544 4620 fumi,cogitationes
3557 4551 3759 4619 noxiae,

484 4635 657 4690 malia
683 4632 947 4705 regionis,
971 4638 1169 4704 gentes
1195 4632 1398 4703 quibus
1421 4632 1586 4686 verba
1599 4633 1884 4695 virtutem,
1908 4632 1965 4686 id
1994 4640 2079 4688 est
2161 4653 2284 4708 quae
2310 4637 2365 4689 in
2399 4636 2566 4691 corde
2590 4638 2880 4691 hominum
2930 4644 3189 4705 aestuant,
3221 4639 3630 4715 significantur.
3664 4638 3767 4696 Se-

485 4725 765 4786 Christus,
798 4739 901 4795 per
940 4721 1230 4793 Virginem
1261 4720 1617 4792 germinavit.
1640 4743 1660 4768 ι
1696 4721 1840 4785 Quia
1860 4721 2077 4792 lignum
2159 4726 2404 4780 cundum
2437 4725 2731 4780 historiam
2767 4733 2825 4781 et
2857 4728 3237 4798 prophetiam,
3271 4728 3330 4783 in
3360 4734 3615 4801 tempore
3640 4746 3766 4800 pas-

486 4815 677 4869 attulit
697 4813 939 4868 fructum
969 4827 1156 4874 suum,
1191 4811 1327 4865 ficus
1347 4815 1404 4864 et
1430 4809 1590 4864 vinea
1619 4809 2078 4865 dederuntvirtu-
2158 4815 2330 4870 sionis
2351 4814 2559 4870 Christi
2588 4816 2778 4869 omnia
2807 4816 2925 4870 haec
2941 4818 3217 4887 completa
3247 4824 3397 4872 sunt.

484 4904 599 4954 tem
629 4916 807 4954 suam.
827 4899 897 4953 Et
926 4899 1026 4953 ﬁlii
1057 4898 1208 4958 Sion,
1225 4898 1500 4953 exsultate
1523 4903 1581 4952 et
1605 4898 1948 4953 laetaminiin
1973 4900 2079 4954 Do-
2235 4922 2262 4957 α
2295 4905 2389 4959 Sol
2414 4910 2770 4959 convertatur
2791 4905 2849 4959 in
2882 4904 3163 4971 tenebras,
3198 4914 3256 4960 et
3283 4906 3504 4977 luna_in
3537 4909 3767 4979 sangui-

485 4988 639 5043 mino
669 4988 785 5043 Deo
809 4993 1012 5048 vestro,
1038 4987 1133 5058 qui
1158 4988 1315 5042 dedit
1340 4986 1496 5041 vobis
1525 4987 1808 5041 doctorem
1821 4988 2075 5058 justitiae,
2161 5009 2313 5058 nem,
2346 4999 2651 5064 antequam
2681 4994 2869 5049 veniat
2896 4995 3016 5048 dies
3042 4995 3267 5049 Domini
3290 5013 3525 5066 magnus
3550 5004 3607 5051 et
3633 4998 3767 5051 hor-

486 5083 545 5133 et
567 5076 904 5132 descendere
923 5076 1173 5131 facietad
1190 5094 1285 5131 vos
1310 5077 1546 5131 imbrem
1566 5077 1925 5132 matutinum.
1940 5097 1965 5129 «
1992 5078 2080 5132 Li-
2161 5082 2355 5136 ribilis.
2392 5100 2417 5134 »
2435 5082 2549 5136 Hoc
2564 5089 2651 5137 est
2675 5102 2687 5137 :
2722 5084 2988 5154 splendor
3007 5085 3381 5155 quorumdam
3395 5085 3765 5147 fidelium,ul-

493 5183 691 5237 gnum,
725 5165 1006 5225 Christus,
1028 5166 1166 5219 ﬁcus
1178 5182 1306 5220 vero
1333 5165 1390 5219 in
1409 5182 1647 5236 persona
1670 5167 1943 5237 accipitur
1964 5168 2083 5236 Spi—
2163 5171 2305 5224 tima
2334 5170 2696 5226 tribulatione
2724 5172 2988 5227 deficiens
3032 5172 3445 5231 obscurabitur,
3478 5181 3535 5228 et
3575 5173 3764 5229 Eccle-

487 5256 633 5311 ritus
652 5255 864 5321 sancti;
896 5255 1056 5308 vinea
1085 5254 1232 5308 idem
1257 5254 1516 5308 Christus
1539 5255 1595 5309 in
1616 5256 1775 5326 plebe
1796 5256 2077 5324 ﬁdelium;
2164 5258 2247 5311 sia
2278 5264 2591 5330 martyrum
2622 5261 2894 5331 sanguine
2914 5262 3317 5315 cruentabitur.

487 5344 587 5397 ﬁlii
615 5343 769 5407 Sion,
795 5343 896 5397 ﬁlii
921 5343 1187 5397 dicuntur
1216 5343 1474 5397 Ecclesiae
1514 5344 1571 5397 in
1614 5345 1996 5415 speculatione
2021 5347 2081 5399 fi-
2238 5368 2258 5397 ι
2286 5348 2354 5401 Et
2375 5348 2499 5409 erit,
2523 5350 2705 5403 omnis
2727 5351 3046 5422 quicunque
3076 5351 3418 5405 invocaverit
3439 5368 3645 5406 nomen
3659 5353 3764 5407 θος

487 5432 577 5487 dei
609 5432 933 5498 constituti;
966 5431 1162 5484 doctor
1183 5430 1435 5501 justitiae,
1486 5431 1766 5500 Christus,
1819 5432 2078 5488 Ecclesiae
2161 5435 2300 5489 mini
2332 5437 2516 5491 salvus
2537 5438 2644 5492 erit
2697 5459 2721 5491 »
2748 5440 3010 5494 Invocare
3032 5445 3088 5493 et
3107 5440 3290 5493 dicere
3311 5441 3762 5505 Dominum,non

461 5537 602 5578 Ἥλιε
621 5521 785 5579 aDeo
809 5521 977 5577 Patre
1005 5520 1243 5593 electus;
1277 5518 1515 5578 imbrem
1534 5523 1873 5579 matutinum
1904 5529 1961 5579 et
1988 5539 2077 5579 se-
2160 5528 2386 5581 tantum
2404 5542 2559 5603 voce,
2575 5527 2673 5583 sed
2701 5545 2870 5601 opere
2902 5527 3380 5603 comprobandum
3410 5536 3499 5586 est
3534 5536 3594 5586 et
3619 5531 3757 5587 effe-
