  <div class='ocr_page' id='page_1' title='image "/cluster/home/n/w/nwhite01/storage/ocr_20150623/117/hvd.32044054759816/058.png"; bbox 0 0 4090 6164; ppageno 0'>
   <div class='ocr_carea' id='block_1_1' title="bbox 271 336 3510 409">
    <p class='ocr_par' dir='ltr' id='par_1_1' title="bbox 271 336 3510 409">
     <span class='ocr_line' id='line_1_1' title="bbox 271 336 3510 409; baseline 0.005 -15"><span class='ocrx_word' id='word_1_1' title='bbox 271 336 355 395; x_wconf 85' lang='grc'>105</span> <span class='ocrx_word' id='word_1_2' title='bbox 1248 340 1665 401; x_wconf 84' lang='lat' dir='ltr'>ENARRATIO</span> <span class='ocrx_word' id='word_1_3' title='bbox 1706 345 1783 400; x_wconf 89' lang='lat' dir='ltr'><strong>IN</strong></span> <span class='ocrx_word' id='word_1_4' title='bbox 1822 344 1995 399; x_wconf 88' lang='lat' dir='ltr'>JOEL</span> <span class='ocrx_word' id='word_1_5' title='bbox 2032 345 2497 401; x_wconf 82' lang='lat' dir='ltr'>PROPHETAM.</span> <span class='ocrx_word' id='word_1_6' title='bbox 3404 348 3510 409; x_wconf 85' lang='grc'>106</span> 
     </span>
    </p>
   </div>
   <div class='ocr_carea' id='block_1_2' title="bbox 261 460 3521 541">
    <p class='ocr_par' dir='ltr' id='par_1_2' title="bbox 261 460 3521 541">
     <span class='ocr_line' id='line_1_2' title="bbox 261 460 3521 541; baseline 0.005 -26"><span class='ocrx_word' id='word_1_7' title='bbox 261 460 553 523; x_wconf 72' lang='lat' dir='ltr'>ctu.¢Quia</span> <span class='ocrx_word' id='word_1_8' title='bbox 576 460 633 514; x_wconf 92' lang='lat' dir='ltr'>in</span> <span class='ocrx_word' id='word_1_9' title='bbox 658 465 853 515; x_wconf 91' lang='lat' dir='ltr'>monte</span> <span class='ocrx_word' id='word_1_10' title='bbox 884 460 1021 515; x_wconf 89' lang='lat' dir='ltr'>Sion</span> <span class='ocrx_word' id='word_1_11' title='bbox 1055 466 1112 516; x_wconf 89' lang='lat' dir='ltr'>et</span> <span class='ocrx_word' id='word_1_12' title='bbox 1136 463 1192 517; x_wconf 90' lang='lat' dir='ltr'>in</span> <span class='ocrx_word' id='word_1_13' title='bbox 1222 465 1577 523; x_wconf 81' lang='lat' dir='ltr'>Hierusalem</span> <span class='ocrx_word' id='word_1_14' title='bbox 1604 472 1713 525; x_wconf 87' lang='lat' dir='ltr'>erit</span> <span class='ocrx_word' id='word_1_15' title='bbox 1739 472 1906 531; x_wconf 83' lang='lat' dir='ltr'>sal-A</span> <span class='ocrx_word' id='word_1_16' title='bbox 1926 470 2296 540; x_wconf 84' lang='lat' dir='ltr'>possidebitis,</span> <span class='ocrx_word' id='word_1_17' title='bbox 2322 472 2378 525; x_wconf 91' lang='lat' dir='ltr'>in</span> <span class='ocrx_word' id='word_1_18' title='bbox 2400 470 2711 525; x_wconf 86' lang='lat' dir='ltr'>contrarios</span> <span class='ocrx_word' id='word_1_19' title='bbox 2737 471 2895 527; x_wconf 85' lang='lat' dir='ltr'>vobis</span> <span class='ocrx_word' id='word_1_20' title='bbox 2924 472 3225 541; x_wconf 85' lang='lat' dir='ltr'>suscitabo,</span> <span class='ocrx_word' id='word_1_21' title='bbox 3263 479 3321 529; x_wconf 91' lang='lat' dir='ltr'>et</span> <span class='ocrx_word' id='word_1_22' title='bbox 3374 477 3521 531; x_wconf 93' lang='lat' dir='ltr'>ﬁlios</span> 
     </span>
    </p>
   </div>
   <div class='ocr_carea' id='block_1_3' title="bbox 260 549 3522 635">
    <p class='ocr_par' dir='ltr' id='par_1_3' title="bbox 260 549 3522 635">
     <span class='ocr_line' id='line_1_3' title="bbox 260 549 3522 635; baseline 0.005 -33"><span class='ocrx_word' id='word_1_23' title='bbox 260 550 400 611; x_wconf 81' lang='lat' dir='ltr'>vatio,</span> <span class='ocrx_word' id='word_1_24' title='bbox 432 550 578 603; x_wconf 80' lang='lat' dir='ltr'><strong>sicut</strong></span> <span class='ocrx_word' id='word_1_25' title='bbox 597 549 737 604; x_wconf 85' lang='lat' dir='ltr'>dixit</span> <span class='ocrx_word' id='word_1_26' title='bbox 774 550 1067 616; x_wconf 78' lang='lat' dir='ltr'>Dominus,</span> <span class='ocrx_word' id='word_1_27' title='bbox 1102 560 1159 607; x_wconf 91' lang='lat' dir='ltr'>et</span> <span class='ocrx_word' id='word_1_28' title='bbox 1182 553 1238 607; x_wconf 91' lang='lat' dir='ltr'>in</span> <span class='ocrx_word' id='word_1_29' title='bbox 1270 557 1510 612; x_wconf 81' lang='lat' dir='ltr'>residuis</span> <span class='ocrx_word' id='word_1_30' title='bbox 1568 577 1706 630; x_wconf 92' lang='lat' dir='ltr'>quos</span> <span class='ocrx_word' id='word_1_31' title='bbox 1733 561 1845 614; x_wconf 93' lang='lat' dir='ltr'>Do-</span> <span class='ocrx_word' id='word_1_32' title='bbox 1928 576 1991 612; x_wconf 89' lang='lat' dir='ltr'>ac</span> <span class='ocrx_word' id='word_1_33' title='bbox 2024 560 2186 621; x_wconf 91' lang='lat' dir='ltr'>ﬁlias,</span> <span class='ocrx_word' id='word_1_34' title='bbox 2235 561 2338 615; x_wconf 89' lang='lat' dir='ltr'>hoc</span> <span class='ocrx_word' id='word_1_35' title='bbox 2380 568 2467 614; x_wconf 91' lang='lat' dir='ltr'>est</span> <span class='ocrx_word' id='word_1_36' title='bbox 2517 560 2818 630; x_wconf 87' lang='lat' dir='ltr'>discipulos</span> <span class='ocrx_word' id='word_1_37' title='bbox 2874 568 3086 618; x_wconf 90' lang='lat' dir='ltr'>vestros</span> <span class='ocrx_word' id='word_1_38' title='bbox 3126 581 3227 635; x_wconf 90' lang='lat' dir='ltr'>per</span> <span class='ocrx_word' id='word_1_39' title='bbox 3266 565 3522 619; x_wconf 63' lang='lat' dir='ltr'>Ecclesiae</span> 
     </span>
    </p>
   </div>
   <div class='ocr_carea' id='block_1_4' title="bbox 267 640 1840 712">
    <p class='ocr_par' dir='ltr' id='par_1_4' title="bbox 267 640 1840 712">
     <span class='ocr_line' id='line_1_4' title="bbox 267 640 1840 712; baseline 0.006 -19"><span class='ocrx_word' id='word_1_40' title='bbox 267 640 431 693; x_wconf 89' lang='lat' dir='ltr'>minus</span> <span class='ocrx_word' id='word_1_41' title='bbox 462 640 760 694; x_wconf 83' lang='lat' dir='ltr'>vocaverit.</span> <span class='ocrx_word' id='word_1_42' title='bbox 804 663 825 687; x_wconf 78' lang='grc' dir='ltr'>ιι</span> <span class='ocrx_word' id='word_1_43' title='bbox 875 641 1124 695; x_wconf 86' lang='lat' dir='ltr'>Montem</span> <span class='ocrx_word' id='word_1_44' title='bbox 1179 644 1310 697; x_wconf 89' lang='lat' dir='ltr'>Sion</span> <span class='ocrx_word' id='word_1_45' title='bbox 1370 652 1427 699; x_wconf 91' lang='lat' dir='ltr'>et</span> <span class='ocrx_word' id='word_1_46' title='bbox 1469 648 1840 712; x_wconf 87' lang='lat' dir='ltr'>Hierusalem,</span> 
     </span>
    </p>
   </div>
   <div class='ocr_carea' id='block_1_5' title="bbox 262 726 1844 804">
    <p class='ocr_par' dir='ltr' id='par_1_5' title="bbox 262 726 1844 804">
     <span class='ocr_line' id='line_1_5' title="bbox 262 726 1844 804; baseline 0.005 -22"><span class='ocrx_word' id='word_1_47' title='bbox 262 726 545 782; x_wconf 86' lang='lat' dir='ltr'>Ecclesiam</span> <span class='ocrx_word' id='word_1_48' title='bbox 570 728 963 799; x_wconf 88' lang='lat' dir='ltr'>intelligimus,</span> <span class='ocrx_word' id='word_1_49' title='bbox 997 730 1055 785; x_wconf 90' lang='lat' dir='ltr'>in</span> <span class='ocrx_word' id='word_1_50' title='bbox 1088 749 1201 803; x_wconf 90' lang='lat' dir='ltr'>qua</span> <span class='ocrx_word' id='word_1_51' title='bbox 1246 734 1353 787; x_wconf 87' lang='lat' dir='ltr'>erit</span> <span class='ocrx_word' id='word_1_52' title='bbox 1406 736 1659 804; x_wconf 89' lang='lat' dir='ltr'>salvatio,</span> <span class='ocrx_word' id='word_1_53' title='bbox 1700 736 1844 791; x_wconf 84' lang='lat' dir='ltr'>sicut</span> 
     </span>
    </p>
   </div>
   <div class='ocr_carea' id='block_1_6' title="bbox 262 817 399 871">
    <p class='ocr_par' dir='ltr' id='par_1_6' title="bbox 262 817 399 871">
     <span class='ocr_line' id='line_1_6' title="bbox 262 817 399 871; baseline 0 0"><span class='ocrx_word' id='word_1_54' title='bbox 262 817 399 871; x_wconf 79' lang='lat' dir='ltr'>dixit.</span> 
     </span>
    </p>
   </div>
   <div class='ocr_carea' id='block_1_7' title="bbox 844 943 1220 1000">
    <p class='ocr_par' dir='ltr' id='par_1_7' title="bbox 844 943 1220 1000">
     <span class='ocr_line' id='line_1_7' title="bbox 844 943 1220 1000; baseline 0.005 -2"><span class='ocrx_word' id='word_1_55' title='bbox 844 943 1087 1000; x_wconf 85' lang='lat' dir='ltr'>CAPUT</span> <span class='ocrx_word' id='word_1_56' title='bbox 1115 944 1220 1000; x_wconf 90' lang='lat' dir='ltr'>III.</span> 
     </span>
    </p>
   </div>
   <div class='ocr_carea' id='block_1_8' title="bbox 324 1081 1845 1160">
    <p class='ocr_par' dir='ltr' id='par_1_8' title="bbox 324 1081 1845 1160">
     <span class='ocr_line' id='line_1_8' title="bbox 324 1081 1845 1160; baseline 0.007 -26"><span class='ocrx_word' id='word_1_57' title='bbox 324 1102 342 1132; x_wconf 76' lang='grc' dir='ltr'>ι</span> <span class='ocrx_word' id='word_1_58' title='bbox 368 1081 512 1145; x_wconf 85' lang='lat' dir='ltr'>Quia</span> <span class='ocrx_word' id='word_1_59' title='bbox 529 1099 656 1137; x_wconf 91' lang='lat' dir='ltr'>ecce</span> <span class='ocrx_word' id='word_1_60' title='bbox 675 1083 732 1137; x_wconf 91' lang='lat' dir='ltr'>in</span> <span class='ocrx_word' id='word_1_61' title='bbox 758 1084 955 1139; x_wconf 89' lang='lat' dir='ltr'>diebus</span> <span class='ocrx_word' id='word_1_62' title='bbox 977 1086 1087 1140; x_wconf 86' lang='lat' dir='ltr'>illis</span> <span class='ocrx_word' id='word_1_63' title='bbox 1118 1092 1173 1140; x_wconf 93' lang='lat' dir='ltr'>et</span> <span class='ocrx_word' id='word_1_64' title='bbox 1200 1087 1259 1141; x_wconf 92' lang='lat' dir='ltr'>in</span> <span class='ocrx_word' id='word_1_65' title='bbox 1316 1097 1570 1160; x_wconf 89' lang='lat' dir='ltr'>tempore</span> <span class='ocrx_word' id='word_1_66' title='bbox 1599 1090 1696 1144; x_wconf 93' lang='lat' dir='ltr'>illo</span> <span class='ocrx_word' id='word_1_67' title='bbox 1718 1108 1845 1148; x_wconf 89' lang='lat' dir='ltr'>cum</span> 
     </span>
    </p>
   </div>
   <div class='ocr_carea' id='block_1_9' title="bbox 260 1173 1847 1250">
    <p class='ocr_par' dir='ltr' id='par_1_9' title="bbox 260 1173 1847 1250">
     <span class='ocr_line' id='line_1_9' title="bbox 260 1173 1847 1250; baseline 0.008 -27"><span class='ocrx_word' id='word_1_68' title='bbox 260 1177 563 1225; x_wconf 86' lang='lat' dir='ltr'>convertero</span> <span class='ocrx_word' id='word_1_69' title='bbox 594 1173 976 1243; x_wconf 75' lang='lat' dir='ltr'>captivitatem</span> <span class='ocrx_word' id='word_1_70' title='bbox 1013 1177 1158 1229; x_wconf 89' lang='lat' dir='ltr'>Juda</span> <span class='ocrx_word' id='word_1_71' title='bbox 1180 1183 1237 1230; x_wconf 90' lang='lat' dir='ltr'>et</span> <span class='ocrx_word' id='word_1_72' title='bbox 1267 1177 1639 1243; x_wconf 85' lang='lat' dir='ltr'>Hierusalem,</span> <span class='ocrx_word' id='word_1_73' title='bbox 1677 1199 1702 1232; x_wconf 64' lang='grc' dir='ltr'><strong><em>ι</em></strong></span> <span class='ocrx_word' id='word_1_74' title='bbox 1725 1197 1847 1250; x_wconf 73' lang='lat' dir='ltr'>quae</span> 
     </span>
    </p>
   </div>
   <div class='ocr_carea' id='block_1_10' title="bbox 260 1262 1851 1337">
    <p class='ocr_par' dir='ltr' id='par_1_10' title="bbox 260 1262 1851 1337">
     <span class='ocr_line' id='line_1_10' title="bbox 260 1262 1851 1337; baseline 0.007 -25"><span class='ocrx_word' id='word_1_75' title='bbox 260 1266 407 1313; x_wconf 87' lang='lat' dir='ltr'>antea</span> <span class='ocrx_word' id='word_1_76' title='bbox 433 1277 548 1314; x_wconf 92' lang='lat' dir='ltr'>non</span> <span class='ocrx_word' id='word_1_77' title='bbox 577 1267 718 1315; x_wconf 89' lang='lat' dir='ltr'>erat.</span> <span class='ocrx_word' id='word_1_78' title='bbox 749 1262 924 1317; x_wconf 87' lang='lat' dir='ltr'>Primi</span> <span class='ocrx_word' id='word_1_79' title='bbox 954 1271 1087 1318; x_wconf 88' lang='lat' dir='ltr'>sunt</span> <span class='ocrx_word' id='word_1_80' title='bbox 1118 1266 1296 1319; x_wconf 85' lang='lat' dir='ltr'>sancti</span> <span class='ocrx_word' id='word_1_81' title='bbox 1343 1268 1599 1337; x_wconf 82' lang='lat' dir='ltr'>apostoli,</span> <span class='ocrx_word' id='word_1_82' title='bbox 1635 1270 1720 1322; x_wconf 89' lang='lat' dir='ltr'>vel</span> <span class='ocrx_word' id='word_1_83' title='bbox 1751 1287 1851 1325; x_wconf 68' lang='lat' dir='ltr'>cae-</span> 
     </span>
    </p>
   </div>
   <div class='ocr_carea' id='block_1_11' title="bbox 259 1348 1850 1425">
    <p class='ocr_par' dir='ltr' id='par_1_11' title="bbox 259 1348 1850 1425">
     <span class='ocr_line' id='line_1_11' title="bbox 259 1348 1850 1425; baseline 0.008 -24"><span class='ocrx_word' id='word_1_84' title='bbox 259 1348 347 1402; x_wconf 88' lang='lat' dir='ltr'>teri</span> <span class='ocrx_word' id='word_1_85' title='bbox 403 1366 469 1402; x_wconf 79' lang='lat' dir='ltr'>ex</span> <span class='ocrx_word' id='word_1_86' title='bbox 517 1350 940 1406; x_wconf 88' lang='lat' dir='ltr'>circumcisione</span> <span class='ocrx_word' id='word_1_87' title='bbox 987 1355 1298 1422; x_wconf 85' lang='lat' dir='ltr'>credentes,</span> <span class='ocrx_word' id='word_1_88' title='bbox 1340 1357 1553 1411; x_wconf 86' lang='lat' dir='ltr'>residui</span> <span class='ocrx_word' id='word_1_89' title='bbox 1591 1375 1743 1425; x_wconf 91' lang='lat' dir='ltr'>vero,</span> <span class='ocrx_word' id='word_1_90' title='bbox 1783 1375 1850 1413; x_wconf 82' lang='lat' dir='ltr'>ex</span> 
     </span>
    </p>
   </div>
   <div class='ocr_carea' id='block_1_12' title="bbox 256 1437 848 1506">
    <p class='ocr_par' dir='ltr' id='par_1_12' title="bbox 256 1437 848 1506">
     <span class='ocr_line' id='line_1_12' title="bbox 256 1437 848 1506; baseline 0.01 -16"><span class='ocrx_word' id='word_1_91' title='bbox 256 1437 504 1506; x_wconf 87' lang='lat' dir='ltr'>gentibus</span> <span class='ocrx_word' id='word_1_92' title='bbox 533 1440 821 1494; x_wconf 83' lang='lat' dir='ltr'>venientes</span> <span class='ocrx_word' id='word_1_93' title='bbox 835 1486 848 1497; x_wconf 92' lang='lat'>.</span> 
     </span>
    </p>
   </div>
   <div class='ocr_carea' id='block_1_13' title="bbox 207 1528 1849 1602">
    <p class='ocr_par' dir='ltr' id='par_1_13' title="bbox 207 1528 1849 1602">
     <span class='ocr_line' id='line_1_13' title="bbox 207 1528 1849 1602; baseline 0.008 -24"><span class='ocrx_word' id='word_1_94' title='bbox 207 1593 211 1596; x_wconf 18' lang='grc' dir='ltr'>ν</span> <span class='ocrx_word' id='word_1_95' title='bbox 322 1546 345 1578; x_wconf 69' lang='grc' dir='ltr'>ε</span> <span class='ocrx_word' id='word_1_96' title='bbox 367 1528 735 1599; x_wconf 87' lang='lat' dir='ltr'>Congregabo</span> <span class='ocrx_word' id='word_1_97' title='bbox 761 1547 956 1584; x_wconf 89' lang='lat' dir='ltr'>omnes</span> <span class='ocrx_word' id='word_1_98' title='bbox 1012 1537 1230 1602; x_wconf 87' lang='lat' dir='ltr'>gentes,</span> <span class='ocrx_word' id='word_1_99' title='bbox 1263 1538 1316 1587; x_wconf 90' lang='lat' dir='ltr'>et</span> <span class='ocrx_word' id='word_1_100' title='bbox 1356 1536 1626 1591; x_wconf 87' lang='lat' dir='ltr'>deducam</span> <span class='ocrx_word' id='word_1_101' title='bbox 1658 1554 1753 1592; x_wconf 88' lang='lat' dir='ltr'>eas</span> <span class='ocrx_word' id='word_1_102' title='bbox 1790 1538 1849 1591; x_wconf 93' lang='lat' dir='ltr'>in</span> 
     </span>
    </p>
   </div>
   <div class='ocr_carea' id='block_1_14' title="bbox 256 1616 1849 1697">
    <p class='ocr_par' dir='ltr' id='par_1_14' title="bbox 256 1616 1849 1697">
     <span class='ocr_line' id='line_1_14' title="bbox 256 1616 1849 1697; baseline 0.008 -29"><span class='ocrx_word' id='word_1_103' title='bbox 256 1616 379 1669; x_wconf 85' lang='lat' dir='ltr'>valle</span> <span class='ocrx_word' id='word_1_104' title='bbox 396 1617 693 1688; x_wconf 86' lang='lat' dir='ltr'>Josaphat,</span> <span class='ocrx_word' id='word_1_105' title='bbox 721 1624 779 1672; x_wconf 92' lang='lat' dir='ltr'>et</span> <span class='ocrx_word' id='word_1_106' title='bbox 803 1621 1123 1691; x_wconf 85' lang='lat' dir='ltr'>disceptabo</span> <span class='ocrx_word' id='word_1_107' title='bbox 1154 1640 1279 1677; x_wconf 90' lang='lat' dir='ltr'>cum</span> <span class='ocrx_word' id='word_1_108' title='bbox 1307 1624 1388 1678; x_wconf 91' lang='lat' dir='ltr'>eis</span> <span class='ocrx_word' id='word_1_109' title='bbox 1410 1625 1506 1678; x_wconf 89' lang='lat' dir='ltr'>ibi.</span> <span class='ocrx_word' id='word_1_110' title='bbox 1530 1646 1553 1679; x_wconf 83' lang='lat'><strong>»</strong></span> <span class='ocrx_word' id='word_1_111' title='bbox 1579 1627 1849 1697; x_wconf 89' lang='lat' dir='ltr'>Josaphat</span> 
     </span>
    </p>
   </div>
   <div class='ocr_carea' id='block_1_15' title="bbox 259 1706 1849 1786">
    <p class='ocr_par' dir='ltr' id='par_1_15' title="bbox 259 1706 1849 1786">
     <span class='ocr_line' id='line_1_15' title="bbox 259 1706 1849 1786; baseline 0.008 -27"><span class='ocrx_word' id='word_1_112' title='bbox 259 1706 649 1777; x_wconf 83' lang='lat' dir='ltr'>interpretatur</span> <span class='ocrx_word' id='word_1_113' title='bbox 677 1711 907 1763; x_wconf 79' lang='lat' dir='ltr'>Domini</span> <span class='ocrx_word' id='word_1_114' title='bbox 914 1714 1221 1778; x_wconf 77' lang='lat' dir='ltr'>judicium.</span> <span class='ocrx_word' id='word_1_115' title='bbox 1256 1715 1374 1768; x_wconf 88' lang='lat' dir='ltr'>Hoc</span> <span class='ocrx_word' id='word_1_116' title='bbox 1415 1732 1547 1786; x_wconf 86' lang='lat' dir='ltr'>ergo</span> <span class='ocrx_word' id='word_1_117' title='bbox 1578 1722 1662 1770; x_wconf 90' lang='lat' dir='ltr'>est</span> <span class='ocrx_word' id='word_1_118' title='bbox 1700 1718 1849 1786; x_wconf 93' lang='lat' dir='ltr'>quod</span> 
     </span>
    </p>
   </div>
   <div class='ocr_carea' id='block_1_16' title="bbox 1927 649 3525 720">
    <p class='ocr_par' dir='ltr' id='par_1_16' title="bbox 1927 649 3525 720">
     <span class='ocr_line' id='line_1_16' title="bbox 1927 649 3525 720; baseline 0.005 -20"><span class='ocrx_word' id='word_1_119' title='bbox 1927 649 2317 719; x_wconf 63' lang='lat' dir='ltr'>prmdicatores</span> <span class='ocrx_word' id='word_1_120' title='bbox 2345 651 2404 703; x_wconf 92' lang='lat' dir='ltr'>in</span> <span class='ocrx_word' id='word_1_121' title='bbox 2431 667 2625 703; x_wconf 90' lang='lat' dir='ltr'>eorum</span> <span class='ocrx_word' id='word_1_122' title='bbox 2648 650 3051 720; x_wconf 86' lang='lat' dir='ltr'>subjectionem</span> <span class='ocrx_word' id='word_1_123' title='bbox 3072 653 3358 707; x_wconf 87' lang='lat' dir='ltr'>reducam.</span> <span class='ocrx_word' id='word_1_124' title='bbox 3397 671 3424 705; x_wconf 74' lang='grc' dir='ltr'><strong>α</strong></span> <span class='ocrx_word' id='word_1_125' title='bbox 3453 654 3525 708; x_wconf 89' lang='lat' dir='ltr'>Et</span> 
     </span>
    </p>
   </div>
   <div class='ocr_carea' id='block_1_17' title="bbox 1926 737 3525 813">
    <p class='ocr_par' dir='ltr' id='par_1_17' title="bbox 1926 737 3525 813">
     <span class='ocr_line' id='line_1_17' title="bbox 1926 737 3525 813; baseline 0.005 -24"><span class='ocrx_word' id='word_1_126' title='bbox 1926 737 2329 791; x_wconf 87' lang='lat' dir='ltr'>venundabunt</span> <span class='ocrx_word' id='word_1_127' title='bbox 2357 755 2451 792; x_wconf 90' lang='lat' dir='ltr'>eos</span> <span class='ocrx_word' id='word_1_128' title='bbox 2473 737 2681 793; x_wconf 67' lang='lat' dir='ltr'>Sabaeis</span> <span class='ocrx_word' id='word_1_129' title='bbox 2707 739 2863 807; x_wconf 87' lang='lat' dir='ltr'>genti</span> <span class='ocrx_word' id='word_1_130' title='bbox 2893 740 3227 812; x_wconf 61' lang='lat' dir='ltr'>longinquae,</span> <span class='ocrx_word' id='word_1_131' title='bbox 3254 740 3386 813; x_wconf 86' lang='lat' dir='ltr'>quia</span> <span class='ocrx_word' id='word_1_132' title='bbox 3414 742 3525 797; x_wconf 83' lang='lat' dir='ltr'>Do-</span> 
     </span>
    </p>
   </div>
   <div class='ocr_carea' id='block_1_18' title="bbox 1923 825 3519 899">
    <p class='ocr_par' dir='ltr' id='par_1_18' title="bbox 1923 825 3519 899">
     <span class='ocr_line' id='line_1_18' title="bbox 1923 825 3519 899; baseline 0.004 -21"><span class='ocrx_word' id='word_1_133' title='bbox 1923 826 2110 880; x_wconf 89' lang='lat' dir='ltr'>minus</span> <span class='ocrx_word' id='word_1_134' title='bbox 2142 827 2362 880; x_wconf 88' lang='lat' dir='ltr'>locutus</span> <span class='ocrx_word' id='word_1_135' title='bbox 2387 832 2490 882; x_wconf 88' lang='lat' dir='ltr'>est.</span> <span class='ocrx_word' id='word_1_136' title='bbox 2517 847 2543 879; x_wconf 80' lang='lat'>»</span> <span class='ocrx_word' id='word_1_137' title='bbox 2593 825 2739 880; x_wconf 89' lang='lat' dir='ltr'>Saba</span> <span class='ocrx_word' id='word_1_138' title='bbox 2782 827 3188 899; x_wconf 87' lang='lat' dir='ltr'>interpretatur</span> <span class='ocrx_word' id='word_1_139' title='bbox 3224 834 3519 895; x_wconf 77' lang='lat' dir='ltr'>conversio,</span> 
     </span>
    </p>
   </div>
   <div class='ocr_carea' id='block_1_19' title="bbox 1923 915 3524 990">
    <p class='ocr_par' dir='ltr' id='par_1_19' title="bbox 1923 915 3524 990">
     <span class='ocr_line' id='line_1_19' title="bbox 1923 915 3524 990; baseline 0.004 -23"><span class='ocrx_word' id='word_1_140' title='bbox 1923 915 2069 968; x_wconf 87' lang='lat' dir='ltr'>Juda</span> <span class='ocrx_word' id='word_1_141' title='bbox 2101 932 2229 969; x_wconf 91' lang='lat' dir='ltr'>vero</span> <span class='ocrx_word' id='word_1_142' title='bbox 2252 919 2532 983; x_wconf 77' lang='lat' dir='ltr'>confessio.</span> <span class='ocrx_word' id='word_1_143' title='bbox 2556 915 2733 969; x_wconf 61' lang='lat' dir='ltr'>Sabaei</span> <span class='ocrx_word' id='word_1_144' title='bbox 2763 915 2888 970; x_wconf 90' lang='lat' dir='ltr'>ideo</span> <span class='ocrx_word' id='word_1_145' title='bbox 2934 934 3072 988; x_wconf 88' lang='lat' dir='ltr'>gens</span> <span class='ocrx_word' id='word_1_146' title='bbox 3108 918 3417 990; x_wconf 88' lang='lat' dir='ltr'>longinqua</span> <span class='ocrx_word' id='word_1_147' title='bbox 3444 919 3524 973; x_wconf 91' lang='lat' dir='ltr'>di-</span> 
     </span>
    </p>
   </div>
   <div class='ocr_carea' id='block_1_20' title="bbox 1928 1004 3525 1075">
    <p class='ocr_par' dir='ltr' id='par_1_20' title="bbox 1928 1004 3525 1075">
     <span class='ocr_line' id='line_1_20' title="bbox 1928 1004 3525 1075; baseline 0.003 -17"><span class='ocrx_word' id='word_1_148' title='bbox 1928 1004 2094 1070; x_wconf 90' lang='lat' dir='ltr'>citur,</span> <span class='ocrx_word' id='word_1_149' title='bbox 2120 1005 2252 1075; x_wconf 84' lang='lat' dir='ltr'>quia</span> <span class='ocrx_word' id='word_1_150' title='bbox 2264 1005 2441 1059; x_wconf 88' lang='lat' dir='ltr'>sancti</span> <span class='ocrx_word' id='word_1_151' title='bbox 2460 1005 2555 1075; x_wconf 90' lang='lat' dir='ltr'>qui</span> <span class='ocrx_word' id='word_1_152' title='bbox 2570 1005 2846 1059; x_wconf 69' lang='lat' dir='ltr'>haereticis</span> <span class='ocrx_word' id='word_1_153' title='bbox 2866 1005 3247 1075; x_wconf 86' lang='lat' dir='ltr'>dominantur,</span> <span class='ocrx_word' id='word_1_154' title='bbox 3280 1008 3340 1062; x_wconf 92' lang='lat' dir='ltr'>in</span> <span class='ocrx_word' id='word_1_155' title='bbox 3364 1013 3525 1064; x_wconf 71' lang='lat' dir='ltr'>teter-</span> 
     </span>
    </p>
   </div>
   <div class='ocr_carea' id='block_1_21' title="bbox 1928 1095 2299 1148">
    <p class='ocr_par' dir='ltr' id='par_1_21' title="bbox 1928 1095 2299 1148">
     <span class='ocr_line' id='line_1_21' title="bbox 1928 1095 2299 1148; baseline 0 -1"><span class='ocrx_word' id='word_1_156' title='bbox 1928 1111 2063 1148; x_wconf 91' lang='lat' dir='ltr'>num</span> <span class='ocrx_word' id='word_1_157' title='bbox 2094 1095 2299 1147; x_wconf 78' lang='lat' dir='ltr'>vivent.</span> 
     </span>
    </p>
   </div>
   <div class='ocr_carea' id='block_1_22' title="bbox 2006 1183 3520 1256">
    <p class='ocr_par' dir='ltr' id='par_1_22' title="bbox 2006 1183 3520 1256">
     <span class='ocr_line' id='line_1_22' title="bbox 2006 1183 3520 1256; baseline 0.004 -22"><span class='ocrx_word' id='word_1_158' title='bbox 2006 1205 2028 1234; x_wconf 72' lang='grc' dir='ltr'><strong>ε</strong></span> <span class='ocrx_word' id='word_1_159' title='bbox 2065 1185 2315 1238; x_wconf 88' lang='lat' dir='ltr'>Clamate</span> <span class='ocrx_word' id='word_1_160' title='bbox 2345 1185 2450 1237; x_wconf 89' lang='lat' dir='ltr'>hoc</span> <span class='ocrx_word' id='word_1_161' title='bbox 2481 1184 2538 1237; x_wconf 92' lang='lat' dir='ltr'>in</span> <span class='ocrx_word' id='word_1_162' title='bbox 2580 1183 2862 1253; x_wconf 84' lang='lat' dir='ltr'>gentibus,</span> <span class='ocrx_word' id='word_1_163' title='bbox 2901 1185 3244 1240; x_wconf 89' lang='lat' dir='ltr'>sanctiﬁcate</span> <span class='ocrx_word' id='word_1_164' title='bbox 3289 1184 3520 1256; x_wconf 87' lang='lat' dir='ltr'>bellum,</span> 
     </span>
    </p>
   </div>
   <div class='ocr_carea' id='block_1_23' title="bbox 1929 1270 3523 1343">
    <p class='ocr_par' dir='ltr' id='par_1_23' title="bbox 1929 1270 3523 1343">
     <span class='ocr_line' id='line_1_23' title="bbox 1929 1270 3523 1343; baseline 0.003 -18"><span class='ocrx_word' id='word_1_165' title='bbox 1929 1272 2196 1326; x_wconf 88' lang='lat' dir='ltr'>suscitate</span> <span class='ocrx_word' id='word_1_166' title='bbox 2214 1272 2488 1325; x_wconf 91' lang='lat' dir='ltr'>robustos.</span> <span class='ocrx_word' id='word_1_167' title='bbox 2524 1290 2550 1323; x_wconf 69' lang='grc' dir='ltr'><strong>ι)</strong></span> <span class='ocrx_word' id='word_1_168' title='bbox 2580 1272 2625 1326; x_wconf 93' lang='grc' dir='ltr'>Ο</span> <span class='ocrx_word' id='word_1_169' title='bbox 2646 1288 2742 1325; x_wconf 89' lang='lat' dir='ltr'>vos</span> <span class='ocrx_word' id='word_1_170' title='bbox 2753 1270 3115 1343; x_wconf 84' lang='lat' dir='ltr'>principes,id</span> <span class='ocrx_word' id='word_1_171' title='bbox 3135 1276 3220 1326; x_wconf 83' lang='lat' dir='ltr'>est</span> <span class='ocrx_word' id='word_1_172' title='bbox 3247 1273 3523 1340; x_wconf 89' lang='lat' dir='ltr'>doctores,</span> 
     </span>
    </p>
   </div>
   <div class='ocr_carea' id='block_1_24' title="bbox 1933 1360 3525 1432">
    <p class='ocr_par' dir='ltr' id='par_1_24' title="bbox 1933 1360 3525 1432">
     <span class='ocr_line' id='line_1_24' title="bbox 1933 1360 3525 1432; baseline 0.002 -18"><span class='ocrx_word' id='word_1_173' title='bbox 1933 1363 2194 1427; x_wconf 84' lang='lat' dir='ltr'>clamate,</span> <span class='ocrx_word' id='word_1_174' title='bbox 2224 1362 2320 1432; x_wconf 90' lang='lat' dir='ltr'>qui</span> <span class='ocrx_word' id='word_1_175' title='bbox 2367 1360 2521 1414; x_wconf 86' lang='lat' dir='ltr'>vobis</span> <span class='ocrx_word' id='word_1_176' title='bbox 2570 1360 2808 1429; x_wconf 87' lang='lat' dir='ltr'>subjecti</span> <span class='ocrx_word' id='word_1_177' title='bbox 2864 1367 3014 1426; x_wconf 91' lang='lat' dir='ltr'>sunt,</span> <span class='ocrx_word' id='word_1_178' title='bbox 3046 1361 3177 1431; x_wconf 88' lang='lat' dir='ltr'>quia</span> <span class='ocrx_word' id='word_1_179' title='bbox 3198 1363 3381 1416; x_wconf 86' lang='lat' dir='ltr'>veniet</span> <span class='ocrx_word' id='word_1_180' title='bbox 3404 1363 3525 1417; x_wconf 89' lang='lat' dir='ltr'>dies</span> 
     </span>
    </p>
   </div>
   <div class='ocr_carea' id='block_1_25' title="bbox 1923 1447 3527 1520">
    <p class='ocr_par' dir='ltr' id='par_1_25' title="bbox 1923 1447 3527 1520">
     <span class='ocr_line' id='line_1_25' title="bbox 1923 1447 3527 1520; baseline 0 -15"><span class='ocrx_word' id='word_1_181' title='bbox 1923 1451 2141 1520; x_wconf 89' lang='lat' dir='ltr'>judicii.</span> <span class='ocrx_word' id='word_1_182' title='bbox 2174 1470 2199 1501; x_wconf 87' lang='grc'>((</span> <span class='ocrx_word' id='word_1_183' title='bbox 2227 1450 2509 1503; x_wconf 85' lang='lat' dir='ltr'>Accedant</span> <span class='ocrx_word' id='word_1_184' title='bbox 2528 1455 2585 1503; x_wconf 91' lang='lat' dir='ltr'>et</span> <span class='ocrx_word' id='word_1_185' title='bbox 2612 1450 2919 1503; x_wconf 85' lang='lat' dir='ltr'>ascendant</span> <span class='ocrx_word' id='word_1_186' title='bbox 2948 1466 3141 1502; x_wconf 89' lang='lat' dir='ltr'>omnes</span> <span class='ocrx_word' id='word_1_187' title='bbox 3162 1447 3262 1503; x_wconf 91' lang='lat' dir='ltr'>viri</span> <span class='ocrx_word' id='word_1_188' title='bbox 3290 1449 3527 1505; x_wconf 86' lang='lat' dir='ltr'>bellato-</span> 
     </span>
    </p>
   </div>
   <div class='ocr_carea' id='block_1_26' title="bbox 1930 1538 3528 1611">
    <p class='ocr_par' dir='ltr' id='par_1_26' title="bbox 1930 1538 3528 1611">
     <span class='ocr_line' id='line_1_26' title="bbox 1930 1538 3528 1611; baseline 0 -18"><span class='ocrx_word' id='word_1_189' title='bbox 1930 1556 2037 1593; x_wconf 88' lang='lat' dir='ltr'>res.</span> <span class='ocrx_word' id='word_1_190' title='bbox 2081 1559 2103 1590; x_wconf 73' lang='grc' dir='ltr'><strong><em>ι</em></strong></span> <span class='ocrx_word' id='word_1_191' title='bbox 2145 1541 2432 1593; x_wconf 81' lang='lat' dir='ltr'>Accedant</span> <span class='ocrx_word' id='word_1_192' title='bbox 2480 1538 2716 1609; x_wconf 84' lang='lat' dir='ltr'>pedites,</span> <span class='ocrx_word' id='word_1_193' title='bbox 2767 1538 3074 1592; x_wconf 83' lang='lat' dir='ltr'>ascendant</span> <span class='ocrx_word' id='word_1_194' title='bbox 3119 1538 3353 1609; x_wconf 86' lang='lat' dir='ltr'>equites.</span> <span class='ocrx_word' id='word_1_195' title='bbox 3385 1538 3528 1611; x_wconf 87' lang='lat' dir='ltr'>Equi</span> 
     </span>
    </p>
   </div>
   <div class='ocr_carea' id='block_1_27' title="bbox 1931 1626 3529 1698">
    <p class='ocr_par' dir='ltr' id='par_1_27' title="bbox 1931 1626 3529 1698">
     <span class='ocr_line' id='line_1_27' title="bbox 1931 1626 3529 1698; baseline -0.001 -16"><span class='ocrx_word' id='word_1_196' title='bbox 1931 1628 2078 1682; x_wconf 89' lang='lat' dir='ltr'>enim</span> <span class='ocrx_word' id='word_1_197' title='bbox 2103 1628 2359 1683; x_wconf 86' lang='lat' dir='ltr'>homines</span> <span class='ocrx_word' id='word_1_198' title='bbox 2387 1628 2566 1698; x_wconf 90' lang='lat' dir='ltr'>impii,</span> <span class='ocrx_word' id='word_1_199' title='bbox 2598 1627 2815 1697; x_wconf 91' lang='lat' dir='ltr'>equites</span> <span class='ocrx_word' id='word_1_200' title='bbox 2842 1644 2972 1680; x_wconf 89' lang='lat' dir='ltr'>vero</span> <span class='ocrx_word' id='word_1_201' title='bbox 2998 1626 3251 1680; x_wconf 87' lang='lat' dir='ltr'>diabolus</span> <span class='ocrx_word' id='word_1_202' title='bbox 3306 1627 3392 1681; x_wconf 89' lang='lat' dir='ltr'>vel</span> <span class='ocrx_word' id='word_1_203' title='bbox 3420 1627 3529 1682; x_wconf 70' lang='lat' dir='ltr'>dae-</span> 
     </span>
    </p>
   </div>
   <div class='ocr_carea' id='block_1_28' title="bbox 1931 1714 3524 1787">
    <p class='ocr_par' dir='ltr' id='par_1_28' title="bbox 1931 1714 3524 1787">
     <span class='ocr_line' id='line_1_28' title="bbox 1931 1714 3524 1787; baseline -0.001 -16"><span class='ocrx_word' id='word_1_204' title='bbox 1931 1734 2145 1772; x_wconf 86' lang='lat' dir='ltr'>mones.</span> <span class='ocrx_word' id='word_1_205' title='bbox 2178 1717 2248 1770; x_wconf 86' lang='lat' dir='ltr'>Hi</span> <span class='ocrx_word' id='word_1_206' title='bbox 2271 1717 2421 1771; x_wconf 89' lang='lat' dir='ltr'>enim</span> <span class='ocrx_word' id='word_1_207' title='bbox 2452 1717 2718 1770; x_wconf 90' lang='lat' dir='ltr'>dicuntur</span> <span class='ocrx_word' id='word_1_208' title='bbox 2740 1716 2841 1769; x_wconf 91' lang='lat' dir='ltr'>viri</span> <span class='ocrx_word' id='word_1_209' title='bbox 2865 1715 3185 1782; x_wconf 87' lang='lat' dir='ltr'>bellatores,</span> <span class='ocrx_word' id='word_1_210' title='bbox 3210 1714 3305 1787; x_wconf 91' lang='lat' dir='ltr'>qui</span> <span class='ocrx_word' id='word_1_211' title='bbox 3320 1716 3524 1771; x_wconf 87' lang='lat' dir='ltr'>huma-</span> 
     </span>
    </p>
   </div>
   <div class='ocr_carea' id='block_1_29' title="bbox 256 1795 3092 1885">
    <p class='ocr_par' dir='ltr' id='par_1_29' title="bbox 256 1795 3092 1885">
     <span class='ocr_line' id='line_1_29' title="bbox 256 1795 3092 1885; baseline 0.003 -37"><span class='ocrx_word' id='word_1_212' title='bbox 256 1795 404 1851; x_wconf 85' lang='lat' dir='ltr'>dicit:</span> <span class='ocrx_word' id='word_1_213' title='bbox 427 1798 670 1861; x_wconf 84' lang='lat' dir='ltr'>Quando</span> <span class='ocrx_word' id='word_1_214' title='bbox 692 1799 959 1853; x_wconf 88' lang='lat' dir='ltr'>misertus</span> <span class='ocrx_word' id='word_1_215' title='bbox 976 1803 1133 1854; x_wconf 86' lang='lat' dir='ltr'>tuero</span> <span class='ocrx_word' id='word_1_216' title='bbox 1164 1819 1358 1857; x_wconf 90' lang='lat' dir='ltr'>eorum</span> <span class='ocrx_word' id='word_1_217' title='bbox 1392 1805 1484 1874; x_wconf 90' lang='lat' dir='ltr'>qui</span> <span class='ocrx_word' id='word_1_218' title='bbox 1504 1822 1604 1875; x_wconf 91' lang='lat' dir='ltr'>per</span> <span class='ocrx_word' id='word_1_219' title='bbox 1630 1807 1848 1860; x_wconf 83' lang='lat' dir='ltr'>confes-</span> <span class='ocrx_word' id='word_1_220' title='bbox 1868 1823 2067 1885; x_wconf 80' lang='lat' dir='ltr'>Bnum</span> <span class='ocrx_word' id='word_1_221' title='bbox 2087 1823 2266 1876; x_wconf 87' lang='lat' dir='ltr'>genus</span> <span class='ocrx_word' id='word_1_222' title='bbox 2296 1807 2476 1860; x_wconf 87' lang='lat' dir='ltr'>solent</span> <span class='ocrx_word' id='word_1_223' title='bbox 2504 1823 2604 1877; x_wconf 91' lang='lat' dir='ltr'>per</span> <span class='ocrx_word' id='word_1_224' title='bbox 2633 1806 2768 1860; x_wconf 89' lang='lat' dir='ltr'>vitia</span> <span class='ocrx_word' id='word_1_225' title='bbox 2796 1805 3092 1860; x_wconf 90' lang='lat' dir='ltr'>debellare.</span> 
     </span>
    </p>
   </div>
   <div class='ocr_carea' id='block_1_30' title="bbox 259 1885 1851 1955">
    <p class='ocr_par' dir='ltr' id='par_1_30' title="bbox 259 1885 1851 1955">
     <span class='ocr_line' id='line_1_30' title="bbox 259 1885 1851 1955; baseline 0.007 -17"><span class='ocrx_word' id='word_1_226' title='bbox 259 1885 451 1940; x_wconf 84' lang='lat' dir='ltr'>sionem</span> <span class='ocrx_word' id='word_1_227' title='bbox 478 1887 727 1941; x_wconf 88' lang='lat' dir='ltr'>nominis</span> <span class='ocrx_word' id='word_1_228' title='bbox 745 1890 854 1942; x_wconf 90' lang='lat' dir='ltr'>mei</span> <span class='ocrx_word' id='word_1_229' title='bbox 871 1897 1190 1955; x_wconf 85' lang='lat' dir='ltr'>censentur,</span> <span class='ocrx_word' id='word_1_230' title='bbox 1216 1899 1351 1945; x_wconf 91' lang='lat' dir='ltr'>tunc</span> <span class='ocrx_word' id='word_1_231' title='bbox 1382 1910 1575 1947; x_wconf 90' lang='lat' dir='ltr'>omnes</span> <span class='ocrx_word' id='word_1_232' title='bbox 1595 1895 1851 1949; x_wconf 81' lang='lat' dir='ltr'>adversa-</span> 
     </span>
    </p>
   </div>
   <div class='ocr_carea' id='block_1_31' title="bbox 256 1975 1846 2052">
    <p class='ocr_par' dir='ltr' id='par_1_31' title="bbox 256 1975 1846 2052">
     <span class='ocr_line' id='line_1_31' title="bbox 256 1975 1846 2052; baseline 0.006 -24"><span class='ocrx_word' id='word_1_233' title='bbox 256 1975 353 2028; x_wconf 86' lang='lat' dir='ltr'>rios</span> <span class='ocrx_word' id='word_1_234' title='bbox 371 1992 530 2029; x_wconf 90' lang='lat' dir='ltr'>meos</span> <span class='ocrx_word' id='word_1_235' title='bbox 550 1977 824 2030; x_wconf 88' lang='lat' dir='ltr'>deducam</span> <span class='ocrx_word' id='word_1_236' title='bbox 860 1978 915 2030; x_wconf 93' lang='lat' dir='ltr'>in</span> <span class='ocrx_word' id='word_1_237' title='bbox 940 1980 1135 2032; x_wconf 83' lang='lat' dir='ltr'>vallem</span> <span class='ocrx_word' id='word_1_238' title='bbox 1164 1981 1381 2050; x_wconf 85' lang='lat' dir='ltr'>judicii.</span> <span class='ocrx_word' id='word_1_239' title='bbox 1409 1982 1616 2036; x_wconf 89' lang='lat' dir='ltr'>Omnes</span> <span class='ocrx_word' id='word_1_240' title='bbox 1629 1990 1846 2052; x_wconf 83' lang='lat' dir='ltr'>gentes,</span> 
     </span>
    </p>
   </div>
   <div class='ocr_carea' id='block_1_32' title="bbox 257 2067 1849 2138">
    <p class='ocr_par' dir='ltr' id='par_1_32' title="bbox 257 2067 1849 2138">
     <span class='ocr_line' id='line_1_32' title="bbox 257 2067 1849 2138; baseline 0.008 -23"><span class='ocrx_word' id='word_1_241' title='bbox 257 2072 341 2117; x_wconf 87' lang='lat' dir='ltr'>aut</span> <span class='ocrx_word' id='word_1_242' title='bbox 366 2081 563 2119; x_wconf 88' lang='lat' dir='ltr'>omnes</span> <span class='ocrx_word' id='word_1_243' title='bbox 587 2067 847 2135; x_wconf 84' lang='lat' dir='ltr'>designat</span> <span class='ocrx_word' id='word_1_244' title='bbox 876 2068 1135 2122; x_wconf 87' lang='lat' dir='ltr'>nationes</span> <span class='ocrx_word' id='word_1_245' title='bbox 1165 2070 1502 2138; x_wconf 87' lang='lat' dir='ltr'>incredulas,</span> <span class='ocrx_word' id='word_1_246' title='bbox 1525 2080 1621 2125; x_wconf 88' lang='lat' dir='ltr'>aut</span> <span class='ocrx_word' id='word_1_247' title='bbox 1654 2090 1849 2127; x_wconf 84' lang='lat' dir='ltr'>omnes</span> 
     </span>
    </p>
   </div>
   <div class='ocr_carea' id='block_1_33' title="bbox 256 2152 1851 2227">
    <p class='ocr_par' dir='ltr' id='par_1_33' title="bbox 256 2152 1851 2227">
     <span class='ocr_line' id='line_1_33' title="bbox 256 2152 1851 2227; baseline 0.006 -21"><span class='ocrx_word' id='word_1_248' title='bbox 256 2152 521 2208; x_wconf 75' lang='lat' dir='ltr'>daemones</span> <span class='ocrx_word' id='word_1_249' title='bbox 532 2154 686 2208; x_wconf 89' lang='lat' dir='ltr'>dicit.</span> <span class='ocrx_word' id='word_1_250' title='bbox 701 2175 721 2204; x_wconf 75' lang='grc' dir='ltr'>ι</span> <span class='ocrx_word' id='word_1_251' title='bbox 734 2156 916 2226; x_wconf 89' lang='lat' dir='ltr'>Super</span> <span class='ocrx_word' id='word_1_252' title='bbox 934 2159 1139 2227; x_wconf 79' lang='lat' dir='ltr'>populo</span> <span class='ocrx_word' id='word_1_253' title='bbox 1162 2176 1286 2212; x_wconf 92' lang='lat' dir='ltr'>meo</span> <span class='ocrx_word' id='word_1_254' title='bbox 1305 2167 1362 2213; x_wconf 89' lang='lat' dir='ltr'>et</span> <span class='ocrx_word' id='word_1_255' title='bbox 1378 2161 1705 2215; x_wconf 79' lang='lat' dir='ltr'>haereditate</span> <span class='ocrx_word' id='word_1_256' title='bbox 1725 2178 1851 2215; x_wconf 89' lang='lat' dir='ltr'>mea</span> 
     </span>
    </p>
   </div>
   <div class='ocr_carea' id='block_1_34' title="bbox 257 2239 1847 2315">
    <p class='ocr_par' dir='ltr' id='par_1_34' title="bbox 257 2239 1847 2315">
     <span class='ocr_line' id='line_1_34' title="bbox 257 2239 1847 2315; baseline 0.006 -21"><span class='ocrx_word' id='word_1_257' title='bbox 257 2239 433 2306; x_wconf 81' lang='lat' dir='ltr'>Israel,</span> <span class='ocrx_word' id='word_1_258' title='bbox 468 2244 624 2313; x_wconf 90' lang='lat' dir='ltr'>quod</span> <span class='ocrx_word' id='word_1_259' title='bbox 655 2244 1047 2315; x_wconf 88' lang='lat' dir='ltr'>disperserunt</span> <span class='ocrx_word' id='word_1_260' title='bbox 1076 2247 1130 2300; x_wconf 89' lang='lat' dir='ltr'>in</span> <span class='ocrx_word' id='word_1_261' title='bbox 1164 2248 1505 2311; x_wconf 82' lang='lat' dir='ltr'>nationibus,</span> <span class='ocrx_word' id='word_1_262' title='bbox 1550 2257 1608 2303; x_wconf 91' lang='lat' dir='ltr'>et</span> <span class='ocrx_word' id='word_1_263' title='bbox 1637 2258 1847 2304; x_wconf 85' lang='lat' dir='ltr'>terram</span> 
     </span>
    </p>
   </div>
   <div class='ocr_carea' id='block_1_35' title="bbox 252 2331 1846 2408">
    <p class='ocr_par' dir='ltr' id='par_1_35' title="bbox 252 2331 1846 2408">
     <span class='ocr_line' id='line_1_35' title="bbox 252 2331 1846 2408; baseline 0.008 -26"><span class='ocrx_word' id='word_1_264' title='bbox 252 2345 419 2383; x_wconf 88' lang='lat' dir='ltr'>meam</span> <span class='ocrx_word' id='word_1_265' title='bbox 447 2331 790 2387; x_wconf 88' lang='lat' dir='ltr'>diviserunt.</span> <span class='ocrx_word' id='word_1_266' title='bbox 841 2352 862 2383; x_wconf 72' lang='grc' dir='ltr'><strong>ι</strong></span> <span class='ocrx_word' id='word_1_267' title='bbox 903 2335 1020 2387; x_wconf 86' lang='lat' dir='ltr'>Hoc</span> <span class='ocrx_word' id='word_1_268' title='bbox 1047 2342 1151 2392; x_wconf 86' lang='lat' dir='ltr'>est.</span> <span class='ocrx_word' id='word_1_269' title='bbox 1180 2352 1288 2388; x_wconf 90' lang='lat' dir='ltr'>non</span> <span class='ocrx_word' id='word_1_270' title='bbox 1323 2354 1419 2390; x_wconf 92' lang='lat' dir='ltr'>eos</span> <span class='ocrx_word' id='word_1_271' title='bbox 1447 2340 1761 2408; x_wconf 87' lang='lat' dir='ltr'>opprimam</span> <span class='ocrx_word' id='word_1_272' title='bbox 1787 2340 1846 2394; x_wconf 91' lang='lat' dir='ltr'>in</span> 
     </span>
    </p>
   </div>
   <div class='ocr_carea' id='block_1_36' title="bbox 254 2418 1842 2494">
    <p class='ocr_par' dir='ltr' id='par_1_36' title="bbox 254 2418 1842 2494">
     <span class='ocr_line' id='line_1_36' title="bbox 254 2418 1842 2494; baseline 0.006 -23"><span class='ocrx_word' id='word_1_273' title='bbox 254 2418 330 2472; x_wconf 90' lang='lat' dir='ltr'>die</span> <span class='ocrx_word' id='word_1_274' title='bbox 350 2420 573 2489; x_wconf 89' lang='lat' dir='ltr'>judicii,</span> <span class='ocrx_word' id='word_1_275' title='bbox 592 2429 694 2475; x_wconf 89' lang='lat' dir='ltr'>aut</span> <span class='ocrx_word' id='word_1_276' title='bbox 718 2423 1109 2477; x_wconf 84' lang='lat' dir='ltr'>auctoritatem</span> <span class='ocrx_word' id='word_1_277' title='bbox 1137 2424 1397 2494; x_wconf 66' lang='lat' dir='ltr'>potentiae</span> <span class='ocrx_word' id='word_1_278' title='bbox 1420 2441 1557 2479; x_wconf 70' lang='lat' dir='ltr'>meae</span> <span class='ocrx_word' id='word_1_279' title='bbox 1577 2427 1842 2493; x_wconf 88' lang='lat' dir='ltr'>sentiant,</span> 
     </span>
    </p>
   </div>
   <div class='ocr_carea' id='block_1_37' title="bbox 251 2508 1845 2581">
    <p class='ocr_par' dir='ltr' id='par_1_37' title="bbox 251 2508 1845 2581">
     <span class='ocr_line' id='line_1_37' title="bbox 251 2508 1845 2581; baseline 0.004 -19"><span class='ocrx_word' id='word_1_280' title='bbox 251 2508 333 2562; x_wconf 83' lang='lat' dir='ltr'>sed</span> <span class='ocrx_word' id='word_1_281' title='bbox 364 2510 590 2564; x_wconf 87' lang='lat' dir='ltr'>ratione</span> <span class='ocrx_word' id='word_1_282' title='bbox 613 2511 871 2581; x_wconf 71' lang='lat' dir='ltr'>justitiaa,</span> <span class='ocrx_word' id='word_1_283' title='bbox 905 2520 1002 2566; x_wconf 87' lang='lat' dir='ltr'>aut</span> <span class='ocrx_word' id='word_1_284' title='bbox 1045 2513 1213 2566; x_wconf 90' lang='lat' dir='ltr'>etiam</span> <span class='ocrx_word' id='word_1_285' title='bbox 1251 2530 1353 2567; x_wconf 91' lang='lat' dir='ltr'>sua</span> <span class='ocrx_word' id='word_1_286' title='bbox 1378 2515 1725 2569; x_wconf 76' lang='lat' dir='ltr'>confessione</span> <span class='ocrx_word' id='word_1_287' title='bbox 1764 2517 1845 2569; x_wconf 89' lang='lat' dir='ltr'>di-</span> 
     </span>
    </p>
   </div>
   <div class='ocr_carea' id='block_1_38' title="bbox 244 2600 1326 2672">
    <p class='ocr_par' dir='ltr' id='par_1_38' title="bbox 244 2600 1326 2672">
     <span class='ocr_line' id='line_1_38' title="bbox 244 2600 1326 2672; baseline 0.003 -21"><span class='ocrx_word' id='word_1_288' title='bbox 244 2613 371 2665; x_wconf 85' lang='lat' dir='ltr'>gnos</span> <span class='ocrx_word' id='word_1_289' title='bbox 398 2616 457 2652; x_wconf 90' lang='lat' dir='ltr'>se</span> <span class='ocrx_word' id='word_1_290' title='bbox 485 2600 782 2670; x_wconf 86' lang='lat' dir='ltr'>suppliciis</span> <span class='ocrx_word' id='word_1_291' title='bbox 823 2618 944 2655; x_wconf 91' lang='lat' dir='ltr'>esse</span> <span class='ocrx_word' id='word_1_292' title='bbox 969 2609 1326 2672; x_wconf 85' lang='lat' dir='ltr'>cognoscant.</span> 
     </span>
    </p>
   </div>
   <div class='ocr_carea' id='block_1_39' title="bbox 313 2686 1845 2760">
    <p class='ocr_par' dir='ltr' id='par_1_39' title="bbox 313 2686 1845 2760">
     <span class='ocr_line' id='line_1_39' title="bbox 313 2686 1845 2760; baseline 0.005 -21"><span class='ocrx_word' id='word_1_293' title='bbox 313 2705 332 2736; x_wconf 84' lang='grc' dir='ltr'>ι</span> <span class='ocrx_word' id='word_1_294' title='bbox 348 2686 416 2741; x_wconf 90' lang='lat' dir='ltr'>Et</span> <span class='ocrx_word' id='word_1_295' title='bbox 432 2704 612 2759; x_wconf 89' lang='lat' dir='ltr'>super</span> <span class='ocrx_word' id='word_1_296' title='bbox 626 2690 893 2760; x_wconf 90' lang='lat' dir='ltr'>populum</span> <span class='ocrx_word' id='word_1_297' title='bbox 918 2707 1107 2744; x_wconf 90' lang='lat' dir='ltr'>meum</span> <span class='ocrx_word' id='word_1_298' title='bbox 1130 2692 1406 2746; x_wconf 89' lang='lat' dir='ltr'>miserunt</span> <span class='ocrx_word' id='word_1_299' title='bbox 1422 2699 1650 2746; x_wconf 89' lang='lat' dir='ltr'>sortem.</span> <span class='ocrx_word' id='word_1_300' title='bbox 1677 2711 1703 2745; x_wconf 79' lang='lat'><strong>»</strong></span> <span class='ocrx_word' id='word_1_301' title='bbox 1723 2691 1845 2746; x_wconf 86' lang='lat' dir='ltr'>Hoc</span> 
     </span>
    </p>
   </div>
   <div class='ocr_carea' id='block_1_40' title="bbox 244 2777 1846 2849">
    <p class='ocr_par' dir='ltr' id='par_1_40' title="bbox 244 2777 1846 2849">
     <span class='ocr_line' id='line_1_40' title="bbox 244 2777 1846 2849; baseline 0.006 -23"><span class='ocrx_word' id='word_1_302' title='bbox 244 2777 493 2845; x_wconf 48' lang='lat' dir='ltr'>estquod</span> <span class='ocrx_word' id='word_1_303' title='bbox 512 2777 775 2830; x_wconf 84' lang='lat' dir='ltr'>certatim</span> <span class='ocrx_word' id='word_1_304' title='bbox 800 2778 857 2831; x_wconf 91' lang='lat' dir='ltr'>in</span> <span class='ocrx_word' id='word_1_305' title='bbox 882 2778 1118 2848; x_wconf 85' lang='lat' dir='ltr'>singulis</span> <span class='ocrx_word' id='word_1_306' title='bbox 1140 2796 1375 2849; x_wconf 90' lang='lat' dir='ltr'>regnare</span> <span class='ocrx_word' id='word_1_307' title='bbox 1389 2781 1704 2834; x_wconf 90' lang='lat' dir='ltr'>voluerunt.</span> <span class='ocrx_word' id='word_1_308' title='bbox 1732 2801 1759 2830; x_wconf 84' lang='lat'><strong>«</strong></span> <span class='ocrx_word' id='word_1_309' title='bbox 1780 2782 1846 2835; x_wconf 89' lang='lat' dir='ltr'>Et</span> 
     </span>
    </p>
   </div>
   <div class='ocr_carea' id='block_1_41' title="bbox 245 2867 1848 2939">
    <p class='ocr_par' dir='ltr' id='par_1_41' title="bbox 245 2867 1848 2939">
     <span class='ocr_line' id='line_1_41' title="bbox 245 2867 1848 2939; baseline 0.004 -22"><span class='ocrx_word' id='word_1_310' title='bbox 245 2872 553 2933; x_wconf 87' lang='lat' dir='ltr'>posuerunt</span> <span class='ocrx_word' id='word_1_311' title='bbox 574 2882 812 2936; x_wconf 89' lang='lat' dir='ltr'>puerum</span> <span class='ocrx_word' id='word_1_312' title='bbox 835 2867 890 2920; x_wconf 89' lang='lat' dir='ltr'>in</span> <span class='ocrx_word' id='word_1_313' title='bbox 910 2868 1306 2937; x_wconf 83' lang='lat' dir='ltr'>prostibulo.et</span> <span class='ocrx_word' id='word_1_314' title='bbox 1326 2871 1569 2939; x_wconf 89' lang='lat' dir='ltr'>puellam</span> <span class='ocrx_word' id='word_1_315' title='bbox 1592 2869 1848 2923; x_wconf 88' lang='lat' dir='ltr'>vendide-</span> 
     </span>
    </p>
   </div>
   <div class='ocr_carea' id='block_1_42' title="bbox 244 2955 1848 3029">
    <p class='ocr_par' dir='ltr' id='par_1_42' title="bbox 244 2955 1848 3029">
     <span class='ocr_line' id='line_1_42' title="bbox 244 2955 1848 3029; baseline 0.004 -24"><span class='ocrx_word' id='word_1_316' title='bbox 244 2959 367 3005; x_wconf 88' lang='lat' dir='ltr'>runt</span> <span class='ocrx_word' id='word_1_317' title='bbox 391 2971 495 3024; x_wconf 85' lang='lat' dir='ltr'>pro</span> <span class='ocrx_word' id='word_1_318' title='bbox 530 2955 663 3008; x_wconf 86' lang='lat' dir='ltr'>vino</span> <span class='ocrx_word' id='word_1_319' title='bbox 713 2961 774 3008; x_wconf 91' lang='lat' dir='ltr'>ut</span> <span class='ocrx_word' id='word_1_320' title='bbox 812 2955 1085 3010; x_wconf 88' lang='lat' dir='ltr'>biberent.</span> <span class='ocrx_word' id='word_1_321' title='bbox 1126 2977 1149 3008; x_wconf 71' lang='grc' dir='ltr'><strong><em>ι</em></strong></span> <span class='ocrx_word' id='word_1_322' title='bbox 1184 2958 1302 3011; x_wconf 88' lang='lat' dir='ltr'>Hoc</span> <span class='ocrx_word' id='word_1_323' title='bbox 1338 2959 1458 3012; x_wconf 68' lang='lat' dir='ltr'>lovo</span> <span class='ocrx_word' id='word_1_324' title='bbox 1489 2959 1743 3029; x_wconf 88' lang='lat' dir='ltr'>queritur</span> <span class='ocrx_word' id='word_1_325' title='bbox 1779 2959 1848 3012; x_wconf 93' lang='lat' dir='ltr'>de</span> 
     </span>
    </p>
   </div>
   <div class='ocr_carea' id='block_1_43' title="bbox 246 3042 1844 3115">
    <p class='ocr_par' dir='ltr' id='par_1_43' title="bbox 246 3042 1844 3115">
     <span class='ocr_line' id='line_1_43' title="bbox 246 3042 1844 3115; baseline 0.004 -22"><span class='ocrx_word' id='word_1_326' title='bbox 246 3042 482 3097; x_wconf 85' lang='lat' dir='ltr'>sortibus</span> <span class='ocrx_word' id='word_1_327' title='bbox 524 3060 748 3109; x_wconf 88' lang='lat' dir='ltr'>eorum,</span> <span class='ocrx_word' id='word_1_328' title='bbox 772 3045 918 3115; x_wconf 89' lang='lat' dir='ltr'>quod</span> <span class='ocrx_word' id='word_1_329' title='bbox 950 3046 1121 3099; x_wconf 89' lang='lat' dir='ltr'>etiam</span> <span class='ocrx_word' id='word_1_330' title='bbox 1152 3046 1606 3101; x_wconf 81' lang='lat' dir='ltr'>robustissimum</span> <span class='ocrx_word' id='word_1_331' title='bbox 1629 3063 1844 3114; x_wconf 84' lang='lat' dir='ltr'>sexum,</span> 
     </span>
    </p>
   </div>
   <div class='ocr_carea' id='block_1_44' title="bbox 244 3134 1847 3206">
    <p class='ocr_par' dir='ltr' id='par_1_44' title="bbox 244 3134 1847 3206">
     <span class='ocr_line' id='line_1_44' title="bbox 244 3134 1847 3206; baseline 0.004 -24"><span class='ocrx_word' id='word_1_332' title='bbox 244 3135 455 3184; x_wconf 72' lang='lat' dir='ltr'>aetatem</span> <span class='ocrx_word' id='word_1_333' title='bbox 480 3148 614 3202; x_wconf 70' lang='lat' dir='ltr'>quae</span> <span class='ocrx_word' id='word_1_334' title='bbox 644 3138 868 3202; x_wconf 85' lang='lat' dir='ltr'>poterat</span> <span class='ocrx_word' id='word_1_335' title='bbox 895 3134 965 3187; x_wconf 86' lang='lat' dir='ltr'>ad</span> <span class='ocrx_word' id='word_1_336' title='bbox 994 3135 1230 3188; x_wconf 83' lang='lat' dir='ltr'>virtutes</span> <span class='ocrx_word' id='word_1_337' title='bbox 1246 3151 1516 3197; x_wconf 89' lang='lat' dir='ltr'>crescere,</span> <span class='ocrx_word' id='word_1_338' title='bbox 1550 3136 1666 3189; x_wconf 91' lang='lat' dir='ltr'>suis</span> <span class='ocrx_word' id='word_1_339' title='bbox 1694 3135 1847 3206; x_wconf 88' lang='lat' dir='ltr'>inju-</span> 
     </span>
    </p>
   </div>
   <div class='ocr_carea' id='block_1_45' title="bbox 243 3217 1842 3293">
    <p class='ocr_par' dir='ltr' id='par_1_45' title="bbox 243 3217 1842 3293">
     <span class='ocr_line' id='line_1_45' title="bbox 243 3217 1842 3293; baseline 0.004 -22"><span class='ocrx_word' id='word_1_340' title='bbox 243 3217 401 3272; x_wconf 84' lang='lat' dir='ltr'>stitiis</span> <span class='ocrx_word' id='word_1_341' title='bbox 422 3220 923 3291; x_wconf 76' lang='lat' dir='ltr'>etfeminaverunt,</span> <span class='ocrx_word' id='word_1_342' title='bbox 949 3230 1005 3276; x_wconf 89' lang='lat' dir='ltr'>et</span> <span class='ocrx_word' id='word_1_343' title='bbox 1037 3224 1227 3277; x_wconf 85' lang='lat' dir='ltr'>anima</span> <span class='ocrx_word' id='word_1_344' title='bbox 1242 3240 1364 3293; x_wconf 69' lang='lat' dir='ltr'>quae</span> <span class='ocrx_word' id='word_1_345' title='bbox 1381 3230 1502 3277; x_wconf 90' lang='lat' dir='ltr'>erat</span> <span class='ocrx_word' id='word_1_346' title='bbox 1520 3224 1842 3287; x_wconf 82' lang='lat' dir='ltr'>fortissima,</span> 
     </span>
    </p>
   </div>
   <div class='ocr_carea' id='block_1_46' title="bbox 237 3305 1417 3381">
    <p class='ocr_par' dir='ltr' id='par_1_46' title="bbox 237 3305 1417 3381">
     <span class='ocr_line' id='line_1_46' title="bbox 237 3305 1417 3381; baseline 0.007 -23"><span class='ocrx_word' id='word_1_347' title='bbox 237 3305 443 3362; x_wconf 88' lang='lat' dir='ltr'>libidini</span> <span class='ocrx_word' id='word_1_348' title='bbox 478 3315 541 3363; x_wconf 88' lang='lat' dir='ltr'>et</span> <span class='ocrx_word' id='word_1_349' title='bbox 575 3310 958 3378; x_wconf 79' lang='lat' dir='ltr'>voluptatibus</span> <span class='ocrx_word' id='word_1_350' title='bbox 980 3312 1281 3381; x_wconf 85' lang='lat' dir='ltr'>subjugata</span> <span class='ocrx_word' id='word_1_351' title='bbox 1313 3318 1417 3367; x_wconf 89' lang='lat' dir='ltr'>est.</span> 
     </span>
    </p>
   </div>
   <div class='ocr_carea' id='block_1_47' title="bbox 306 3398 1847 3472">
    <p class='ocr_par' dir='ltr' id='par_1_47' title="bbox 306 3398 1847 3472">
     <span class='ocr_line' id='line_1_47' title="bbox 306 3398 1847 3472; baseline 0.006 -25"><span class='ocrx_word' id='word_1_352' title='bbox 306 3415 330 3447; x_wconf 71' lang='grc' dir='ltr'><em>α</em></span> <span class='ocrx_word' id='word_1_353' title='bbox 361 3398 584 3452; x_wconf 78' lang='lat' dir='ltr'>Verum</span> <span class='ocrx_word' id='word_1_354' title='bbox 617 3399 752 3469; x_wconf 92' lang='lat' dir='ltr'>quid</span> <span class='ocrx_word' id='word_1_355' title='bbox 782 3400 917 3453; x_wconf 90' lang='lat' dir='ltr'>mihi</span> <span class='ocrx_word' id='word_1_356' title='bbox 951 3407 1007 3455; x_wconf 92' lang='lat' dir='ltr'>et</span> <span class='ocrx_word' id='word_1_357' title='bbox 1030 3401 1204 3465; x_wconf 83' lang='lat' dir='ltr'>vobis,</span> <span class='ocrx_word' id='word_1_358' title='bbox 1239 3402 1421 3472; x_wconf 88' lang='lat' dir='ltr'>Tyrus</span> <span class='ocrx_word' id='word_1_359' title='bbox 1460 3407 1517 3456; x_wconf 88' lang='lat' dir='ltr'>et</span> <span class='ocrx_word' id='word_1_360' title='bbox 1556 3402 1746 3467; x_wconf 89' lang='lat' dir='ltr'>Sidon,</span> <span class='ocrx_word' id='word_1_361' title='bbox 1790 3407 1847 3456; x_wconf 92' lang='lat' dir='ltr'>et</span> 
     </span>
    </p>
   </div>
   <div class='ocr_carea' id='block_1_48' title="bbox 238 3487 1843 3561">
    <p class='ocr_par' dir='ltr' id='par_1_48' title="bbox 238 3487 1843 3561">
     <span class='ocr_line' id='line_1_48' title="bbox 238 3487 1843 3561; baseline 0.004 -23"><span class='ocrx_word' id='word_1_362' title='bbox 238 3499 426 3539; x_wconf 86' lang='lat' dir='ltr'>omnes</span> <span class='ocrx_word' id='word_1_363' title='bbox 446 3487 737 3540; x_wconf 88' lang='lat' dir='ltr'>terminos</span> <span class='ocrx_word' id='word_1_364' title='bbox 760 3488 1190 3543; x_wconf 72' lang='lat' dir='ltr'>Paltestinorum</span> <span class='ocrx_word' id='word_1_365' title='bbox 1212 3490 1236 3541; x_wconf 89' lang='lat'><strong>?</strong></span> <span class='ocrx_word' id='word_1_366' title='bbox 1287 3491 1538 3561; x_wconf 87' lang='lat' dir='ltr'>nunquid</span> <span class='ocrx_word' id='word_1_367' title='bbox 1571 3492 1843 3545; x_wconf 91' lang='lat' dir='ltr'>ultionem</span> 
     </span>
    </p>
   </div>
   <div class='ocr_carea' id='block_1_49' title="bbox 239 3574 1845 3649">
    <p class='ocr_par' dir='ltr' id='par_1_49' title="bbox 239 3574 1845 3649">
     <span class='ocr_line' id='line_1_49' title="bbox 239 3574 1845 3649; baseline 0.004 -23"><span class='ocrx_word' id='word_1_368' title='bbox 239 3574 463 3629; x_wconf 87' lang='lat' dir='ltr'>redditis</span> <span class='ocrx_word' id='word_1_369' title='bbox 496 3576 694 3629; x_wconf 86' lang='lat' dir='ltr'>mihi?</span> <span class='ocrx_word' id='word_1_370' title='bbox 730 3596 752 3627; x_wconf 76' lang='grc' dir='ltr'><strong><em>ι</em></strong></span> <span class='ocrx_word' id='word_1_371' title='bbox 786 3579 967 3648; x_wconf 74' lang='lat' dir='ltr'>Tyrus</span> <span class='ocrx_word' id='word_1_372' title='bbox 992 3578 1281 3633; x_wconf 85' lang='lat' dir='ltr'>tribulatio</span> <span class='ocrx_word' id='word_1_373' title='bbox 1311 3580 1425 3634; x_wconf 87' lang='lat' dir='ltr'>sive</span> <span class='ocrx_word' id='word_1_374' title='bbox 1448 3581 1726 3649; x_wconf 83' lang='lat' dir='ltr'>angustia,</span> <span class='ocrx_word' id='word_1_375' title='bbox 1763 3581 1845 3635; x_wconf 88' lang='lat' dir='ltr'>Si-</span> 
     </span>
    </p>
   </div>
   <div class='ocr_carea' id='block_1_50' title="bbox 234 3662 1842 3730">
    <p class='ocr_par' dir='ltr' id='par_1_50' title="bbox 234 3662 1842 3730">
     <span class='ocr_line' id='line_1_50' title="bbox 234 3662 1842 3730; baseline 0.004 -14"><span class='ocrx_word' id='word_1_376' title='bbox 234 3662 333 3717; x_wconf 89' lang='lat' dir='ltr'>don</span> <span class='ocrx_word' id='word_1_377' title='bbox 362 3682 497 3719; x_wconf 87' lang='lat' dir='ltr'>vero</span> <span class='ocrx_word' id='word_1_378' title='bbox 526 3666 779 3725; x_wconf 80' lang='lat' dir='ltr'>venatio,</span> <span class='ocrx_word' id='word_1_379' title='bbox 798 3667 902 3719; x_wconf 86' lang='lat' dir='ltr'>hoc</span> <span class='ocrx_word' id='word_1_380' title='bbox 930 3673 1017 3721; x_wconf 94' lang='lat' dir='ltr'>est</span> <span class='ocrx_word' id='word_1_381' title='bbox 1042 3668 1323 3722; x_wconf 71' lang='lat' dir='ltr'>daemones</span> <span class='ocrx_word' id='word_1_382' title='bbox 1358 3687 1370 3723; x_wconf 90' lang='lat'><strong>:</strong></span> <span class='ocrx_word' id='word_1_383' title='bbox 1404 3670 1709 3730; x_wconf 74' lang='lat' dir='ltr'>Palaestini,</span> <span class='ocrx_word' id='word_1_384' title='bbox 1747 3687 1842 3723; x_wconf 85' lang='lat' dir='ltr'>ca-</span> 
     </span>
    </p>
   </div>
   <div class='ocr_carea' id='block_1_51' title="bbox 236 3749 1845 3825">
    <p class='ocr_par' dir='ltr' id='par_1_51' title="bbox 236 3749 1845 3825">
     <span class='ocr_line' id='line_1_51' title="bbox 236 3749 1845 3825; baseline 0.006 -23"><span class='ocrx_word' id='word_1_385' title='bbox 236 3749 422 3806; x_wconf 87' lang='lat' dir='ltr'>dentes</span> <span class='ocrx_word' id='word_1_386' title='bbox 443 3754 705 3825; x_wconf 79' lang='lat' dir='ltr'>potione.</span> <span class='ocrx_word' id='word_1_387' title='bbox 735 3754 870 3817; x_wconf 69' lang='lat' dir='ltr'>Quae</span> <span class='ocrx_word' id='word_1_388' title='bbox 896 3755 1086 3809; x_wconf 89' lang='lat' dir='ltr'>omnia</span> <span class='ocrx_word' id='word_1_389' title='bbox 1135 3756 1205 3809; x_wconf 94' lang='lat' dir='ltr'>de</span> <span class='ocrx_word' id='word_1_390' title='bbox 1235 3757 1511 3811; x_wconf 62' lang='lat' dir='ltr'>haereticis</span> <span class='ocrx_word' id='word_1_391' title='bbox 1544 3766 1692 3811; x_wconf 90' lang='lat' dir='ltr'>recte</span> <span class='ocrx_word' id='word_1_392' title='bbox 1722 3774 1845 3811; x_wconf 89' lang='lat' dir='ltr'>sen-</span> 
     </span>
    </p>
   </div>
   <div class='ocr_carea' id='block_1_52' title="bbox 236 3839 1843 3916">
    <p class='ocr_par' dir='ltr' id='par_1_52' title="bbox 236 3839 1843 3916">
     <span class='ocr_line' id='line_1_52' title="bbox 236 3839 1843 3916; baseline 0.005 -24"><span class='ocrx_word' id='word_1_393' title='bbox 236 3839 412 3896; x_wconf 89' lang='lat' dir='ltr'>tienda</span> <span class='ocrx_word' id='word_1_394' title='bbox 440 3848 610 3897; x_wconf 86' lang='lat' dir='ltr'>sunt.</span> <span class='ocrx_word' id='word_1_395' title='bbox 647 3860 751 3913; x_wconf 89' lang='lat' dir='ltr'>per</span> <span class='ocrx_word' id='word_1_396' title='bbox 779 3861 917 3914; x_wconf 92' lang='lat' dir='ltr'>quos</span> <span class='ocrx_word' id='word_1_397' title='bbox 947 3844 1203 3899; x_wconf 91' lang='lat' dir='ltr'>diabolus</span> <span class='ocrx_word' id='word_1_398' title='bbox 1235 3847 1500 3916; x_wconf 90' lang='lat' dir='ltr'>populum</span> <span class='ocrx_word' id='word_1_399' title='bbox 1532 3847 1626 3900; x_wconf 88' lang='lat' dir='ltr'>Dei</span> <span class='ocrx_word' id='word_1_400' title='bbox 1649 3847 1717 3900; x_wconf 92' lang='lat' dir='ltr'>de</span> <span class='ocrx_word' id='word_1_401' title='bbox 1741 3847 1843 3900; x_wconf 92' lang='lat' dir='ltr'>Ec-</span> 
     </span>
    </p>
   </div>
   <div class='ocr_carea' id='block_1_53' title="bbox 2006 1892 3525 1963">
    <p class='ocr_par' dir='ltr' id='par_1_53' title="bbox 2006 1892 3525 1963">
     <span class='ocr_line' id='line_1_53' title="bbox 2006 1892 3525 1963; baseline 0.001 -17"><span class='ocrx_word' id='word_1_402' title='bbox 2006 1915 2033 1946; x_wconf 76' lang='grc' dir='ltr'>(ι</span> <span class='ocrx_word' id='word_1_403' title='bbox 2065 1895 2555 1949; x_wconf 88' lang='lat' dir='ltr'>Conciditearatra</span> <span class='ocrx_word' id='word_1_404' title='bbox 2583 1900 2765 1948; x_wconf 89' lang='lat' dir='ltr'>vestra</span> <span class='ocrx_word' id='word_1_405' title='bbox 2782 1895 2836 1947; x_wconf 91' lang='lat' dir='ltr'>in</span> <span class='ocrx_word' id='word_1_406' title='bbox 2858 1894 3094 1963; x_wconf 77' lang='lat' dir='ltr'>gladios,</span> <span class='ocrx_word' id='word_1_407' title='bbox 3119 1892 3402 1963; x_wconf 90' lang='lat' dir='ltr'>etligones</span> <span class='ocrx_word' id='word_1_408' title='bbox 3429 1910 3525 1948; x_wconf 89' lang='lat' dir='ltr'>ve-</span> 
     </span>
    </p>
   </div>
   <div class='ocr_carea' id='block_1_54' title="bbox 1932 1979 3525 2054">
    <p class='ocr_par' dir='ltr' id='par_1_54' title="bbox 1932 1979 3525 2054">
     <span class='ocr_line' id='line_1_54' title="bbox 1932 1979 3525 2054; baseline 0.001 -18"><span class='ocrx_word' id='word_1_409' title='bbox 1932 1989 2077 2038; x_wconf 90' lang='lat' dir='ltr'>stros</span> <span class='ocrx_word' id='word_1_410' title='bbox 2130 1984 2187 2038; x_wconf 89' lang='lat' dir='ltr'>in</span> <span class='ocrx_word' id='word_1_411' title='bbox 2231 1986 2472 2047; x_wconf 85' lang='lat' dir='ltr'>lanceas,</span> <span class='ocrx_word' id='word_1_412' title='bbox 2520 1984 2780 2037; x_wconf 86' lang='lat' dir='ltr'>inﬁrmus</span> <span class='ocrx_word' id='word_1_413' title='bbox 2831 1983 2999 2048; x_wconf 88' lang='lat' dir='ltr'>dicat,</span> <span class='ocrx_word' id='word_1_414' title='bbox 3047 1982 3187 2046; x_wconf 87' lang='lat' dir='ltr'>Quia</span> <span class='ocrx_word' id='word_1_415' title='bbox 3224 1979 3384 2036; x_wconf 80' lang='lat' dir='ltr'>fortis</span> <span class='ocrx_word' id='word_1_416' title='bbox 3423 1999 3525 2054; x_wconf 89' lang='lat' dir='ltr'>ego</span> 
     </span>
    </p>
   </div>
   <div class='ocr_carea' id='block_1_55' title="bbox 1932 2071 3524 2142">
    <p class='ocr_par' dir='ltr' id='par_1_55' title="bbox 1932 2071 3524 2142">
     <span class='ocr_line' id='line_1_55' title="bbox 1932 2071 3524 2142; baseline -0.001 -16"><span class='ocrx_word' id='word_1_417' title='bbox 1932 2090 2078 2127; x_wconf 90' lang='lat' dir='ltr'>sum.</span> <span class='ocrx_word' id='word_1_418' title='bbox 2109 2093 2129 2123; x_wconf 75' lang='grc' dir='ltr'><strong><em>ι</em></strong></span> <span class='ocrx_word' id='word_1_419' title='bbox 2154 2074 2422 2127; x_wconf 87' lang='lat' dir='ltr'>Amovete</span> <span class='ocrx_word' id='word_1_420' title='bbox 2441 2072 2649 2142; x_wconf 89' lang='lat' dir='ltr'>(inquit</span> <span class='ocrx_word' id='word_1_421' title='bbox 2677 2071 2987 2137; x_wconf 87' lang='lat' dir='ltr'>Dominus),</span> <span class='ocrx_word' id='word_1_422' title='bbox 3018 2088 3050 2125; x_wconf 96' lang='lat' dir='ltr'>o</span> <span class='ocrx_word' id='word_1_423' title='bbox 3099 2087 3193 2124; x_wconf 91' lang='lat' dir='ltr'>vos</span> <span class='ocrx_word' id='word_1_424' title='bbox 3222 2071 3524 2140; x_wconf 66' lang='lat' dir='ltr'>daemones,</span> 
     </span>
    </p>
   </div>
   <div class='ocr_carea' id='block_1_56' title="bbox 1931 2158 3529 2233">
    <p class='ocr_par' dir='ltr' id='par_1_56' title="bbox 1931 2158 3529 2233">
     <span class='ocr_line' id='line_1_56' title="bbox 1931 2158 3529 2233; baseline -0.001 -17"><span class='ocrx_word' id='word_1_425' title='bbox 1931 2162 2250 2216; x_wconf 88' lang='lat' dir='ltr'>universam</span> <span class='ocrx_word' id='word_1_426' title='bbox 2285 2178 2479 2233; x_wconf 89' lang='lat' dir='ltr'>pacem</span> <span class='ocrx_word' id='word_1_427' title='bbox 2512 2162 2569 2214; x_wconf 93' lang='lat' dir='ltr'>in</span> <span class='ocrx_word' id='word_1_428' title='bbox 2590 2161 2946 2226; x_wconf 88' lang='lat' dir='ltr'>seditionem,</span> <span class='ocrx_word' id='word_1_429' title='bbox 2972 2160 3101 2214; x_wconf 89' lang='lat' dir='ltr'>etin</span> <span class='ocrx_word' id='word_1_430' title='bbox 3114 2159 3320 2214; x_wconf 89' lang='lat' dir='ltr'>bellum</span> <span class='ocrx_word' id='word_1_431' title='bbox 3341 2158 3529 2214; x_wconf 90' lang='lat' dir='ltr'>cuncti</span> 
     </span>
    </p>
   </div>
   <div class='ocr_carea' id='block_1_57' title="bbox 1931 2246 3524 2320">
    <p class='ocr_par' dir='ltr' id='par_1_57' title="bbox 1931 2246 3524 2320">
     <span class='ocr_line' id='line_1_57' title="bbox 1931 2246 3524 2320; baseline -0.001 -17"><span class='ocrx_word' id='word_1_432' title='bbox 1931 2250 2266 2320; x_wconf 87' lang='lat' dir='ltr'>consurgite.</span> <span class='ocrx_word' id='word_1_433' title='bbox 2300 2271 2321 2300; x_wconf 75' lang='grc' dir='ltr'>ι</span> <span class='ocrx_word' id='word_1_434' title='bbox 2357 2249 2619 2303; x_wconf 88' lang='lat' dir='ltr'>Inﬁrmus</span> <span class='ocrx_word' id='word_1_435' title='bbox 2640 2248 2791 2302; x_wconf 90' lang='lat' dir='ltr'>dicat</span> <span class='ocrx_word' id='word_1_436' title='bbox 2818 2249 2950 2319; x_wconf 88' lang='lat' dir='ltr'>quia</span> <span class='ocrx_word' id='word_1_437' title='bbox 2979 2246 3138 2301; x_wconf 81' lang='lat' dir='ltr'>tortis</span> <span class='ocrx_word' id='word_1_438' title='bbox 3180 2264 3283 2317; x_wconf 88' lang='lat' dir='ltr'>ego</span> <span class='ocrx_word' id='word_1_439' title='bbox 3306 2263 3452 2301; x_wconf 89' lang='lat' dir='ltr'>sum.</span> <span class='ocrx_word' id='word_1_440' title='bbox 3497 2266 3524 2301; x_wconf 86' lang='lat'>»</span> 
     </span>
    </p>
   </div>
   <div class='ocr_carea' id='block_1_58' title="bbox 1928 2337 3523 2407">
    <p class='ocr_par' dir='ltr' id='par_1_58' title="bbox 1928 2337 3523 2407">
     <span class='ocr_line' id='line_1_58' title="bbox 1928 2337 3523 2407; baseline -0.001 -15"><span class='ocrx_word' id='word_1_441' title='bbox 1928 2338 2127 2392; x_wconf 90' lang='lat' dir='ltr'>Dicere</span> <span class='ocrx_word' id='word_1_442' title='bbox 2149 2339 2205 2391; x_wconf 91' lang='lat' dir='ltr'>in</span> <span class='ocrx_word' id='word_1_443' title='bbox 2230 2337 2552 2407; x_wconf 87' lang='lat' dir='ltr'>Scripturis,</span> <span class='ocrx_word' id='word_1_444' title='bbox 2588 2337 2733 2389; x_wconf 90' lang='lat' dir='ltr'>facto</span> <span class='ocrx_word' id='word_1_445' title='bbox 2765 2353 2934 2406; x_wconf 90' lang='lat' dir='ltr'>opere</span> <span class='ocrx_word' id='word_1_446' title='bbox 2988 2352 3380 2390; x_wconf 87' lang='lat' dir='ltr'>consummare</span> <span class='ocrx_word' id='word_1_447' title='bbox 3418 2340 3523 2390; x_wconf 87' lang='lat' dir='ltr'>est.</span> 
     </span>
    </p>
   </div>
   <div class='ocr_carea' id='block_1_59' title="bbox 1930 2422 3527 2489">
    <p class='ocr_par' dir='ltr' id='par_1_59' title="bbox 1930 2422 3527 2489">
     <span class='ocr_line' id='line_1_59' title="bbox 1930 2422 3527 2489; baseline -0.001 -8"><span class='ocrx_word' id='word_1_448' title='bbox 1930 2426 2003 2481; x_wconf 88' lang='lat' dir='ltr'>Et</span> <span class='ocrx_word' id='word_1_449' title='bbox 2029 2443 2155 2480; x_wconf 91' lang='lat' dir='ltr'>cum</span> <span class='ocrx_word' id='word_1_450' title='bbox 2187 2426 2377 2479; x_wconf 88' lang='lat' dir='ltr'>omnia</span> <span class='ocrx_word' id='word_1_451' title='bbox 2405 2426 2555 2479; x_wconf 88' lang='lat' dir='ltr'>mala</span> <span class='ocrx_word' id='word_1_452' title='bbox 2584 2425 2701 2480; x_wconf 78' lang='lat' dir='ltr'>haec</span> <span class='ocrx_word' id='word_1_453' title='bbox 2730 2424 2992 2489; x_wconf 83' lang='lat' dir='ltr'>feceritis,</span> <span class='ocrx_word' id='word_1_454' title='bbox 3025 2430 3083 2479; x_wconf 90' lang='lat' dir='ltr'>et</span> <span class='ocrx_word' id='word_1_455' title='bbox 3128 2424 3282 2478; x_wconf 90' lang='lat' dir='ltr'>omni</span> <span class='ocrx_word' id='word_1_456' title='bbox 3319 2422 3527 2480; x_wconf 84' lang='lat' dir='ltr'>virtute</span> 
     </span>
    </p>
   </div>
   <div class='ocr_carea' id='block_1_60' title="bbox 1926 2512 3531 2586">
    <p class='ocr_par' dir='ltr' id='par_1_60' title="bbox 1926 2512 3531 2586">
     <span class='ocr_line' id='line_1_60' title="bbox 1926 2512 3531 2586; baseline -0.001 -17"><span class='ocrx_word' id='word_1_457' title='bbox 1926 2515 1997 2569; x_wconf 91' lang='lat' dir='ltr'>ad</span> <span class='ocrx_word' id='word_1_458' title='bbox 2027 2515 2392 2586; x_wconf 84' lang='lat' dir='ltr'>pugnandum</span> <span class='ocrx_word' id='word_1_459' title='bbox 2417 2520 2613 2568; x_wconf 87' lang='lat' dir='ltr'>contra</span> <span class='ocrx_word' id='word_1_460' title='bbox 2659 2514 2865 2567; x_wconf 91' lang='lat' dir='ltr'>electos</span> <span class='ocrx_word' id='word_1_461' title='bbox 2897 2530 3053 2567; x_wconf 90' lang='lat' dir='ltr'>meos</span> <span class='ocrx_word' id='word_1_462' title='bbox 3081 2512 3365 2578; x_wconf 88' lang='lat' dir='ltr'>veneritis,</span> <span class='ocrx_word' id='word_1_463' title='bbox 3395 2517 3531 2567; x_wconf 90' lang='lat' dir='ltr'>tunc</span> 
     </span>
    </p>
   </div>
   <div class='ocr_carea' id='block_1_61' title="bbox 1925 2602 3487 2674">
    <p class='ocr_par' dir='ltr' id='par_1_61' title="bbox 1925 2602 3487 2674">
     <span class='ocr_line' id='line_1_61' title="bbox 1925 2602 3487 2674; baseline -0.002 -16"><span class='ocrx_word' id='word_1_464' title='bbox 1925 2604 1983 2658; x_wconf 92' lang='lat' dir='ltr'>in</span> <span class='ocrx_word' id='word_1_465' title='bbox 2004 2605 2093 2658; x_wconf 93' lang='lat' dir='ltr'>die</span> <span class='ocrx_word' id='word_1_466' title='bbox 2117 2604 2317 2674; x_wconf 89' lang='lat' dir='ltr'>judicii</span> <span class='ocrx_word' id='word_1_467' title='bbox 2339 2620 2561 2658; x_wconf 89' lang='lat' dir='ltr'>omnem</span> <span class='ocrx_word' id='word_1_468' title='bbox 2582 2602 2847 2656; x_wconf 87' lang='lat' dir='ltr'>virtutem</span> <span class='ocrx_word' id='word_1_469' title='bbox 2864 2608 3097 2655; x_wconf 85' lang='lat' dir='ltr'>vestram</span> <span class='ocrx_word' id='word_1_470' title='bbox 3117 2606 3487 2672; x_wconf 88' lang='lat' dir='ltr'>prosternam.</span> 
     </span>
    </p>
   </div>
   <div class='ocr_carea' id='block_1_62' title="bbox 2004 2689 3529 2763">
    <p class='ocr_par' dir='ltr' id='par_1_62' title="bbox 2004 2689 3529 2763">
     <span class='ocr_line' id='line_1_62' title="bbox 2004 2689 3529 2763; baseline 0 -18"><span class='ocrx_word' id='word_1_471' title='bbox 2004 2714 2023 2744; x_wconf 74' lang='grc' dir='ltr'><strong><em>α</em></strong></span> <span class='ocrx_word' id='word_1_472' title='bbox 2060 2694 2352 2763; x_wconf 91' lang='lat' dir='ltr'>Erumpite</span> <span class='ocrx_word' id='word_1_473' title='bbox 2380 2698 2436 2746; x_wconf 89' lang='lat' dir='ltr'>et</span> <span class='ocrx_word' id='word_1_474' title='bbox 2462 2692 2663 2756; x_wconf 86' lang='lat' dir='ltr'>venite,</span> <span class='ocrx_word' id='word_1_475' title='bbox 2698 2707 2894 2745; x_wconf 90' lang='lat' dir='ltr'>omnes</span> <span class='ocrx_word' id='word_1_476' title='bbox 2923 2694 3120 2759; x_wconf 86' lang='lat' dir='ltr'>gentes</span> <span class='ocrx_word' id='word_1_477' title='bbox 3150 2708 3163 2756; x_wconf 90' lang='lat'><strong>;</strong></span> <span class='ocrx_word' id='word_1_478' title='bbox 3192 2690 3262 2743; x_wconf 90' lang='lat' dir='ltr'>de</span> <span class='ocrx_word' id='word_1_479' title='bbox 3290 2689 3529 2745; x_wconf 88' lang='lat' dir='ltr'>circuitu</span> 
     </span>
    </p>
   </div>
   <div class='ocr_carea' id='block_1_63' title="bbox 1930 2778 3529 2853">
    <p class='ocr_par' dir='ltr' id='par_1_63' title="bbox 1930 2778 3529 2853">
     <span class='ocr_line' id='line_1_63' title="bbox 1930 2778 3529 2853; baseline -0.001 -18"><span class='ocrx_word' id='word_1_480' title='bbox 1930 2782 2372 2853; x_wconf 87' lang='lat' dir='ltr'>congregamini.</span> <span class='ocrx_word' id='word_1_481' title='bbox 2406 2781 2490 2834; x_wconf 92' lang='lat' dir='ltr'>Ibi</span> <span class='ocrx_word' id='word_1_482' title='bbox 2513 2779 2843 2834; x_wconf 88' lang='lat' dir='ltr'>occumbere</span> <span class='ocrx_word' id='word_1_483' title='bbox 2862 2779 3030 2833; x_wconf 88' lang='lat' dir='ltr'>faciet</span> <span class='ocrx_word' id='word_1_484' title='bbox 3062 2778 3337 2832; x_wconf 89' lang='lat' dir='ltr'>Dominus</span> <span class='ocrx_word' id='word_1_485' title='bbox 3363 2778 3529 2833; x_wconf 91' lang='lat' dir='ltr'>robu-</span> 
     </span>
    </p>
   </div>
   <div class='ocr_carea' id='block_1_64' title="bbox 1930 2865 3527 2938">
    <p class='ocr_par' dir='ltr' id='par_1_64' title="bbox 1930 2865 3527 2938">
     <span class='ocr_line' id='line_1_64' title="bbox 1930 2865 3527 2938; baseline -0.003 -14"><span class='ocrx_word' id='word_1_486' title='bbox 1930 2876 2046 2924; x_wconf 92' lang='lat' dir='ltr'>stos</span> <span class='ocrx_word' id='word_1_487' title='bbox 2076 2876 2253 2924; x_wconf 55' lang='lat' dir='ltr'>tuos»</span> <span class='ocrx_word' id='word_1_488' title='bbox 2292 2871 2409 2923; x_wconf 91' lang='lat' dir='ltr'>Hoc</span> <span class='ocrx_word' id='word_1_489' title='bbox 2439 2869 2688 2922; x_wconf 85' lang='lat' dir='ltr'>declarat</span> <span class='ocrx_word' id='word_1_490' title='bbox 2719 2868 2865 2938; x_wconf 91' lang='lat' dir='ltr'>quod</span> <span class='ocrx_word' id='word_1_491' title='bbox 2897 2884 3022 2921; x_wconf 90' lang='lat' dir='ltr'>cum</span> <span class='ocrx_word' id='word_1_492' title='bbox 3046 2866 3403 2920; x_wconf 85' lang='lat' dir='ltr'>diesDomini</span> <span class='ocrx_word' id='word_1_493' title='bbox 3424 2865 3527 2920; x_wconf 90' lang='lat' dir='ltr'>ad-</span> 
     </span>
    </p>
   </div>
   <div class='ocr_carea' id='block_1_65' title="bbox 1930 2956 3528 3027">
    <p class='ocr_par' dir='ltr' id='par_1_65' title="bbox 1930 2956 3528 3027">
     <span class='ocr_line' id='line_1_65' title="bbox 1930 2956 3528 3027; baseline 0 -17"><span class='ocrx_word' id='word_1_494' title='bbox 1930 2960 2134 3022; x_wconf 85' lang='lat' dir='ltr'>veniat,</span> <span class='ocrx_word' id='word_1_495' title='bbox 2170 2965 2227 3012; x_wconf 91' lang='lat' dir='ltr'>et</span> <span class='ocrx_word' id='word_1_496' title='bbox 2254 2959 2381 3012; x_wconf 87' lang='lat' dir='ltr'>ﬁnis</span> <span class='ocrx_word' id='word_1_497' title='bbox 2413 2957 2606 3010; x_wconf 91' lang='lat' dir='ltr'>mundi</span> <span class='ocrx_word' id='word_1_498' title='bbox 2634 2956 3066 3027; x_wconf 88' lang='lat' dir='ltr'>appropinquet,</span> <span class='ocrx_word' id='word_1_499' title='bbox 3102 2957 3272 3009; x_wconf 88' lang='lat' dir='ltr'>Satan</span> <span class='ocrx_word' id='word_1_500' title='bbox 3300 2970 3528 3010; x_wconf 88' lang='lat' dir='ltr'>omnem</span> 
     </span>
    </p>
   </div>
   <div class='ocr_carea' id='block_1_66' title="bbox 1931 3043 3528 3114">
    <p class='ocr_par' dir='ltr' id='par_1_66' title="bbox 1931 3043 3528 3114">
     <span class='ocr_line' id='line_1_66' title="bbox 1931 3043 3528 3114; baseline -0.001 -15"><span class='ocrx_word' id='word_1_501' title='bbox 1931 3048 2194 3101; x_wconf 89' lang='lat' dir='ltr'>virtutem</span> <span class='ocrx_word' id='word_1_502' title='bbox 2218 3064 2378 3101; x_wconf 89' lang='lat' dir='ltr'>suam</span> <span class='ocrx_word' id='word_1_503' title='bbox 2400 3043 3090 3114; x_wconf 85' lang='lat' dir='ltr'>Antichristitemporibus</span> <span class='ocrx_word' id='word_1_504' title='bbox 3104 3044 3354 3098; x_wconf 74' lang='lat' dir='ltr'>effundat</span> <span class='ocrx_word' id='word_1_505' title='bbox 3381 3049 3439 3098; x_wconf 90' lang='lat' dir='ltr'>et</span> <span class='ocrx_word' id='word_1_506' title='bbox 3454 3043 3528 3098; x_wconf 89' lang='lat' dir='ltr'>ad</span> 
     </span>
    </p>
   </div>
   <div class='ocr_carea' id='block_1_67' title="bbox 1928 3132 3528 3202">
    <p class='ocr_par' dir='ltr' id='par_1_67' title="bbox 1928 3132 3528 3202">
     <span class='ocr_line' id='line_1_67' title="bbox 1928 3132 3528 3202; baseline -0.002 -13"><span class='ocrx_word' id='word_1_507' title='bbox 1928 3136 2229 3190; x_wconf 86' lang='lat' dir='ltr'>tentandas</span> <span class='ocrx_word' id='word_1_508' title='bbox 2257 3140 2314 3190; x_wconf 91' lang='lat' dir='ltr'>et</span> <span class='ocrx_word' id='word_1_509' title='bbox 2341 3133 2744 3190; x_wconf 88' lang='lat' dir='ltr'>subvertendas</span> <span class='ocrx_word' id='word_1_510' title='bbox 2775 3133 2995 3186; x_wconf 88' lang='lat' dir='ltr'>animas</span> <span class='ocrx_word' id='word_1_511' title='bbox 3022 3132 3409 3187; x_wconf 88' lang='lat' dir='ltr'>vehementius</span> <span class='ocrx_word' id='word_1_512' title='bbox 3427 3147 3528 3202; x_wconf 88' lang='lat' dir='ltr'>pu-</span> 
     </span>
    </p>
   </div>
   <div class='ocr_carea' id='block_1_68' title="bbox 1928 3230 2081 3295">
    <p class='ocr_par' dir='ltr' id='par_1_68' title="bbox 1928 3230 2081 3295">
     <span class='ocr_line' id='line_1_68' title="bbox 1928 3230 2081 3295; baseline 0 -17"><span class='ocrx_word' id='word_1_513' title='bbox 1928 3230 2081 3295; x_wconf 87' lang='lat' dir='ltr'>gnet.</span> 
     </span>
    </p>
   </div>
   <div class='ocr_carea' id='block_1_69' title="bbox 2006 3309 3528 3382">
    <p class='ocr_par' dir='ltr' id='par_1_69' title="bbox 2006 3309 3528 3382">
     <span class='ocr_line' id='line_1_69' title="bbox 2006 3309 3528 3382; baseline -0.002 -16"><span class='ocrx_word' id='word_1_514' title='bbox 2006 3332 2031 3366; x_wconf 83' lang='lat'>«</span> <span class='ocrx_word' id='word_1_515' title='bbox 2057 3314 2415 3382; x_wconf 87' lang='lat' dir='ltr'>Consurgant</span> <span class='ocrx_word' id='word_1_516' title='bbox 2445 3316 2503 3366; x_wconf 92' lang='lat' dir='ltr'>et</span> <span class='ocrx_word' id='word_1_517' title='bbox 2530 3312 2835 3367; x_wconf 87' lang='lat' dir='ltr'>ascendant</span> <span class='ocrx_word' id='word_1_518' title='bbox 2858 3314 3058 3381; x_wconf 87' lang='lat' dir='ltr'>gentes</span> <span class='ocrx_word' id='word_1_519' title='bbox 3076 3309 3137 3365; x_wconf 89' lang='lat' dir='ltr'>in</span> <span class='ocrx_word' id='word_1_520' title='bbox 3148 3310 3349 3364; x_wconf 88' lang='lat' dir='ltr'>vallem</span> <span class='ocrx_word' id='word_1_521' title='bbox 3372 3310 3528 3364; x_wconf 84' lang='lat' dir='ltr'>Josa-</span> 
     </span>
    </p>
   </div>
   <div class='ocr_carea' id='block_1_70' title="bbox 1927 3397 3527 3473">
    <p class='ocr_par' dir='ltr' id='par_1_70' title="bbox 1927 3397 3527 3473">
     <span class='ocr_line' id='line_1_70' title="bbox 1927 3397 3527 3473; baseline -0.002 -18"><span class='ocrx_word' id='word_1_522' title='bbox 1927 3403 2083 3473; x_wconf 88' lang='lat' dir='ltr'>phat.</span> <span class='ocrx_word' id='word_1_523' title='bbox 2123 3421 2144 3452; x_wconf 75' lang='grc' dir='ltr'><strong><em>ι</em></strong></span> <span class='ocrx_word' id='word_1_524' title='bbox 2180 3402 2276 3455; x_wconf 89' lang='lat' dir='ltr'>Isti</span> <span class='ocrx_word' id='word_1_525' title='bbox 2308 3406 2497 3455; x_wconf 90' lang='lat' dir='ltr'>autem</span> <span class='ocrx_word' id='word_1_526' title='bbox 2528 3417 2640 3454; x_wconf 91' lang='lat' dir='ltr'>non</span> <span class='ocrx_word' id='word_1_527' title='bbox 2665 3400 2994 3470; x_wconf 85' lang='lat' dir='ltr'>judicautur</span> <span class='ocrx_word' id='word_1_528' title='bbox 3016 3399 3075 3452; x_wconf 90' lang='lat' dir='ltr'>in</span> <span class='ocrx_word' id='word_1_529' title='bbox 3102 3397 3527 3462; x_wconf 90' lang='lat' dir='ltr'>montibus,non</span> 
     </span>
    </p>
   </div>
   <div class='ocr_carea' id='block_1_71' title="bbox 1926 3486 3528 3561">
    <p class='ocr_par' dir='ltr' id='par_1_71' title="bbox 1926 3486 3528 3561">
     <span class='ocr_line' id='line_1_71' title="bbox 1926 3486 3528 3561; baseline -0.002 -17"><span class='ocrx_word' id='word_1_530' title='bbox 1926 3490 1984 3544; x_wconf 92' lang='lat' dir='ltr'>in</span> <span class='ocrx_word' id='word_1_531' title='bbox 2016 3489 2439 3561; x_wconf 89' lang='lat' dir='ltr'>campestribus,</span> <span class='ocrx_word' id='word_1_532' title='bbox 2466 3489 2563 3542; x_wconf 90' lang='lat' dir='ltr'>sed</span> <span class='ocrx_word' id='word_1_533' title='bbox 2586 3489 2643 3542; x_wconf 92' lang='lat' dir='ltr'>in</span> <span class='ocrx_word' id='word_1_534' title='bbox 2674 3487 3011 3558; x_wconf 86' lang='lat' dir='ltr'>profundum</span> <span class='ocrx_word' id='word_1_535' title='bbox 3044 3492 3102 3540; x_wconf 89' lang='lat' dir='ltr'>et</span> <span class='ocrx_word' id='word_1_536' title='bbox 3139 3486 3421 3549; x_wconf 87' lang='lat' dir='ltr'>deorsum,</span> <span class='ocrx_word' id='word_1_537' title='bbox 3462 3491 3528 3541; x_wconf 90' lang='lat' dir='ltr'>ut</span> 
     </span>
    </p>
   </div>
   <div class='ocr_carea' id='block_1_72' title="bbox 1928 3573 3525 3648">
    <p class='ocr_par' dir='ltr' id='par_1_72' title="bbox 1928 3573 3525 3648">
     <span class='ocr_line' id='line_1_72' title="bbox 1928 3573 3525 3648; baseline -0.003 -15"><span class='ocrx_word' id='word_1_538' title='bbox 1928 3580 2117 3633; x_wconf 86' lang='lat' dir='ltr'>statim</span> <span class='ocrx_word' id='word_1_539' title='bbox 2137 3578 2332 3648; x_wconf 78' lang='lat' dir='ltr'>judicii</span> <span class='ocrx_word' id='word_1_540' title='bbox 2356 3578 2512 3631; x_wconf 92' lang='lat' dir='ltr'>locus</span> <span class='ocrx_word' id='word_1_541' title='bbox 2542 3577 2659 3647; x_wconf 91' lang='lat' dir='ltr'>ipse</span> <span class='ocrx_word' id='word_1_542' title='bbox 2676 3593 2776 3647; x_wconf 91' lang='lat' dir='ltr'>pro</span> <span class='ocrx_word' id='word_1_543' title='bbox 2797 3592 2962 3646; x_wconf 64' lang='lat' dir='ltr'>paena</span> <span class='ocrx_word' id='word_1_544' title='bbox 2995 3575 3084 3628; x_wconf 89' lang='lat' dir='ltr'>sit.</span> <span class='ocrx_word' id='word_1_545' title='bbox 3118 3592 3143 3627; x_wconf 78' lang='grc' dir='ltr'><strong>σ</strong></span> <span class='ocrx_word' id='word_1_546' title='bbox 3167 3574 3310 3638; x_wconf 87' lang='lat' dir='ltr'>Quia</span> <span class='ocrx_word' id='word_1_547' title='bbox 3338 3573 3412 3628; x_wconf 91' lang='lat' dir='ltr'>ibi</span> <span class='ocrx_word' id='word_1_548' title='bbox 3433 3590 3525 3629; x_wconf 88' lang='lat' dir='ltr'>se-</span> 
     </span>
    </p>
   </div>
   <div class='ocr_carea' id='block_1_73' title="bbox 1926 3663 3526 3737">
    <p class='ocr_par' dir='ltr' id='par_1_73' title="bbox 1926 3663 3526 3737">
     <span class='ocr_line' id='line_1_73' title="bbox 1926 3663 3526 3737; baseline -0.002 -16"><span class='ocrx_word' id='word_1_549' title='bbox 1926 3668 2067 3721; x_wconf 91' lang='lat' dir='ltr'>debo</span> <span class='ocrx_word' id='word_1_550' title='bbox 2090 3674 2153 3721; x_wconf 91' lang='lat' dir='ltr'>ut</span> <span class='ocrx_word' id='word_1_551' title='bbox 2172 3667 2417 3737; x_wconf 89' lang='lat' dir='ltr'>judicem</span> <span class='ocrx_word' id='word_1_552' title='bbox 2445 3683 2640 3720; x_wconf 90' lang='lat' dir='ltr'>omnes</span> <span class='ocrx_word' id='word_1_553' title='bbox 2662 3671 2859 3736; x_wconf 86' lang='lat' dir='ltr'>gentes</span> <span class='ocrx_word' id='word_1_554' title='bbox 2886 3665 2946 3718; x_wconf 90' lang='lat' dir='ltr'>in</span> <span class='ocrx_word' id='word_1_555' title='bbox 2976 3664 3233 3718; x_wconf 88' lang='lat' dir='ltr'>circuitu.</span> <span class='ocrx_word' id='word_1_556' title='bbox 3272 3682 3295 3714; x_wconf 73' lang='grc' dir='ltr'><strong><em>ι</em></strong></span> <span class='ocrx_word' id='word_1_557' title='bbox 3319 3663 3526 3719; x_wconf 86' lang='lat' dir='ltr'>Sedere</span> 
     </span>
    </p>
   </div>
   <div class='ocr_carea' id='block_1_74' title="bbox 1925 3752 3524 3826">
    <p class='ocr_par' dir='ltr' id='par_1_74' title="bbox 1925 3752 3524 3826">
     <span class='ocr_line' id='line_1_74' title="bbox 1925 3752 3524 3826; baseline -0.002 -15"><span class='ocrx_word' id='word_1_558' title='bbox 1925 3757 2025 3811; x_wconf 91' lang='lat' dir='ltr'>Dei</span> <span class='ocrx_word' id='word_1_559' title='bbox 2053 3763 2140 3811; x_wconf 89' lang='lat' dir='ltr'>est</span> <span class='ocrx_word' id='word_1_560' title='bbox 2158 3756 2412 3810; x_wconf 86' lang='lat' dir='ltr'>habitum</span> <span class='ocrx_word' id='word_1_561' title='bbox 2432 3760 2488 3808; x_wconf 92' lang='lat' dir='ltr'>et</span> <span class='ocrx_word' id='word_1_562' title='bbox 2526 3760 2858 3826; x_wconf 88' lang='lat' dir='ltr'>potestatem</span> <span class='ocrx_word' id='word_1_563' title='bbox 2886 3752 3175 3823; x_wconf 89' lang='lat' dir='ltr'>judicandi</span> <span class='ocrx_word' id='word_1_564' title='bbox 3204 3752 3524 3808; x_wconf 89' lang='lat' dir='ltr'>ostendere.</span> 
     </span>
    </p>
   </div>
   <div class='ocr_carea' id='block_1_75' title="bbox 2000 3841 3529 3914">
    <p class='ocr_par' dir='ltr' id='par_1_75' title="bbox 2000 3841 3529 3914">
     <span class='ocr_line' id='line_1_75' title="bbox 2000 3841 3529 3914; baseline 0.002 -20"><span class='ocrx_word' id='word_1_565' title='bbox 2000 3864 2027 3895; x_wconf 87' lang='lat'>«</span> <span class='ocrx_word' id='word_1_566' title='bbox 2059 3845 2267 3898; x_wconf 86' lang='lat' dir='ltr'>Mittite</span> <span class='ocrx_word' id='word_1_567' title='bbox 2292 3844 2477 3905; x_wconf 80' lang='lat' dir='ltr'>falces,</span> <span class='ocrx_word' id='word_1_568' title='bbox 2511 3844 2775 3914; x_wconf 87' lang='lat' dir='ltr'>quoniam</span> <span class='ocrx_word' id='word_1_569' title='bbox 2808 3842 3112 3895; x_wconf 88' lang='lat' dir='ltr'>maturavit</span> <span class='ocrx_word' id='word_1_570' title='bbox 3140 3841 3359 3898; x_wconf 84' lang='lat' dir='ltr'>messis.</span> <span class='ocrx_word' id='word_1_571' title='bbox 3380 3841 3529 3897; x_wconf 67' lang='lat' dir='ltr'>nHoc</span> 
     </span>
    </p>
   </div>
   <div class='ocr_carea' id='block_1_76' title="bbox 233 3930 3522 4006">
    <p class='ocr_par' dir='ltr' id='par_1_76' title="bbox 233 3930 3522 4006">
     <span class='ocr_line' id='line_1_76' title="bbox 233 3930 3522 4006; baseline 0.001 -24"><span class='ocrx_word' id='word_1_572' title='bbox 233 3930 391 3986; x_wconf 86' lang='lat' dir='ltr'>clesia</span> <span class='ocrx_word' id='word_1_573' title='bbox 422 3934 745 4006; x_wconf 85' lang='lat' dir='ltr'>separavit,</span> <span class='ocrx_word' id='word_1_574' title='bbox 770 3942 940 4004; x_wconf 86' lang='lat' dir='ltr'>atque</span> <span class='ocrx_word' id='word_1_575' title='bbox 966 3952 1066 4005; x_wconf 91' lang='lat' dir='ltr'>per</span> <span class='ocrx_word' id='word_1_576' title='bbox 1095 3934 1471 4005; x_wconf 89' lang='lat' dir='ltr'>eloquentiam</span> <span class='ocrx_word' id='word_1_577' title='bbox 1504 3952 1660 3989; x_wconf 84' lang='lat' dir='ltr'>suam</span> <span class='ocrx_word' id='word_1_578' title='bbox 1684 3936 1843 4006; x_wconf 88' lang='lat' dir='ltr'>quasi</span> <span class='ocrx_word' id='word_1_579' title='bbox 1925 3934 2179 4004; x_wconf 89' lang='lat' dir='ltr'>loquitur</span> <span class='ocrx_word' id='word_1_580' title='bbox 2201 3933 2271 3985; x_wconf 90' lang='lat' dir='ltr'>ad</span> <span class='ocrx_word' id='word_1_581' title='bbox 2303 3934 2534 4001; x_wconf 90' lang='lat' dir='ltr'>angelos</span> <span class='ocrx_word' id='word_1_582' title='bbox 2568 3950 2578 3984; x_wconf 92' lang='lat'><strong>:</strong></span> <span class='ocrx_word' id='word_1_583' title='bbox 2628 3946 2904 3985; x_wconf 87' lang='lat' dir='ltr'>messores</span> <span class='ocrx_word' id='word_1_584' title='bbox 2956 3930 3106 3983; x_wconf 91' lang='lat' dir='ltr'>enim</span> <span class='ocrx_word' id='word_1_585' title='bbox 3157 3930 3343 4000; x_wconf 87' lang='lat' dir='ltr'>angeli</span> <span class='ocrx_word' id='word_1_586' title='bbox 3371 3934 3522 3996; x_wconf 88' lang='lat' dir='ltr'>sunt,</span> 
     </span>
    </p>
   </div>
   <div class='ocr_carea' id='block_1_77' title="bbox 233 4016 3530 4095">
    <p class='ocr_par' dir='ltr' id='par_1_77' title="bbox 233 4016 3530 4095">
     <span class='ocr_line' id='line_1_77' title="bbox 233 4016 3530 4095; baseline 0 -24"><span class='ocrx_word' id='word_1_587' title='bbox 233 4033 420 4076; x_wconf 86' lang='lat' dir='ltr'>aurum</span> <span class='ocrx_word' id='word_1_588' title='bbox 446 4030 511 4078; x_wconf 90' lang='lat' dir='ltr'>et</span> <span class='ocrx_word' id='word_1_589' title='bbox 537 4029 869 4094; x_wconf 88' lang='lat' dir='ltr'>argentum,</span> <span class='ocrx_word' id='word_1_590' title='bbox 916 4025 1197 4095; x_wconf 89' lang='lat' dir='ltr'>simplices</span> <span class='ocrx_word' id='word_1_591' title='bbox 1226 4040 1476 4095; x_wconf 90' lang='lat' dir='ltr'>quosque</span> <span class='ocrx_word' id='word_1_592' title='bbox 1501 4026 1570 4079; x_wconf 91' lang='lat' dir='ltr'>de</span> <span class='ocrx_word' id='word_1_593' title='bbox 1602 4026 1847 4079; x_wconf 84' lang='lat' dir='ltr'>Ecclesia</span> <span class='ocrx_word' id='word_1_594' title='bbox 1928 4023 2126 4077; x_wconf 89' lang='lat' dir='ltr'>messis</span> <span class='ocrx_word' id='word_1_595' title='bbox 2138 4038 2267 4075; x_wconf 85' lang='lat' dir='ltr'>vero</span> <span class='ocrx_word' id='word_1_596' title='bbox 2291 4020 2657 4091; x_wconf 90' lang='lat' dir='ltr'>populisunt.</span> <span class='ocrx_word' id='word_1_597' title='bbox 2690 4016 3116 4081; x_wconf 89' lang='lat' dir='ltr'>Quodammodo</span> <span class='ocrx_word' id='word_1_598' title='bbox 3135 4017 3319 4087; x_wconf 87' lang='lat' dir='ltr'>angeli</span> <span class='ocrx_word' id='word_1_599' title='bbox 3344 4017 3413 4070; x_wconf 95' lang='lat' dir='ltr'>de</span> <span class='ocrx_word' id='word_1_600' title='bbox 3425 4033 3530 4072; x_wconf 86' lang='lat' dir='ltr'>sua</span> 
     </span>
    </p>
   </div>
   <div class='ocr_carea' id='block_1_78' title="bbox 231 4104 3530 4184">
    <p class='ocr_par' dir='ltr' id='par_1_78' title="bbox 231 4104 3530 4184">
     <span class='ocr_line' id='line_1_78' title="bbox 231 4104 3530 4184; baseline -0.001 -23"><span class='ocrx_word' id='word_1_601' title='bbox 231 4110 552 4174; x_wconf 88' lang='lat' dir='ltr'>educentes,</span> <span class='ocrx_word' id='word_1_602' title='bbox 587 4112 719 4165; x_wconf 89' lang='lat' dir='ltr'>ﬁliis</span> <span class='ocrx_word' id='word_1_603' title='bbox 747 4113 1090 4179; x_wconf 80' lang='lat' dir='ltr'>Graecorum,</span> <span class='ocrx_word' id='word_1_604' title='bbox 1123 4114 1230 4167; x_wconf 90' lang='lat' dir='ltr'>hoc</span> <span class='ocrx_word' id='word_1_605' title='bbox 1278 4120 1364 4167; x_wconf 90' lang='lat' dir='ltr'>est</span> <span class='ocrx_word' id='word_1_606' title='bbox 1393 4114 1709 4184; x_wconf 82' lang='lat' dir='ltr'>gentilium,</span> <span class='ocrx_word' id='word_1_607' title='bbox 1741 4114 1845 4168; x_wconf 89' lang='lat' dir='ltr'>sub</span> <span class='ocrx_word' id='word_1_608' title='bbox 1928 4110 2277 4166; x_wconf 88' lang='lat' dir='ltr'>sublimitate</span> <span class='ocrx_word' id='word_1_609' title='bbox 2307 4107 2675 4165; x_wconf 83' lang='lat' dir='ltr'>descendunt,</span> <span class='ocrx_word' id='word_1_610' title='bbox 2710 4105 2933 4176; x_wconf 90' lang='lat' dir='ltr'>quando</span> <span class='ocrx_word' id='word_1_611' title='bbox 2989 4104 3302 4175; x_wconf 90' lang='lat' dir='ltr'>suscipiunt</span> <span class='ocrx_word' id='word_1_612' title='bbox 3347 4104 3530 4159; x_wconf 77' lang='lat' dir='ltr'>ofﬁcia</span> 
     </span>
    </p>
   </div>
   <div class='ocr_carea' id='block_1_79' title="bbox 231 4193 3527 4280">
    <p class='ocr_par' dir='ltr' id='par_1_79' title="bbox 231 4193 3527 4280">
     <span class='ocr_line' id='line_1_79' title="bbox 231 4193 3527 4280; baseline -0.002 -25"><span class='ocrx_word' id='word_1_613' title='bbox 231 4208 449 4267; x_wconf 80' lang='lat' dir='ltr'>peccato</span> <span class='ocrx_word' id='word_1_614' title='bbox 481 4202 847 4258; x_wconf 87' lang='lat' dir='ltr'>venundant.</span> <span class='ocrx_word' id='word_1_615' title='bbox 892 4221 918 4254; x_wconf 74' lang='grc' dir='ltr'><strong>α</strong></span> <span class='ocrx_word' id='word_1_616' title='bbox 952 4203 1019 4257; x_wconf 87' lang='lat' dir='ltr'>Et</span> <span class='ocrx_word' id='word_1_617' title='bbox 1049 4203 1095 4256; x_wconf 88' lang='lat' dir='ltr'>si</span> <span class='ocrx_word' id='word_1_618' title='bbox 1139 4202 1470 4256; x_wconf 90' lang='lat' dir='ltr'>ulciscimini</span> <span class='ocrx_word' id='word_1_619' title='bbox 1520 4220 1613 4256; x_wconf 90' lang='lat' dir='ltr'>vos</span> <span class='ocrx_word' id='word_1_620' title='bbox 1642 4209 1902 4280; x_wconf 81' lang='lat' dir='ltr'>contraD</span> <span class='ocrx_word' id='word_1_621' title='bbox 1925 4205 2224 4255; x_wconf 91' lang='lat' dir='ltr'>tortorum.</span> <span class='ocrx_word' id='word_1_622' title='bbox 2259 4217 2279 4247; x_wconf 77' lang='grc' dir='ltr'>ι</span> <span class='ocrx_word' id='word_1_623' title='bbox 2316 4196 2517 4249; x_wconf 85' lang='lat' dir='ltr'>Venite</span> <span class='ocrx_word' id='word_1_624' title='bbox 2545 4200 2603 4248; x_wconf 91' lang='lat' dir='ltr'>et</span> <span class='ocrx_word' id='word_1_625' title='bbox 2641 4193 2980 4258; x_wconf 89' lang='lat' dir='ltr'>descendite,</span> <span class='ocrx_word' id='word_1_626' title='bbox 3014 4193 3148 4263; x_wconf 90' lang='lat' dir='ltr'>quia</span> <span class='ocrx_word' id='word_1_627' title='bbox 3176 4193 3405 4263; x_wconf 91' lang='lat' dir='ltr'>plenum</span> <span class='ocrx_word' id='word_1_628' title='bbox 3437 4198 3527 4248; x_wconf 89' lang='lat' dir='ltr'>est</span> 
     </span>
    </p>
   </div>
   <div class='ocr_carea' id='block_1_80' title="bbox 230 4290 1846 4363">
    <p class='ocr_par' dir='ltr' id='par_1_80' title="bbox 230 4290 1846 4363">
     <span class='ocr_line' id='line_1_80' title="bbox 230 4290 1846 4363; baseline 0.004 -23"><span class='ocrx_word' id='word_1_629' title='bbox 230 4303 329 4351; x_wconf 85' lang='lat' dir='ltr'>me,</span> <span class='ocrx_word' id='word_1_630' title='bbox 350 4292 468 4344; x_wconf 88' lang='lat' dir='ltr'>cito</span> <span class='ocrx_word' id='word_1_631' title='bbox 501 4290 783 4344; x_wconf 82' lang='lat' dir='ltr'>velociter</span> <span class='ocrx_word' id='word_1_632' title='bbox 802 4292 1032 4345; x_wconf 89' lang='lat' dir='ltr'>reddam</span> <span class='ocrx_word' id='word_1_633' title='bbox 1056 4292 1491 4345; x_wconf 86' lang='lat' dir='ltr'>vicissitudinem</span> <span class='ocrx_word' id='word_1_634' title='bbox 1506 4291 1660 4345; x_wconf 83' lang='lat' dir='ltr'>vobis</span> <span class='ocrx_word' id='word_1_635' title='bbox 1675 4309 1846 4363; x_wconf 88' lang='lat' dir='ltr'>super</span> 
     </span>
    </p>
   </div>
   <div class='ocr_carea' id='block_1_81' title="bbox 230 4380 1844 4447">
    <p class='ocr_par' dir='ltr' id='par_1_81' title="bbox 230 4380 1844 4447">
     <span class='ocr_line' id='line_1_81' title="bbox 230 4380 1844 4447; baseline 0.005 -20"><span class='ocrx_word' id='word_1_636' title='bbox 230 4386 387 4446; x_wconf 84' lang='lat' dir='ltr'>caput</span> <span class='ocrx_word' id='word_1_637' title='bbox 404 4386 695 4433; x_wconf 87' lang='lat' dir='ltr'>vestrum.</span> <span class='ocrx_word' id='word_1_638' title='bbox 718 4380 1033 4447; x_wconf 81' lang='lat' dir='ltr'>Argentum</span> <span class='ocrx_word' id='word_1_639' title='bbox 1054 4380 1200 4434; x_wconf 90' lang='lat' dir='ltr'>enim</span> <span class='ocrx_word' id='word_1_640' title='bbox 1236 4397 1423 4434; x_wconf 91' lang='lat' dir='ltr'>meum</span> <span class='ocrx_word' id='word_1_641' title='bbox 1446 4386 1503 4434; x_wconf 90' lang='lat' dir='ltr'>et</span> <span class='ocrx_word' id='word_1_642' title='bbox 1522 4397 1722 4435; x_wconf 88' lang='lat' dir='ltr'>aurum</span> <span class='ocrx_word' id='word_1_643' title='bbox 1753 4386 1844 4435; x_wconf 89' lang='lat' dir='ltr'>tu-</span> 
     </span>
    </p>
   </div>
   <div class='ocr_carea' id='block_1_82' title="bbox 227 4464 1847 4540">
    <p class='ocr_par' dir='ltr' id='par_1_82' title="bbox 227 4464 1847 4540">
     <span class='ocr_line' id='line_1_82' title="bbox 227 4464 1847 4540; baseline 0.005 -24"><span class='ocrx_word' id='word_1_644' title='bbox 227 4464 380 4530; x_wconf 86' lang='lat' dir='ltr'>listis,</span> <span class='ocrx_word' id='word_1_645' title='bbox 414 4476 475 4523; x_wconf 88' lang='lat' dir='ltr'>et</span> <span class='ocrx_word' id='word_1_646' title='bbox 506 4468 921 4522; x_wconf 83' lang='lat' dir='ltr'>desiderabilia</span> <span class='ocrx_word' id='word_1_647' title='bbox 951 4486 1076 4523; x_wconf 91' lang='lat' dir='ltr'>mea</span> <span class='ocrx_word' id='word_1_648' title='bbox 1105 4476 1159 4523; x_wconf 93' lang='lat' dir='ltr'>et</span> <span class='ocrx_word' id='word_1_649' title='bbox 1180 4470 1559 4540; x_wconf 89' lang='lat' dir='ltr'>pulcherrima</span> <span class='ocrx_word' id='word_1_650' title='bbox 1610 4486 1735 4523; x_wconf 89' lang='lat' dir='ltr'>mea</span> <span class='ocrx_word' id='word_1_651' title='bbox 1764 4471 1847 4524; x_wconf 90' lang='lat' dir='ltr'>in-</span> 
     </span>
    </p>
   </div>
   <div class='ocr_carea' id='block_1_83' title="bbox 228 4554 1850 4613">
    <p class='ocr_par' dir='ltr' id='par_1_83' title="bbox 228 4554 1850 4613">
     <span class='ocr_line' id='line_1_83' title="bbox 228 4554 1850 4613; baseline 0.004 -6"><span class='ocrx_word' id='word_1_652' title='bbox 228 4554 425 4608; x_wconf 82' lang='lat' dir='ltr'>tulistis</span> <span class='ocrx_word' id='word_1_653' title='bbox 452 4558 517 4610; x_wconf 91' lang='lat' dir='ltr'>in</span> <span class='ocrx_word' id='word_1_654' title='bbox 552 4556 799 4610; x_wconf 88' lang='lat' dir='ltr'>delubra</span> <span class='ocrx_word' id='word_1_655' title='bbox 827 4564 1033 4612; x_wconf 85' lang='lat' dir='ltr'>vestra.</span> <span class='ocrx_word' id='word_1_656' title='bbox 1055 4559 1431 4613; x_wconf 86' lang='lat' dir='ltr'>etﬁliosJuda</span> <span class='ocrx_word' id='word_1_657' title='bbox 1462 4565 1518 4612; x_wconf 92' lang='lat' dir='ltr'>et</span> <span class='ocrx_word' id='word_1_658' title='bbox 1546 4559 1690 4612; x_wconf 85' lang='lat' dir='ltr'>ﬁlios</span> <span class='ocrx_word' id='word_1_659' title='bbox 1722 4559 1850 4613; x_wconf 89' lang='lat' dir='ltr'>Hie-</span> 
     </span>
    </p>
   </div>
   <div class='ocr_carea' id='block_1_84' title="bbox 226 4645 1846 4718">
    <p class='ocr_par' dir='ltr' id='par_1_84' title="bbox 226 4645 1846 4718">
     <span class='ocr_line' id='line_1_84' title="bbox 226 4645 1846 4718; baseline 0.003 -22"><span class='ocrx_word' id='word_1_660' title='bbox 226 4645 464 4700; x_wconf 86' lang='lat' dir='ltr'>rusalem</span> <span class='ocrx_word' id='word_1_661' title='bbox 484 4646 885 4700; x_wconf 75' lang='lat' dir='ltr'>vendiderunt</span> <span class='ocrx_word' id='word_1_662' title='bbox 913 4647 1045 4701; x_wconf 88' lang='lat' dir='ltr'>ﬁliis</span> <span class='ocrx_word' id='word_1_663' title='bbox 1074 4647 1319 4708; x_wconf 74' lang='lat' dir='ltr'>Grmciae,</span> <span class='ocrx_word' id='word_1_664' title='bbox 1337 4648 1575 4718; x_wconf 90' lang='lat' dir='ltr'>utlonge</span> <span class='ocrx_word' id='word_1_665' title='bbox 1589 4647 1846 4701; x_wconf 83' lang='lat' dir='ltr'>faceretis</span> 
     </span>
    </p>
   </div>
   <div class='ocr_carea' id='block_1_85' title="bbox 225 4734 1845 4807">
    <p class='ocr_par' dir='ltr' id='par_1_85' title="bbox 225 4734 1845 4807">
     <span class='ocr_line' id='line_1_85' title="bbox 225 4734 1845 4807; baseline 0.002 -21"><span class='ocrx_word' id='word_1_666' title='bbox 225 4747 312 4786; x_wconf 83' lang='lat' dir='ltr'>eos</span> <span class='ocrx_word' id='word_1_667' title='bbox 342 4734 414 4787; x_wconf 85' lang='lat' dir='ltr'>de</span> <span class='ocrx_word' id='word_1_668' title='bbox 445 4734 675 4787; x_wconf 83' lang='lat' dir='ltr'>ﬁnibus</span> <span class='ocrx_word' id='word_1_669' title='bbox 699 4735 836 4797; x_wconf 82' lang='lat' dir='ltr'>suis,</span> <span class='ocrx_word' id='word_1_670' title='bbox 874 4754 901 4788; x_wconf 69' lang='grc' dir='ltr'>γ)</span> <span class='ocrx_word' id='word_1_671' title='bbox 934 4735 989 4789; x_wconf 90' lang='lat' dir='ltr'>id</span> <span class='ocrx_word' id='word_1_672' title='bbox 1020 4741 1105 4789; x_wconf 89' lang='lat' dir='ltr'>est</span> <span class='ocrx_word' id='word_1_673' title='bbox 1133 4736 1236 4790; x_wconf 90' lang='lat' dir='ltr'>sub</span> <span class='ocrx_word' id='word_1_674' title='bbox 1265 4743 1512 4807; x_wconf 85' lang='lat' dir='ltr'>peccato,</span> <span class='ocrx_word' id='word_1_675' title='bbox 1547 4756 1568 4787; x_wconf 76' lang='grc' dir='ltr'>ι</span> <span class='ocrx_word' id='word_1_676' title='bbox 1594 4742 1658 4790; x_wconf 91' lang='lat' dir='ltr'>ut</span> <span class='ocrx_word' id='word_1_677' title='bbox 1677 4737 1845 4807; x_wconf 89' lang='lat' dir='ltr'>longe</span> 
     </span>
    </p>
   </div>
   <div class='ocr_carea' id='block_1_86' title="bbox 220 4822 1207 4879">
    <p class='ocr_par' dir='ltr' id='par_1_86' title="bbox 220 4822 1207 4879">
     <span class='ocr_line' id='line_1_86' title="bbox 220 4822 1207 4879; baseline 0.001 -4"><span class='ocrx_word' id='word_1_678' title='bbox 220 4836 311 4876; x_wconf 81' lang='lat' dir='ltr'>eos</span> <span class='ocrx_word' id='word_1_679' title='bbox 330 4822 605 4878; x_wconf 78' lang='lat' dir='ltr'>tacerent</span> <span class='ocrx_word' id='word_1_680' title='bbox 636 4822 707 4876; x_wconf 89' lang='lat' dir='ltr'>ab</span> <span class='ocrx_word' id='word_1_681' title='bbox 734 4823 993 4878; x_wconf 62' lang='lat' dir='ltr'>Ecclesiae</span> <span class='ocrx_word' id='word_1_682' title='bbox 1020 4825 1147 4879; x_wconf 84' lang='lat' dir='ltr'>fide.</span> <span class='ocrx_word' id='word_1_683' title='bbox 1185 4845 1207 4876; x_wconf 74' lang='grc' dir='ltr'><strong><em>ι</em></strong></span> 
     </span>
    </p>
   </div>
   <div class='ocr_carea' id='block_1_87' title="bbox 289 4913 1845 4986">
    <p class='ocr_par' dir='ltr' id='par_1_87' title="bbox 289 4913 1845 4986">
     <span class='ocr_line' id='line_1_87' title="bbox 289 4913 1845 4986; baseline 0.004 -25"><span class='ocrx_word' id='word_1_684' title='bbox 289 4931 311 4961; x_wconf 74' lang='grc' dir='ltr'><strong>ε</strong></span> <span class='ocrx_word' id='word_1_685' title='bbox 348 4913 494 4967; x_wconf 85' lang='lat' dir='ltr'>Ecce</span> <span class='ocrx_word' id='word_1_686' title='bbox 517 4913 928 4983; x_wconf 85' lang='lat' dir='ltr'>egosuscitabo</span> <span class='ocrx_word' id='word_1_687' title='bbox 954 4913 1077 4967; x_wconf 90' lang='lat' dir='ltr'>illos</span> <span class='ocrx_word' id='word_1_688' title='bbox 1107 4914 1176 4968; x_wconf 92' lang='lat' dir='ltr'>de</span> <span class='ocrx_word' id='word_1_689' title='bbox 1204 4915 1324 4969; x_wconf 89' lang='lat' dir='ltr'>loco</span> <span class='ocrx_word' id='word_1_690' title='bbox 1368 4915 1427 4969; x_wconf 89' lang='lat' dir='ltr'>in</span> <span class='ocrx_word' id='word_1_691' title='bbox 1458 4932 1568 4986; x_wconf 92' lang='lat' dir='ltr'>quo</span> <span class='ocrx_word' id='word_1_692' title='bbox 1600 4914 1845 4968; x_wconf 91' lang='lat' dir='ltr'>vendidi-</span> 
     </span>
    </p>
   </div>
   <div class='ocr_carea' id='block_1_88' title="bbox 220 4999 1845 5067">
    <p class='ocr_par' dir='ltr' id='par_1_88' title="bbox 220 4999 1845 5067">
     <span class='ocr_line' id='line_1_88' title="bbox 220 4999 1845 5067; baseline 0.004 -14"><span class='ocrx_word' id='word_1_693' title='bbox 220 4999 312 5054; x_wconf 86' lang='lat' dir='ltr'>stis</span> <span class='ocrx_word' id='word_1_694' title='bbox 325 5017 446 5067; x_wconf 85' lang='lat' dir='ltr'>eos,</span> <span class='ocrx_word' id='word_1_695' title='bbox 483 5008 549 5056; x_wconf 87' lang='lat' dir='ltr'>et</span> <span class='ocrx_word' id='word_1_696' title='bbox 578 5008 906 5056; x_wconf 87' lang='lat' dir='ltr'>convertam</span> <span class='ocrx_word' id='word_1_697' title='bbox 938 5003 1363 5059; x_wconf 88' lang='lat' dir='ltr'>retributionem</span> <span class='ocrx_word' id='word_1_698' title='bbox 1396 5011 1636 5059; x_wconf 90' lang='lat' dir='ltr'>vestram</span> <span class='ocrx_word' id='word_1_699' title='bbox 1660 5005 1716 5058; x_wconf 93' lang='lat' dir='ltr'>in</span> <span class='ocrx_word' id='word_1_700' title='bbox 1745 5021 1845 5059; x_wconf 81' lang='lat' dir='ltr'>ca-</span> 
     </span>
    </p>
   </div>
   <div class='ocr_carea' id='block_1_89' title="bbox 222 5092 1844 5164">
    <p class='ocr_par' dir='ltr' id='par_1_89' title="bbox 222 5092 1844 5164">
     <span class='ocr_line' id='line_1_89' title="bbox 222 5092 1844 5164; baseline 0.003 -22"><span class='ocrx_word' id='word_1_701' title='bbox 222 5096 598 5157; x_wconf 82' lang='lat' dir='ltr'>putvestrum</span> <span class='ocrx_word' id='word_1_702' title='bbox 618 5137 627 5145; x_wconf 90' lang='lat'>.</span> <span class='ocrx_word' id='word_1_703' title='bbox 647 5111 670 5141; x_wconf 73' lang='grc' dir='ltr'><strong><em>ι</em></strong></span> <span class='ocrx_word' id='word_1_704' title='bbox 706 5092 999 5146; x_wconf 86' lang='lat' dir='ltr'>Suscitabo</span> <span class='ocrx_word' id='word_1_705' title='bbox 1023 5093 1181 5163; x_wconf 88' lang='lat' dir='ltr'>quasi</span> <span class='ocrx_word' id='word_1_706' title='bbox 1195 5094 1464 5164; x_wconf 83' lang='lat' dir='ltr'>jacentes.</span> <span class='ocrx_word' id='word_1_707' title='bbox 1486 5095 1581 5162; x_wconf 88' lang='lat' dir='ltr'>qui</span> <span class='ocrx_word' id='word_1_708' title='bbox 1614 5094 1683 5147; x_wconf 91' lang='lat' dir='ltr'>de</span> <span class='ocrx_word' id='word_1_709' title='bbox 1722 5094 1844 5147; x_wconf 88' lang='lat' dir='ltr'>fun-</span> 
     </span>
    </p>
   </div>
   <div class='ocr_carea' id='block_1_90' title="bbox 222 5176 1842 5254">
    <p class='ocr_par' dir='ltr' id='par_1_90' title="bbox 222 5176 1842 5254">
     <span class='ocr_line' id='line_1_90' title="bbox 222 5176 1842 5254; baseline 0.004 -24"><span class='ocrx_word' id='word_1_710' title='bbox 222 5176 485 5235; x_wconf 83' lang='lat' dir='ltr'>damento</span> <span class='ocrx_word' id='word_1_711' title='bbox 511 5180 787 5235; x_wconf 70' lang='lat' dir='ltr'>Ecclesiae</span> <span class='ocrx_word' id='word_1_712' title='bbox 827 5181 1002 5235; x_wconf 89' lang='lat' dir='ltr'>evulsi</span> <span class='ocrx_word' id='word_1_713' title='bbox 1031 5188 1182 5246; x_wconf 89' lang='lat' dir='ltr'>sunt,</span> <span class='ocrx_word' id='word_1_714' title='bbox 1210 5181 1268 5237; x_wconf 89' lang='lat' dir='ltr'>in</span> <span class='ocrx_word' id='word_1_715' title='bbox 1300 5184 1597 5254; x_wconf 86' lang='lat' dir='ltr'>pristinum</span> <span class='ocrx_word' id='word_1_716' title='bbox 1630 5188 1842 5237; x_wconf 87' lang='lat' dir='ltr'>statum</span> 
     </span>
    </p>
   </div>
   <div class='ocr_carea' id='block_1_91' title="bbox 222 5266 1843 5341">
    <p class='ocr_par' dir='ltr' id='par_1_91' title="bbox 222 5266 1843 5341">
     <span class='ocr_line' id='line_1_91' title="bbox 222 5266 1843 5341; baseline 0.005 -23"><span class='ocrx_word' id='word_1_717' title='bbox 222 5266 341 5322; x_wconf 86' lang='lat' dir='ltr'>ﬁdei</span> <span class='ocrx_word' id='word_1_718' title='bbox 360 5268 739 5330; x_wconf 83' lang='lat' dir='ltr'>restaurabo,</span> <span class='ocrx_word' id='word_1_719' title='bbox 767 5275 938 5341; x_wconf 90' lang='lat' dir='ltr'>atque</span> <span class='ocrx_word' id='word_1_720' title='bbox 968 5270 1025 5325; x_wconf 89' lang='lat' dir='ltr'>in</span> <span class='ocrx_word' id='word_1_721' title='bbox 1082 5277 1252 5341; x_wconf 89' lang='lat' dir='ltr'>caput</span> <span class='ocrx_word' id='word_1_722' title='bbox 1300 5280 1569 5330; x_wconf 91' lang='lat' dir='ltr'>vestrum.</span> <span class='ocrx_word' id='word_1_723' title='bbox 1611 5272 1717 5326; x_wconf 88' lang='lat' dir='ltr'>hoc</span> <span class='ocrx_word' id='word_1_724' title='bbox 1754 5278 1843 5326; x_wconf 91' lang='lat' dir='ltr'>est</span> 
     </span>
    </p>
   </div>
   <div class='ocr_carea' id='block_1_92' title="bbox 224 5353 1841 5429">
    <p class='ocr_par' dir='ltr' id='par_1_92' title="bbox 224 5353 1841 5429">
     <span class='ocr_line' id='line_1_92' title="bbox 224 5353 1841 5429; baseline 0.004 -18"><span class='ocrx_word' id='word_1_725' title='bbox 224 5353 634 5414; x_wconf 62' lang='lat' dir='ltr'>hereticorum</span> <span class='ocrx_word' id='word_1_726' title='bbox 675 5359 771 5429; x_wconf 87' lang='lat' dir='ltr'>qui</span> <span class='ocrx_word' id='word_1_727' title='bbox 836 5375 932 5414; x_wconf 88' lang='lat' dir='ltr'>eos</span> <span class='ocrx_word' id='word_1_728' title='bbox 989 5360 1310 5426; x_wconf 86' lang='lat' dir='ltr'>seduxistis,</span> <span class='ocrx_word' id='word_1_729' title='bbox 1363 5361 1635 5417; x_wconf 90' lang='lat' dir='ltr'>ultionem</span> <span class='ocrx_word' id='word_1_730' title='bbox 1674 5362 1841 5417; x_wconf 85' lang='lat' dir='ltr'>resti-</span> 
     </span>
    </p>
   </div>
   <div class='ocr_carea' id='block_1_93' title="bbox 222 5450 385 5504">
    <p class='ocr_par' dir='ltr' id='par_1_93' title="bbox 222 5450 385 5504">
     <span class='ocr_line' id='line_1_93' title="bbox 222 5450 385 5504; baseline 0.012 -2"><span class='ocrx_word' id='word_1_731' title='bbox 222 5450 385 5504; x_wconf 74' lang='lat' dir='ltr'>mam.</span> 
     </span>
    </p>
   </div>
   <div class='ocr_carea' id='block_1_94' title="bbox 285 5536 1845 5601">
    <p class='ocr_par' dir='ltr' id='par_1_94' title="bbox 285 5536 1845 5601">
     <span class='ocr_line' id='line_1_94' title="bbox 285 5536 1845 5601; baseline 0.006 -12"><span class='ocrx_word' id='word_1_732' title='bbox 285 5554 311 5589; x_wconf 76' lang='grc' dir='ltr'>ι</span> <span class='ocrx_word' id='word_1_733' title='bbox 341 5537 415 5593; x_wconf 87' lang='lat' dir='ltr'>Et</span> <span class='ocrx_word' id='word_1_734' title='bbox 441 5536 706 5593; x_wconf 78' lang='lat' dir='ltr'>vendam</span> <span class='ocrx_word' id='word_1_735' title='bbox 729 5539 875 5597; x_wconf 82' lang='lat' dir='ltr'>ﬁlios</span> <span class='ocrx_word' id='word_1_736' title='bbox 891 5545 1105 5600; x_wconf 86' lang='lat' dir='ltr'>vestros</span> <span class='ocrx_word' id='word_1_737' title='bbox 1137 5550 1192 5601; x_wconf 86' lang='lat' dir='ltr'>et</span> <span class='ocrx_word' id='word_1_738' title='bbox 1222 5544 1368 5601; x_wconf 87' lang='lat' dir='ltr'>ﬁlias</span> <span class='ocrx_word' id='word_1_739' title='bbox 1398 5549 1613 5601; x_wconf 88' lang='lat' dir='ltr'>vestras</span> <span class='ocrx_word' id='word_1_740' title='bbox 1641 5541 1700 5598; x_wconf 91' lang='lat' dir='ltr'>in</span> <span class='ocrx_word' id='word_1_741' title='bbox 1726 5560 1845 5599; x_wconf 90' lang='lat' dir='ltr'>ma-</span> 
     </span>
    </p>
   </div>
   <div class='ocr_carea' id='block_1_95' title="bbox 224 5624 1844 5708">
    <p class='ocr_par' dir='ltr' id='par_1_95' title="bbox 224 5624 1844 5708">
     <span class='ocr_line' id='line_1_95' title="bbox 224 5624 1844 5708; baseline 0.004 -27"><span class='ocrx_word' id='word_1_742' title='bbox 224 5624 377 5683; x_wconf 80' lang='lat' dir='ltr'>nibus</span> <span class='ocrx_word' id='word_1_743' title='bbox 406 5629 683 5684; x_wconf 85' lang='lat' dir='ltr'>ﬁliorum</span> <span class='ocrx_word' id='word_1_744' title='bbox 710 5626 873 5694; x_wconf 82' lang='lat' dir='ltr'>Iuda,</span> <span class='ocrx_word' id='word_1_745' title='bbox 913 5648 936 5683; x_wconf 83' lang='grc'><strong>›</strong></span> <span class='ocrx_word' id='word_1_746' title='bbox 957 5631 1016 5688; x_wconf 89' lang='lat' dir='ltr'>id</span> <span class='ocrx_word' id='word_1_747' title='bbox 1065 5641 1154 5690; x_wconf 86' lang='lat' dir='ltr'>est</span> <span class='ocrx_word' id='word_1_748' title='bbox 1203 5652 1297 5691; x_wconf 89' lang='lat' dir='ltr'>eos</span> <span class='ocrx_word' id='word_1_749' title='bbox 1325 5652 1465 5708; x_wconf 91' lang='lat' dir='ltr'>quos</span> <span class='ocrx_word' id='word_1_750' title='bbox 1494 5634 1564 5690; x_wconf 90' lang='lat' dir='ltr'>de</span> <span class='ocrx_word' id='word_1_751' title='bbox 1594 5632 1844 5690; x_wconf 89' lang='lat' dir='ltr'>Ecclesia</span> 
     </span>
    </p>
   </div>
   <div class='ocr_carea' id='block_1_96' title="bbox 453 5728 1030 5795">
    <p class='ocr_par' dir='ltr' id='par_1_96' title="bbox 453 5728 1030 5795">
     <span class='ocr_line' id='line_1_96' title="bbox 453 5728 1030 5795; baseline 0.002 -3"><span class='ocrx_word' id='word_1_752' title='bbox 453 5728 742 5793; x_wconf 59' lang='lat' dir='ltr'>Panos.</span> <span class='ocrx_word' id='word_1_753' title='bbox 792 5730 1030 5795; x_wconf 84' lang='lat' dir='ltr'>CXVII.</span> 
     </span>
    </p>
   </div>
   <div class='ocr_carea' id='block_1_97' title="bbox 1927 4281 3530 4353">
    <p class='ocr_par' dir='ltr' id='par_1_97' title="bbox 1927 4281 3530 4353">
     <span class='ocr_line' id='line_1_97' title="bbox 1927 4281 3530 4353; baseline -0.004 -11"><span class='ocrx_word' id='word_1_754' title='bbox 1927 4288 2174 4342; x_wconf 84' lang='lat' dir='ltr'>torcular</span> <span class='ocrx_word' id='word_1_755' title='bbox 2196 4305 2207 4339; x_wconf 89' lang='lat'>:</span> <span class='ocrx_word' id='word_1_756' title='bbox 2241 4284 2550 4339; x_wconf 84' lang='lat' dir='ltr'>exuberant</span> <span class='ocrx_word' id='word_1_757' title='bbox 2568 4281 3031 4353; x_wconf 82' lang='lat' dir='ltr'>torcularia.quia</span> <span class='ocrx_word' id='word_1_758' title='bbox 3047 4281 3421 4352; x_wconf 87' lang='lat' dir='ltr'>multiplicata</span> <span class='ocrx_word' id='word_1_759' title='bbox 3443 4286 3530 4336; x_wconf 88' lang='lat' dir='ltr'>est</span> 
     </span>
    </p>
   </div>
   <div class='ocr_carea' id='block_1_98' title="bbox 1927 4370 3530 4431">
    <p class='ocr_par' dir='ltr' id='par_1_98' title="bbox 1927 4370 3530 4431">
     <span class='ocr_line' id='line_1_98' title="bbox 1927 4370 3530 4431; baseline -0.004 0"><span class='ocrx_word' id='word_1_760' title='bbox 1927 4377 2144 4431; x_wconf 86' lang='lat' dir='ltr'>malitia</span> <span class='ocrx_word' id='word_1_761' title='bbox 2164 4391 2380 4429; x_wconf 89' lang='lat' dir='ltr'>eorum.</span> <span class='ocrx_word' id='word_1_762' title='bbox 2407 4391 2433 4426; x_wconf 83' lang='lat'>»</span> <span class='ocrx_word' id='word_1_763' title='bbox 2454 4374 2480 4428; x_wconf 88' lang='lat' dir='ltr'><strong>J</strong></span> <span class='ocrx_word' id='word_1_764' title='bbox 2487 4389 2576 4427; x_wconf 89' lang='lat' dir='ltr'>am</span> <span class='ocrx_word' id='word_1_765' title='bbox 2599 4372 2876 4426; x_wconf 87' lang='lat' dir='ltr'>redundat</span> <span class='ocrx_word' id='word_1_766' title='bbox 2903 4370 3147 4425; x_wconf 89' lang='lat' dir='ltr'>mundus</span> <span class='ocrx_word' id='word_1_767' title='bbox 3169 4371 3254 4425; x_wconf 90' lang='lat' dir='ltr'>vel</span> <span class='ocrx_word' id='word_1_768' title='bbox 3281 4371 3530 4426; x_wconf 86' lang='lat' dir='ltr'>torcular</span> 
     </span>
    </p>
   </div>
   <div class='ocr_carea' id='block_1_99' title="bbox 1928 4460 3528 4536">
    <p class='ocr_par' dir='ltr' id='par_1_99' title="bbox 1928 4460 3528 4536">
     <span class='ocr_line' id='line_1_99' title="bbox 1928 4460 3528 4536; baseline -0.002 -16"><span class='ocrx_word' id='word_1_769' title='bbox 1928 4464 2336 4536; x_wconf 89' lang='lat' dir='ltr'>iniquitatibus,</span> <span class='ocrx_word' id='word_1_770' title='bbox 2364 4464 2485 4532; x_wconf 87' lang='lat' dir='ltr'>jam</span> <span class='ocrx_word' id='word_1_771' title='bbox 2515 4462 2666 4516; x_wconf 89' lang='lat' dir='ltr'>ultra</span> <span class='ocrx_word' id='word_1_772' title='bbox 2695 4477 2895 4532; x_wconf 85' lang='lat' dir='ltr'>capere</span> <span class='ocrx_word' id='word_1_773' title='bbox 2914 4476 3026 4514; x_wconf 90' lang='lat' dir='ltr'>non</span> <span class='ocrx_word' id='word_1_774' title='bbox 3054 4460 3528 4531; x_wconf 87' lang='lat' dir='ltr'>potestmalitiam</span> 
     </span>
    </p>
   </div>
   <div class='ocr_carea' id='block_1_100' title="bbox 1929 4552 2427 4624">
    <p class='ocr_par' dir='ltr' id='par_1_100' title="bbox 1929 4552 2427 4624">
     <span class='ocr_line' id='line_1_100' title="bbox 1929 4552 2427 4624; baseline -0.01 -15"><span class='ocrx_word' id='word_1_775' title='bbox 1929 4556 2003 4609; x_wconf 89' lang='lat' dir='ltr'>hu</span> <span class='ocrx_word' id='word_1_776' title='bbox 2014 4554 2163 4608; x_wconf 88' lang='lat' dir='ltr'>mani</span> <span class='ocrx_word' id='word_1_777' title='bbox 2186 4552 2427 4624; x_wconf 89' lang='lat' dir='ltr'>generis.</span> 
     </span>
    </p>
   </div>
   <div class='ocr_carea' id='block_1_101' title="bbox 2004 4637 3529 4713">
    <p class='ocr_par' dir='ltr' id='par_1_101' title="bbox 2004 4637 3529 4713">
     <span class='ocr_line' id='line_1_101' title="bbox 2004 4637 3529 4713; baseline 0 -18"><span class='ocrx_word' id='word_1_778' title='bbox 2004 4661 2029 4695; x_wconf 75' lang='lat' dir='ltr'>cx</span> <span class='ocrx_word' id='word_1_779' title='bbox 2061 4643 2278 4713; x_wconf 92' lang='lat' dir='ltr'>Populi,</span> <span class='ocrx_word' id='word_1_780' title='bbox 2312 4640 2500 4712; x_wconf 88' lang='lat' dir='ltr'>populi</span> <span class='ocrx_word' id='word_1_781' title='bbox 2537 4641 2596 4694; x_wconf 90' lang='lat' dir='ltr'>in</span> <span class='ocrx_word' id='word_1_782' title='bbox 2641 4640 2785 4693; x_wconf 90' lang='lat' dir='ltr'>valle</span> <span class='ocrx_word' id='word_1_783' title='bbox 2829 4637 3179 4705; x_wconf 87' lang='lat' dir='ltr'>concisionis,</span> <span class='ocrx_word' id='word_1_784' title='bbox 3213 4639 3346 4710; x_wconf 88' lang='lat' dir='ltr'>quia</span> <span class='ocrx_word' id='word_1_785' title='bbox 3364 4641 3529 4710; x_wconf 87' lang='lat' dir='ltr'>juxta</span> 
     </span>
    </p>
   </div>
   <div class='ocr_carea' id='block_1_102' title="bbox 1928 4726 3526 4798">
    <p class='ocr_par' dir='ltr' id='par_1_102' title="bbox 1928 4726 3526 4798">
     <span class='ocr_line' id='line_1_102' title="bbox 1928 4726 3526 4798; baseline -0.003 -11"><span class='ocrx_word' id='word_1_786' title='bbox 1928 4739 2015 4787; x_wconf 88' lang='lat' dir='ltr'>est</span> <span class='ocrx_word' id='word_1_787' title='bbox 2041 4733 2161 4786; x_wconf 88' lang='lat' dir='ltr'>dies</span> <span class='ocrx_word' id='word_1_788' title='bbox 2186 4730 2404 4785; x_wconf 90' lang='lat' dir='ltr'>Domini</span> <span class='ocrx_word' id='word_1_789' title='bbox 2434 4730 2492 4783; x_wconf 92' lang='lat' dir='ltr'>in</span> <span class='ocrx_word' id='word_1_790' title='bbox 2518 4731 2658 4783; x_wconf 88' lang='lat' dir='ltr'>valle</span> <span class='ocrx_word' id='word_1_791' title='bbox 2685 4726 3042 4784; x_wconf 89' lang='lat' dir='ltr'>concisionis.</span> <span class='ocrx_word' id='word_1_792' title='bbox 3088 4747 3110 4778; x_wconf 75' lang='grc' dir='ltr'><strong><em>ι</em></strong></span> <span class='ocrx_word' id='word_1_793' title='bbox 3151 4728 3526 4798; x_wconf 88' lang='lat' dir='ltr'>Nequaquam</span> 
     </span>
    </p>
   </div>
   <div class='ocr_carea' id='block_1_103' title="bbox 1926 4814 3526 4891">
    <p class='ocr_par' dir='ltr' id='par_1_103' title="bbox 1926 4814 3526 4891">
     <span class='ocr_line' id='line_1_103' title="bbox 1926 4814 3526 4891; baseline -0.003 -15"><span class='ocrx_word' id='word_1_794' title='bbox 1926 4822 2064 4876; x_wconf 83' lang='lat' dir='ltr'>dixit</span> <span class='ocrx_word' id='word_1_795' title='bbox 2088 4820 2382 4891; x_wconf 87' lang='lat' dir='ltr'>judicium,</span> <span class='ocrx_word' id='word_1_796' title='bbox 2416 4835 2487 4873; x_wconf 91' lang='lat' dir='ltr'>ne</span> <span class='ocrx_word' id='word_1_797' title='bbox 2512 4819 2595 4871; x_wconf 89' lang='lat' dir='ltr'>vel</span> <span class='ocrx_word' id='word_1_798' title='bbox 2626 4816 2856 4871; x_wconf 89' lang='lat' dir='ltr'>dubiam</span> <span class='ocrx_word' id='word_1_799' title='bbox 2882 4814 3220 4869; x_wconf 88' lang='lat' dir='ltr'>sententiam</span> <span class='ocrx_word' id='word_1_800' title='bbox 3252 4815 3433 4870; x_wconf 88' lang='lat' dir='ltr'>facere</span> <span class='ocrx_word' id='word_1_801' title='bbox 3447 4816 3526 4871; x_wconf 86' lang='lat' dir='ltr'>vi-</span> 
     </span>
    </p>
   </div>
   <div class='ocr_carea' id='block_1_104' title="bbox 1926 4903 3524 4976">
    <p class='ocr_par' dir='ltr' id='par_1_104' title="bbox 1926 4903 3524 4976">
     <span class='ocr_line' id='line_1_104' title="bbox 1926 4903 3524 4976; baseline -0.004 -10"><span class='ocrx_word' id='word_1_802' title='bbox 1926 4913 2175 4976; x_wconf 87' lang='lat' dir='ltr'>deretur,</span> <span class='ocrx_word' id='word_1_803' title='bbox 2197 4910 2294 4964; x_wconf 90' lang='lat' dir='ltr'>sed</span> <span class='ocrx_word' id='word_1_804' title='bbox 2315 4907 2687 4963; x_wconf 89' lang='lat' dir='ltr'>concisionem</span> <span class='ocrx_word' id='word_1_805' title='bbox 2722 4903 2925 4976; x_wconf 85' lang='lat' dir='ltr'>posuit,</span> <span class='ocrx_word' id='word_1_806' title='bbox 2941 4904 3030 4958; x_wconf 91' lang='lat' dir='ltr'>cui</span> <span class='ocrx_word' id='word_1_807' title='bbox 3059 4920 3354 4959; x_wconf 87' lang='lat' dir='ltr'>remanere</span> <span class='ocrx_word' id='word_1_808' title='bbox 3381 4904 3524 4960; x_wconf 89' lang='lat' dir='ltr'>nihil</span> 
     </span>
    </p>
   </div>
   <div class='ocr_carea' id='block_1_105' title="bbox 1926 5001 2121 5073">
    <p class='ocr_par' dir='ltr' id='par_1_105' title="bbox 1926 5001 2121 5073">
     <span class='ocr_line' id='line_1_105' title="bbox 1926 5001 2121 5073; baseline -0.01 -18"><span class='ocrx_word' id='word_1_809' title='bbox 1926 5001 2121 5073; x_wconf 88' lang='lat' dir='ltr'>possit.</span> 
     </span>
    </p>
   </div>
   <div class='ocr_carea' id='block_1_106' title="bbox 2002 5080 3526 5145">
    <p class='ocr_par' dir='ltr' id='par_1_106' title="bbox 2002 5080 3526 5145">
     <span class='ocr_line' id='line_1_106' title="bbox 2002 5080 3526 5145; baseline 0 -3"><span class='ocrx_word' id='word_1_810' title='bbox 2002 5112 2022 5142; x_wconf 74' lang='grc' dir='ltr'>ι</span> <span class='ocrx_word' id='word_1_811' title='bbox 2051 5090 2145 5145; x_wconf 90' lang='lat' dir='ltr'>Sol</span> <span class='ocrx_word' id='word_1_812' title='bbox 2184 5094 2240 5142; x_wconf 92' lang='lat' dir='ltr'>et</span> <span class='ocrx_word' id='word_1_813' title='bbox 2264 5089 2401 5142; x_wconf 87' lang='lat' dir='ltr'>luna</span> <span class='ocrx_word' id='word_1_814' title='bbox 2425 5080 2775 5140; x_wconf 90' lang='lat' dir='ltr'>obtenebrati</span> <span class='ocrx_word' id='word_1_815' title='bbox 2810 5088 2963 5144; x_wconf 88' lang='lat' dir='ltr'>sunt,</span> <span class='ocrx_word' id='word_1_816' title='bbox 2988 5085 3047 5136; x_wconf 90' lang='lat' dir='ltr'>et</span> <span class='ocrx_word' id='word_1_817' title='bbox 3074 5083 3249 5138; x_wconf 69' lang='lat' dir='ltr'>stella:</span> <span class='ocrx_word' id='word_1_818' title='bbox 3272 5089 3526 5143; x_wconf 76' lang='lat' dir='ltr'>retraxe-</span> 
     </span>
    </p>
   </div>
   <div class='ocr_carea' id='block_1_107' title="bbox 1924 5171 3527 5250">
    <p class='ocr_par' dir='ltr' id='par_1_107' title="bbox 1924 5171 3527 5250">
     <span class='ocr_line' id='line_1_107' title="bbox 1924 5171 3527 5250; baseline -0.005 -16"><span class='ocrx_word' id='word_1_819' title='bbox 1924 5185 2059 5234; x_wconf 89' lang='lat' dir='ltr'>runt</span> <span class='ocrx_word' id='word_1_820' title='bbox 2086 5178 2439 5250; x_wconf 85' lang='lat' dir='ltr'>splendorem</span> <span class='ocrx_word' id='word_1_821' title='bbox 2471 5189 2654 5229; x_wconf 91' lang='lat' dir='ltr'>suum.</span> <span class='ocrx_word' id='word_1_822' title='bbox 2683 5191 2709 5225; x_wconf 71' lang='grc' dir='ltr'>ι)</span> <span class='ocrx_word' id='word_1_823' title='bbox 2751 5173 2867 5236; x_wconf 90' lang='lat' dir='ltr'>Sol,</span> <span class='ocrx_word' id='word_1_824' title='bbox 2918 5171 3210 5239; x_wconf 87' lang='lat' dir='ltr'>Christus;</span> <span class='ocrx_word' id='word_1_825' title='bbox 3242 5173 3399 5239; x_wconf 89' lang='lat' dir='ltr'>luna,</span> <span class='ocrx_word' id='word_1_826' title='bbox 3428 5176 3527 5231; x_wconf 82' lang='lat' dir='ltr'>Ec-</span> 
     </span>
    </p>
   </div>
   <div class='ocr_carea' id='block_1_108' title="bbox 1924 5261 3529 5333">
    <p class='ocr_par' dir='ltr' id='par_1_108' title="bbox 1924 5261 3529 5333">
     <span class='ocr_line' id='line_1_108' title="bbox 1924 5261 3529 5333; baseline -0.002 -9"><span class='ocrx_word' id='word_1_827' title='bbox 1924 5269 2112 5324; x_wconf 87' lang='lat' dir='ltr'>clesia.</span> <span class='ocrx_word' id='word_1_828' title='bbox 2148 5267 2332 5321; x_wconf 67' lang='lat' dir='ltr'>Stella:</span> <span class='ocrx_word' id='word_1_829' title='bbox 2363 5280 2490 5318; x_wconf 89' lang='lat' dir='ltr'>vero</span> <span class='ocrx_word' id='word_1_830' title='bbox 2520 5261 2730 5317; x_wconf 89' lang='lat' dir='ltr'>Christi</span> <span class='ocrx_word' id='word_1_831' title='bbox 2780 5266 3138 5316; x_wconf 87' lang='lat' dir='ltr'>retraxerunt</span> <span class='ocrx_word' id='word_1_832' title='bbox 3170 5263 3529 5333; x_wconf 87' lang='lat' dir='ltr'>splendorem</span> 
     </span>
    </p>
   </div>
   <div class='ocr_carea' id='block_1_109' title="bbox 1926 5350 3526 5424">
    <p class='ocr_par' dir='ltr' id='par_1_109' title="bbox 1926 5350 3526 5424">
     <span class='ocr_line' id='line_1_109' title="bbox 1926 5350 3526 5424; baseline -0.003 -12"><span class='ocrx_word' id='word_1_833' title='bbox 1926 5373 2089 5412; x_wconf 90' lang='lat' dir='ltr'>suum</span> <span class='ocrx_word' id='word_1_834' title='bbox 2118 5354 2206 5408; x_wconf 90' lang='lat' dir='ltr'>his</span> <span class='ocrx_word' id='word_1_835' title='bbox 2237 5354 2333 5424; x_wconf 90' lang='lat' dir='ltr'>qui</span> <span class='ocrx_word' id='word_1_836' title='bbox 2361 5351 2781 5406; x_wconf 88' lang='lat' dir='ltr'>cruciabuntur.</span> <span class='ocrx_word' id='word_1_837' title='bbox 2816 5350 3013 5420; x_wconf 89' lang='lat' dir='ltr'>Neque</span> <span class='ocrx_word' id='word_1_838' title='bbox 3044 5350 3193 5404; x_wconf 90' lang='lat' dir='ltr'>enim</span> <span class='ocrx_word' id='word_1_839' title='bbox 3220 5351 3526 5409; x_wconf 86' lang='lat' dir='ltr'>merebun-</span> 
     </span>
    </p>
   </div>
   <div class='ocr_carea' id='block_1_110' title="bbox 1928 5439 3351 5515">
    <p class='ocr_par' dir='ltr' id='par_1_110' title="bbox 1928 5439 3351 5515">
     <span class='ocr_line' id='line_1_110' title="bbox 1928 5439 3351 5515; baseline -0.005 -13"><span class='ocrx_word' id='word_1_840' title='bbox 1928 5453 2039 5511; x_wconf 91' lang='lat' dir='ltr'>tur,</span> <span class='ocrx_word' id='word_1_841' title='bbox 2065 5444 2239 5515; x_wconf 91' lang='lat' dir='ltr'>quiin</span> <span class='ocrx_word' id='word_1_842' title='bbox 2263 5458 2427 5513; x_wconf 75' lang='lat' dir='ltr'>poena</span> <span class='ocrx_word' id='word_1_843' title='bbox 2451 5446 2637 5501; x_wconf 90' lang='lat' dir='ltr'>erunt,</span> <span class='ocrx_word' id='word_1_844' title='bbox 2671 5440 2863 5494; x_wconf 89' lang='lat' dir='ltr'>lumen</span> <span class='ocrx_word' id='word_1_845' title='bbox 2888 5439 3123 5508; x_wconf 68' lang='lat' dir='ltr'>justitiae</span> <span class='ocrx_word' id='word_1_846' title='bbox 3144 5440 3351 5495; x_wconf 88' lang='lat' dir='ltr'>videre.</span> 
     </span>
    </p>
   </div>
   <div class='ocr_carea' id='block_1_111' title="bbox 2001 5527 3527 5599">
    <p class='ocr_par' dir='ltr' id='par_1_111' title="bbox 2001 5527 3527 5599">
     <span class='ocr_line' id='line_1_111' title="bbox 2001 5527 3527 5599; baseline -0.003 -10"><span class='ocrx_word' id='word_1_847' title='bbox 2001 5554 2027 5588; x_wconf 78' lang='grc' dir='ltr'><strong><em>α</em></strong></span> <span class='ocrx_word' id='word_1_848' title='bbox 2049 5534 2117 5589; x_wconf 89' lang='lat' dir='ltr'>Et</span> <span class='ocrx_word' id='word_1_849' title='bbox 2130 5531 2401 5588; x_wconf 88' lang='lat' dir='ltr'>Dominus</span> <span class='ocrx_word' id='word_1_850' title='bbox 2418 5530 2487 5584; x_wconf 93' lang='lat' dir='ltr'>de</span> <span class='ocrx_word' id='word_1_851' title='bbox 2504 5530 2641 5584; x_wconf 90' lang='lat' dir='ltr'>Sion</span> <span class='ocrx_word' id='word_1_852' title='bbox 2660 5528 2865 5599; x_wconf 87' lang='lat' dir='ltr'>rugiet,</span> <span class='ocrx_word' id='word_1_853' title='bbox 2880 5532 2939 5581; x_wconf 89' lang='lat' dir='ltr'>et</span> <span class='ocrx_word' id='word_1_854' title='bbox 2960 5527 3031 5581; x_wconf 90' lang='lat' dir='ltr'>de</span> <span class='ocrx_word' id='word_1_855' title='bbox 3048 5528 3401 5584; x_wconf 87' lang='lat' dir='ltr'>Hierusalem</span> <span class='ocrx_word' id='word_1_856' title='bbox 3430 5529 3527 5585; x_wconf 86' lang='lat' dir='ltr'>da-</span> 
     </span>
    </p>
   </div>
   <div class='ocr_carea' id='block_1_112' title="bbox 1924 5616 3521 5693">
    <p class='ocr_par' dir='ltr' id='par_1_112' title="bbox 1924 5616 3521 5693">
     <span class='ocr_line' id='line_1_112' title="bbox 1924 5616 3521 5693; baseline -0.008 -10"><span class='ocrx_word' id='word_1_857' title='bbox 1924 5628 2010 5683; x_wconf 89' lang='lat' dir='ltr'>bit</span> <span class='ocrx_word' id='word_1_858' title='bbox 2027 5640 2218 5680; x_wconf 89' lang='lat' dir='ltr'>vocem</span> <span class='ocrx_word' id='word_1_859' title='bbox 2236 5637 2421 5693; x_wconf 82' lang='lat' dir='ltr'>suam,</span> <span class='ocrx_word' id='word_1_860' title='bbox 2448 5624 2506 5679; x_wconf 89' lang='lat' dir='ltr'>et</span> <span class='ocrx_word' id='word_1_861' title='bbox 2536 5617 2912 5674; x_wconf 88' lang='lat' dir='ltr'>movebuntur</span> <span class='ocrx_word' id='word_1_862' title='bbox 2954 5616 3160 5673; x_wconf 86' lang='lat' dir='ltr'>coelum</span> <span class='ocrx_word' id='word_1_863' title='bbox 3190 5623 3249 5673; x_wconf 90' lang='lat' dir='ltr'>et</span> <span class='ocrx_word' id='word_1_864' title='bbox 3278 5622 3451 5683; x_wconf 85' lang='lat' dir='ltr'>terra,</span> <span class='ocrx_word' id='word_1_865' title='bbox 3494 5634 3521 5671; x_wconf 65' lang='grc' dir='ltr'><strong>υ</strong></span> 
     </span>
    </p>
   </div>
   <div class='ocr_carea' id='block_1_113' title="bbox 3228 5715 3269 5780">
    <p class='ocr_par' dir='ltr' id='par_1_113' title="bbox 3228 5715 3269 5780">
     <span class='ocr_line' id='line_1_113' title="bbox 3228 5715 3269 5780; baseline 0 -2"><span class='ocrx_word' id='word_1_866' title='bbox 3228 5715 3269 5780; x_wconf 66' lang='grc'>4</span> 
     </span>
    </p>
   </div>
  </div>
