4062 6168
526 320 627 378 Ml

952 316 1332 373 HAYMONIS
1370 291 1856 369 HALBERSTAT.
1899 309 2124 365 EPISC.
2166 308 2326 363 OPP.
2367 308 2552 362 PARS
2590 307 2635 361 Ι.
2680 338 2741 350 --
2780 307 3153 362 COMMENT.
3199 307 3382 363 BIBL.

3699 309 3800 367 ll?

601 464 624 496 ι
660 441 731 496 Et
764 441 972 515 peribit
988 440 1122 512 fuga
1150 456 1184 493 a
1205 440 1406 503 veloce,
1435 443 1492 490 et
1518 437 1676 491 fortis
1713 452 1822 489 non
1845 433 2117 488 obtinebit
2128 432 2181 494 A
2198 434 2482 492 Samaria}.
2517 438 2574 487 et
2599 433 2781 486 videte
2797 432 3046 486 insanias
3066 435 3273 487 multas
3300 434 3357 488 in
3383 435 3571 489 medio
3592 436 3804 506 ejus.et

524 533 791 587 virtutem
821 547 1001 596 suam,
1051 538 1109 582 et
1151 527 1412 581 robustus
1442 542 1551 578 non
1592 524 1830 577 salvabit
1864 524 2111 577 animam

524 638 706 685 suam,
734 626 791 673 et
813 626 1011 673 tenens
1036 633 1227 671 arcum
1254 632 1366 669 non
1399 613 1586 678 stabit,
1621 619 1678 666 et
1704 612 1859 665 velox
1881 611 2114 682 pedibus

523 726 637 764 non
666 708 991 771 salvabitur,
1026 711 1083 760 et
1111 720 1373 759 ascensor
1401 703 1529 772 equi
1576 719 1688 755 non
1732 700 1969 754 salvabit
1997 700 2110 753 ani-

520 815 673 854 mam
713 812 895 860 suam,
928 801 985 849 et
1021 793 1283 848 robustus
1329 791 1496 844 corde
1534 790 1685 843 inter
1713 789 1884 842 fortes
1927 789 2112 842 nudus

521 886 699 957 fugiet
725 885 784 939 in
813 885 903 938 die
926 884 1041 943 illa,
1073 881 1209 935 dicit
1255 880 1544 934 Dominus.
1583 897 1608 931 ι
1660 879 1778 932 Hoc
1807 877 2112 931 secundum

522 975 773 1029 historiaz
805 973 970 1026 ﬁdem
1002 978 1135 1024 tunc
1162 969 1456 1040 impletum
1480 974 1582 1023 est.
1609 967 1834 1037 quando
1855 966 1924 1019 ob
1950 965 2114 1019 meri-

451 1065 456 1069 ’
516 1068 641 1118 tum
672 1066 1026 1133 peccatorum
1046 1058 1291 1129 Assyriis
1318 1057 1403 1110 vel
1425 1055 1639 1109 caeteris
1667 1055 1929 1125 gentibus
1954 1054 2011 1107 in
2031 1054 2113 1107 di-

516 1152 829 1221 reptionem
863 1154 996 1204 sunt
1023 1146 1236 1201 traditi.
1271 1144 1623 1199 Generaliter
1649 1161 1779 1197 vero
1800 1160 1969 1213 super
1987 1159 2110 1195 om-

516 1256 618 1294 nes
645 1239 1037 1309 delinquentes
1081 1236 1188 1289 hoc
1227 1234 1375 1304 quod
1410 1233 1678 1298 minatur,
1710 1233 1768 1285 in
1798 1232 1889 1285 die
1910 1230 2108 1301 judicii

511 1334 811 1383 venturum
833 1330 935 1380 est.

1119 1412 1352 1466 CAPUT
1399 1410 1500 1465 III.

590 1526 612 1555 α
631 1503 837 1560 Audite
856 1502 1083 1556 verbum
1116 1501 1262 1573 quod
1285 1501 1502 1553 locutus
1530 1503 1616 1551 est
1638 1497 1912 1555 Dominus
1940 1512 2109 1567 super

508 1593 737 1660 vos,ﬁlii
758 1592 954 1653 Israel,
973 1607 1145 1661 super
1164 1588 1317 1644 omni
1343 1586 1698 1656 cognatione,
1726 1601 1893 1655 quam
1918 1585 2109 1638 eduxit

508 1682 579 1736 de
608 1688 763 1736 terra
791 1681 1038 1752 Egypti,
1071 1680 1280 1740 dicens,
1315 1675 1710 1730 tantummodo
1736 1692 1832 1727 vos
1875 1673 2107 1741 cognovi

2202 523 2543 576 calumniam
2567 521 2843 592 patientes
2868 521 2925 574 in
2958 522 3337 592 penetralibus
3356 525 3567 593 ejus,et
3589 524 3803 579 nescie-

2195 617 2331 665 runt
2353 611 2536 665 facere
2573 617 2810 675 rectum,
2842 609 2979 664 dicit
3004 610 3278 666 Dominus
3307 613 3476 677 Deus,
3503 614 3795 668 thesauri-

2197 705 2387 753 zantes
2424 699 2781 769 iniquitatem
2830 704 2887 752 et
2932 699 3160 770 rapinas
3211 700 3269 755 in
3326 701 3539 756 aedibus
3577 702 3720 756 suis.
3767 719 3795 755 ι

2195 788 2401 841 Azotus
2422 788 2828 858 interpretatur
2855 788 3298 859 igm's,populum
3323 790 3581 859 gentium
3598 790 3801 844 exhor-

2193 881 2350 929 tatur
2376 883 2441 930 ut
2463 882 2834 947 congregetur
2860 892 3031 946 super
3057 876 3323 947 populum
3351 877 3697 943 Judaorum,
3733 876 3799 931 ut

2194 964 2381 1019 videat
2409 967 2557 1019 mala
2578 982 2701 1036 quae
2731 965 2850 1035 ipse
2878 965 3026 1029 fecit,
3059 970 3121 1018 ut
3150 964 3271 1035 ipse
3299 967 3541 1037 populus
3568 967 3797 1023 Iudaeo-

2192 1067 2317 1105 rum
2351 1054 2536 1121 justas
2581 1053 2963 1124 querimonias
2991 1052 3257 1107 adversus
3287 1054 3464 1107 Deum
3495 1071 3556 1109 se
3585 1055 3795 1113 habere

2192 1156 2301 1194 non
2329 1148 2508 1211 putet,
2532 1159 2632 1212 pro
2654 1159 2720 1196 eo
2741 1142 2890 1212 quod
2914 1142 3039 1195 illos
3057 1141 3292 1196 tradidit
3313 1143 3370 1196 in
3391 1143 3788 1214 direptionem.

2191 1230 2541 1284 Calumniam
2571 1247 2793 1301 quoque
2826 1231 3121 1301 patiuntur
3148 1231 3206 1284 in
3235 1232 3619 1302 penetralibus
3645 1235 3792 1305 ejus,

2191 1317 2304 1372 sive
2318 1320 2709 1390 opprimuntur
2733 1319 3014 1390 simplices
3027 1320 3234 1390 quique
3254 1321 3624 1387 credentium,
3651 1322 3791 1376 dum

2189 1409 2412 1461 nomine
2463 1408 2712 1463 veritatis
2760 1408 3002 1463 haeretici
3061 1409 3254 1462 volunt
3302 1409 3679 1474 mendacium,
3735 1417 3794 1465 et

2190 1495 2418 1549 omnino
2445 1504 2656 1550 rectum
2705 1497 2888 1550 facere
2931 1496 3205 1561 nesciunt,
3245 1496 3380 1566 quia
3420 1498 3793 1568 perdiderunt

2189 1584 2475 1638 tramitem
2508 1586 2780 1645 veritatis,
2815 1602 2917 1639 nec
2946 1585 3176 1639 credent
3203 1585 3263 1639 in
3293 1602 3421 1640 eum
3458 1587 3555 1657 qui
3607 1587 3786 1643 dicit:

2192 1691 2217 1723 α
2250 1673 2366 1743 Ego
2392 1690 2515 1727 sum
2536 1675 2761 1729 veritas.
2795 1693 2822 1727 ι)

505 1787 573 1824 ex
611 1770 870 1825 omnibus
912 1766 1340 1838 cognationibus
1384 1771 1566 1824 terrae,
1615 1762 1823 1816 idcirco
1863 1761 2097 1816 visitabo
2120 1785 2167 1844 B
2260 1778 2285 1811 «
2313 1762 2617 1832 Propterea
2646 1763 2764 1817 haec
2788 1762 2922 1817 dicit
2950 1762 3222 1817 Dominus
3238 1763 3387 1818 Deus
3422 1782 3433 1815 :
3465 1764 3787 1820 Tribulabi-

502 1874 675 1929 super
701 1874 797 1911 vos
827 1872 1022 1911 omnes
1050 1854 1375 1925 iniquitates
1397 1856 1626 1905 vestras.
1660 1870 1689 1903 ιι
1723 1852 1839 1904 Ηοο
1866 1867 1978 1903 ηοη
2008 1866 2099 1903 so-
2184 1855 2279 1903 tur
2315 1856 2373 1905 et
2387 1851 2689 1906 circuietur
2706 1859 2877 1917 terra,
2908 1859 2963 1907 et
2990 1853 3321 1907 detrahetur
3347 1870 3412 1907 ex
3432 1870 3492 1907 se
3511 1854 3784 1911 fortitudo

500 1945 619 2000 lum
649 1947 719 2000 de
748 1945 973 2007 Judaeis,
1009 1944 1108 1998 sed
1129 1944 1198 1996 de
1241 1940 1501 1996 omnibus
1541 1939 1750 1999 electis,
1787 1956 1926 2009 quos
1950 1940 2101 1993 Deus

499 2035 875 2105 omnipotens,
908 2033 1061 2086 velut
1089 2037 1249 2103 pater
1276 2030 1439 2094 ﬁlios,
1464 2028 1521 2082 in
1550 2028 1655 2081 hac
1689 2027 1799 2079 vita
1828 2027 2095 2096 ﬂagellat,

497 2121 854 2176 sentiendum
886 2125 991 2174 est.

574 2228 600 2261 α
622 2208 890 2279 Nunquid
919 2205 1291 2261 ambulabunt
1321 2205 1432 2258 duo
1481 2203 1710 2274 pariter,
1745 2203 1853 2256 nisi
1891 2219 2092 2257 conve-

496 2298 649 2352 nerit
671 2297 822 2351 illis?
850 2315 875 2349 »
909 2295 1011 2349 Isti
1041 2295 1214 2365 igitur
1240 2295 1351 2347 duo
1381 2293 1479 2362 qui
1499 2291 1603 2345 sibi
1634 2291 2009 2351 consentiunt.
2039 2296 2093 2345 et

495 2387 556 2440 in
588 2386 675 2439 via
701 2385 909 2440 Christi
942 2384 1153 2455 pariter
1194 2383 1506 2448 ambulant,
1552 2386 1790 2450 uterque
1827 2381 2087 2451 populus,

490 2475 599 2530 hoc
625 2480 728 2541 est,
762 2491 828 2529 ex
871 2472 1291 2528 circumcisione
1325 2477 1380 2524 et
1428 2471 1702 2541 praeputio
1744 2469 2094 2539 intelligendi

492 2570 641 2619 sunt.

564 2673 587 2704 ι
621 2652 889 2724 Nunquid
919 2651 1103 2723 rugiet
1125 2651 1212 2704 leo
1241 2649 1298 2702 in
1319 2649 1486 2702 saltu.
1520 2647 1629 2701 nisi
1658 2646 1919 2701 habuerit
1945 2666 2089 2718 prae-

488 2741 617 2796 dam
645 2743 669 2796 7
698 2741 966 2812 Nunquid
998 2740 1153 2794 dabit
1174 2739 1393 2792 catulus
1415 2736 1591 2790 leonis
1611 2753 1795 2789 vocem
1823 2736 1891 2789 de
1921 2736 2088 2791 cubili

484 2845 607 2895 suo,
638 2830 746 2884 nisi
777 2829 988 2901 aliquid
1009 2825 1543 2899 comprehenderit?
1575 2843 1601 2877 ))
1620 2826 1751 2890 Leo,
1787 2824 2042 2880 diabolus
2069 2844 2081 2893 ;

483 2920 706 2973 catulus
735 2919 935 2981 leonis,
965 2917 1269 2971 multitudo
1316 2914 1733 2969 immundorum
1782 2914 2083 2985 spirituum

483 3007 770 3078 capientes
809 3008 1076 3077 predam,
1124 3006 1342 3059 animas
1382 3004 1637 3056 videlicet
1689 3004 2076 3073 reproborum,

483 3112 608 3165 qua;
646 3096 923 3149 unitatem
947 3094 1073 3148 ﬁdei
1109 3112 1207 3164 per
1237 3092 1574 3146 discordiam
1598 3093 1883 3156 amittunt,
1912 3110 1976 3146 ac
2000 3111 2080 3147 se-

482 3199 612 3236 cum
643 3199 737 3236 eas
765 3183 823 3236 in
853 3182 1181 3236 barathrum
1214 3180 1592 3233 damnationis
1623 3181 1877 3233 trahunt.

566 3291 591 3325 σ
622 3272 893 3343 Nunquid
937 3272 1099 3325 cadet
1127 3271 1243 3323 avis
1270 3270 1327 3322 in
1368 3270 1630 3339 laqueum
1678 3274 1842 3323 terrae
1869 3269 2079 3340 absque

480 3377 697 3432 aucupe
720 3361 745 3413 7
774 3361 1028 3431 nunquid
1062 3359 1315 3413 aufertur
1362 3359 1597 3426 laqueus
1626 3358 1695 3411 de
1725 3363 1877 3411 terra
1916 3365 2078 3412 ante-

484 3467 652 3521 quam
685 3450 818 3521 quid
851 3450 1105 3520 ceperit?
1142 3469 1166 3501 »
1210 3447 1469 3517 Laqueus
1502 3453 1664 3500 terra:
1694 3463 1793 3500 seu
1820 3448 2072 3517 aucupis,

483 3538 741 3593 diabolus
791 3538 1191 3607 intelligendus
1223 3542 1326 3596 est,
1368 3536 1460 3606 qui
1502 3535 1558 3588 in
1589 3536 1830 3589 terrenis
1860 3536 2076 3591 actibus

476 3645 576 3683 seu
604 3646 702 3699 per
725 3627 1060 3681 discordiam
1086 3626 1337 3687 unitatis,
1358 3624 1733 3693 electosvelut
1747 3640 1873 3677 aves
1903 3625 2071 3695 capit.

554 3736 583 3770 ι
612 3717 671 3772 Si
701 3717 926 3786 clanget
955 3714 1088 3768 tuba
1122 3715 1177 3766 in
1208 3714 1449 3767 civitate.
1484 3718 1540 3764 et
1568 3712 1807 3782 populus
1847 3729 1955 3765 non
1987 3730 2075 3766 ex-

473 3805 777 3877 pavescet?
810 3805 869 3859 Si
895 3804 1003 3858 erit
1024 3804 1235 3857 malum
1264 3802 1317 3855 in
1359 3800 1601 3859 civitate,
1628 3800 1772 3869 quod
1800 3801 2073 3855 Dominus

471 3911 585 3949 non
620 3894 789 3949 fecit?
832 3911 858 3947 ν
910 3892 1191 3964 Quidquid
1233 3891 1381 3944 enim
1413 3889 1470 3943 in
1507 3888 1811 3959 Scripturis
1840 3891 2069 3955 sanctis,

467 3982 607 4039 tuba
634 3983 1010 4039 comminans:
1032 3983 1239 4036 malum
1263 3985 1451 4034 autem
1480 3979 1627 4050 quod
1654 3978 1923 4032 Dominus
1943 3980 2079 4034 facit

469 4072 529 4127 in
563 4073 808 4139 civitate,
834 4090 946 4127 non
973 4071 1318 4125 contrarium
1342 4075 1428 4123 est
1456 4068 1670 4133 virtuti,
1711 4068 2073 4124 aftlictionem

469 4166 658 4215 autem
691 4168 749 4215 et
785 4164 1067 4214 cruciatus
1098 4159 1385 4212 hominum
1415 4157 1713 4227 signiﬁcat.

548 4268 570 4299 ι
606 4250 750 4312 Quia
778 4264 890 4301 non
918 4248 1085 4309 faciet
1111 4248 1382 4300 Dominus
1416 4246 1561 4298 Deus
1588 4245 1954 4309 verbum,nisi
1985 4263 2069 4300 re-

463 4336 732 4391 velaverit
756 4342 1032 4389 secretum
1059 4335 1317 4396 suum,ad
1345 4350 1532 4386 servos
1558 4349 1687 4387 suos
1709 4333 2063 4403 prophetas.»

2182 1943 2282 1992 tua
2335 1946 2390 1993 et
2411 1941 2751 2012 diripientur
2772 1943 2918 1997 aedes
2941 1948 3070 1996 tuze.
3101 1961 3122 1990 ι
3143 1941 3399 1995 Haeretici
3429 1947 3782 2012 quoqueter-

2184 2044 2319 2080 rena
2344 2028 2644 2099 sapientes,
2677 2037 2776 2084 aut
2820 2030 3244 2085 tribulabuntur
3268 2031 3327 2084 in
3355 2031 3447 2085 die
3467 2030 3691 2100 judicii,
3725 2038 3785 2086 et

2177 2117 2360 2170 omnis
2376 2134 2570 2172 eorum
2595 2119 2867 2173 fortitudo
2888 2118 3779 2190 tenuabitur,etdiripienturquae

2176 2203 2492 2258 habuerant
2516 2207 2585 2260 de
2607 2208 2838 2278 rapinis,
2869 2215 2935 2262 ut
2957 2207 3269 2262 liberentur
3294 2209 3485 2280 populi
3515 2225 3657 2279 quos
3676 2209 3778 2263 de—

2179 2300 2462 2363 ceperant.
2497 2297 2611 2349 Aut
2638 2303 2788 2351 certe
2810 2314 2909 2368 per
2936 2297 3084 2351 viros
3102 2297 3504 2353 ecclesiasticos
3526 2298 3777 2368 quotidie

2177 2382 2602 2438 tribulabuntur
2614 2385 2951 2440 testimoniis
2975 2386 3411 2456 Scripturarum,
3433 2392 3490 2440 et
3516 2386 3778 2441 detrahe-

2177 2476 2273 2524 tur
2292 2488 2355 2524 ex
2376 2473 2456 2526 eis
2486 2474 2754 2528 fortitudo
2770 2475 3223 2545 syllogismorum
3244 2481 3300 2529 et
3324 2474 3621 2529 verborum
3644 2491 3776 2530 acu-

2174 2561 2596 2631 torum,quibus
2609 2580 2771 2617 suum
2805 2564 3007 2632 dogma
3037 2564 3487 2628 ﬁrmaverant,ut
3509 2563 3605 2634 qui
3625 2565 3774 2635 rapti

2172 2648 2395 2701 fuerant
2422 2650 2490 2702 de
2522 2650 2785 2716 Ecclesia,
2818 2651 2885 2704 ad
2920 2651 3222 2705 Ecclesiam
3253 2656 3626 2706 revertantur.

2247 2755 2272 2788 (ι
2298 2737 2425 2789 Haac
2453 2737 2587 2791 dicit
2615 2739 3197 2809 Dominus,quomodo
3226 2740 3273 2793 si
3295 2746 3456 2795 eruat
3485 2746 3679 2812 pastor
3696 2742 3769 2797 de

2171 2840 2266 2877 ore
2298 2824 2476 2877 leonis
2504 2825 2615 2879 duo
2645 2843 2833 2893 crura,
2864 2836 2963 2881 aut.
3009 2834 3323 2882 extremum
3363 2829 3649 2895 auriculae,
3687 2831 3772 2885 sic

2167 2914 2545 2970 eruenturﬁlii
2572 2913 2744 2969 Israel
2765 2916 2861 2985 qui
2885 2915 3212 2970 habitantin
3234 2917 3488 2972 Samaria
3511 2919 3568 2972 in
3595 2920 3768 2989 plaga

2166 3002 2372 3069 lectuli,
2404 3010 2462 3059 et
2486 3005 2541 3059 in
2580 3005 2837 3059 Damasci
2864 3004 3118 3075 grabato.
3147 3026 3172 3055 ι
3200 3006 3317 3060 Hoc
3335 3007 3643 3061 secundum
3674 3008 3769 3062 hi-

2165 3093 2395 3147 storiam
2421 3095 2477 3148 in
2500 3094 2707 3148 Judazis
2734 3092 3079 3163 temporibus
3099 3094 3425 3149 vastationis
3444 3112 3639 3150 eorum
3661 3097 3765 3150 im-
3866 3160 3883 3179 κ

2161 3180 2371 3251 pletum
2404 3183 2575 3237 fuisse
2606 3199 2716 3236 non
2742 3182 2973 3237 dubium
3002 3189 3088 3237 est
3116 3202 3126 3231 τ
3161 3184 3468 3238 secundum
3489 3201 3620 3239 vero
3648 3191 3766 3240 tro-

2162 3270 2464 3341 pologiam,
2519 3272 2587 3325 de
2626 3271 2916 3325 vocatione
2955 3272 3208 3340 gentium
3257 3273 3612 3328 sentiendum
3652 3280 3761 3342 est,

2162 3376 2328 3429 quas:
2354 3368 2545 3431 pastor
2565 3360 2864 3431 bonus,qui
2880 3360 3123 3414 animam
3143 3378 3302 3415 suam
3318 3379 3418 3432 pro
3434 3363 3629 3417 ovibus
3640 3364 3763 3419 suis

2160 3449 2334 3518 ponit,
2372 3470 2392 3499 ι
2430 3451 2499 3503 de
2543 3467 2639 3503 ore
2688 3449 2864 3503 leonis
2908 3449 3029 3513 (hoc
3075 3456 3160 3504 est
3200 3449 3423 3516 diaboli)
3470 3452 3620 3506 eruit
3655 3470 3666 3505 :
3700 3453 3763 3508 in

2159 3553 2339 3597 crura,
2368 3538 2623 3592 doctores
2651 3559 2661 3593 :
2698 3538 2757 3592 in
2777 3544 3088 3592 extremum
3123 3555 3251 3592 vero
3269 3541 3557 3608 auriculae,
3588 3542 3760 3596 audi-

2158 3631 2307 3679 tores
2344 3627 2638 3697 signiﬁcat.

2231 3736 2253 3765 ι
2291 3717 2493 3770 Audite
2523 3724 2576 3770 et
2606 3717 2998 3771 contestamini
3024 3718 3080 3770 in
3101 3719 3269 3772 domo
3284 3718 3472 3781 Jacob,
3493 3718 3630 3774 dicit
3644 3721 3758 3775 Do-

2155 3803 2721 3869 minusexercituum,
2755 3806 2885 3875 quia
2916 3806 2972 3859 in
3004 3806 3092 3860 die
3123 3824 3247 3860 cum
3279 3807 3503 3861 visitare
3533 3824 3757 3880 coepero

2156 3895 2651 3962 praevaricationes
2682 3895 2854 3948 Israel
2874 3911 3045 3965 super
3064 3911 3191 3948 eum
3235 3895 3470 3949 visitabo
3499 3902 3554 3951 et
3582 3914 3758 3969 super

2156 3980 2357 4035 altaria
2388 3983 2602 4047 Bethel,
2644 3988 2701 4036 et
2746 3982 3191 4052 amputabuntur
3217 3999 3427 4037 cornua
3445 3984 3660 4051 altaris,
3697 3993 3759 4042 et

2153 4071 2355 4124 cadent
2382 4071 2438 4124 in
2462 4080 2691 4128 terram.
2725 4078 2783 4125 et
2826 4071 3133 4141 percutiam
3173 4071 3399 4125 domum
3445 4073 3753 4130 hiemalem

2151 4174 2276 4212 cum
2322 4159 2487 4213 domo
2532 4160 2739 4223 aestiva,
2774 4165 2831 4213 et
2860 4158 3122 4229 peribunt
3149 4160 3351 4214 domus
3379 4159 3656 4227 eburneae,
3694 4170 3755 4218 et

2153 4247 2577 4318 dissipabuntur
2602 4249 2749 4302 zedes
2779 4248 2989 4313 multae,
3012 4247 3147 4302 dicit
3179 4248 3469 4303 Dominus.
3487 4268 3513 4302 ι)
3534 4251 3751 4307 Secun-

2150 4335 2281 4387 dum
2316 4336 2604 4390 historiam
2634 4337 2691 4390 in
2715 4336 2922 4390 Judaeis
2951 4336 3241 4407 impletum
3291 4354 3412 4392 esse
3441 4339 3745 4409 credimus,

461 4428 587 4481 Non
610 4425 759 4496 quod
781 4424 971 4478 omnia
990 4425 1201 4477 revelet
1224 4425 1372 4477 Deus
1393 4422 1830 4493 prephetis,quae
1846 4422 1902 4475 in
1925 4424 2063 4477 coelo
2078 4412 2127 4471 D
2148 4425 2457 4479 secundum
2488 4442 2782 4495 anagogen
2810 4442 2940 4479 vero
2969 4426 3038 4479 de
3067 4425 3342 4481 hzereticis
3383 4428 3744 4485 sentiendum

458 4516 711 4570 facturus
741 4520 845 4580 est,
870 4514 955 4566 vel
985 4519 1117 4566 ante
1136 4513 1253 4582 jam
1286 4513 1434 4577 fecit,
1464 4511 1560 4565 sed
1591 4528 1657 4565 ea
1686 4518 1904 4565 tantum
1939 4527 2061 4582 qua
2145 4518 2247 4577 est,
2282 4513 2373 4582 qui
2396 4513 2773 4584 praetermisso
2794 4513 2958 4567 altari
2984 4514 3227 4573 Domini.
3265 4515 3413 4585 quod
3442 4522 3529 4571 est
3553 4518 3746 4574 unitas

456 4606 707 4661 facturus
737 4604 811 4658 sit
842 4603 897 4657 in
921 4603 1087 4656 terris
1113 4602 1397 4655 revelavit.

531 4716 553 4748 α
590 4697 700 4749 Leo
721 4693 926 4764 rugiet.
955 4693 1082 4764 quis
1106 4708 1219 4745 non
1241 4689 1500 4744 timebit?
1520 4689 1793 4743 Dominus
1814 4690 1963 4744 Deus
1980 4692 2058 4745 lo-

2140 4601 2290 4663 ﬁdei,
2323 4603 2567 4672 plurima
2596 4602 2797 4656 altaria
2824 4601 2948 4667 sibi,
2982 4620 3094 4657 non
3112 4603 3228 4658 Deo
3256 4611 3607 4661 construunt.
3634 4607 3747 4663 Do-

2141 4707 2295 4744 mum
2330 4708 2458 4745 vero
2490 4691 2787 4746 hiemalem
2832 4699 2932 4746 aut
2972 4692 3239 4748 aestivam.
3273 4699 3444 4765 atque
3479 4696 3654 4750 Israel
3683 4703 3746 4753 et

453 4791 617 4839 cutus
649 4790 753 4849 est,
786 4783 911 4854 quis
945 4799 1057 4837 non
1089 4779 1489 4853 prophetabit?
1542 4798 1566 4829 ι
1602 4779 1725 4832 Scio
1752 4780 2052 4850 quemdam
2136 4781 2164 4834 J
2172 4780 2359 4844 udam,
2394 4786 2494 4835 aut
2521 4786 2671 4836 certe
2701 4782 2971 4852 populum
3000 4780 3331 4838 Judmorum
3362 4789 3422 4838 et
3443 4784 3740 4841 hereticos

448 4873 509 4926 in
560 4873 677 4927 suis
717 4872 987 4942 scriptum
1030 4869 1448 4926 commentariis
1488 4868 1803 4938 reliquisse,
1832 4869 2051 4925 leonem
2133 4871 2475 4940 prastigurat.

446 4961 767 5032 rugientem
789 4960 1071 5014 diabolum
1091 4959 1606 5030 intelligendum,et
1627 4957 1942 5027 rugientem
1962 4960 2049 5016 his

445 5051 540 5123 qui
569 5048 804 5121 perituri
831 5054 966 5102 sunt
991 5050 1168 5103 Deum
1199 5056 1388 5104 autem
1411 5048 1505 5119 qui
1537 5047 1788 5117 loquitur
1806 5064 1908 5117 per
1922 5066 2047 5118 pro-

440 5139 660 5211 phetas.
690 5137 1043 5192 referendum
1089 5155 1210 5191 esse
1267 5139 1338 5191 ad
1382 5140 1561 5192 Deum
1593 5137 1950 5202 salvatorem,
1980 5144 2044 5192 ut

437 5227 719 5300 quomodo
750 5226 829 5280 illi
849 5227 906 5279 in
937 5225 1144 5278 malam
1166 5231 1383 5295 partem
1416 5227 1655 5279 audiunt
1680 5226 1857 5279 leonis
1885 5228 2040 5298 rugi-

2750 4996 2983 5051 CAPUT
3013 4996 3113 5054 IV.

2202 5158 2227 5189 «
2258 5138 2464 5193 Audite
2483 5139 2711 5194 verbum
2731 5141 2837 5195 hoc
2866 5157 3045 5195 vacem
3073 5141 3332 5213 pingues.
3360 5158 3483 5213 quae
3505 5143 3641 5199 estis
3669 5145 3729 5200 in

2123 5233 2313 5282 monte
2340 5229 2631 5295 Samaria),
2677 5246 2799 5300 quae
2832 5230 3169 5285 calumniam
3210 5231 3391 5285 facitis
3433 5233 3643 5302 egenis,
3674 5242 3735 5290 et

433 5323 576 5381 tum,
609 5321 665 5370 et
693 5315 994 5386 capiuntur
1022 5313 1081 5366 in
1112 5319 1371 5379 mortem,
1405 5314 1484 5367 sic
1533 5315 1711 5368 sancti
1744 5315 1802 5368 in
1832 5314 2035 5371 bonam
2119 5316 2473 5387 confringitis
2501 5334 2797 5389 pauperes,
2831 5334 2954 5388 quae
2985 5318 3171 5374 dicitis
3197 5319 3442 5375 dominis
3470 5321 3675 5377 vestris
3710 5341 3723 5376 :

429 5410 649 5478 partem
681 5405 859 5459 Deum
894 5401 1305 5473 praecipientem
1332 5402 1565 5456 audiant
1592 5409 1650 5456 et
1676 5404 1982 5458 salvantur.

2104 5406 2336 5469 Atterte,
2362 5413 2420 5461 et
2446 5405 2722 5462 bibemus.
2756 5407 2784 5462 J
2794 5407 2977 5461 oravit
2994 5408 3268 5465 Dominus
3288 5410 3439 5463 Deus
3454 5409 3512 5463 in
3526 5416 3725 5466 sancto

501 5515 530 5545 ς
557 5493 827 5548 Auditum
857 5491 1024 5546 facite
1054 5491 1112 5544 in
1140 5489 1351 5545 aedibus
1380 5491 1555 5555 Azoti,
1605 5498 1664 5546 et.
1705 5493 1764 5546 in
1809 5494 2021 5549 aedibus
2103 5512 2226 5560 suo,
2269 5495 2399 5566 quia
2425 5512 2550 5550 ecce
2581 5497 2704 5550 dies
2736 5496 2964 5550 venient
2989 5513 3161 5568 super
3204 5515 3322 5561 vos,
3367 5504 3424 5553 et
3453 5489 3730 5557 levabunt

425 5581 1132 5656 terraeEgypti,etdicite:
1157 5578 1591 5652 Congregamini
1609 5597 1780 5653 super
1799 5590 2021 5639 montes
2102 5601 2197 5640 vos
2223 5585 2284 5640 in
2313 5585 2511 5653 contis,
2544 5590 2602 5640 et
2647 5584 2918 5658 reliquias
2946 5592 3160 5643 vestras
3190 5587 3263 5643 in‘
3297 5588 3423 5644 ollis
3449 5588 3695 5645 ferventi
