4062 6168
293 242 391 300 113

1304 243 1721 300 ENARRATIO
1763 244 1843 298 IN
1880 243 2077 298 AMOS
2114 243 2572 299 PROPHETAM.

3461 242 3566 301 114

287 364 408 421 bus.
454 387 478 412 ι
512 367 731 422 Vaccas
770 369 1025 441 pingues,
1078 370 1359 441 principes
1405 369 1726 424 Judaorum
1773 367 2158 427 siveAeruca.
2192 374 2250 421 et
2273 384 2383 421 non
2414 366 2640 421 redistis
2668 364 2741 419 ad
2766 380 2876 427 me,
2907 364 3045 420 dicit
3063 366 3356 420 Dominus.
3396 385 3419 416 ι
3445 367 3564 420 Ha-

286 455 487 510 divites
510 457 682 527 hujus
706 459 904 512 mundi
933 459 1088 513 dicit.
1124 460 1508 530 Spiritualiter
1530 476 1658 512 vero
1691 458 1886 512 Sama-

286 545 390 610 ria,
422 562 550 617 qua
574 546 986 618 interpretatur
1008 551 1278 613 custodia,
1324 547 1643 618 superbiam
1672 546 1886 617 signiﬁ-

285 639 375 689 cat
406 635 820 698 hareticorum,
853 638 949 708 qui
978 654 1038 691 se
1062 637 1322 691 custodes
1351 644 1755 707 praceptorum
1783 635 1885 688 Dei

284 740 406 777 esse
436 724 811 779 mentiuntur.
845 726 1005 790 Quod
1033 743 1163 780 vero
1200 726 1300 792 ait,
1338 745 1361 775 «
1392 724 1680 779 Levabunt
1708 741 1801 777 vos
1829 725 1885 777 in

283 812 485 877 contis,
518 812 890 869 historialiter
937 814 1284 886 principibus
1310 814 1636 869 Judaorum
1660 813 1878 866 accidit.

282 902 521 973 Tropice
545 919 694 967 vero,
726 903 1017 958 hareticos
1045 905 1168 974 conj
1179 909 1372 958 unctos
1393 903 1525 957 viris
1556 902 1886 956 ecclesiasti-

282 991 363 1045 cis
392 1008 498 1062 per
522 991 742 1045 divinas
770 993 1077 1047 sententias
1094 994 1318 1064 ﬁgurat,
1334 999 1433 1046 aut
1455 998 1605 1045 certe
1635 992 1884 1045 futuram

283 1079 709 1134 damnationem
739 1081 1009 1135 insinuat.

357 1187 385 1221 α
420 1169 491 1222 Et
511 1186 612 1240 per
626 1176 922 1240 aperturas
940 1170 1178 1226 exibitis.
1202 1171 1382 1223 altera
1404 1176 1595 1223 contra
1626 1170 1880 1233 alteram,

284 1264 341 1312 et
370 1258 750 1328 projiciemini
777 1259 835 1313 in
868 1260 1105 1325 Armon,
1134 1260 1274 1313 dicit
1306 1258 1598 1313 Dominus.
1635 1278 1658 1309 ν
1682 1258 1888 1311 Secun-

283 1347 420 1402 dum
472 1347 770 1400 historiam
828 1349 884 1401 in
934 1349 1141 1402 Judais
1183 1357 1317 1402 tunc
1355 1347 1720 1417 adimpletum
1780 1352 1881 1409 est,

282 1436 513 1505 quando
542 1436 602 1489 in
632 1436 1008 1506 captivitatem
1046 1436 1209 1490 divisi
1238 1435 1461 1489 abducti
1504 1440 1636 1489 sunt
1706 1433 1884 1504 Spiri-

282 1525 518 1579 tualiter
544 1541 692 1585 vero,
729 1525 975 1579 haretici
1005 1524 1075 1579 ab
1104 1525 1320 1579 unitate
1366 1524 1496 1578 ﬁdei
1538 1523 1880 1587 recedentes,

284 1621 455 1684 atque
486 1613 543 1666 in
574 1614 757 1666 varias
786 1619 968 1667 sectas
996 1614 1293 1667 adversum
1330 1628 1390 1666 se
1433 1610 1616 1674 divisi,
1646 1627 1746 1682 per
1792 1628 1881 1665 su-

282 1702 539 1773 perbiam
569 1702 626 1755 in
652 1702 1022 1772 perditionem
1048 1701 1301 1773 projecti.

354 1810 382 1843 «
416 1791 621 1845 Venite
649 1792 719 1844 ad
752 1791 965 1855 Bethel,
996 1797 1053 1844 et
1079 1791 1250 1861 impie
1288 1791 1435 1861 agite
1466 1791 1537 1844 ad
1566 1789 1878 1860 Galgalam,

202 1918 205 1919 ν
284 1885 339 1933 et
367 1880 746 1950 multiplicate
779 1880 1289 1950 praevaricationem
1332 1897 1343 1931 :
1393 1884 1451 1933 et
1496 1880 1690 1933 olferte
1720 1893 1883 1931 mane

284 1968 543 2021 victimas
574 1974 806 2033 vestras,
838 1968 1018 2022 tribus
1058 1968 1256 2022 diebus
1285 1967 1529 2022 decimas
1560 1973 1791 2028 vestras,
1827 1972 1884 2020 et

285 2058 599 2111 sacriﬁcate
627 2058 697 2110 de
724 2060 1059 2112 fermentata
1088 2058 1331 2121 laudem,
1368 2063 1425 2111 et
1455 2064 1643 2111 vocate
1696 2057 1887 2110 volun-

283 2143 459 2196 tarias
488 2141 826 2203 oblationes,
853 2149 911 2196 et
935 2142 1283 2196 annuntiate.
1313 2142 1402 2196 Sic
1430 2142 1579 2196 enim
1606 2141 1879 2204 voluistis,

285 2231 384 2285 ﬁlii
412 2231 615 2291 Israel,
658 2231 794 2286 dicit
841 2232 1132 2288 Dominus.
1168 2249 1194 2283 »
1224 2232 1542 2286 Secundum
1589 2230 1881 2283 historiam

282 2319 497 2373 ironice
518 2320 757 2391 loquens
787 2326 983 2375 contra
1008 2320 1248 2383 Judaos,
1274 2337 1343 2373 ne
1376 2320 1481 2391 ipsi
1511 2319 1722 2372 scelera
1755 2333 1880 2388 per-

286 2416 530 2479 petrent,
589 2410 688 2463 sed
755 2410 1060 2465 secundum
1119 2425 1316 2463 eorum
1371 2408 1881 2479 praevaricationem

286 2501 531 2571 peccatis
555 2506 781 2571 peccata
806 2501 1113 2559 cumulent.
1147 2517 1247 2570 pro
1276 2499 1478 2570 quibus
1503 2498 1750 2552 atrocius
1782 2514 1886 2568 pu-

284 2589 536 2646 niantur.
569 2589 828 2644 Haretici
879 2606 1007 2644 vero
1057 2590 1127 2643 ad
1173 2589 1393 2649 Bethel,
1428 2590 1531 2642 hoc
1572 2593 1659 2641 est
1689 2587 1759 2639 ad
1783 2587 1884 2640 do-

282 2699 439 2737 mum
469 2681 573 2736 Dei
603 2681 913 2734 venientes.
949 2679 1120 2749 impie
1150 2683 1344 2748 agunt,
1376 2678 1508 2730 dum
1547 2676 1882 2730 sacriﬁcium

217 2800 221 2803 τ
282 2772 432 2843 quod
479 2770 586 2825 soli
626 2770 742 2823 Deo
788 2767 1043 2832 debetur,
1092 2766 1315 2820 diabolo
1361 2766 1679 2829 immolant,
1713 2770 1882 2834 atque

279 2866 513 2915 cateros
554 2857 626 2911 ad
671 2856 1017 2927 impietatem
1063 2871 1224 2908 suam
1267 2853 1652 2907 annuntiando
1682 2869 1881 2922 provo-

279 2956 431 3015 cant,
454 2950 595 3002 dum
620 2947 690 3001 de
718 2945 995 2999 fermento
1020 2944 1287 2997 falsorum
1311 2943 1637 3012 dogmatum
1668 2941 1882 2994 favores

280 3037 570 3093 hominem
601 3039 879 3105 quarunt.

356 3146 379 3178 (ι
416 3125 580 3181 Unde
610 3129 670 3178 et
696 3139 801 3193 ego
830 3121 957 3176 dedi
997 3119 1150 3175 vobis
1196 3125 1484 3190 stuporem
1526 3117 1778 3171 dentium
1823 3118 1881 3171 in

279 3216 496 3271 cunctis
527 3214 763 3270 urbibus
790 3213 1010 3273 vestris,
1066 3216 1124 3265 et
1171 3208 1537 3278 indigentiam
1584 3223 1792 3277 panum
1823 3206 1881 3259 in

281 3305 544 3361 omnibus
579 3305 716 3358 locis
737 3293 962 3367 vestris,
1010 3305 1067 3354 et
1111 3315 1223 3352 non
1266 3296 1401 3351 estis
1430 3295 1638 3349 reversi
1666 3295 1735 3347 ad
1768 3310 1875 3360 me,

279 3396 415 3449 dicit
443 3394 720 3449 Dominus
761 3407 774 3441 :
819 3414 845 3442 ι
875 3391 933 3445 Si
984 3391 1109 3461 quis
1157 3387 1307 3442 enim
1359 3384 1667 3438 comederit
1711 3399 1878 3437 uvam

280 3484 566 3548 acerbam,
623 3481 774 3552 quod
830 3479 1108 3550 signiﬁcat
1144 3475 1524 3546 iniquitatem,
1573 3472 1881 3543 stupebunt

278 3573 478 3627 dentes
517 3573 659 3642 ejus,
693 3575 759 3624 ut
787 3585 898 3623 non
924 3568 1066 3621 bene
1104 3565 1524 3635 Scripturarum
1554 3566 1875 3615 sanctarum

278 3659 624 3714 testimoniis
647 3657 933 3723 abutatur,
954 3654 1251 3710 comedens
1279 3668 1401 3706 eam
1429 3651 1792 3704 immaturam
1823 3655 1880 3703 et

278 3749 491 3821 absque
520 3747 837 3802 dulcedine.

350 3856 379 3890 ι
423 3837 545 3907 Ego
570 3851 793 3907 quoque
818 3831 1075 3904 prohibui
1097 3848 1132 3885 a
1152 3829 1305 3884 vobis
1334 3827 1593 3892 imbrem,
1628 3843 1753 3881 cum
1787 3827 1882 3880 ad-

278 3927 383 3981 huc
413 3932 539 3979 tres
568 3940 792 3978 menses
822 3926 1178 3993 superessent
1204 3936 1383 3989 usque
1413 3918 1484 3971 ad
1526 3933 1788 3981 messem,
1824 3920 1879 3968 et

277 4016 391 4086 plui
423 4030 603 4085 super
625 4013 910 4066 civitatem
943 4014 1203 4073 unam,et
1226 4024 1396 4079 super
1424 4007 1706 4061 civitatem
1739 4005 1880 4057 alte-

276 4120 397 4158 ram
430 4120 546 4158 non
578 4102 698 4174 plui
764 4102 901 4155 Pars
930 4115 1043 4153 una
1070 4097 1357 4167 compluta
1392 4101 1496 4160 est,
1537 4101 1594 4148 et
1632 4111 1763 4164 pars
1792 4108 1884 4145 su-

276 4210 378 4263 pra
409 4208 585 4263 quam
612 4207 727 4245 non
760 4189 898 4261 plui,
927 4187 1094 4240 aruit.
1127 4184 1202 4239 Et
1227 4188 1503 4238 venerunt
1530 4183 1654 4236 dua
1683 4186 1740 4234 et
1767 4185 1883 4233 tres

1900 1676 1949 1736 B

1968 454 2104 509 bent
2127 456 2372 510 haretici
2402 457 2596 510 hortos
2626 461 2683 510 et
2709 455 2919 519 vineas,
2955 455 3041 508 vel
3086 455 3291 509 oliveta
3316 471 3417 509 seu
3439 455 3568 509 ﬁce-

1968 548 2045 608 ta,
2080 545 2186 598 hoc
2216 552 2303 599 est
2326 546 2499 599 falsas
2544 546 2803 608 virtutes,
2851 560 2990 614 quas
3034 547 3225 597 tamen
3265 559 3434 597 eruca
3480 542 3566 597 vel

1968 638 2179 687 caetera
2208 639 2393 703 pestes
2415 633 2622 688 diaboli
2650 632 2859 703 absque
2884 631 3054 685 dubio
3090 630 3371 686 abrodunt
3392 626 3564 701 atque

1965 728 2316 775 consumunt.

2038 828 2062 860 ar
2088 809 2213 862 Misi
2230 810 2289 862 in
2306 826 2399 863 vos
2424 815 2666 863 mortem
2690 809 2748 862 in
2779 812 2931 861 terra
2954 807 3202 878 Egypti,
3223 807 3473 878 percussi
3503 807 3565 861 in

1967 898 2153 967 gladio
2177 900 2413 968 juvenes
2431 904 2660 961 vestros,
2678 914 2853 967 usque
2883 897 2953 949 ad
2971 896 3350 967 captivitatem
3382 911 3563 967 equo-

1969 1002 2095 1039 rum
2136 993 2470 1051 vestrorum,
2521 992 2578 1039 et
2622 986 2921 1039 ascendere
2950 984 3055 1038 feci
3087 985 3439 1054 putredinem
3466 1000 3561 1037 ca-

1968 1080 2212 1129 strorum
2246 1082 2557 1129 vestrorum
2609 1075 2665 1127 in
2711 1090 2875 1127 nares
2914 1083 3145 1132 vestras,
3175 1076 3233 1126 et
3256 1088 3368 1125 non
3412 1072 3566 1126 redi-

1967 1164 2068 1216 stis
2104 1164 2175 1216 ad
2220 1181 2328 1228 me,
2374 1164 2511 1217 dicit
2536 1162 2826 1216 Dominus.
2878 1182 2899 1212 ι
2926 1161 3100 1215 Mittit
3129 1177 3261 1230 ergo
3290 1159 3563 1214 Dominus

1968 1259 2206 1305 mortem
2249 1253 2303 1305 in
2348 1252 2520 1306 Jacob
2548 1256 2613 1304 ut
2642 1250 3043 1303 mortiﬁcemus
3087 1247 3340 1302 membra
3367 1253 3563 1301 nostra

1967 1358 2137 1411 super
2164 1349 2397 1395 terram.
2448 1342 2633 1410 Equos
2663 1356 2885 1410 quoque
2928 1338 3164 1391 tradidit
3190 1337 3251 1390 in
3275 1336 3566 1407 captivita-

1967 1435 2101 1494 tem,
2139 1448 2208 1483 ne
2241 1431 2297 1483 in
2320 1428 2629 1501 pracipitia
2656 1428 2919 1481 labantur
2954 1425 3177 1488 inferni,
3211 1430 3277 1479 ut
3298 1441 3403 1478 sua
3430 1441 3564 1494 pec-

1965 1525 2091 1572 cata
2120 1523 2478 1589 cognoscant,
2513 1524 2571 1571 et
2598 1523 2796 1588 putere
2825 1516 3075 1569 sentiant
3123 1520 3294 1584 atque
3331 1528 3563 1584 peccare

1965 1607 2259 1661 desistant.

2044 1718 2067 1746 α
2098 1695 2354 1750 Subverti
2370 1713 2465 1749 vos
2500 1698 2646 1750 sicut
2664 1694 2939 1749 subvertit
2957 1692 3230 1746 Dominus
3258 1691 3563 1746 Sodomam

1965 1789 2023 1837 et
2041 1782 2432 1848 Gomorrham,
2456 1790 2512 1838 et
2534 1785 2663 1838 facti
2703 1782 2836 1836 estis
2879 1780 3040 1851 quasi
3070 1780 3240 1834 torris
3270 1784 3464 1849 raptus
3493 1778 3565 1833 de

1964 1870 2244 1931 incendio.
2278 1879 2336 1926 et
2363 1890 2473 1927 non
2504 1871 2728 1926 redistis
2758 1870 2827 1924 ad
2859 1885 2970 1932 me,
3010 1868 3148 1922 dicit
3192 1868 3485 1921 Dominus.
3530 1886 3555 1915 ο

1965 1962 2149 2030 Igitur
2177 1963 2349 2015 Israel
2381 1968 2436 2015 et
2465 1962 2650 2015 cuncti
2692 1958 2958 2020 haretici,
3010 1956 3106 2027 qui
3148 1955 3360 2009 habent
3393 1969 3565 2025 opera

1969 2049 2223 2103 Sodomae
2252 2056 2309 2103 et
2332 2050 2678 2113 Gomorrha,
2693 2047 3112 2105 subvertuntur,
3138 2049 3196 2097 et
3214 2042 3377 2113 quasi
3396 2042 3567 2096 torris

1967 2146 2161 2208 raptus
2196 2139 2264 2191 de
2294 2139 2551 2192 incendio
2585 2138 2896 2190 liberantur
2934 2150 3033 2204 per
3057 2132 3299 2203 gratiam
3332 2130 3456 2187 Dei.

2044 2246 2065 2277 ‹
2111 2225 2468 2298 Quapropter
2498 2228 2612 2280 hac
2638 2225 2842 2279 faciam
2884 2222 3003 2275 tibi.
3037 2220 3231 2275 Israel.
3262 2219 3568 2288 Postquam

1967 2326 2159 2368 autem
2186 2317 2304 2369 hac
2331 2316 2514 2369 fecero
2547 2314 2667 2379 tibi,
2692 2326 3006 2383 praeparare
3034 2309 3092 2362 in
3123 2323 3415 2362 occursum
3459 2306 3568 2360 Do-

1969 2404 2107 2458 mini
2130 2406 2229 2458 Dei
2251 2405 2332 2459 tui
2356 2403 2548 2466 Israel,
2577 2402 2709 2473 quia
2743 2417 2867 2453 ecce
2909 2415 3015 2465 ego
3046 2397 3293 2451 formans
3322 2400 3564 2461 montes,

1971 2498 2028 2546 et
2055 2509 2250 2547 creans
2277 2504 2522 2551 ventum.
2560 2497 2618 2545 et
2658 2488 2998 2543 annuntians
3033 2484 3250 2539 homini
3279 2484 3567 2554 eloquium

1969 2599 2155 2645 suum,
2171 2582 2379 2635 faciens
2399 2580 2732 2633 matutinam
2754 2576 3100 2637 nebulam,et
3114 2572 3381 2643 gradiens
3395 2587 3568 2642 super

1969 2672 2185 2725 excelsa
2209 2678 2393 2729 terra,
2434 2669 2708 2723 Dominus
2731 2665 3076 2719 exercituum
3108 2677 3317 2715 nomen
3343 2661 3487 2730 ejus.
3536 2679 3560 2711 ι

1965 2761 2271 2829 Postquam
2299 2764 2489 2811 autem
2515 2756 2630 2822 (ait;
2665 2754 2846 2807 fecero
2876 2752 2978 2805 tibi
3008 2767 3134 2821 qua
3165 2765 3255 2803 me
3284 2749 3567 2802 facturum

1964 2865 2087 2901 esse
2102 2853 2403 2907 contestor,
2421 2859 2736 2915 praeparare
2764 2842 2836 2895 ad
2867 2838 3235 2893 invocandum
3258 2836 3564 2892 Dominum

1968 2938 2144 2991 Deum
2172 2942 2354 3001 tuum,
2405 2949 2505 2987 seu
2548 2946 2865 3003 praeparare
2909 2928 2968 2981 in
3005 2942 3297 2981 occursum
3326 2924 3429 2980 Dei
3454 2924 3562 2978 tui.

1971 3025 2239 3096 Spiritum
2273 3039 2400 3076 vero
2431 3037 2597 3092 quem
2620 3021 2725 3073 hoc
2746 3020 2803 3072 in
2822 3019 2941 3073 loco
2964 3016 3118 3079 dicit,
3146 3031 3261 3068 non
3290 3013 3567 3084 Spiritum

1966 3118 2244 3174 sanctum,
2269 3116 2334 3165 ut
2363 3109 2610 3164 haretici
2631 3108 3012 3178 suspicantur,
3036 3104 3131 3158 sed
3150 3108 3376 3156 ventum
3398 3099 3561 3153 intel-

1964 3203 2192 3272 ligimus
2220 3218 2320 3255 seu
2358 3199 2619 3270 spiritum
2670 3195 2930 3250 hominis.
2967 3194 3272 3262 Postquam
3303 3188 3563 3243 Christus

1962 3291 2130 3345 fuerit
2159 3290 2469 3351 nuntiatus,
2503 3293 2639 3341 tunc
2668 3285 2828 3338 nobis
2867 3284 3056 3337 lumen
3096 3278 3347 3333 veritatis
3375 3275 3561 3347 aperi-

1962 3386 2074 3442 tur,
2098 3395 2212 3433 non
2240 3384 2429 3431 tamen
2459 3375 2529 3429 ad
2562 3374 2889 3444 perfectum,
2936 3369 3068 3440 quia
3106 3383 3257 3422 nunc
3293 3382 3359 3420 ex
3401 3368 3564 3436 parte

1960 3469 2233 3533 videmus,
2267 3474 2323 3520 et
2343 3482 2410 3519 ex
2430 3470 2589 3535 parte
2620 3459 3029 3531 cognoscimus.
3049 3457 3268 3511 Montes
3291 3470 3422 3508 vero
3446 3452 3563 3507 sive

1960 3559 2178 3612 excelsa
2207 3561 2371 3609 terra
2402 3552 2686 3624 apostolos
2734 3550 2889 3614 dicit,
2929 3547 3013 3601 vel
3054 3560 3250 3600 omnes
3279 3542 3425 3595 viros
3454 3540 3565 3611 spi-

1960 3647 2211 3709 rituales,
2246 3643 2350 3698 sub
2381 3642 2584 3712 quibus
2614 3638 2884 3694 Dominus
2916 3634 3191 3705 graditur.
3225 3629 3563 3685 Matutinam

1963 3752 2094 3789 vero
2125 3734 2410 3797 nebulam,
2442 3736 2541 3785 aut
2580 3726 3024 3782 incarnationem
3069 3736 3230 3775 suam
3274 3717 3430 3782 dicit,
3460 3720 3564 3771 aut

1962 3832 2115 3879 certe
2141 3820 2532 3892 Evangelicam
2562 3814 3036 3889 praedicationem,
3079 3824 3203 3880 qua
3229 3805 3299 3860 ab
3325 3802 3565 3859 inﬁdeli-

1962 3914 2067 3967 bus
2092 3912 2225 3966 dum
2247 3926 2358 3964 non
2386 3907 2651 3971 creditur,
2683 3903 2915 3957 minime
2942 3899 3180 3953 videtur.

2593 4043 2826 4098 CAPUT
2863 4045 2927 4096 V.

277 4247 539 4335 civitates
567 4280 640 4335 ad
666 4247 949 4332 civitatem
981 4291 1149 4329 unam
1176 4278 1242 4328 ut
1268 4272 1525 4326 biberent
1568 4287 1794 4340 aquam,
1828 4265 1949 4323 etD
1965 4269 2253 4339 planctum
2278 4283 2289 4316 :
2313 4263 2514 4316 domus
2534 4258 2708 4314 Israel
2744 4255 2966 4317 cecidit,
2984 4268 3097 4306 non
3117 4247 3344 4319 adjiciet
3371 4251 3436 4300 ut
3462 4262 3560 4301 re-

277 4388 389 4427 non
423 4378 559 4426 sunt
577 4369 815 4433 satiata,
830 4372 889 4421 et
912 4382 1022 4420 non
1045 4364 1268 4420 redistis
1292 4363 1363 4416 ad
1388 4379 1495 4423 me,
1531 4360 1664 4414 dicit
1692 4359 1884 4414 Domi-

279 4478 403 4517 nus.
438 4482 462 4514 »
488 4458 757 4515 Prohibet
771 4472 994 4528 quoque
1026 4454 1289 4508 Dominus
1309 4469 1344 4505 a
1360 4450 1572 4505 Judais
1603 4456 1660 4503 et
1679 4448 1748 4503 ab
1764 4449 1881 4501 hae-

277 4550 471 4605 reticis
502 4548 721 4621 pluvias
745 4544 1088 4617 spirituales,
1120 4548 1176 4596 et
1213 4556 1439 4595 omnem
1470 4555 1653 4592 rorem
1684 4536 1882 4591 divina

278 4641 554 4703 scientia,
602 4644 660 4692 et
697 4634 1073 4706 cognitionem
1117 4635 1322 4685 sancta
1374 4627 1684 4683 Trinitatis.
1733 4626 1883 4682 Pluit

278 4736 473 4783 autem
485 4727 759 4783 Dominus
769 4739 940 4794 super
953 4721 1233 4776 civitatem
1249 4735 1421 4773 unam
1434 4734 1576 4770 vera
1587 4716 1884 4770 confessio—

281 4819 369 4871 nis
395 4816 726 4879 Ecclesiam,
753 4821 810 4867 et
837 4829 1008 4882 super
1036 4810 1272 4863 alteram
1303 4824 1415 4861 non
1447 4806 1611 4877 pluit.
1643 4822 1765 4876 qua
1795 4808 1883 4858 est

282 4907 340 4961 in
368 4905 769 4961 haereticorum
798 4898 1203 4955 conciliabulis.
1243 4897 1379 4951 Dua
1405 4902 1463 4949 et
1482 4901 1600 4948 tres
1629 4894 1883 4948 civitates

283 4996 354 5049 ad
379 5010 556 5050 unam
579 4996 823 5064 pergunt
848 4990 1152 5051 civitatem,
1176 4987 1235 5039 in
1256 5003 1367 5058 qua
1387 5001 1547 5055 aqua
1566 4989 1700 5037 sunt
1714 4983 1888 5036 abun-

284 5084 491 5139 danter
518 5082 659 5153 spei,
682 5080 814 5135 ﬁdei
836 5086 892 5134 et
912 5076 1231 5132 charitatis:
1257 5075 1355 5129 sed
1384 5074 1510 5127 ideo
1531 5088 1644 5125 non
1681 5072 1888 5125 satian-

286 5182 398 5239 tur,
443 5172 579 5244 quia
616 5171 687 5225 ad
735 5170 986 5224 divinam
1029 5165 1272 5238 gratiam
1321 5161 1719 5234 requirendam
1774 5176 1888 5215 non

287 5263 603 5328 voluntate,
633 5259 732 5314 sed
752 5256 1089 5313 necessitate
1112 5253 1362 5309 veniunt.

360 5371 388 5404 α
434 5349 694 5406 Percussi
720 5366 818 5402 vos
846 5347 906 5400 in
938 5351 1101 5399 vento
1148 5348 1367 5403 urente,
1412 5347 1470 5396 et
1508 5342 1569 5395 in
1614 5340 1891 5409 aurugine

290 5440 715 5496 multitudinem
745 5438 1038 5491 hortorum
1068 5440 1380 5489 vestrorum
1407 5438 1465 5486 et
1491 5430 1779 5484 vinearum
1811 5445 1899 5483 ve-
1977 5437 2247 5477 numerus
2263 5418 2505 5472 ﬁliorum
2537 5412 2715 5467 Israel
2737 5410 2883 5464 sicut
2901 5420 3074 5459 arena
3102 5400 3296 5466 maris,

1967 4362 2180 4427 surgat.
2223 4353 2397 4422 Virgo
2442 4349 2621 4403 Israel
2652 4347 2905 4418 projecta
2933 4346 3018 4396 est
3045 4340 3103 4393 in
3130 4345 3342 4392 terram
3373 4350 3557 4401 suam,

1966 4423 2093 4500 non'
2108 4452 2194 4498 est
2222 4442 2316 4513 qui
2366 4438 2601 4493 suscitet
2641 4452 2786 4489 eam.
2834 4453 2855 4483 ι
2890 4432 3173 4495 Quantum
3203 4425 3273 4479 ad
3302 4423 3561 4478 ordinem

1966 4537 2165 4590 littera
2195 4512 2455 4605 pertinet,
2502 4528 2692 4581 decem
2735 4522 2918 4577 tribus
2966 4535 3088 4589 qua
3130 4512 3561 4605 appellabantur

1967 4623 2158 4687 Israel,
2178 4600 2358 4675 ducta
2382 4617 2438 4670 in
2466 4614 2867 4684 captivitatem,
2885 4618 3241 4676 nequaquam
3258 4600 3329 4653 ad
3349 4604 3561 4652 terram

1967 4729 2128 4766 suam
2177 4715 2372 4781 postea
2418 4710 2550 4758 sunt
2590 4715 2844 4754 reversa.
2892 4690 3231 4763 Figuraliter
3269 4701 3400 4740 vero
3438 4690 3559 4738 tam

1966 4801 2116 4872 ipsos
2166 4778 2406 4861 Iudaos,
2453 4808 2620 4864 quam
2664 4788 2835 4841 etiam
2909 4781 3180 4852 quosdam
3241 4778 3564 4847 peccatores

1970 4862 2224 4944 [Ecclesia
2254 4862 2558 4953 redarguit,
2589 4877 2684 4948 qui
2710 4880 2836 4946 post
2862 4873 3247 4943 perpetratam
3273 4862 3557 4918 malitiam

1969 4979 2038 5033 ad
2070 4974 2458 5049 paenitentiam
2482 4968 2664 5022 redire
2692 4963 2910 5018 nolunt.

2046 5041 2089 5118 (ί
2114 5065 2259 5130 Quia
2284 5064 2401 5116 hac
2429 5057 2564 5111 dicit
2592 5052 2864 5108 Dominus
2889 5068 2900 5103 :
2927 5046 3072 5104 Urbs
3088 5045 3158 5099 de
3186 5059 3299 5115 qua
3316 5041 3570 5113 egredie-

1969 5156 2176 5210 bantur
2200 5147 2777 5219 mille,relinquentur
2796 5141 2854 5194 in
2883 5156 2951 5193 ea
2977 5141 3203 5192 centum
3235 5152 3247 5185 :
3277 5136 3336 5186 et
3364 5131 3432 5185 de
3458 5145 3571 5219 qua

1971 5241 2401 5316 egrediebantur
2427 5241 2673 5298 centum,
2704 5231 3095 5299 relinquentur
3117 5224 3176 5277 in
3202 5238 3267 5276 ea
3298 5221 3491 5275 decem
3510 5218 3570 5272 in

1972 5307 2138 5387 domo
2168 5329 2366 5384 Israel.
2403 5345 2428 5378 ι
2463 5325 2582 5378 Hoc
2625 5327 2709 5376 est
2758 5317 2907 5390 quod
2951 5315 3032 5369 ait
3068 5312 3281 5369 Isaias:
3316 5310 3376 5365 Si
3405 5307 3577 5362 fuerit

3325 5395 3575 5467 reliquiae

298 5536 564 5585 stramm.
590 5527 814 5584 Oliveta
865 5529 1051 5585 Vestra
1102 5529 1160 5576 et
1208 5524 1373 5576 ﬁceta
1413 5523 1599 5574 vestra
1644 5516 1900 5575 comedet
1980 5515 2376 5567 convertentur
2405 5522 2471 5560 ex
2500 5503 2600 5558 eis.
