4062 6168
532 258 646 329 415
956 264 1333 325 HAYMONIS
1372 271 1858 333 HALBEBS’PAH‘.
1901 279 2126 334 EPISG.
2166 279 2325 334 OPP.
2364 281 2549 336 PARS
2586 282 2632 336 Ι.
2681 310 2746 333 -.-
2784 279 3157 336 COMMENT.
3199 282 3383 338 BIBL.
3703 280 3811 338 116

615 405 642 448 ς
671 386 818 451 Quia
842 389 960 448 hac
988 391 1125 449 dicit
1147 394 1418 451 Dominus
1454 397 1645 453 domui
1660 401 1862 457 Israel:
1889 403 2130 468 Quaerite
2146 405 2197 464 Α
2212 404 2331 458 stis.
2355 404 2521 459 Odite
2553 406 2785 471 malum,
2817 411 2875 460 et
2893 405 3115 475 diligite
3140 404 3372 475 bonum,
3395 410 3453 459 et
3473 405 3809 460 constituite

541 489 655 539 me.
681 480 742 535 et
770 476 981 543 vivatis,
1006 484 1062 534 et
1084 482 1258 537 nolite
1295 500 1545 554 quaerere
1586 486 1804 553 Bethel,
1837 498 1893 545 et
1916 491 1970 545 in
2009 492 2136 545 Gal-
2213 490 2271 545 in
2293 499 2452 562 porta
2468 494 2767 562 judicium,
2786 494 2834 547 si
2853 494 2997 559 forte
3011 494 3349 547 misereatur
3366 493 3643 557 Dominus
3664 494 3815 548 Deus

540 562 674 632 gula
704 563 876 623 nolite
902 565 1136 633 intrare,
1169 576 1226 635 et
1254 570 1311 625 in
1342 572 1616 629 Bersabee
1656 594 1767 631 non
1798 579 2129 641 transibitis,
2216 582 2555 635 exercituum
2589 583 2841 653 reliquiis
2871 582 3095 652 Joseph.
3138 601 3161 634 ι
3197 582 3255 637 Si
3287 582 3438 650 enim
3479 582 3815 653 quaesieritis

543 652 679 727 quia
696 651 927 723 Galgala
946 657 1163 726 captiva
1176 658 1494 730 ducetur,et
1512 663 1703 719 Bethel
1722 666 1935 731 inutilis
1956 668 2081 721 erit.
2106 689 2129 719 »
2214 668 2443 735 bonum,
2479 672 2668 725 statim
2704 651 2976 741 repellitis
3006 651 3249 725 malum.
3286 651 3511 725 Bonum
3532 687 3664 725 vero
3692 673 3815 742 ipse

543 738 734 793 Nolite
758 758 1007 811 quaerere
1038 744 1263 815 (inquit)
1299 747 1516 815 Bethel,
1547 753 1603 805 in
1640 771 1752 823 qua
1780 761 1901 808 erat
1928 756 2135 810 vitulus
2215 758 2485 813 Dominus
2516 765 2613 814 est.
2651 738 2931 815 Iudicium
2957 777 3085 813 vero
3100 760 3156 813 in
3180 765 3343 830 porta
3358 760 3700 814 constituere
3716 738 3819 814 est

543 830 1489 904 aureus,etinGalgalaidololatriae
1507 840 1878 897 deditanolite
1902 845 2131 911 intrare,
2215 846 2513 917 iniquitate
2541 849 2767 919 repulsa
2796 848 3088 902 veritatem
3134 848 3399 918 recipere.
3430 849 3532 902 Vel
3569 854 3724 903 certe
3756 849 3817 902 in

545 920 608 976 ct
635 915 693 975 in
719 916 1012 985 Bersabee,
1046 922 1151 977 hoc
1179 928 1266 979 est
1304 927 1375 979 ad
1421 932 1653 998 puteum
1690 933 1998 1001 juramenti
2023 950 2134 987 non
2216 915 2392 1005 portis
2406 915 2682 1005 judicium
2714 937 3055 1003 constituere
3068 943 3154 991 est
3167 915 3433 1007 praesules
3447 937 3817 992 ecclesiarum

541 1005 861 1097 transibitis
901 1025 914 1062 :
949 1009 1044 1079 ubi
1090 1011 1139 1065 si
1192 1015 1414 1082 quando
1470 1018 1696 1074 errabat
1739 1020 1921 1075 tribus
1968 1023 2131 1088 Iuda,
2214 1022 2365 1077 intra
2392 1031 2641 1078 sanctam
2666 1025 2989 1092 Ecclesiam,
3014 1005 3242 1097 quaeest
3268 1031 3428 1096 porta
3459 1025 3625 1095 regni
3651 1025 3821 1079 caelo-

541 1091 698 1150 idola
722 1095 959 1152 adorare
986 1108 1367 1157 consueverat.
2217 1127 2362 1174 rum,
2391 1129 2514 1165 vera
2529 1113 2863 1167 discretione
2888 1113 3018 1167 boni
3048 1130 3114 1167 ac
3135 1114 3270 1168 mali
3296 1114 3565 1184 populum
3589 1114 3815 1168 docere.

623 1200 648 1237 ι
679 1183 924 1250 Quaerite
952 1188 1271 1255 Dominum,
1297 1197 1355 1246 et
1372 1193 1556 1259 vivite,
1585 1213 1655 1251 ne
1683 1198 1825 1254 forte
1844 1199 2134 1255 combura-
2290 1220 2312 1250 ι
2339 1200 2641 1271 Propterea
2673 1202 2785 1255 lucc
2813 1202 2950 1255 dicit
2968 1203 3240 1256 Dominus
3276 1203 3424 1256 Deus
3463 1202 3820 1257 exercituum

546 1274 643 1327 tur
674 1277 740 1325 ut
764 1271 913 1342 ignis
937 1274 1136 1329 domus
1164 1278 1391 1350 Ioseph,
1436 1288 1492 1336 et
1528 1284 1903 1353 devorabitur,
1936 1296 1993 1343 et
2020 1307 2130 1344 non
2213 1288 2535 1342 dominator
2563 1331 2573 1342 .
2600 1289 2665 1343 In
2684 1289 2943 1344 omnibus
2972 1289 3172 1360 plateis
3197 1291 3475 1359 planctus,
3509 1296 3566 1344 et
3592 1290 3651 1344 in
3677 1307 3819 1362 pun-

546 1359 1346 1434 critqpiexstinguatBethel.
1373 1370 1465 1440 qui
1487 1375 1811 1430 convertitis
1842 1378 1897 1431 in
1925 1379 2130 1450 absyn-
2214 1377 2319 1430 ctis
2350 1395 2473 1447 quae
2504 1378 2639 1433 toris
2681 1386 2831 1441 sunt,
2875 1359 3112 1438 dicetur,
3148 1379 3262 1443 Vae,
3297 1396 3373 1433 vae
3406 1397 3417 1432 :
3451 1388 3507 1434 et
3536 1359 3823 1435 vocabunt

545 1447 729 1505 tilium
755 1450 1051 1519 judicium,
1094 1463 1152 1507 et
1174 1455 1453 1524 justitiam
1483 1460 1539 1513 in
1571 1466 1723 1515 terra
1751 1447 2127 1537 relinquitis.»
2214 1466 2517 1534 agricolam
2548 1467 2617 1519 ad
2638 1467 2872 1528 luctum.
2894 1473 2950 1520 et
2968 1466 3038 1521 ad
3060 1467 3345 1536 planctum
3376 1484 3472 1521 eos
3502 1467 3599 1538 qui
3627 1468 3823 1523 sciunt

548 1536 664 1592 Iste
694 1547 781 1609 est
804 1538 969 1607 ignis,
1001 1540 1094 1611 qui
1119 1546 1477 1614 succenditur
1505 1565 1615 1605 non
1665 1552 1735 1605 ab
1785 1555 1894 1613 alio
1916 1536 2131 1627 aliquo,
2218 1554 2504 1624 plangere.
2537 1561 2594 1609 et
2637 1555 2696 1609 in
2747 1555 3007 1610 omnibus
3052 1555 3154 1609 viis
3206 1555 3313 1610 erit
3350 1536 3633 1627 planctus,
3680 1557 3822 1627 quia

548 1625 647 1679 sed
675 1625 744 1679 ab
770 1626 905 1696 ipsis
935 1632 1338 1698 peccatoribus,
1372 1635 1441 1688 de
1466 1654 1575 1706 quo
1596 1638 1727 1693 alibi
1760 1625 2034 1698 Dominus
2050 1645 2161 1715 di-r
2219 1644 2571 1714 pertransibo
2597 1645 2656 1697 in
2686 1644 2870 1698 medio
2885 1643 2968 1697 tui
3005 1644 3142 1698 dicit
3168 1625 3459 1699 Dominus.
3495 1625 3822 1715 nVastalio-

546 1712 653 1769 cit:
673 1732 698 1769 ι
719 1714 1019 1771 Ambulate
1034 1717 1091 1772 in
1115 1719 1325 1775 lumine
1344 1722 1491 1793 ignis
1513 1728 1699 1793 vestri,
1734 1735 1791 1783 et
1817 1733 1876 1785 in
1906 1733 2134 1788 ﬂamma
2153 1714 2198 1774 Β
2216 1712 2342 1785 nem
2362 1731 2685 1786 Judaeorum
2706 1749 2815 1787 non
2837 1733 3017 1803 solum
3040 1731 3098 1787 in
3122 1731 3563 1799 habitationibus
3583 1712 3811 1805 eorum,

546 1818 715 1874 quam
744 1805 1128 1861 succendistis.
1174 1828 1198 1859 ι

617 1907 649 1945 ι
676 1890 992 1948 Facientem
1023 1896 1321 1952 Arcturum
1342 1904 1399 1953 et
1417 1900 1700 1970 Orionem,
1724 1912 1781 1961 et
1808 1915 2134 1964 converten-

542 1982 660 2051 tem
691 1979 751 2036 in
780 1997 943 2035 mane
972 1983 1252 2047 tenebras,
1295 1993 1353 2041 et
1393 1989 1539 2045 diem
1566 2010 1622 2047 in
1654 2002 1873 2050 noctem
1907 2007 2132 2052 mutan-

542 2068 679 2130 tem,
712 2068 808 2138 qui
836 2075 997 2127 vocat
1023 2087 1197 2141 aquas
1227 2077 1419 2142 maris,
1465 2086 1522 2132 et
1568 2082 1803 2137 elTundit
1842 2102 1937 2139 eas
1965 2103 2136 2157 super

543 2153 743 2210 faciem
776 2162 961 2217 teme,
994 2159 1264 2229 Dominus
1307 2180 1512 2220 nomen
1550 2176 1636 2223 est
1681 2172 1821 2240 ejus.
1860 2196 1884 2220 ι»
1917 2153 2131 2229 Secun-

540 2242 677 2297 dum
708 2243 952 2300 historia
981 2248 1269 2304 veritatem
1314 2253 1603 2320 Dominus,
1654 2260 1746 2329 qui
1789 2262 2021 2317 Creator
2048 2271 2134 2319 est

540 2332 816 2398 omnium,
844 2336 1221 2391 comminatur
1256 2341 1633 2410 captivitatem
1676 2347 1921 2404 futuram
1962 2367 2134 2423 super

540 2419 876 2481 Samariam.
894 2428 951 2476 et
969 2423 1457 2495 depopulationem
1491 2449 1661 2504 super
1678 2444 1874 2507 potens
1896 2419 2129 2510 regnum

542 2509 721 2565 affert.
750 2512 1050 2566 Arcturum
1079 2530 1208 2568 vero
1238 2522 1296 2570 et
1321 2518 1603 2583 Orionem.
1635 2523 1938 2582 Ecclesiam
1963 2509 2129 2585 intel-

539 2597 672 2669 lige,
689 2599 805 2653 sive
824 2612 1019 2666 omnes
1041 2609 1282 2659 sanctos.
1307 2608 1369 2660 In
1389 2625 1552 2664 mane
1573 2612 1843 2669 Dominus
1873 2618 2131 2673 tenebras

540 2688 836 2755 convertit,
887 2705 1013 2743 cum
1056 2692 1325 2762 populum
1373 2698 1627 2765 gentium
1663 2701 1732 2755 de
1780 2702 2127 2762 inﬁdelitatis

539 2792 730 2831 errore
749 2776 818 2831 ad
841 2778 969 2833 ﬁdei
987 2779 1165 2839 lucem
1196 2784 1472 2853 perduxit.
1498 2788 1656 2842 Diem
1688 2807 1909 2862 quoque
1937 2795 1995 2848 in
2026 2790 2128 2850 no-

536 2871 684 2956 ctem
716 2868 970 2929 mutavit.
1005 2871 1137 2940 quia
1165 2874 1431 2943 pupulum
1457 2875 1782 2939 Judazorum
1806 2882 1874 2936 de
1903 2886 2129 2956 propria

531 2954 755 3026 jnstitia
782 2965 1236 3028 prmsumentem,
1277 2962 1336 3016 in
1373 2965 1622 3021 caecitate
1650 2970 1832 3025 cordis
1859 2974 1947 3027 sui
1974 2954 2131 3037 deree

536 3043 723 3115 liquit.
1230 3050 1231 3053 “

614 3152 638 3184 ι
684 3132 791 3197 Qui
832 3133 1087 3189 subridet
1131 3138 1449 3206 vastitatem
1499 3159 1668 3214 super
1714 3147 2029 3215 robustum,
2072 3158 2131 3206 et

535 3220 1029 3293 depopulationem
1058 3241 1229 3296 super
1251 3233 1535 3297 potentem
1567 3230 1747 3297 affert.
1778 3255 1799 3286 ι
1819 3237 2125 3294 Subriden-

534 3304 652 3372 tem
685 3311 883 3379 Deum,
911 3311 1243 3368 irascentem
1269 3316 1569 3386 signiﬁcat,
1602 3323 1734 3391 quia
1754 3330 1810 3377 et
1829 3342 1931 3379 nos
1952 3344 2127 3398 quan-

534 3397 609 3453 do
635 3398 951 3465 irascimur,
984 3400 1266 3457 interdum
1288 3405 1660 3469 subridemus.

610 3506 640 3541 α
677 3488 818 3543 Odio
847 3488 1166 3545 habuerunt
1210 3492 1267 3546 in
1313 3502 1477 3564 porta
1512 3500 1924 3570 corripientem,
1956 3512 2013 3558 et
2042 3507 2125 3560 lo-

510 3585 797 3648 .quentem
830 3579 1073 3649 perfecte
1094 3580 1399 3638 abominati
1428 3594 1578 3640 sunt.
1621 3612 1644 3635 -
1678 3589 1811 3653 Quae
1833 3597 1917 3645 est
1941 3600 2121 3663 porta,

532 3665 593 3719 in
621 3681 734 3736 qua
763 3668 1039 3750 propheta
1067 3670 1357 3741 redarguit
1383 3674 1791 3747 delinquentes,
1822 3680 1927 3734 nisi
1951 3682 2128 3750 janua

532 3749 813 3840 vitiorum.
848 3759 962 3810 Aut
990 3764 1144 3812 certe
1172 3760 1291 3830 ipse
1323 3764 1594 3834 prOpheta
1632 3772 1743 3821 stat
1773 3769 1831 3821 in
1855 3749 2033 3840 porta.
2066 3772 2122 3826 in

531 3836 822 3915 initiisque
856 3845 1145 3913 virtutum,
1189 3855 1247 3903 et
1281 3851 1409 3906 odio
1452 3852 1693 3909 habetur
1735 3856 1805 3915 ab
1852 3836 1940 3912 his
1987 3877 2126 3930 quos

531 3932 783 4003 corripit.
817 3934 923 3998 Qui
955 3935 1105 3990 enim
1132 3954 1243 3992 non
1265 3941 1463 4011 recipit
1485 3944 1833 4014 prophetam,
1858 3964 1970 4002 non
1992 3950 2127 4005 reci-

531 4019 616 4091 pit
646 4024 743 4092 qui
774 4022 927 4077 misit
955 4024 1136 4079 illum.
1171 4027 1517 4108 loquentem
1539 4048 1666 4085 vero
1689 4035 1949 4104 perfecte,
1970 4038 2125 4091 Chri-

531 4114 682 4164 stum
714 4111 1012 4167 Dominum
1041 4115 1217 4185 accipi
1246 4133 1355 4169 non
1385 4118 1617 4174 dubium
1648 4130 1750 4176 est.

608 4218 631 4250 ε
656 4199 866 4256 Idcirco
877 4216 978 4285 pro
990 4218 1055 4255 eo
1067 4203 1213 4271 quod
1228 4204 1575 4273 diripiebatis
1595 4225 1897 4280 pauperem
1918 4220 1974 4267 et
1990 4232 2123 4285 prae-

531 4284 661 4338 dam
692 4282 926 4373 electam
960 4289 1240 4343 tollebatis
1260 4291 1330 4343 ab
1351 4308 1435 4351 eo,
1460 4294 1655 4349 domos
1690 4298 1902 4368 quadro
1937 4282 2121 4373 lapide

2215 1821 2311 1875 sed
2345 1827 2403 1875 et
2425 1821 2487 1875 in
2514 1822 2730 1876 cunctis
2755 1839 2878 1891 qua:
2908 1821 3042 1875 foris
3080 1827 3243 1876 erant
3272 1827 3525 1883 ventura,
3566 1823 3822 1893 prophe-

2217 1909 2372 1962 tavit.
2394 1909 2500 1972 Qui
2522 1910 2669 1964 enim
2694 1909 2747 1963 in
2776 1909 3017 1963 Ecclesia
3039 1909 3268 1971 fuerint,
3302 1926 3413 1965 non
3442 1910 3677 1967 audient
3710 1927 3816 1977 ve,

2214 1998 2311 2050 sed
2334 2013 2622 2066 poenarum
2654 2004 2741 2051 est
2771 1997 3050 2060 ultimum,
3070 1998 3168 2053 sed
3194 1998 3239 2053 si
3273 1998 3417 2054 forte
3438 1999 3815 2069 peccaverint,

2214 2092 2533 2139 assumatur
2570 2103 2740 2157 super
2780 2103 2876 2139 eos
2923 2085 3253 2141 Iumentum.
3305 2088 3595 2157 Agricolae,
3627 2093 3685 2143 et
3715 2088 3818 2158 qui

2214 2181 2424 2228 norunt
2463 2175 2749 2244 plangere,
2787 2174 3143 2228 ecclesiastici
3189 2175 3291 2228 viri
3340 2182 3491 2241 sunt,
3534 2177 3633 2246 qui
3678 2182 3816 2231 ante

2213 2270 2508 2316 venturum
2536 2262 2814 2332 judicium
2852 2268 3173 2333 peccatores
3202 2263 3275 2316 ad
3303 2264 3694 2334 pcenitentiam
3720 2281 3816 2319 vo-

2212 2358 2357 2418 cant.

2288 2461 2309 2491 ι
2355 2441 2448 2495 Vm
2477 2440 2925 2495 desiderantibus
2953 2441 3100 2494 diem
3132 2442 3373 2496 Domini.
3407 2444 3490 2497 Ad
3522 2443 3656 2514 quid
3682 2460 3812 2498 eam

2214 2529 2408 2593 vobis?
2437 2531 2565 2583 Dies
2589 2530 2806 2597 Domini
2830 2531 2956 2591 ista,
2984 2531 3295 2586 tenebraeet
3315 2547 3424 2586 non
3446 2532 3559 2586 lux.
3586 2532 3657 2586 n1
3665 2530 3811 2603 udtpi

2213 2628 2277 2674 ut
2306 2620 2571 2695 haeretici,
2596 2620 2717 2672 sive
2746 2619 2996 2689 plerique
3046 2619 3115 2675 de
3163 2620 3427 2684 Ecclesia,
3477 2622 3546 2675 de
3582 2620 3812 2690 iustitia

2209 2709 2464 2772 ﬁdentes,
2498 2708 2644 2761 diem
2680 2708 2920 2770 Domini,
2969 2708 3071 2762 hoc
3098 2714 3185 2763 est
3212 2708 3359 2764 diem
3389 2709 3605 2778 judicii.
3644 2709 3810 2780 quasi

2211 2798 2389 2861 securi
2424 2796 2752 2862 facinorum,
2796 2796 3116 2853 desiderare
3163 2798 3505 2868 proﬁtentur
3533 2814 3704 2869 quem
3732 2799 3809 2875 ti-

2211 2898 2366 2937 mere
2394 2883 2721 2938 debuerant.

2288 2991 2314 3021 α
2354 2972 2644 3036 Quomodo
2673 2974 2720 3027 si
2751 2974 2928 3042 fugiat
2968 2975 3137 3029 homo
3164 2992 3198 3029 a
3226 2975 3368 3030 facie
3404 2976 3602 3038 leonis.
3637 2981 3697 3037 et
3723 2993 3812 3033 oc-

2148 3069 2192 3129 C
2213 3066 2405 3114 currat
2436 3061 2487 3114 ei
2519 3077 2703 3123 ursus,
2754 3068 2811 3115 et
2847 3062 3201 3132 ingrediatur
3225 3063 3476 3125 domum,
3510 3070 3569 3119 et
3595 3065 3810 3125 innita-

2209 3155 2305 3203 tur
2332 3166 2501 3203 manu
2532 3166 2635 3203 sua
2663 3166 2833 3220 super
2861 3151 3155 3221 parietem,
3186 3158 3243 3207 et
3274 3153 3529 3210 mordeat
3554 3171 3685 3213 eum
3712 3172 3809 3209 co-

2210 3238 2386 3292 luber.
2421 3259 2441 3291 ι
2460 3240 2589 3308 Leo,
2622 3239 2703 3293 vel
2734 3255 2920 3310 ursus,
2949 3256 3049 3294 seu
3074 3239 3318 3303 coluber,
3341 3242 3521 3301 hocin
3544 3244 3666 3301 loco
3692 3244 3812 3303 dia-

2208 3328 2368 3383 bolus
2395 3328 2794 3398 intelligendus
2834 3334 2921 3383 est
2975 3329 3185 3387 Domus
3237 3346 3461 3400 quoque
3497 3331 3807 3403 unicuique

2208 3417 2559 3487 delinqueuti
2602 3417 2829 3488 propria
2856 3418 3198 3493 conscientia
3223 3425 3326 3481 est,
3358 3418 3417 3477 in
3441 3436 3552 3490 qua
3581 3420 3666 3481 illi
3692 3437 3808 3479 non

2207 3511 2293 3559 est
2320 3504 2479 3559 bene.

2287 3614 2308 3645 ι
2340 3594 2603 3664 Nunquid
2624 3610 2736 3648 non
2757 3594 3003 3665 tenebrae
3023 3596 3144 3650 dies
3166 3596 3407 3655 Domini.
3437 3604 3494 3656 et
3522 3615 3635 3657 non
3660 3599 3761 3656 lux
3789 3618 3802 3652 :

2210 3688 2267 3736 et
2289 3683 2488 3753 caligo,
2522 3690 2579 3736 et
2604 3700 2713 3737 non
2743 3684 3009 3754 splendor
3035 3684 3092 3741 in
3123 3685 3227 3743 ea?
3259 3686 3364 3743 Odi
3399 3693 3456 3742 et
3485 3688 3695 3758 proieci
3721 3688 3805 3747 fe-

2210 3770 2484 3825 stivitates
2526 3778 2754 3830 vestras.
2789 3778 2845 3825 et
2874 3789 2986 3826 non
3032 3774 3249 3844 capiam
3280 3775 3509 3833 odorem
3552 3783 3805 3853 coetuum

2209 3866 2518 3914 vestrorum
2549 3879 2561 3913 :
2586 3861 2733 3930 quod
2755 3861 2803 3914 si
2824 3860 3140 3917 obtulerilis
3162 3864 3299 3918 mihi
3322 3865 3808 3937 holocaustmnata

2207 3955 2262 4003 et
2278 3965 2529 4009 munera.
2556 3966 2667 4003 non
2692 3950 3012 4021 suscipiam,
3036 3958 3093 4006 et
3122 3959 3249 4023 vota
3274 3953 3564 4024 pinguium
3586 3964 3805 4012 vestro-

2206 4054 2333 4092 rum
2348 4054 2458 4092 non
2479 4039 2801 4109 suscipiam.
2818 4041 3034 4094 Aufera
3047 4057 3134 4095 me
3155 4043 3464 4099 tumultum
3484 4044 3803 4119 carminum

2204 4134 2454 4193 tuorum,
2478 4135 2534 4182 et
2552 4129 2769 4183 cantica
2798 4129 2930 4200 lyrae
2965 4136 3076 4184 tuae
3105 4147 3216 4186 non
3238 4132 3483 4195 audiam,
3504 4139 3561 4187 et
3582 4134 3802 4191 revela-

2205 4215 2355 4270 bitur
2385 4218 2542 4287 quasi
2563 4233 2710 4288 aqua
2721 4217 3022 4286 judicium,
3053 4224 3110 4272 et
3135 4219 3360 4291 justitia
3386 4222 3546 4291 quasi
3577 4228 3803 4289 torrens

2201 4305 2375 4360 fortis
2408 4326 2432 4369 ι)
2457 4308 2535 4360 De
2564 4307 2883 4361 Judaeorum
2913 4307 3152 4362 victimis
3182 4315 3241 4362 et
3278 4310 3672 4366 haereticorum
3703 4330 3799 4366 sa—

531 4371 878 4466 Iidiiicabitis
898 4380 956 4466 et
968 4390 1078 4466 _non
1097 4376 1421 4441 habitabitis
1440 4380 1499 4433 in
1520 4382 1601 4436 eis
1621 4403 1631 4434 ;
1660 4385 1847 4450 vineas
1858 4371 2124 4445 amantis-
2144 4384 2188 4441 D
2206 4394 2447 4458 criﬁciis,
2472 4412 2595 4464 quae
2624 4413 2658 4448 a
2678 4395 2793 4449 Deo
2815 4412 2926 4450 non
2953 4396 3357 4466 approbantur.
3380 4399 3531 4455 dicit.
3564 4400 3799 4460 Necnon

531 4459 705 4515 simas
737 4462 1082 4559 plantabitis.
1105 4472 1162 4518 et
1183 4481 1293 4519 non
1314 4466 1514 4522 bibetis
1537 4470 1723 4525 vinum
1748 4491 1964 4540 earum,
1989 4481 2120 4549 quia
2205 4488 2262 4536 et
2288 4459 2502 4537 cantica
2525 4484 2864 4546 Levitarum,
2902 4459 3104 4556 quib-us
3144 4460 3450 4559 laudabant
3476 4490 3677 4556 Deum,
3712 4497 3803 4548 tu-

528 4550 1447 4647 cognovimultasceleravestra,et
1469 4558 1867 4632 fortiapcccata
1883 4573 2117 4623 vestra.»
2205 4572 2442 4625 multum
2482 4579 2660 4641 vocat,
2704 4550 3063 4645 sonitumque
3091 4550 3404 4647 confusum.
3436 4550 3701 4636 similiter
3741 4587 3803 4638 et

529 4640 866 4711 Pauperem,
909 4641 1210 4739 Christum
1232 4642 1467 4739 intelligi
1494 4648 1551 4700 in
1576 4651 1844 4706 membris
1868 4656 1985 4710 suis
2012 4674 2122 4713 non
2205 4661 2898 4717 haereticorumJudicium
2914 4640 3011 4719 Dei
3027 4672 3199 4736 atque
3217 4642 3703 4739 justitiam.quam
3727 4670 3800 4726 de

527 4729 833 4822 absurdum
853 4735 941 4784 est
964 4749 975 4784 :
998 4730 1146 4789 hunc
1196 4732 1442 4787 haeretici
1475 4752 1577 4805 per
1602 4741 1849 4796 occultas
1889 4745 2121 4803 insidias
2205 4750 2409 4821 populo
2430 4768 2532 4804 suo
2545 4751 2839 4820 judicabit,
2856 4753 3070 4822 patebit
3097 4729 3376 4815 omnibus.
3393 4762 3449 4811 et
3474 4729 3656 4813 instar
3675 4764 3797 4817 tor-

527 4817 838 4898 deprzedari
868 4826 1162 4914 conantur.
1196 4839 1222 4875 α
1267 4822 1466 4914 Hostes
1480 4825 1619 4895 justi
1647 4830 1983 4901 accipientes
2002 4853 2118 4899 mu-
2202 4817 2379 4893 rentis
2405 4817 2717 4903 fortissimi,
2742 4817 3013 4913 quidquid
3037 4843 3363 4914 arripuerit,
3377 4862 3568 4903 secum
3594 4848 3793 4914 trahit,

526 4909 652 5002 nus,
687 4913 743 4960 et
780 4923 1056 4979 pauperes
1082 4910 1139 4964 in
1170 4916 1333 4982 porta
1359 4912 1757 4984 deprimentes.
1806 4922 1936 4975 Ideo
1982 4942 2115 4994 pru-
2199 4934 2253 4981 et
2285 4928 2332 4981 si
2357 4928 2653 4992 obstiterit,
2688 4909 2799 4985 non
2830 4909 3061 5002 patitur.

524 4992 664 5073 dens
703 4995 763 5050 in
791 5003 1045 5067 tempore
1073 4998 1423 5067 illo'taccbit,
1477 5004 1609 5075 quia
1653 5015 1874 5080 tempus
1904 4992 2115 5069 malum

524 5088 630 5139 est.
669 5105 691 5134 ιι
726 5085 931 5139 Hostes
952 5086 1110 5155 justi,
1160 5105 1357 5145 omnes
1400 5092 1611 5150 inimici
1653 5096 1861 5153 Christi
1908 5100 2115 5158 intelli-

521 5179 750 5253 guntur.
788 5169 1104 5229 Deteriores
1129 5192 1258 5230 vero
1296 5181 1545 5244 omnium
1588 5186 1833 5242 haeretici
1863 5206 2114 5262 compro-

515 5259 745 5339 bantur,
781 5262 874 5333 qui
904 5263 962 5316 in
1007 5264 1183 5334 portis
1212 5266 1341 5320 ﬁdei
1370 5269 1610 5328 humiles
1643 5275 1896 5333 Ecclesiae
1923 5259 2111 5352 depri-

520 5367 675 5432 mere
695 5356 991 5408 conantur.

593 5458 622 5495 ι
659 5441 905 5506 ραωνίῐθ
933 5442 1163 5507 bonum.
1198 5452 1255 5500 et
1282 5463 1394 5501 non
1441 5451 1672 5518 malum,
1705 5462 1769 5510 ut
1812 5459 2029 5527 vivatis,
2058 5466 2114 5515 et

2273 5034 2298 5068 α
2322 5019 2580 5089 Nunquid
2599 5019 2809 5085 hostias
2829 5026 2886 5074 et
2914 5021 3247 5077 sacriﬁcium
3264 5023 3545 5081 obtulistis
3564 5026 3704 5083 mihi
3734 5027 3793 5086 in

2196 5107 2417 5161 deserto
2437 5108 2807 5179 quadraginta
2826 5112 2988 5166 annis
3003 5113 3202 5167 domus
3218 5113 3429 5169 Israel?
3451 5120 3509 5171 et
3528 5117 3797 5185 portastis

2196 5195 2558 5252 tabernacula
2589 5199 2807 5253 Moloch
2841 5200 2987 5254 idolo
3021 5208 3217 5264 vestro,
3261 5203 3643 5274 etimaginem
3672 5206 3793 5263 ido-

2196 5286 2376 5340 lorum
2407 5294 2740 5349 vestrorum,
2775 5289 2927 5343 sidus
2958 5290 3053 5344 Dei
3084 5292 3271 5353 vestri,
3303 5310 3425 5364 quae
3454 5293 3661 5351 fecistis
3690 5311 3790 5350 vo-

2196 5374 2297 5429 bis.
2335 5376 2403 5429 Et
2433 5379 2676 5447 migrare
2703 5394 2797 5431 vos
2822 5378 3017 5433 faciam
3052 5387 3209 5436 trans
3240 5383 3593 5447 Damascum,
3644 5384 3790 5440 dixit

2195 5464 2464 5519 Dominus
2492 5466 2640 5520 Deus
2665 5467 3010 5522 exercituum
3052 5485 3256 5525 nomen
3300 5474 3442 5542 ejus.
3481 5493 3503 5521 ι
3536 5474 3788 5543 Populus

518 5530 626 5585 erit
653 5530 926 5587 Dominus
940 5532 1087 5588 Deus
1106 5536 1450 5591 exercituum
1467 5538 1771 5613 vobiscum,
1794 5546 1935 5601 sicut
1964 5549 2110 5603 dixi-
2192 5552 2529 5608 lsraeliticus
2570 5554 2899 5610 idololatriae
2942 5558 3163 5613 cultura
3189 5530 3563 5625 illecebratus,
3597 5530 3656 5618 et
3684 5530 3792 5620 hoc
