4062 6168
267 308 356 367 1‘21

1221 312 1639 368 ENARRATIO
1678 314 1755 369 IN
1792 314 2070 372 ABDIAM
2110 314 2578 373 PROPHETAM.

3430 306 3532 371 122

263 435 442 507 ptista
471 436 531 490 in
562 435 815 495 Sebaste.
844 452 968 507 qua
988 436 1120 490 olim
1143 438 1399 492 Samaria
1417 438 1858 501 dicebatur,cum
1878 440 1932 500 A
1951 442 2379 513 Comparatione
2407 440 2558 496 enim
2587 443 2916 495 caterarum
2948 436 3202 507 gentium
3232 437 3291 491 in
3304 412 3543 493 circuitu

264 540 471 595 magna
503 527 862 580 veneratione
894 525 1153 580 habetur.
1202 527 1436 597 Legitur
1480 529 1611 598 quia
1640 535 1864 582 centum

267 616 571 685 prophetas
621 620 871 685 paverat.
902 614 1116 685 accepit
1144 616 1404 686 spiritum
1447 617 1771 687 pr0phetia.
1810 621 1867 671 et

260 703 330 756 de
358 703 502 757 duce
532 704 806 758 exercitus
832 704 896 757 ﬁt
913 704 1023 758 dux
1056 704 1330 768 Ecclesia,
1376 711 1434 759 et
1461 705 1755 776 impletum
1779 712 1866 760 est

259 793 316 846 in
347 792 444 846 illo
468 793 618 863 quod
649 794 920 847 Dominus
935 793 1017 848 ait
1040 812 1051 845 :
1074 812 1101 845 «
1119 794 1226 858 Qui
1249 795 1447 866 recipit
1464 796 1790 866 pr0phetam
1803 796 1863 850 in

259 881 489 936 nomine
510 882 818 953 propheta,
852 883 1166 937 mercedem
1201 884 1485 954 pr0pheta
1531 886 1784 956 accipiet.
1834 905 1859 938 »

258 970 416 1023 Tunc
445 970 503 1023 in
537 971 792 1025 Samaria
823 988 1054 1042 parvum
1084 988 1313 1042 gregem
1346 979 1595 1043 paverat,
1627 991 1776 1029 nunc
1801 974 1862 1029 in

261 1065 383 1115 toto
411 1059 548 1115 orbe
576 1060 784 1117 Christi
814 1060 993 1133 pascit
1022 1061 1346 1117 Ecclesiam.

761 1207 994 1262 CAPUT
1025 1205 1331 1261 PRIMUM.

335 1351 363 1386 α
396 1333 556 1387 Visio
600 1332 812 1387 Abdia.
848 1352 870 1383 ι
900 1332 1094 1386 Potest
1129 1332 1302 1402 quari
1332 1349 1433 1387 cur
1472 1333 1693 1388 dicatur
1730 1333 1865 1389 visio

258 1422 479 1483 Abdia,
510 1439 641 1476 cum
668 1439 780 1476 non
804 1422 1057 1491 legamus
1087 1422 1141 1474 in
1180 1421 1544 1492 sequentibus
1585 1423 1731 1493 quod
1761 1424 1867 1476 ali-

260 1510 397 1579 quid
419 1510 642 1572 viderit,
666 1510 763 1563 sed
784 1509 1045 1563 audierit.
1068 1509 1364 1563 Sciendum
1387 1516 1575 1564 autem
1597 1511 1863 1564 visionem

260 1597 354 1651 hic
378 1614 484 1669 pro
506 1598 796 1652 intellectu
817 1598 966 1668 poni,
993 1598 1123 1668 quia
1144 1597 1292 1667 quod
1312 1598 1544 1660 audivit,
1582 1598 1740 1660 vidit,
1763 1599 1867 1654 hoc

1946 548 2047 584 suo
2072 530 2444 586 habitantium
2494 530 2760 601 parvulus
2802 532 2946 591 erat,
2988 526 3086 581 sed
3132 526 3188 580 in
3221 526 3543 596 superbiam

1947 620 2287 685 elevabatur,
2319 637 2444 675 cum
2477 625 2625 674 esset
2668 615 3124 687 contemptibilis,
3161 615 3220 670 id
3254 621 3340 670 est
3384 615 3544 670 valde

1945 708 2316 779 despicabilis.
2342 709 2388 764 Ο
2431 709 2624 769 Edom.
2652 707 2855 778 inquit,
2889 722 3018 760 cum
3068 705 3335 760 minimus
3360 704 3437 759 sis
3465 705 3548 760 in-

1945 804 2034 852 ter
2061 815 2256 853 omnes
2285 799 2343 852 in
2362 798 2598 852 circuitu
2636 796 2911 857 nationes,
2950 800 3009 850 et
3058 795 3127 849 ad
3176 794 3549 866 comparatio-

1945 904 2072 942 nem
2094 888 2349 958 gentium
2380 895 2710 942 caterarum
2764 902 2969 957 parvus
3018 885 3075 938 in
3104 901 3360 949 numero,
3395 884 3548 939 ultra

1943 978 2089 1031 vires
2116 978 2352 1047 erigeris
2384 977 2442 1030 in
2470 976 2814 1048 superbiam.
2847 975 3006 1030 Unde
3026 974 3284 1046 sequitur
3314 993 3327 1028 :

2019 1088 2040 1118 ι
2064 1066 2335 1137 Superbia
2351 1066 2534 1120 cordis
2548 1066 2630 1120 tui
2646 1065 2847 1119 extulit
2862 1071 2938 1127 te,
2955 1063 3299 1118 habitantem
3320 1063 3380 1118 in
3409 1064 3542 1119 scis-

1945 1156 2090 1209 suris
2114 1162 2304 1226 petra,
2328 1156 2668 1209 exaltantem
2716 1154 2917 1208 solium
2952 1158 3112 1207 tuum
3146 1169 3159 1207 :
3194 1153 3289 1224 qui
3317 1153 3457 1207 dicis
3483 1153 3540 1208 in

1945 1246 2110 1299 corde
2132 1251 2228 1299 tuo
2271 1265 2297 1295 ιι
2316 1245 2490 1299 Terra
2520 1244 2891 1298 ldumaorum
2912 1242 2970 1295 in
2991 1242 3223 1296 australi
3245 1250 3403 1312 parte
3418 1247 3544 1296 erat

1946 1334 2075 1394 sita,
2100 1334 2337 1404 ideoque
2362 1332 2432 1387 oh
2474 1332 2712 1386 nimium
2759 1332 2892 1385 solis
2913 1331 3174 1389 calorem,
3202 1330 3259 1384 in
3287 1330 3541 1385 cavernis

1944 1430 2112 1478 terra
2132 1429 2412 1494 autpetra
2429 1421 2773 1475 habitabant.
2808 1421 2876 1474 Et
2898 1427 2979 1473 est
3011 1435 3208 1473 sensus
3233 1437 3243 1471 :
3280 1420 3417 1473 Cum
3443 1420 3542 1473 ha-

1946 1511 2160 1566 bitesin
2184 1513 2485 1583 speluncis,
2510 1517 2610 1565 aut
2639 1510 2694 1563 in
2716 1510 2966 1563 cavernis
2996 1515 3285 1579 petrarum
3317 1507 3543 1562 humilis

1947 1608 2116 1672 atque
2133 1601 2550 1672 pauperrimus,
2571 1607 2627 1653 et
2640 1599 2855 1653 excelsa
2870 1598 3231 1652 aediﬁciorum
3254 1603 3403 1650 tecta
3432 1613 3546 1651 non

265 1691 353 1739 est
371 1685 654 1740 intellexit
678 1702 834 1739 more
881 1686 1280 1757 prophetarum
1348 1686 1491 1740 Sunt
1527 1694 1716 1740 autem
1757 1688 1917 1761 tria_
1948 1689 2534 1761 possides,obnimiam
2559 1687 2781 1742 chordis
2797 1686 3177 1746 duritiam,vel
3195 1686 3538 1757 superbiam,

258 1791 470 1844 genera
498 1775 776 1828 visionum
810 1793 822 1828 :
852 1791 967 1828 una
995 1780 1082 1828 est
1112 1775 1439 1846 corporalis,
1467 1775 1613 1829 sicut
1643 1776 1700 1829 in
1722 1776 1864 1846 lapi-
1884 1758 2147 1833 Bsolium
2182 1785 2340 1833 tuum
2372 1778 2455 1831 vel
2488 1794 2721 1848 regnum
2770 1784 2947 1831 tuum.
2981 1776 3142 1846 quasi
3182 1775 3539 1845 omnipotens

259 1862 464 1930 dibus;
519 1863 850 1933 spiritualis.
882 1863 1027 1917 sicut
1054 1862 1112 1917 in
1141 1863 1354 1917 somnis
1404 1863 1655 1918 videmus
1692 1879 1866 1934 equos

257 1968 508 2015 currere,
534 1953 792 2007 homines
822 1953 1030 2007 bellare
1055 1972 1067 2020 ;
1118 1953 1533 2017 intellectualis,
1558 1970 1667 2024 qua
1693 1953 1864 2007 locuti

258 2050 390 2097 sunt
411 2043 597 2096 sancti
619 2044 925 2113 propheta.
960 2042 1353 2112 lntelligebant
1380 2043 1526 2096 enim
1554 2043 1863 2113 spirituali-

256 2138 347 2185 ter
394 2131 673 2202 quidquid
727 2131 1120 2202 loquebantur.
1156 2150 1183 2184 α
1220 2133 1348 2185 Hac
1404 2132 1540 2185 dicit
1594 2132 1864 2186 Dominus

254 2219 414 2275 Deus
432 2221 502 2274 ad
524 2221 720 2275 Edom.
748 2239 775 2272 ι
809 2221 981 2274 Edom
1004 2220 1126 2291 ipse
1147 2222 1386 2274 estEsau
1408 2227 1465 2274 et
1495 2221 1635 2283 Seir,
1668 2221 1864 2275 simili-

255 2315 342 2362 ter
374 2309 539 2378 regio
563 2309 717 2361 illius
741 2308 922 2363 tribus
942 2309 1263 2363 nominibus
1284 2311 1861 2380 nuncupatur.Dictus

255 2404 340 2451 est
364 2398 523 2451 enim
553 2398 721 2459 Esau,
756 2396 827 2450 ab
856 2414 953 2451 esu
1002 2398 1187 2463 lentis,
1243 2399 1373 2469 quia
1426 2406 1653 2469 propter
1674 2400 1860 2453 rufum

254 2486 543 2540 lenticula
566 2486 753 2540 cibum
780 2487 1029 2540 vendidit
1066 2487 1459 2557 primogenita.
1488 2490 1631 2542 Nam
1665 2490 1858 2553 Edom,

255 2577 425 2643 rufus
454 2576 881 2646 interpretatur.
914 2576 1127 2630 Dicitur
1154 2582 1210 2629 et
1239 2577 1382 2640 Seir,
1421 2577 1475 2630 id
1510 2583 1597 2631 est
1626 2578 1858 2648 pilosus,

255 2664 387 2734 quia
422 2665 680 2734 hispidus
710 2669 850 2718 erat.
910 2665 1082 2734 Regio
1143 2682 1364 2736 quoque
1414 2666 1564 2719 illius
1596 2666 1748 2720 dicta
1777 2672 1863 2720 est

256 2753 529 2815 Idumaa,
552 2758 611 2806 et
631 2754 770 2808 Seir.
795 2759 851 2806 et
878 2754 1110 2807 Teman.
1142 2755 1283 2807 [line
1306 2772 1403 2824 per
1425 2757 1595 2808 Amos
1634 2754 1856 2815 dicitur,

257 2843 480 2913 «Super
494 2842 677 2896 tribus
698 2843 998 2897 sceleribus
1013 2843 1255 2897 ﬁliorum
1279 2844 1537 2908 Edom,et
1550 2861 1611 2897 su
1619 2860 1862 2914 perqua-

1947 1869 2042 1933 sis,
2058 1870 2305 1923 exaltare
2331 1868 2548 1924 niteris.
2604 1874 2662 1920 et
2697 1867 2835 1920 dicis
2874 1866 2932 1919 in
2975 1865 3141 1919 corde
3167 1870 3265 1919 tuo
3295 1882 3307 1917 :
3349 1884 3372 1915 ι
3404 1864 3541 1928 Quis

1947 1959 2208 2013 detrahet
2230 1975 2319 2011 me
2358 1958 2413 2011 in
2465 1957 2719 2011 terram?
2744 1976 2765 2007 ι
2800 1956 2855 2009 id
2883 1962 2969 2010 est
2997 1955 3204 2009 nullus.
3235 1955 3365 2021 Qui:
3389 1954 3541 2007 enim

1947 2047 2251 2118 aliquando
2278 2063 2378 2118 pro
2406 2062 2554 2101 raro.
2578 2044 2880 2115 aliquando
2911 2060 3010 2115 pro
3030 2044 3184 2098 nullo
3205 2042 3450 2113 ponitur,
3473 2041 3545 2095 si-

1944 2144 2041 2190 cut
2058 2138 2166 2202 hic,
2194 2143 2252 2190 et
2269 2136 2415 2190 sicut
2442 2136 2499 2188 in
2528 2135 2768 2205 psalmo:
2805 2152 2831 2186 α
2864 2134 3031 2195 Deus,
3057 2131 3182 2203 quis
3204 2131 3406 2185 similis
3434 2130 3543 2184 erit

1943 2226 2079 2280 tibi?
2113 2245 2136 2277 ι

1954 2318 1957 2321 λ
2018 2333 2045 2367 α
2070 2315 2128 2369 Si
2148 2314 2422 2368 exaltatus
2433 2312 2607 2367 fueris
2627 2318 2692 2366 ut
2705 2311 2913 2382 aquila,
2937 2316 2994 2364 et
3008 2310 3052 2364 si
3078 2310 3227 2364 inter
3240 2309 3426 2364 sidera
3444 2326 3542 2380 po-

1945 2404 2032 2457 nis
2048 2404 2242 2458 nidum
2261 2411 2420 2457 tuum
2449 2422 2460 2455 :
2482 2402 2612 2456 inde
2623 2402 2914 2455 detraham
2936 2406 3013 2466 te,
3035 2399 3170 2453 dicit
3198 2399 3485 2453 Dominus.
3507 2416 3535 2451 ι

1943 2493 2025 2547 Tu
2048 2491 2270 2561 (inquit)
2303 2490 2566 2561 superbia
2614 2489 2962 2552 intumescis,
2998 2494 3056 2543 et
3083 2494 3147 2541 ut
3172 2487 3379 2559 aquila,
3414 2503 3540 2558 qua

1943 2580 2243 2635 sublimius
2273 2581 2489 2634 catei‘is
2516 2580 2708 2633 avibus
2732 2579 2881 2632 volat
2902 2579 2958 2631 in
2989 2578 3189 2640 altum,
3207 2576 3538 2643 sustolleris,

1945 2670 2023 2724 ita
2048 2678 2113 2724 ut
2142 2670 2312 2723 etiam
2345 2670 2494 2722 ultra
2517 2674 2776 2722 naturam
2804 2668 2981 2739 possis
3000 2667 3356 2721 altitudinem
3377 2682 3544 2737 pene-

1942 2764 2111 2818 trare,
2143 2764 2202 2810 et
2222 2764 2284 2811 ut
2308 2758 2478 2811 etiam
2517 2756 2660 2826 (plus
2684 2756 2882 2821 dicam)
2911 2757 3060 2810 inter
3082 2755 3268 2808 sidera
3289 2754 3542 2825 posueris

1944 2848 2136 2901 nidum
2163 2853 2345 2905 tuum.
2370 2846 2427 2899 id
2459 2852 2545 2899 est
2571 2844 2975 2909 habitaculum,
2998 2844 3128 2897 inde
3156 2849 3213 2897 te
3233 2844 3300 2896 ad
3327 2848 3539 2896 terram

252 2936 388 2985 tuor
398 2948 515 2985 non
535 2938 857 2986 convertam
871 2949 1059 2998 eum;»
1078 2937 1135 2986 et
1146 2949 1244 3003 per
1260 2933 1483 2996 Isaiam,
1496 2935 1609 2987 «Ad
1634 2950 1723 2987 me
1742 2934 1861 2987 cla-

253 3028 375 3074 mat
388 3022 537 3081 Seir.
563 3029 753 3075 custos
780 3022 913 3092 quid
942 3022 1011 3075 de
1050 3022 1254 3076 nocte?
1279 3042 1304 3074 ››
1337 3030 1395 3076 et
1418 3040 1517 3093 per
1535 3023 1855 3087 Jeremiam,

1943 2937 2259 3001 detraham,
2290 2941 2355 2989 ut
2381 2935 2478 2988 illa
2506 2951 2566 2988 se
2596 2934 2781 2989 subito
2810 2950 2956 3005 sape
2978 2934 3037 2988 in
3078 2933 3316 2987 fundum
3363 2932 3539 2986 maris

1944 3026 2133 3095 dejicit
2152 3026 2221 3079 de
2253 3041 2456 3095 magna
2480 3023 2710 3099 nubium
2745 3023 3059 3077 altitudine.
3096 3020 3357 3093 Aquilam
3388 3020 3540 3075 enim

257 3130 277 3160 ι
300 3110 578 3181 Nunquid
601 3127 715 3164 non
736 3117 822 3164 est
845 3111 993 3165 ultra
1023 3111 1300 3181 sapientia
1320 3112 1378 3165 in
1398 3112 1666 3174 Teman,»
1689 3116 1747 3165 et
1772 3129 1863 3166 re-
1884 3110 1926 3138 υ
1944 3115 2159 3169 cunctis
2188 3113 2383 3167 avibus
2411 3114 2582 3167 altius
2601 3113 2807 3177 volare,
2836 3114 3008 3167 etiam
3035 3112 3093 3165 hi
3123 3111 3219 3183 qui
3238 3111 3309 3165 de
3336 3117 3542 3166 natura

252 3199 412 3270 liqua
444 3216 628 3270 usque
649 3200 704 3252 in
735 3200 903 3253 ﬁnem
930 3201 1250 3271 prophetia.
1263 3203 1470 3254 Contra
1500 3202 1644 3254 ﬁlios
1672 3201 1862 3271 itaque
1944 3205 2130 3258 avium
2163 3203 2469 3274 disputant,
2487 3202 2768 3257 memoria
2788 3201 3438 3273 prodiderunt,tantique
3458 3200 3542 3256 in-

253 3287 433 3341 Edom
457 3287 677 3342 inimici
690 3294 854 3341 erant
874 3288 973 3342 ﬁlii
994 3289 1188 3352 lsrael,
1215 3288 1361 3342 sicut
1388 3289 1521 3342 olim
1567 3289 1751 3343 fuerat
1770 3307 1864 3360 pa-
1943 3292 2122 3345 tuitus
2151 3308 2273 3345 esse
2302 3291 2529 3351 dicitur,
2577 3296 2634 3344 et
2675 3308 2801 3345 cum
2854 3306 3026 3361 super
3057 3292 3236 3343 maria
3264 3288 3541 3344 immobili

249 3377 593 3431 terillorum
625 3377 786 3431 fratri
834 3394 936 3431 suo
979 3377 1169 3432 Jacob.
1217 3378 1492 3449 Loquitur
1526 3378 1809 3450 Propheta
1845 3398 1857 3434 :
1942 3379 2955 3452 pennaferatur,nechumanispateat
2973 3378 3280 3442 obtutibus,
3297 3378 3367 3432 de
3383 3383 3542 3432 tanta

254 3466 581 3521 «Auditum
605 3466 920 3521 audivimus
940 3483 974 3519 a
995 3468 1323 3529 Domino,et
1342 3468 1588 3537 legatum
1622 3469 1692 3522 ad
1720 3486 1861 3539 gen-
1941 3469 2287 3524 sublimitate
2318 3469 2612 3540 pisciculos
2633 3468 2816 3523 videat
2834 3474 3250 3533 natare,etcum
3274 3469 3435 3538 juxta
3457 3468 3545 3522 lit-

251 3560 333 3609 tes
354 3556 541 3609 misit.
568 3574 594 3606 ι
617 3556 645 3609 .l
652 3556 814 3625 ungit
838 3572 896 3609 se
918 3557 1134 3611 cateris
1156 3557 1461 3627 prophetis,
1482 3558 1577 3628 qui
1592 3559 1859 3629 spiritua-
1941 3564 2035 3613 tus
2054 3559 2290 3626 fuerint,
2320 3559 2589 3612 tormenti
2611 3558 2791 3612 instar
2816 3558 3174 3622 descendere,
3207 3562 3541 3628 raptamque

250 3644 382 3698 liter
396 3644 649 3697 divinam
665 3644 1002 3698 sententiam
1022 3646 1321 3699 enuntiant
1331 3652 1528 3699 contra
1546 3646 1859 3701 Idumeam.
1946 3648 2190 3719 praedam
2217 3648 2415 3718 pennis
2435 3648 2503 3701 ad
2535 3648 2697 3701 littus
2722 3647 3038 3701 detrahere.
3060 3648 3188 3701 Hac
3203 3663 3327 3717 qua
3340 3647 3543 3701 adver—

253 3732 538 3787 Hebraice
567 3732 719 3786 enim
752 3733 947 3797 Edom,
981 3734 1175 3788 Graece
1202 3734 1450 3788 Idumaa
1494 3736 1718 3789 dicitur.
1753 3737 1863 3789 Λιι-
1945 3753 2041 3791 sus
2077 3737 2247 3790 Edom
2306 3736 2687 3807 proferuntur,
2737 3736 3106 3806 spiritualiter
3127 3735 3200 3789 ad
3253 3735 3543 3791 hareticos

248 3822 458 3885 ditum,
492 3822 700 3892 inquit,
729 3822 1045 3877 audivimus
1073 3840 1107 3875 a
1134 3824 1394 3883 Domino.
1424 3840 1527 3893 ego
1558 3825 1773 3879 scilicet
1806 3830 1864 3878 et
1944 3825 2141 3879 referri
2171 3824 2557 3895 possunt.qui,
2583 3841 2707 3879 cum
2732 3825 2844 3879 sint
2870 3825 3086 3895 parvuli
3122 3831 3180 3879 et
3205 3825 3541 3893 contempti-

247 3911 438 3965 cateri
472 3911 765 3981 propheta
794 3911 1008 3965 similes
1038 3912 1165 3978 mei,
1200 3912 1296 3982 qui
1326 3919 1521 3966 contra
1534 3912 1713 3967 Edom
1735 3915 1864 3967 scri-
1946 3915 2109 3975 biles,
2137 3914 2196 3967 in
2221 3914 2542 3984 superbiam
2592 3920 2788 3967 contra
2842 3914 3146 3968 Ecclesiam
3175 3915 3538 3980 extolluntur,

249 4005 513 4069 pserant.
548 4000 618 4053 Et
637 3999 886 4069 legatum
941 4000 1010 4054 ad
1054 4007 1253 4071 gentes
1302 4002 1555 4065 missum,
1586 4002 1643 4055 id
1665 4010 1750 4056 est
1774 4003 1865 4056 Fi-

254 4088 393 4143 lium
420 4105 618 4144 suum.
653 4089 749 4159 qui
783 4090 974 4160 utique
1019 4096 1105 4143 est
1146 4090 1395 4146 Verbum
1429 4091 1609 4144 Patris
1644 4092 1763 4154 Dei,
1786 4091 1867 4144 di-

251 4179 395 4232 rexit
416 4178 497 4232 ad
545 4178 1063 4232 Nabuchodonosor
1092 4176 1149 4232 et
1177 4180 1482 4233 exercitum
1520 4181 1663 4249 ejus,
1684 4185 1748 4233 ut
1773 4196 1865 4234 ve-

254 4268 449 4321 nirent
473 4267 774 4321 adversum
825 4265 1121 4327 Idumaos,
1155 4274 1214 4322 et
1250 4268 1598 4338 disperderet
1626 4285 1740 4322 eos.
1782 4270 1862 4323 De

1878 4318 1926 4376 D

1946 4003 2290 4058 conﬁdentes
2318 4002 2377 4054 in
2402 4002 2800 4072 mysteriorum
2840 4003 3091 4065 secretis,
3124 4003 3328 4072 quibus
3358 4004 3543 4057 Domi-

1946 4108 2054 4145 nus
2084 4092 2350 4160 minatur,
2376 4090 2507 4160 quia
2537 4090 2583 4143 si
2604 4090 2830 4144 exaltati
2852 4090 3062 4145 fuerint
3079 4091 3321 4145 elatione
3338 4093 3543 4147 mentis

1944 4181 2013 4233 ad
2034 4182 2259 4245 calum,
2292 4179 2421 4233 inde
2444 4179 2708 4257 detrahat
2734 4196 2848 4234 eos.

2019 4286 2045 4321 ¢
2081 4268 2140 4321 Si
2170 4268 2320 4322 fures
2342 4268 2674 4323 introissent
2704 4269 2776 4322 ad
2821 4274 2898 4328 te.
2934 4269 2980 4323 si
3010 4269 3262 4325 latrones
3300 4287 3402 4343 per
3438 4289 3545 4328 no-

252 4356 354 4410 hoc
382 4358 580 4426 legato
610 4356 880 4410 Dominus
907 4373 1006 4426 per
1033 4358 1303 4427 Aggaum
1337 4357 1601 4427 loquitur.
1633 4378 1657 4408 «
1681 4358 1863 4412 Move—
1880 4356 1926 4376 υ
1944 4365 2110 4422 ctem,
2127 4356 2407 4427 quomodo
2421 4357 2823 4412 conticuisses?
2843 4378 2863 4408 ι
2885 4358 3045 4422 Quod
3065 4360 3330 4426 dicit,hoc
3347 4367 3464 4417 est:
3486 4363 3547 4419 Si

252 4442 321 4499 bo
346 4462 554 4499 omnes
576 4451 794 4514 gentes,
818 4451 875 4499 et
893 4446 1076 4500 veniet
1104 4445 1468 4500 Desideratus
1489 4446 1705 4499 cunctis
1720 4464 1863 4517 gen-

1944 4448 2096 4500 fures
2127 4452 2184 4499 et
2210 4446 2476 4509 latrones,
2503 4446 2598 4516 qui
2615 4447 2685 4500 de
2707 4454 2868 4501 nocte
2896 4448 3093 4502 domos
3121 4450 3545 4506 suﬁ‘oderecon-

251 4534 423 4589 tibus.
459 4554 485 4585 ι
520 4554 546 4586 ι
580 4534 829 4604 Surgite,
860 4540 919 4588 et
943 4551 1349 4605 consurgamus
1374 4535 1640 4588 adversus
1662 4552 1789 4589 eum
1804 4536 1863 4590 in
1945 4541 2270 4595 sueverunt,
2302 4541 2360 4589 et
2389 4551 2587 4606 rapere
2616 4552 2739 4606 qua
2778 4537 2833 4590 in
2862 4537 3122 4592 domibus
3142 4544 3294 4600 sunt,
3322 4539 3549 4594 introis-

252 4624 540 4693 pralium.
573 4643 600 4675 ι)
628 4624 872 4694 Legatus
895 4623 988 4694 qui
1032 4624 1099 4677 ad
1153 4630 1351 4693 gentes
1382 4624 1588 4678 missus
1615 4631 1719 4689 est,
1749 4627 1865 4680 hac
1947 4630 2072 4678 sent
2098 4624 2169 4677 ad
2186 4628 2241 4676 te
2290 4629 2345 4676 et
2370 4622 2681 4677 absconditi
2704 4624 2950 4678 tenebris
2986 4625 3318 4681 circuissent
3344 4628 3546 4683 domus

252 4712 552 4783 loquitur:
612 4713 836 4783 Surgite
878 4712 1102 4783 (inquit)
1135 4712 1231 4783 qui
1278 4714 1556 4781 dormitis,
1597 4720 1652 4767 et
1690 4698 1865 4769 nolite
1946 4718 2059 4767 tua
2079 4713 2334 4782 angulos,
2372 4712 2652 4783 quomodo
2682 4719 2816 4767 tunc
2841 4713 3317 4774 conticuisses,sic
3344 4715 3547 4769 subau-

251 4819 492 4872 gravem
522 4808 693 4872 atque
712 4802 995 4856 insolitam
1011 4802 1289 4857 astimare
1308 4820 1574 4874 pugnam.
1599 4805 1686 4858 Me
1713 4805 1865 4858 enim
1948 4802 2102 4856 ditur
2155 4800 2385 4867 tacebis,
2418 4818 2545 4856 cum
2604 4802 2819 4855 venerit
2858 4801 3375 4857 Nabuchodonosor
3417 4820 3545 4858 cum

254 4891 544 4946 habebitis
591 4891 835 4962 primum
866 4892 924 4945 in
944 4891 1092 4953 ,acie.
1127 4892 1195 4946 Et
1233 4908 1335 4961 ego
1363 4894 1622 4963 princeps
1660 4902 1861 4959 vester,
1949 4889 2570 4962 Chaldais,etAssyriis,
2595 4895 2651 4943 et
2666 4889 3187 4961 reliquisgentibus,
3210 4893 3548 4949 nonaudens

256 4981 517 5051 quiJesu
544 4980 686 5034 Filio
715 4981 867 5034 Nave
894 4981 1146 5051 gladium
1181 4986 1381 5035 tenens
1426 4982 1683 5052 apparui,
1717 4981 1868 5036 ideo-
1949 4980 2061 5035 illis
2098 4981 2379 5034 resistere.
2424 4980 2784 5049 Comparatio
2822 4987 2907 5034 est
2941 4980 3301 5035 dissimilium
3331 4998 3540 5038 rerum.

254 5086 366 5140 que
398 5085 814 5139 eonsurgamus
857 5072 1122 5124 adversus
1166 5087 1292 5124 eum
1334 5071 1391 5124 in
1417 5071 1693 5141 pralium,
1736 5071 1871 5141 quia
1955 5087 1981 5121 ς(
2014 5071 2213 5123 Nonne
2264 5067 2436 5122 furati
2476 5075 2663 5122 essent
2690 5068 3085 5124 sufﬁcientiam
3118 5069 3268 5124 sibi?
3303 5089 3324 5121 ι
3372 5071 3430 5126 id
3463 5078 3552 5127 est

256 5160 443 5214 facilis
463 5160 576 5213 erit
594 5159 850 5214 victoria.
891 5159 1163 5213 Similiter
1194 5165 1253 5213 et
1278 5160 1551 5214 Jeremias
1576 5160 1635 5214 in
1658 5160 1871 5215 visione
1952 5175 2139 5214 nonne
2160 5157 2524 5212 abstulissent
2535 5158 2806 5228 quidquid
2828 5160 3103 5229 putabant
3116 5160 3224 5216 sibi
3243 5179 3406 5235 posse
3435 5163 3547 5219 suf-

257 5255 463 5302 contra
484 5248 660 5302 Edom
686 5248 955 5317 loquitur,
996 5266 1022 5298 α
1055 5247 1326 5301 Auditum
1360 5248 1584 5318 (inquit)
1614 5250 1799 5303 audivi
1838 5267 1873 5303 a
1955 5247 2161 5302 ﬁcere?
2192 5264 2219 5299 α
2254 5246 2313 5299 Si
2343 5245 2774 5301 vindemiatores
2825 5249 3153 5305 intronssent
3181 5252 3252 5305 ad
3281 5258 3358 5314 te.
3399 5270 3546 5309 nun-

258 5336 528 5399 Domino,
559 5340 615 5389 et
642 5336 864 5405 legatus
888 5335 1092 5389 missus
1112 5340 1198 5389 est
1223 5335 1292 5388 ad
1321 5341 1538 5405 gentes,
1572 5355 1597 5388 »
1626 5342 1733 5392 etc.
1954 5337 2088 5408 quid
2117 5335 2315 5388 saltem
2347 5350 2635 5388 racemum
2665 5336 3025 5407 reliquissent
3043 5338 3189 5394 tibi?
3214 5363 3236 5388 ι
3270 5342 3328 5395 id
3352 5349 3456 5409 est,
3497 5345 3547 5398 si

332 5443 362 5475 σ
388 5425 529 5478 Ecce
554 5425 855 5495 parvulum
885 5424 1015 5477 dedi
1061 5429 1118 5477 te
1146 5424 1202 5477 in
1225 5424 1507 5494 gentibus.
1540 5426 1872 5497 contempti-
1952 5423 2387 5478 vindemiatores
2405 5423 2736 5479 introissent
2758 5426 2973 5481 vineam
2997 5434 3179 5487 tuam.
3214 5435 3272 5484 et
3298 5448 3422 5485 eam
3454 5439 3549 5486 ho-

261 5511 392 5566 bilis
422 5518 483 5567 tu
516 5530 578 5567 es
620 5513 802 5567 valde.
841 5532 865 5563 η
926 5512 1203 5567 Similiter
1252 5518 1308 5567 et
1350 5514 1642 5578 Jeremias,
1680 5534 1702 5565 ι
1733 5515 1873 5570 Ecce
1955 5514 2161 5568 stiliter
2184 5518 2403 5567 vastare
2432 5521 2721 5585 cuperent,
2749 5517 3007 5588 nunquid
3037 5517 3236 5571 saltem
3261 5535 3545 5573 racemum

262 5601 561 5672 parvulum
578 5602 710 5657 dedi
739 5608 821 5672 te,
846 5601 1327 5673 contemptibilem
1346 5603 1496 5657 inter
1524 5603 1799 5660 homines.
1843 5623 1869 5657 ›
1956 5601 2317 5675 reliquissent
2351 5603 2489 5657 tibi?
2525 5604 2696 5667 Quasi
2715 5605 2956 5659 diceret:
2988 5607 3190 5661 Procul
3211 5606 3382 5661 dubio
3407 5607 3549 5660 face-
