4090 6164
530 289 638 351 433

948 293 1327 352 HAYMONIS
1364 294 1851 353 HAWHR.
1886 295 2118 353 EH86.
2152 296 2319 353 OPP.
2364 296 2549 352 PARS
2582 294 2631 351 ‘I.
2672 326 2743 340 -—
2776 294 3162 351 COMMENT.
3203 295 3388 350 BIBL.

3698 292 3803 350 ω

530 423 681 482 rent,
699 419 831 491 quia
852 421 1106 491 quamvis
1123 421 1364 492 diligens
1406 437 1603 477 eorum
1633 422 1833 476 fuisset
1852 422 2124 493 operatio,
2147 430 2186 481 A
2207 422 2344 491 lem)
2360 428 2615 477 austrum
2630 469 2638 481 .
2656 420 2912 488 africum,
2946 420 3350 490 meridianaque
3362 419 3704 490 signiﬁcant.
3729 418 3809 477 Et

531 512 727 563 tamen
746 525 998 564 racemos
1012 509 1218 565 vitibus
1256 510 1510 581 foliisque
1525 512 1738 571 celatos
1765 512 1913 565 inter
1936 512 2131 582 palmi-

530 602 626 650 tes
656 597 1016 668 reliquissent
1057 600 1154 660 lsti
1173 605 1361 653 autem
1390 599 1818 653 vindemiatores
1840 598 2131 670 Babylonii

530 683 932 757 uitelligontur
951 703 1076 741 cum
1101 688 1243 744 duce
1274 702 1394 753 suo,
1427 687 1542 758 qui,
1594 688 1832 742 Domino
1875 688 2127 759 iubente,

536 774 793 833 eamdem
826 776 1041 847 plebem
1058 777 1188 831 vind
1196 776 1470 831 emiantes
1482 776 1905 845 interfecerunt,
1929 783 1986 832 et
1999 794 2132 849 spo-

530 862 835 927 liaverunt,
862 864 1120 936 nihilque
1160 865 1270 929 fuit
1313 864 1726 932 absconditum,
1754 866 1905 938 quod
1928 883 2028 925 eos
2054 868 2135 922 la-

535 954 656 1005 tere
679 954 972 1023 potuisset.

606 1040 767 1095 Unde
787 1050 843 1095 et
858 1042 1191 1097 admirando
1208 1044 1482 1115 propheta
1493 1042 1786 1115 subiungit
1800 1063 1817 1098 ε
1842 1064 1871 1096 α
1892 1046 2134 1109 Quomo-

531 1128 612 1183 do’
630 1131 868 1196 scrutati
915 1138 1050 1186 sunt
1097 1131 1273 1198 Esau,
1303 1129 1780 1202 investigaverunt
1805 1133 2130 1196 absronrtita

534 1218 699 1288 ejusv?
750 1237 774 1271 »
809 1220 1082 1275 Universa
1103 1221 1255 1276 enim
1284 1228 1499 1276 secreta
1522 1223 1673 1276 illius
1692 1230 1750 1277 et
1778 1239 2042 1277 cavernas
2065 1243 2132 1279 ac

532 1305 815 1361 foramina
836 1308 1229 1378 speluncarum
1256 1310 1314 1363 in
1346 1310 1549 1380 quibus
1590 1310 1937 1376 habitabant,
1971 1313 2133 1366 Chal-

536 1394 642 1448 daei
673 1395 1074 1457 lustrawruut,
1088 1399 1339 1469 nihilque
1354 1400 1435 1453 eis
1449 1399 1789 1465 abscondere
1803 1406 2127 1471 potuerunt.

538 1482 695 1546 Quod
725 1485 929 1539 mirum
950 1487 1111 1551 valde
1122 1494 1357 1547 est,rum
1373 1489 1554 1543 omnis
1569 1490 1832 1555 australis
1870 1489 1964 1544 illa
1978 1491 2132 1561 regio

534 1569 912 1628 {dominorum
934 1575 997 1629 in
1018 1577 1297 1647 specubus
1308 1577 1781 1643 habitatiunculas
1811 1578 2034 1646 habent,
2075 1587 2134 1634 et

536 1672 768 1733 propter
795 1664 1003 1718 nimios
1044 1665 1256 1720 calores
1298 1667 1451 1731 solis,
1487 1667 1618 1738 quia
1661 1668 1973 1724 meridiana
2006 1685 2135 1740 prp-

535 1750 715 1818 vincia
747 1760 851 1815 est,
886 1753 1264 1818 subterraneis
1293 1757 1534 1826 tuguriis
1557 1763 1762 1810 utatur.
2008 1754 2017 1761 '

609 1857 637 1892 ι
660 1840 852 1911 Usque
879 1841 949 1896 ad
973 1845 1281 1898 terminum
1316 1845 1628 1899 emiserunt
1653 1853 1730 1900 te.
1760 1865 1782 1896 ι
1816 1844 1879 1899 Id
1914 1852 1999 1901 est
2016 1864 2130 1902 non

532 1927 727 1999 aliqua
743 1930 1099 1993 solummodo
1114 1949 1244 2003 pars
1264 1934 1510 2004 regionis
1525 1941 1635 1988 tua
1657 1934 1931 2006 captivata
1942 1936 2132 1991 estad-

2212 518 2298 565 est
2326 506 2523 565 sensus
2557 531 2568 565 :
2596 512 2898 583 Postquam
2926 509 3381 581 supervenientes
3410 508 3604 563 audire
3622 524 3809 580 cmpe-

2212 601 2291 654 ris
2319 601 2595 662 hostes,et
2613 589 2884 672 coeperint
2910 598 3010 657 tibi
3034 599 3289 666 illudere,
3319 599 3376 652 in
3396 614 3642 668 quorum
3657 613 3810 653 nunc

2208 704 2349 760 pace
2377 689 2627 754 conﬁdis,
2660 688 2939 760 pavebant
2965 688 3139 742 fortes
3169 688 3327 758 regni
3366 688 3470 751 tui,
3512 688 3607 758 qui
3646 686 3809 741 habi-

2208 770 2339 832 tant
2363 777 2687 842 inmeridic,
2701 782 2770 832 ut
2794 777 3036 832 intereat
3062 777 3144 830 vir
3173 766 3243 830 de
3274 781 3464 830 monte
3508 776 3675 842 Esau,
3710 777 3808 847 qui

2214 872 2273 921 et
2296 882 2552 938 pugnare
2566 883 2667 939 pro
2689 867 2933 932 civitate,
2962 872 3018 920 et
3032 866 3339 939 prudenter
3353 865 3650 923 consilium
3669 865 3808 919 dare

2210 962 2345 1011 ante
2372 963 2756 1013 consueverat.

2289 1066 2313 1098 ι
2345 1047 2583 1117 Pr0pter
2614 1046 3061 1101 interfectionem
3116 1050 3174 1100 et
3197 1045 3552 1118 iniquitatem
3596 1046 3658 1099 in
3684 1045 3805 1099 fra-

2212 1141 2355 1189 trem
2384 1142 2545 1189 tuum
2575 1135 2764 1205 Jacob.
2792 1155 2817 1203 ι)
2852 1136 3091 1208 Causam
3109 1135 3358 1207 exponit,
3388 1150 3560 1205 quare
3587 1134 3810 1205 sapien-

2213 1231 2299 1280 tes
2318 1226 2432 1279 sint
2451 1225 2685 1296 perituri
2705 1225 2774 1279 de
2796 1225 3063 1282 Idumaza.
3093 1230 3149 1278 et
3182 1212 3482 1295 prudentes
3511 1223 3580 1277 de
3612 1227 3806 1276 monte

2212 1312 2617 1384 Esau,propter
2636 1314 3082 1373 interfectionem
3113 1312 3326 1366 scilicet
3353 1318 3410 1366 et
3432 1311 3804 1383 impietatem,

2214 1403 2346 1473 quia
2372 1402 2673 1466 interfecit,
2697 1408 2755 1456 ct
2792 1402 2983 1473 inique
3010 1401 3127 1471 egit
3146 1407 3344 1454 contra
3373 1400 3603 1454 fratrum
3637 1413 3807 1453 suum

2212 1488 2402 1552 Jacob,
2436 1489 2678 1559 quando,
2708 1489 3032 1561 Babyloniis
3056 1488 3405 1543 vastantibus
3429 1487 3803 1554 Hierusalem,

2210 1574 2332 1646 ipse
2358 1574 2547 1628 socius
2573 1590 2768 1629 eorum
2805 1581 2946 1629 erat.
2980 1574 3187 1639 adium
3239 1574 3391 1627 enim
3439 1573 3585 1643 quod
3620 1572 3809 1637 tenuit

2212 1665 2362 1718 Esau
2404 1669 2602 1717 contra
2647 1662 2818 1719 Iacob
2870 1670 3100 1735 propter
3128 1661 3593 1728 benedictionem,
3634 1676 3807 1731 quam

2147 1743 2195 1802 B
2213 1753 2497 1825 subripuit
2516 1754 2587 1819 ei,
2609 1759 2917 1816 tenuemnt
2934 1760 2994 1808 et
3017 1753 3111 1806 isti
3139 1768 3267 1807 cum
3296 1752 3427 1805 ﬁliis
3448 1750 3564 1805 suis
3578 1750 3640 1804 in
3652 1764 3807 1815 sem-

2212 1843 2514 1913 piternum.
2548 1842 2825 1897 Dolebant
2841 1839 2990 1897 enim
3045 1858 3107 1896 se
3149 1840 3461 1912 perdidisse
3510 1839 3655 1898 bona
3682 1854 3808 1910 quae

2214 1932 2391 1986 Iudici
2423 1937 2806 2004 perceperant.
2837 1932 3019 1996 Quam
3056 1931 3128 1985 ob
3157 1946 3407 1985 causam.
3439 1928 3664 2000 quando
3691 1929 3811 1983 Na-

531 2016 794 2073 aeniente
810 2019 1344 2087 Nabuchodonosor,
1363 2023 1462 2077 sed
1476 2040 1655 2094 usque
1670 2024 1739 2076 ad
1757 2024 2028 2080 terminos
2048 2042 2129 2079 re-
2215 2019 2640 2085 bIIChOanOSOI?
2668 2022 2910 2094 ptimum
2945 2020 3097 2075 Veﬂit
3128 2020 3188 2074 ίῐι
3238 2018 3612 2085 Hierusalem.
3642 2017 3810 2072 Chal-

534 2105 1144 2179 gnituipervenlentes,
1161 2112 1447 2181 ejecerunt
1466 2118 1523 2178 te
1543 2092 1699 2166 extra
1716 2114 1922 2175 solium
1942 2120 2126 2168 tuum.
2212 2109 2347 2163 dalis
2376 2109 2810 2181 Babyloniisque
2838 2092 2960 2164 eam
3019 2108 3384 2174 vastantibus,
3417 2109 3720 2177 iunxerunt
3745 2121 3812 2160 se

540 2212 568 2246 ι
592 2194 801 2250 Omnes
829 2197 933 2251 viri
962 2198 1187 2253 fcederis
1238 2200 1322 2253 tui
1377 2200 1676 2255 illuserunt
1703 2201 1804 2255 tibi
1833 2221 1845 2256 :
1880 2203 2129 2257 invalue-
2214 2197 2345 2263 illis,
2369 2204 2425 2253 et
2451 2215 2577 2253 eum
2609 2199 2691 2252 eis
2710 2199 2922 2270 pariter
2941 2198 3347 2259 interfecerunt
3373 2196 3596 2251 Ῐυάεοε
3627 2214 3641 2248 ε
3673 2211 3810 2267 PVO'

534 2290 670 2355 spat
694 2285 991 2340 adversum
1018 2292 1078 2342 te
1109 2288 1209 2342 viri
1246 2289 1402 2360 pacis
1444 2294 1574 2344 tum.
1614 2310 1636 2341 ι
1662 2290 1741 2344 De
1768 2290 2030 2346 Noabitis
2067 2308 2133 2346 ac
2213 2295 2340 2358 pter
2368 2288 2513 2358 quod
2542 2294 2832 2359 peccatum
2860 2288 3113 2358 loquitur
3156 2287 3227 2340 ad
3259 2302 3355 2340 eos
3387 2284 3676 2347 Dominus.
3714 2284 3809 2338 di-

536 2371 881 2443 Madiauitis,
927 2376 1257 2447 exterisque
1312 2379 1434 2448 ejus
1486 2379 1681 2433 vicinis
1725 2380 1994 2451 loquitur,
2035 2382 2133 2451 qui
2213 2393 2346 2431 cens
2372 2395 2415 2430 τι
2438 2375 2750 2448 Operiette
2779 2375 3054 2439 confusio,
3084 2375 3453 2447 etpenibisin
3471 2383 3805 2429 aeternum.»

532 2468 667 2532 εηιθ
694 2470 858 2533 erant
898 2481 1027 2519 cum
1080 2466 1278 2521 eodem
1331 2468 1605 2529 “adorati,
1636 2470 1734 2533 sed
1780 2477 1974 2541 postea
2005 2487 2130 2525 cum
2213 2465 2444 2520 Confusi
2472 2464 2678 2537 quippe
2708 2472 2841 2522 sunt
2866 2472 3063 2537 postea
3091 2480 3258 2536 quam
3287 2464 3436 2535 capti
3465 2470 3597 2518 sunt
3622 2462 3693 2517 ab
3711 2463 3809 2517 bo-

533 2551 782 2622 Assyriis
802 2554 982 2623 juncti
1013 2555 1314 2610 illuserunt
1341 2573 1456 2621 eos,
1474 2557 1676 2629 quibus
1705 2560 1985 2630 quondam
2016 2560 2133 2615 fue-
2210 2554 2411 2621 utilius,
2443 2562 2499 2609 et
2522 2556 2811 2626 perierunt
2837 2555 2895 2608 in
2924 2549 3221 2619 aeternum,
3244 2554 3657 2624 quiaperpetua
3674 2558 3809 2611 sunt

532 2647 667 2711 sant
694 2642 967 2703 fmderati,
1000 2650 1057 2698 et
1092 2645 1452 2715 invaluerunt
1478 2647 1745 2702 adversus
1774 2665 1886 2709 eos,
1918 2650 1975 2703 in
2000 2666 2132 2721 cap-
2211 2644 2539 2715 capti‘Vitate
2565 2644 2834 2705 damnati.

528 2727 808 2787 tivitatem
842 2731 1127 2797 ducentes,
1170 2733 1372 2804 quibus
1401 2736 1532 2800 olim
1562 2736 1789 2791 fuerant
1820 2738 2039 2808 paciﬁci
2071 2737 2129 2793 in
2289 2736 2385 2787 «In
2402 2733 2490 2788 die
2503 2751 2628 2788 cum
2650 2740 2831 2788 stares
2844 2734 3110 2788 adversus
3123 2731 3378 2787 eumald
3394 2736 3481 2785 est
3506 2730 3809 2786 manifesta

533 2818 792 2887 praesidio
818 2819 1045 2875 urbium
1101 2822 1352 2876 suarum.
1392 2841 1415 2874 ι
1444 2823 1550 2887 Qui
1582 2824 1880 2879 comedunt
1918 2831 2123 2891 tecum,
2211 2821 3051 2893 captivitate,quandoJoacbim
3068 2829 3267 2893 captus
3284 2826 3439 2875 estet
3456 2820 3672 2885 Daniel,
3699 2835 3806 2874 cai-

531 2916 747 2977 ponent
772 2908 1006 2964 insidias
1032 2926 1203 2981 super
1234 2917 1309 2966 te.
1346 2932 1368 2963 ι
1403 2912 1465 2967 Id
1523 2917 1609 2966 est
1637 2912 1732 2983 qui
1763 2930 1912 2967 nunc
1938 2921 2125 2969 tecum
2210 2911 2429 2983 tet-ique
2443 2913 2601 2982 pueri
2620 2912 2675 2966 in
2691 2912 3072 2983 captivitatem
3111 2911 3264 2965 ducti
3292 2917 3445 2973 sunt,
3478 2910 3661 2981 primo
3691 2908 3805 2964 scl-

532 3001 694 3051 t'anta
718 2997 1014 3067 potiuntur
1035 3016 1171 3070 pace
1217 3007 1275 3055 et
1318 3001 1566 3055 amicitia
1615 3008 1678 3065 ut
1709 3010 1895 3057 tecum
1929 3020 2124 3072 panem
2149 3000 2341 3085 Clicet
2366 3001 2609 3064 adventu
2633 3000 3144 3057 Nabuchodonosor
3172 3000 3232 3063 in
3274 2998 3648 3066 Hierusalem,
3677 3012 3807 3052 cum

531 3085 849 3148 comedunt,
878 3088 1305 3156 advenientibus
1332 3090 1590 3145 hostibus
1616 3091 1879 3161 copulati,
1922 3097 2134 3164 ponent
2210 3095 2394 3143 stares
2422 3090 2691 3144 adversus
2721 3105 3054 3160 germanum
3082 3099 3265 3143 tuum.
3302 3106 3329 3140 α
3359 3086 3596 3151 Quando
3618 3086 3806 3157 capie-

529 3188 702 3245 wpep
721 3180 778 3228 te
806 3173 1057 3231 insidias.
1075 3178 1454 3246 custodientes
1479 3196 1550 3233 ne
1580 3179 1707 3249 quis
1728 3196 1923 3246 eorum
1952 3182 2129 3251 quiad

532 3264 591 3316 te
618 3262 883 3332 pertinet,
916 3264 1096 3335 possit
1118 3266 1383 3336 effugere.
1422 3284 1447 3319 α
1481 3268 1606 3321 Non
1641 3273 1728 3322 est
1751 3269 2051 3339 prudentia
2070 3271 2128 3325 in

534 3365 623 3407 ea.
642 3369 672 3404 συ
691 3350 845 3416 ’Falis
858 3352 1072 3408 scilicet
1098 3355 1281 3424 qualis
1302 3371 1425 3409 esse
1452 3355 1741 3421 debuerat,
1773 3357 1905 3411 dum
1938 3367 2129 3429 sperat

530 3439 592 3496 in
620 3440 711 3496 his
735 3444 835 3514 qui
879 3443 1186 3506 adversarii
1211 3445 1331 3515 ejus
1360 3445 1536 3499 futuri
1566 3452 1715 3500 sunt.
1750 3447 1813 3501 in
1835 3447 1940 3501 hoc
1970 3445 2125 3502 enim

530 3530 745 3603 npllam
780 3532 952 3593 Edam
983 3532 1167 3587 inesse
1196 3534 1338 3588 dixit
1378 3534 1761 3605 prudentiam,
1791 3536 1924 3606 quia
1952 3537 2129 3590 nesci-

530 3620 611 3675 vit
634 3621 761 3675 illos
792 3622 980 3691 hostes
1009 3622 1113 3676 sibi
1133 3623 1439 3693 praevidere
1484 3624 1723 3690 futuros,
1749 3641 1876 3690 cum
1926 3625 2128 3696 quibus

528 3724 723 3780 pacem
751 3709 1012 3764 habebat.
1940 3712 1955 3719 ’

530 3799 538 3807 ’
608 3818 631 3851 ι
655 3799 924 3870 Nunquid
946 3815 1058 3854 non
1086 3799 1145 3854 in
1166 3800 1257 3855 die
1276 3800 1396 3863 illa,
1418 3800 1556 3857 dicit
1578 3801 1873 3866 Dominus,
1896 3802 2127 3873 perdam

529 3887 816 3958 sapientes
859 3888 929 3943 dc
990 3888 1260 3949 Idumen.
1302 3895 1359 3944 et
1415 3889 1772 3961 prudentiam
1829 3890 1900 3945 de
1939 3894 2129 3946 monte

528 3975 717 4032 Esau?
747 3998 773 4031 υ
806 3976 872 4031 Id
897 3984 1004 4041 est.
1025 3995 1151 4034 cum
1172 3980 1364 4034 hostes
1401 3980 1542 4033 ﬁnes
1578 3984 1706 4033 tuos
1742 3978 2124 4050 possidebunt,

532 4070 592 4123 et
618 4082 815 4122 omnes
845 4067 947 4121 viri
976 4067 1200 4122 fmderis
1229 4069 1310 4122 tui
1367 4068 1648 4135 illuserint
1674 4068 1796 4133 tibi,
1821 4074 1880 4123 et
1914 4085 2128 4140 praeva-

528 4151 737 4205 luerint
766 4160 962 4207 contra
988 4159 1063 4216 te,
1098 4156 1327 4225 perdam
1351 4156 1632 4226 sapientes
1660 4156 2021 4226 philosophos
2056 4158 2125 4211 de

528 4239 793 4314 Idumam.
839 4241 1012 4297 Edoni
1071 4242 1224 4296 enim
1279 4242 1572 4305 Hebraice,
1622 4244 1815 4298 Graece
1876 4243 2126 4317 Idumaea

2210 3175 2345 3244 bant
2366 3178 2581 3231 alienis
2604 3194 2638 3231 a
2667 3177 2783 3232 Deo
2803 3185 2861 3231 et
2887 3193 2922 3231 a
2949 3177 3216 3248 progenie
3244 3177 3585 3241 indecorum,
3602 3193 3627 3226 ι
3646 3188 3807 3239 exer-

2211 3267 2386 3333 citum
2410 3267 2552 3337 ejus,
2571 3274 2629 3321 et
2647 3267 2897 3322 extranei
2923 3264 3386 3337 ingrediebantur
3404 3271 3595 3336 portas
3613 3264 3755 3334 ejus,
3778 3283 3801 3312 ι

2209 3355 2265 3409 id
2295 3361 2382 3409 est
2406 3356 2648 3410 civitatis
2672 3355 3037 3420 Hierusalem.
3069 3373 3095 3406 α
3124 3355 3193 3409 Et
3212 3370 3381 3425 super
3396 3346 3803 3417 Hierusalem,»

2209 3444 2267 3498 id
2286 3449 2374 3512 est
2395 3460 2568 3516 super
2592 3444 2837 3516 praedam
2869 3444 3038 3508 illius,
3073 3463 3096 3496 ι
3135 3443 3413 3497 miserunt
3439 3447 3646 3496 sortem
3686 3459 3708 3493 ο
3741 3445 3808 3495 ut

2209 3533 2333 3601 ejus
2345 3533 2526 3603 spolia
2553 3533 2657 3589 sibi
2685 3533 3017 3594 dividerent.
3056 3538 3370 3604 qumrentes
3395 3531 3531 3602 quid
3556 3530 3680 3601 quis
3706 3544 3805 3583 ca-

2210 3622 2400 3693 peret?
2426 3623 2539 3676 «Tu
2561 3638 2787 3693 quoque
2809 3638 2933 3676 eras
2948 3622 3107 3692 quasi
3125 3637 3272 3675 unus
3283 3637 3347 3674 ex
3365 3620 3467 3674 eis.
3504 3639 3530 3673 ››
3559 3616 3805 3690 Ideoque

2208 3711 2318 3765 ista
2343 3711 2445 3765 tibi
2472 3712 2755 3778 evenient;
2789 3711 3075 3782 quoniam.
3099 3709 3194 3781 qui
3213 3708 3488 3764 debueras
3507 3724 3629 3763 esse
3650 3704 3809 3762 tutor

2210 3817 2404 3855 eorum
2428 3807 2599 3872 atque
2621 3801 2934 3864 auxiliator,
2966 3796 3145 3853 factus
3174 3814 3233 3853 es
3260 3799 3603 3854 interfector.

2284 3908 2312 3941 α
2339 3890 2408 3944 Et
2433 3906 2546 3943 non
2574 3890 2847 3960 despicies
2870 3890 2929 3944 in
2958 3889 3050 3943 die
3076 3888 3269 3943 fratris
3300 3887 3404 3951 tui,
3435 3887 3492 3951 in
3521 3887 3612 3950 die
3639 3901 3809 3958 pere-

2207 3979 2545 4050 grinationis
2576 3980 2697 4049 ejus
2728 3997 2739 4031 :
2776 3985 2834 4033 at
2859 3994 2973 4041 non
2999 3977 3280 4033 laetaberis
3309 3977 3636 4049 superﬁlios
3653 3974 3811 4037 Juda

2207 4065 2264 4121 in
2286 4068 2376 4122 die
2404 4067 2735 4138 perditionis
2763 4082 2978 4121 eorum.
3003 4085 3029 4120 ιδ
3061 4066 3308 4129 Minatur
3327 4068 3445 4137 jam
3476 4070 3669 4137 aperte
3683 4080 3806 4118 ser-

2208 4173 2301 4212 mo
2325 4157 2685 4229 propheticus
2710 4155 2911 4217 Edom.
2945 4156 3078 4227 quia
3136 4171 3263 4210 cum
3310 4155 3589 4210 interierit
3614 4154 3699 4208 vir
3733 4155 3808 4210 de

2206 4253 2397 4301 monte
2424 4246 2593 4306 Esau,
2655 4251 2714 4309 et
2760 4245 3046 4316 aperuerit
3101 4260 3229 4299 eum
3276 4251 3486 4299 eterna
3530 4243 3803 4308 confinio,

528 4328 861 4432 appellatur.
928 4329 1290 4432 [laudandam
1325 4348 1575 4432 quoque
1624 4332 1714 4432 de.
1750 4339 1939 4399 monte
1979 4334 2436 4432 Esaquropter
2462 4335 2906 4399 interfectionem
2958 4341 3016 4389 et
3054 4334 3400 4405 impietatem
3431 4333 3625 4391 fratris
3660 4334 3805 4403 ejus,

527 4415 802 4478 auferam.
833 4428 897 4475 ut
925 4417 1202 4473 calliditas
1229 4420 1481 4474 stultitim
1525 4422 1650 4491 ejus
1682 4421 2118 4489 demonstretur,
2140 4415 2188 4432 ”
2205 4440 2559 4495 nequaquam
2582 4423 2751 4477 faciet
2778 4439 2901 4494 quia
2925 4423 3055 4477 fecit
3082 4429 3214 4477 ante
3242 4428 3440 4481 contra
3464 4438 3800 4493 germanum

529 4504 858 4576 possintque
886 4506 1104 4562 nullum
1147 4507 1399 4577 invenire
1442 4510 1757 4575 consilium,
1781 4526 1892 4580 quo
1921 4527 2122 4582 super-

526 4590 757 4657 veniens
785 4593 1004 4664 possint
1058 4595 1302 4666 effugere
1360 4597 1591 4651 malum.
1636 4599 1784 4651 Bene
1822 4604 2012 4653 autem
2051 4600 2140 4654 de

527 4688 721 4744 monte
747 4682 1102 4753 prudentiam
1127 4700 1188 4739 se
1215 4690 1351 4739 tunc
1367 4684 1505 4739 dicit
1530 4685 1963 4754 ablaturumwel
1989 4689 2123 4759 quia

528 4771 663 4833 urbs
694 4771 942 4832 Idumma
970 4774 1028 4829 in
1051 4781 1242 4829 monte
1280 4775 1390 4829 sita
1429 4782 1533 4839 est,
1560 4777 1644 4831 vel
1665 4777 1797 4848 quia
1821 4779 2006 4833 omnis
2026 4778 2122 4833 illa

525 4861 682 4933 regis
706 4863 779 4921 ad
795 4869 1053 4930 austrum
1081 4850 1318 4934 vergens
1347 4865 1643 4936 praeruptis
1663 4866 1949 4922 montibus
1972 4866 2124 4923 edita

522 4949 616 5011 sit.

601 5057 624 5099 ς
644 5037 720 5098 Et
744 5038 1025 5096 timebunt
1048 5039 1220 5096 fortes
1238 5042 1370 5097 tuia
1399 5043 1650 5104 meridie,
1675 5049 1740 5099 ut
1768 5045 2011 5100 intereat
2040 5046 2123 5100 vir

527 5126 598 5191 ds
628 5132 818 5201 monts
847 5128 1013 5187 Esau.
1043 5145 1070 5185 ι
1102 5129 1228 5200 Alia
1253 5132 1551 5200 translatio
1564 5131 1752 5199 habet,
1783 5154 1808 5183 ι
1839 5134 2123 5205 parebunt

524 5222 867 5288 pugnator-es
886 5216 973 5275 tui
992 5217 1062 5275 dc
1080 5217 1567 5274 Tcmana‘l‘eman
1588 5220 1737 5274 enim
1757 5223 2013 5276 meridie:
2040 5222 2123 5276 in—

523 5310 886 5375 terpsetatuc.
909 5305 1202 5370 Quomodo
1241 5307 1386 5363 Esau
1416 5308 1596 5363 tribus
1625 5310 1947 5365 nominibus
1978 5310 2122 5381 legi-

523 5408 651 5459 mus
679 5395 1044 5466 appellatum,
1069 5396 1149 5451 ita
1177 5402 1234 5451 et
1252 5397 1418 5468 plaga
1440 5398 1688 5469 regionis
1705 5399 1874 5465 illius,
1899 5416 2022 5471 qum
2036 5401 2113 5454 ad

523 5488 777 5549 “suum
823 5483 1019 5555 vergit,
1051 5483 1232 5558 tribus
1272 5486 1592 5555 nominibus
1638 5488 1848 5543 dicitur
1899 5496 2115 5555 vocata,

521 5571 749 5639 Darem.
768 5573 1000 5640 Tamen,
1025 5574 1238 5644 Neget).
1255 5575 1390 5640 Qua
1406 5577 1638 5638 nomina
1651 5578 1828 5648 (juxta
1857 5577 2116 5645 Ειροιιίε-

2202 4529 2387 4572 suum,
2421 4528 2487 4567 ac
2512 4513 2558 4566 si
2586 4512 2799 4566 diceret
2820 4529 2851 4565 ι.
2868 4513 3008 4575 (lum
3041 4512 3257 4566 venerit
3281 4513 3529 4571 secunda
3548 4517 3606 4566 et
3633 4511 3808 4566 tertia

2202 4602 2495 4674 captivitas
2509 4602 2854 4664 Iudaeorum,
2871 4617 2983 4658 non
3000 4601 3273 4672 despicies
3288 4616 3405 4666 eos,
3439 4615 3621 4671 neque
3647 4601 3806 4661 leta-

2203 4691 2352 4746 beris
2380 4692 2438 4745 in
2469 4692 2561 4746 die
2610 4690 2942 4762 perditionis
2973 4705 3189 4753 eorum,
3217 4696 3281 4744 ut
3336 4690 3629 4753 hactenus,
3671 4688 3806 4761 quia

2197 4781 2315 4851 jam
2329 4781 2804 4851 teneriscaptivus
2833 4779 2904 4833 ab
2928 4778 3201 4834 hostibus.
3237 4778 3486 4841 Primum
3520 4778 3670 4832 enim
3708 4778 3804 4848 (si-

2204 4876 2297 4924 cut
2313 4869 2524 4925 dictum
2548 4874 2649 4934 est)
2670 4869 2824 4932 venit
2844 4868 3357 4925 Nabuchodonosor
3375 4868 3434 4931 in
3450 4864 3804 4922 Ilierusslam

2205 4957 2309 5014 sub
2328 4958 2832 5029 Joachim,quando
2848 4954 3097 5013 Erechiel
3116 4972 3243 5020 cum
3266 4956 3462 5011 eodem
3510 4970 3643 5025 rege
3666 4952 3804 5019 duc-

2203 5048 2295 5111 tus
2316 5052 2403 5100 est
2431 5046 2774 5118 Babylonem
2810 5065 2823 5113 ;
2880 5047 3049 5101 tertio
3079 5046 3182 5101 sub
3205 5045 3457 5107 Sedecia.
3489 5058 3657 5115 quem
3678 5057 3806 5106 em-

2202 5135 2277 5189 tis
2296 5132 2786 5190 oculisin'caveam
2802 5135 3081 5206 captivum
3098 5134 3285 5189 duxit:
3308 5134 3368 5188 in
3395 5133 3641 5187 secunda
3668 5148 3803 5202 ergo

2202 5225 2287 5279 vel
2314 5225 2483 5283 tertia
2512 5224 2836 5296 captivitate
2870 5223 3258 5278 Israelitarum
3288 5238 3402 5277 non
3449 5220 3585 5277 sunt
3628 5220 3803 5276 tutati

2202 5311 2457 5377 Idumai,
2481 5312 2615 5383 quia
2642 5314 2761 5381 jam
2794 5311 3133 5367 tenebantur
3162 5311 3385 5382 captivi.
3418 5310 3579 5367 Unde
3619 5308 3804 5380 sequi-

2200 5406 2296 5467 tur
2312 5416 2360 5453 :a
2380 5408 2439 5456 et
2456 5417 2568 5456 non
2590 5399 2982 5473 magnificabis
3006 5398 3069 5454 os
3086 5409 3246 5455 tuum
3264 5400 3321 5454 in
3334 5399 3426 5454 die
3445 5398 3722 5469 angustia
3735 5442 3747 5454 .
3774 5417 3796 5449 ι

2202 5489 2402 5549 Discus
2430 5505 2442 5538 ε
2475 5489 2496 5539 ὁ
2528 5490 2838 5555 Exinanite,
2892 5490 3192 5554 exinanito,
3250 5506 3430 5560 usque
3488 5489 3558 5543 ad
3597 5484 3802 5542 funda-

2199 5578 2456 5634 mentum
2482 5580 2541 5633 in
2562 5594 2648 5645 ea,
2694 5598 2718 5631 ι
2752 5579 2896 5633 sicut
2922 5578 3166 5650 primum
3212 5578 3410 5639 fecisti.
3442 5577 3604 5633 Unde
3648 5576 3796 5640 Bsal.
