4062 6168
524 230 631 321 127

945 261 1328 321 HAYMONIS
1366 264 1857 321 HALBERSTAT.
1897 264 2123 322 EPISC.
2165 265 2323 322 OPP.
2363 268 2548 326 PARS
2586 271 2631 325 Ι.
2668 298 2740 313 -
2777 270 3151 327 COMMENT.
3193 267 3375 324 BIBL.

3693 259 3794 319 128

524 384 715 454 deant,
743 403 867 461 qua!
898 387 1074 445 Edom
1104 395 1237 444 ante
1264 395 1593 465 possederat
1616 412 1627 448 :
1673 400 1729 448 et
1759 394 1855 466 qui
1886 394 1943 448 in
1967 410 2120 447 ram-
2140 398 2190 455 Α
2210 395 2305 466 qui
2330 395 2739 468 interpretatur
2765 414 2994 452 acervus
3029 398 3351 451 tetismonii.
3382 392 3445 448 Id
3469 396 3558 447 est
3578 390 3798 446 Iudaeos

516 476 808 549 pestribus
842 494 907 533 ex
951 479 1090 550 ipsis
1115 480 1332 538 duabus
1370 484 1628 539 tribubus
1674 483 2020 547 habitabant,
2072 485 2129 538 in

527 566 701 621 Liade
748 567 1008 622 videlicet
1046 575 1104 623 et
1133 577 1323 625 monte
1365 573 1633 643 Diospoli,
1677 579 1848 643 atque
1874 573 2129 644 Nicopoli

526 654 897 726 possidebunt
933 657 1181 729 quinque
1212 659 1379 714 urbes
1416 661 1775 726 Philisthiim,
1813 661 2019 716 Gazam
2046 662 2128 715 vi-

529 744 752 814 delicet,
778 746 1136 811 Ascalonam,
1172 747 1436 813 Azotum,
1468 752 1737 817 Accaron,
1782 756 1841 804 et
1870 751 2035 817 Geth,
2068 755 2126 804 et

529 849 752 888 omnem
807 834 963 889 illam
1011 836 1230 907 plagam
1279 855 1420 908 quae,
1445 841 1607 909 juxta
1648 842 1823 894 Actus
1852 840 2126 912 apostolo-

528 937 677 989 rum,
701 923 944 978 Saronas
964 932 1217 984 vocatur.
1243 932 1306 980 ut
1325 927 1539 982 scilicet
1558 945 1735 1000 usque
1753 929 1823 982 ad
1842 929 2127 983 maritima

528 1011 875 1081 perveniant,
906 1018 962 1066 et
994 1014 1339 1069 Philisthiim
1395 1033 1496 1070 suo
1525 1017 1761 1088 imperio
1798 1017 2119 1088 subjugent,

530 1115 669 1169 quos
690 1100 844 1170 prius
866 1116 977 1155 non
1006 1101 1323 1157 habuerant
1350 1105 1697 1177 subjugatos.
1733 1126 1755 1156 ι
1788 1107 1855 1160 Et
1884 1107 2127 1177 posside-

527 1184 669 1240 bunt
718 1188 1005 1257 regionem
1054 1191 1318 1261 Ephraim
1351 1201 1408 1247 et
1434 1195 1717 1265 regionem
1763 1195 2047 1249 Samari:e.
2095 1216 2120 1247 ι

529 1274 675 1339 Quia
696 1275 981 1331 intantuln
1012 1279 1345 1335 dilatabitur
1362 1284 1638 1338 terminus
1653 1284 1896 1338 ﬁliorum
1928 1284 2119 1342 Israel.

529 1370 594 1418 ut
618 1381 795 1435 usque
826 1366 895 1419 ad
927 1367 1192 1438 Ephraim
1226 1372 1600 1440 perveniatur,
1645 1389 1755 1426 non
1804 1374 1982 1426 solum
2035 1388 2125 1426 re-

529 1467 705 1522 gnum
752 1454 991 1508 aliarum
1038 1458 1314 1526 gentium,
1337 1460 1430 1513 sed
1463 1461 1632 1514 etiam
1664 1477 1897 1531 regnum
1932 1462 2124 1515 decem

531 1538 804 1607 tribuum,
845 1543 1005 1613 cujus
1054 1553 1224 1616 caput
1264 1547 1537 1616 Samaria,
1569 1550 1891 1621 possideant
1941 1551 2128 1604 hostes

534 1643 725 1683 eorum
736 1670 747 1683 .

2212 486 2522 554 credentes,
2549 504 2583 540 a
2612 487 2814 558 quibus
2851 486 3178 542 testimonia
3213 484 3357 556 legis
3399 481 3720 553 accepimus
3746 482 3802 532 et

2212 574 2632 644 prophetarum.

2286 681 2312 715 ¢
2339 662 2407 716 Et
2427 663 2849 733 transmigratio
2867 661 3140 717 exercitus
3158 662 3326 732 hujus
3341 659 3584 715 ﬁliorum
3605 655 3799 723 Israel,

2205 751 2392 806 omnia
2424 751 2865 807 Cbananaeorum
2907 768 3085 823 usque
3115 752 3185 805 ad
3218 751 3533 820 Sareptam,
3572 768 3594 797 ι
3631 746 3690 800 id
3720 750 3805 799 est

2204 840 2287 894 illi
2316 840 2413 911 qui
2437 842 2644 895 reversi
2674 841 2884 896 fuerint
2902 858 2966 895 ex
2997 841 3191 895 decem
3217 838 3475 893 tribubus
3494 837 3563 890 de
3580 834 3806 906 captivi-

2206 935 2341 991 tate,
2374 932 2583 993 omnia,
2616 930 2881 985 subaudis
2905 931 3047 995 loca,
3079 930 3525 983 Chananaaorum
3548 923 3806 996 posside-

2205 1018 2346 1073 bunt
2365 1036 2540 1089 usque
2556 1020 2624 1073 ad
2650 1020 2961 1091 Sereptam,
2982 1019 3037 1072 id
3058 1025 3162 1081 est,
3183 1034 3297 1071 non
3319 1013 3675 1071 solummodo
3686 1028 3810 1084 pos-

2206 1107 2469 1161 sidebunt
2498 1124 2620 1177 quae
2649 1108 2720 1161 ad
2752 1108 3046 1161 meridiem
3079 1114 3229 1169 sunt,
3249 1111 3305 1158 et
3333 1104 3401 1158 ad
3436 1102 3804 1164 occidentem,

2207 1202 2265 1249 et
2295 1197 2365 1249 ad
2404 1198 2867 1268 septentrionem,
2900 1198 3175 1251 Idumaeos
3207 1194 3429 1258 Ciliciae,
3462 1199 3520 1246 et
3559 1187 3811 1245 Palaesti-

2206 1301 2327 1349 nos,
2363 1293 2420 1338 et
2446 1292 2689 1339 montem
2726 1287 2888 1351 Esau,
2915 1292 2971 1339 et
3001 1285 3334 1349 Samariam,
3359 1283 3458 1336 sed
3478 1280 3652 1335 etiam
3682 1293 3812 1332 con-

2205 1381 2295 1428 tra
2318 1374 2587 1428 orientem
2610 1375 2825 1429 cunctis
2838 1391 2958 1445 quae
2988 1380 3154 1428 terrae
3174 1374 3626 1427 Chananaaorum
3650 1371 3806 1421 sunt.

2208 1463 2570 1533 imperabunt
2609 1480 2787 1534 usque
2837 1463 2906 1517 ad
2940 1463 3231 1534 Sareptam
3278 1459 3658 1520 Sidoniorum,
3714 1453 3815 1509 ubi

2215 1552 2494 1623 quondam
2512 1552 2690 1606 Eliam
2718 1553 2868 1624 pavit
2893 1552 3111 1605 viduam
3140 1551 3205 1605 Et
3232 1546 3661 1617 transmigratio
3683 1545 3817 1598 Hie-

2215 1642 2481 1705 rusalem,
2516 1659 2638 1712 qua;
2669 1641 2726 1695 in
2762 1641 3046 1712 Bosphoro
3085 1645 3187 1707 est,
3221 1636 3526 1710 possidebit
3550 1634 3815 1688 civitates

610 1737 633 1769 ι
667 1718 736 1772 Et
756 1721 1049 1792 Benjamin
1075 1725 1383 1795 possidebit
1402 1727 1669 1781 Galaad.»
1696 1728 1910 1783 Galaad
1934 1728 2130 1783 civitas
2149 1726 2195 1785 B
2217 1729 2415 1783 austri.
2454 1749 2475 1780 ι
2525 1729 2590 1783 1η
2622 1729 2911 1801 Bosphoro
2940 1736 3128 1783 autem
3159 1727 3313 1789 dicit,
3348 1727 3403 1779 in
3431 1723 3689 1778 terminis
3731 1722 3815 1774 vel

534 1813 674 1873 erat,
710 1809 793 1863 vel
820 1827 980 1865 mons
1012 1812 1071 1866 in
1100 1814 1252 1869 tribu
1279 1815 1417 1870 Gad.
1437 1817 1543 1871 Per
1559 1819 1701 1872 hanc
1727 1825 1915 1873 autem
1942 1819 2131 1872 civita-

532 1900 669 1962 tem,
697 1897 779 1951 vel
811 1908 1080 1965 montem,
1106 1910 1224 1957 tota
1253 1904 1584 1976 designatur
1599 1906 1955 1978 Arabia,quae
1976 1907 2131 1979 prius

531 1987 837 2041 vocabatur
857 1989 1067 2045 Galaad
1080 2036 1092 2056 ,
1114 1998 1172 2047 et
1186 2009 1334 2048 nunc
1353 1995 1378 2049 J
1387 2011 1547 2049 erasa
1576 2004 2131 2067 nuncupatur,quam

532 2077 711 2128 totam
742 2079 994 2146 possedit
1023 2080 1336 2150 Benjamin,
1357 2086 1518 2152 cujus
1546 2084 1736 2138 statim
1763 2087 1833 2138 ab
1864 2087 2128 2139 Hierusa-

532 2161 645 2215 lem
694 2171 892 2219 contra
936 2170 1376 2238 septentrionem
1407 2172 1633 2226 termini
1664 2173 1993 2237 dilatantur,
2026 2174 2131 2226 hoc

534 2256 726 2306 utrum
748 2252 955 2309 factum
974 2257 1067 2322 sit,
1082 2258 1232 2313 Deus
1244 2258 1442 2314 viderit
1492 2262 1686 2315 Potest
1707 2262 1856 2316 enim
1884 2279 1948 2315 ex
1973 2268 2130 2333 parte

534 2355 639 2410 per
686 2358 864 2397 annos
907 2345 1243 2416 quingentos
1280 2365 1457 2418 usque
1486 2351 1555 2403 ad
1587 2351 1887 2405 adventum
1922 2351 2131 2406 Christi

536 2443 658 2483 esse
681 2433 1044 2502 completum,
1081 2437 1225 2506 quod
1254 2438 1503 2507 quotidie
1523 2439 1578 2492 in
1614 2440 1857 2493 Ecclesia
1886 2441 2132 2511 comple-

535 2522 633 2571 tur
663 2525 721 2573 et
749 2523 1134 2590 confirmatur,
1160 2526 1291 2579 dum
1324 2527 1380 2580 hi
1402 2528 1497 2598 qui
1520 2529 1777 2583 habitant
1807 2530 1864 2583 in
1895 2546 2023 2583 vero
2052 2529 2134 2582 lu-

535 2606 708 2674 mine,
740 2613 1078 2683 campestria
1107 2615 1277 2685 atque
1320 2616 1557 2671 humilia
1598 2619 1933 2682 inhabitent,
1972 2618 2134 2672 disci-

536 2696 656 2769 puli
704 2698 961 2755 videlicet
988 2704 1110 2774 ejus
1149 2704 1245 2777 qui
1275 2705 1446 2759 dicit:
1484 2724 1510 2758 α
1563 2707 1771 2763 Discite
1799 2725 1832 2761 a
1865 2724 1952 2761 me
1999 2708 2132 2778 quia

536 2786 691 2840 mitis
739 2804 864 2844 sum
895 2795 953 2844 et
997 2792 1226 2847 humilis
1277 2794 1463 2848 corde.
1505 2818 1519 2839 ο
1560 2796 1855 2873 Possident
1882 2803 2131 2850 montem

2210 1819 2268 1873 in
2303 1818 2511 1872 ﬁnibus
2561 1820 2721 1875 Unde
2761 1826 2818 1873 et
2843 1818 3213 1889 Septuaginta
3252 1813 3540 1886 Sapharad
3571 1814 3814 1882 ponunt,

2213 1908 2361 1979 quod
2377 1911 2649 1962 terminus
2674 1909 2754 1963 vel
2774 1912 2919 1962 locus
2943 1908 3369 1977 interpretatur,
3393 1904 3448 1957 id
3465 1908 3547 1956 est
3566 1915 3772 1955 sensus
3800 1915 3812 1949 :

2213 1998 2283 2051 Hi
2317 1997 2412 2066 qui
2442 1997 2510 2050 de
2555 1997 2677 2067 ipsa
2707 1997 3226 2068 Hierosolymorum
3256 1990 3552 2063 metropoli
3582 1988 3815 2043 civitate

2212 2086 2492 2143 translati.
2519 2086 2577 2139 in
2608 2087 2861 2157 Saphara
2903 2085 3252 2143 habitabant.
3283 2082 3338 2135 id
3367 2087 3453 2134 est
3496 2080 3554 2132 in
3604 2076 3820 2131 ﬁnibus

2214 2174 2667 2245 Babyloniorum,
2701 2174 2905 2229 reversi
2936 2173 3300 2245 possidebunt
3325 2171 3579 2225 civitates
3607 2164 3815 2232 austri,

2212 2279 2334 2333 quae
2355 2270 2488 2317 sunt
2519 2264 2573 2316 in
2598 2264 2750 2317 tribu
2779 2264 2941 2318 Juda.
2988 2262 3317 2316 Habitantes
3361 2258 3512 2312 enim
3564 2257 3622 2311 in
3673 2254 3819 2309 urbe

2212 2368 2333 2418 sua,
2366 2368 2433 2405 ea
2461 2369 2584 2423 quae
2615 2352 2740 2406 urbi
2773 2353 2950 2406 vicina
2982 2360 3115 2405 sunt
3143 2349 3496 2405 obtinebunt.

2287 2459 2314 2493 α
2350 2442 2416 2495 Et
2435 2443 2739 2495 ascendant
2757 2443 3063 2495 salvatores
3082 2440 3137 2494 in
3164 2448 3406 2495 montem
3428 2437 3582 2492 Sion.
3607 2455 3635 2487 »
3658 2433 3823 2488 Sicut

2212 2528 2319 2584 fuit
2345 2530 2649 2584 Zorobabel
2678 2539 2736 2584 et
2764 2530 2972 2595 caeteri,
2997 2536 3059 2584 ut
3085 2529 3366 2600 quondam
3389 2526 3495 2581 iuit
3517 2520 3811 2586 Othoniel,

2215 2624 2272 2672 et
2299 2619 2485 2672 caeteri
2508 2619 2856 2685 liberatores,
2879 2636 3018 2690 quos
3048 2619 3198 2673 misit
3227 2617 3514 2676 Dominus,
3530 2629 3711 2685 usque
3743 2610 3819 2667 ad

2215 2708 2368 2769 Saul,
2401 2708 2641 2779 indeque
2670 2725 2847 2779 usque
2876 2710 2946 2762 ad
2978 2708 3285 2770 Sedeciam,
3317 2726 3338 2756 ε
3368 2705 3627 2775 judicare
3660 2719 3823 2757 mon-

2214 2803 2328 2851 tem
2361 2798 2524 2851 Esau.
2564 2817 2588 2847 ι
2622 2798 2942 2852 Ascendent
2969 2797 3119 2851 enim
3150 2796 3219 2851 de
3249 2794 3594 2866 captivitate,
3630 2799 3694 2845 ut
3717 2794 3821 2861 ju-

537 2875 684 2930 Esau
722 2883 779 2932 et
805 2879 1168 2947 Philisthiim,
1223 2900 1322 2953 per
1359 2901 1498 2954 quos
1540 2902 1836 2956 possumus
1873 2887 2129 2956 gentium
2211 2885 2399 2940 dicent
2427 2892 2595 2957 atque
2639 2886 2981 2949 discernant,
3012 2886 3170 2957 quasi
3225 2884 3540 2954 subjectum
3589 2887 3647 2934 et
3700 2897 3823 2934 ser-

535 2964 900 3037 philosophos
925 2970 1195 3040 accipere,
1229 2980 1457 3043 propter
1474 2974 1829 3028 altitudinem
1862 2975 2129 3045 eloquen-
2150 3009 2189 3059 η
2214 2976 2451 3029 vientem
2481 2975 2587 3029 sibi
2620 2985 2866 3031 montem
2892 2976 3060 3037 Esau,
3092 2975 3147 3028 id
3177 2981 3263 3028 est
3291 2972 3568 3027 Idumaeos
3597 2970 3822 3059 pariter

537 3052 662 3116 ῐίως
714 3055 1003 3126 regionem
1028 3075 1250 3130 quoque
1280 3061 1544 3131 Ephraim
1577 3070 1634 3116 et
1657 3064 1923 3119 Samaria;
1951 3062 2132 3136 possi-
2154 3052 2157 3053 ν
2176 3052 2189 3059 ’
2213 3081 2338 3118 cum
2362 3072 2514 3118 terra
2533 3081 2636 3118 sua
2664 3078 2676 3112 :
2706 3085 2728 3115 ι
2765 3071 2821 3119 et
2858 3065 2963 3119 erit
2995 3064 3234 3118 Domino
3265 3077 3520 3132 regnum,
3560 3080 3582 3110 ι
3609 3058 3819 3128 subju-

538 3141 770 3207 debunt,
795 3161 894 3215 per
913 3163 1081 3217 quem
1108 3152 1199 3219 (ut
1224 3149 1285 3203 in
1311 3150 1452 3204 Osee
1486 3168 1631 3222 saepe
1661 3152 1917 3223 legimusi
1963 3153 2133 3207 heere-
2212 3153 2375 3224 gatis,
2409 3153 2622 3207 scilicet
2650 3154 2929 3219 omnibus,
2964 3153 3202 3207 Domino
3233 3152 3342 3205 erit
3373 3164 3630 3221 regnum,
3677 3147 3820 3218 quia

537 3228 634 3284 tici
664 3232 996 3301 ﬁgurantur.
1014 3236 1187 3290 Porro
1210 3238 1580 3308 Benjamin,:d
1599 3249 1680 3295 est
1705 3243 1851 3295 ﬁlius
1870 3242 2129 3305 dexterae,
2216 3242 2335 3313 ipse
2355 3259 2487 3298 suos
2516 3243 2684 3298 faciet
2703 3259 2938 3313 regnare
2967 3242 3025 3297 in
3054 3242 3287 3296 diversis
3317 3240 3473 3295 locis.

539 3322 783 3391 papulus
817 3323 1072 3379 videlicet
1125 3325 1498 3399 Christianus,
1545 3330 1855 3401 possidebit
1901 3331 2135 3398 Galaad,

1422 3598 1568 3693 IN
1642 3598 1700 3694 J
1706 3597 1862 3694 ON
1868 3598 2056 3692 AM
2136 3597 2923 3693 PROPHETAM.

612 3889 821 3945 Jonam
851 3891 1087 3945 tradunt
1106 3888 1326 3945 Hebraei
1346 3889 1525 3945 ﬁlium
1555 3905 1676 3944 esse
1705 3888 2027 3962 Sareptena:
2051 3889 2136 3943 vi-
2216 3889 2465 3956 Amathi,
2499 3888 2691 3942 dicens
2716 3901 2728 3935 :
2774 3888 2954 3956 Surge
2979 3889 3036 3939 et
3062 3883 3203 3939 vade
3245 3883 3305 3938 in
3352 3881 3590 3938 Niniven
3621 3880 3834 3935 civita-

543 3979 687 4047 duae,
724 3996 890 4052 quem
921 3986 1210 4035 mortuum
1254 3979 1546 4034 suscitavit
1595 3978 1770 4045 Elias,
1804 3996 1970 4051 quem
2009 3995 2137 4033 cum
2217 3983 2330 4032 tem
2347 3976 2640 4047 grandem,
2663 3980 2721 4030 et
2739 3975 2978 4046 praedica
2998 3974 3056 4027 in
3073 3972 3310 4043 eazquia
3329 3970 3581 4026 ascendit
3595 3969 3827 4024 malitia

541 4069 713 4123 matri
743 4070 1097 4137 reddidisset,
1130 4069 1384 4124 adoravit
1410 4070 1526 4134 illa,
1559 4074 1614 4123 et
1660 4068 1800 4123 dixit
1832 4087 1844 4123 :
1879 4070 2042 4123 Nunc
2078 4069 2137 4122 in
2218 4070 2340 4139 ejus
2367 4083 2553 4121 coram
2578 4082 2684 4119 me.
2716 4085 2738 4115 ι
2769 4064 2928 4129 Quod
2956 4062 3091 4117 dicit
3114 4080 3162 4115 :c
3186 4061 3437 4116 ascendit
3460 4059 3671 4113 malitia
3694 4060 3831 4129 ejus

539 4157 648 4213 isto
678 4159 1205 4231 cognovi,quoniam
1231 4159 1314 4212 vir
1345 4159 1568 4212 Domini
1595 4175 1673 4223 es,
1698 4164 1755 4212 et
1773 4158 2000 4212 verbum
2026 4158 2135 4212 Do-
2217 4172 2406 4210 coram
2431 4172 2576 4219 me,»
2601 4154 2687 4207 vel
2715 4153 3023 4207 secundum
3048 4151 3425 4221 septuaginta,
3449 4149 3665 4202 clamor
3703 4164 3831 4203 ma-

542 4245 684 4299 mini
706 4248 764 4299 in
791 4263 887 4300 ore
907 4253 1005 4300 tuo
1027 4263 1220 4300 verum
1241 4253 1347 4311 est,
1369 4252 1425 4300 et
1449 4246 1518 4300 ob
1546 4248 1690 4300 hanc
1731 4263 1959 4300 causam
1984 4262 2138 4300 voca-
2216 4244 2351 4299 litiae
2380 4245 2501 4314 ejus
2525 4259 2714 4297 coram
2746 4259 2834 4296 me
2863 4241 3199 4305 ostenditur,
3224 4240 3359 4310 quia
3384 4237 3747 4309 impudenter
3768 4242 3836 4292 et

543 4338 669 4387 tum
698 4333 876 4388 ﬁlium
906 4333 1385 4388 Amathi.Amathi
1406 4334 1814 4403 interpretatur
1831 4338 2055 4394 veritas.
2080 4339 2135 4387 et
2154 4334 2340 4411 nsine
2369 4334 2483 4411 ulla
2510 4332 2822 4386 reverentia
2843 4331 2925 4385 vel
2954 4330 3157 4383 timore
3190 4328 3519 4400 peccabant.
3568 4326 3707 4380 Tale
3737 4332 3834 4381 est

543 4439 610 4477 ex
640 4440 705 4477 eo
730 4423 880 4494 quod
910 4424 1059 4478 Elias
1088 4440 1282 4478 verum
1309 4424 1468 4490 dixit,
1496 4429 1721 4478 vocatus
1751 4429 1838 4478 est
1868 4424 2020 4477 ﬁlius
2049 4440 2138 4477 ve-
2156 4416 2201 4439 ”
2221 4422 2368 4492 quod
2396 4422 2466 4475 de
2485 4420 2786 4478 Sodomitis
2815 4419 3081 4473 dicitur:«
3103 4420 3332 4474 Clamor
3358 4416 3731 4471 Sodomorum
3766 4420 3833 4469 et

543 4511 759 4579 ritatis;
791 4512 950 4582 cujus
980 4513 1300 4583 sepulcrum
1342 4511 1534 4565 dicunt
1569 4528 1689 4566 esse
1718 4513 1778 4566 in
1817 4512 1984 4577 Geth,
2016 4529 2139 4583 quae
2222 4511 2712 4565 Gomorrhaeorum
2739 4509 2891 4563 venit
2913 4508 2984 4562 ad
3010 4524 3119 4562 me.
3142 4526 3168 4559 ι
3197 4507 3495 4560 Peccatum
3524 4521 3655 4558 cum
3688 4520 3832 4558 voce

545 4606 630 4656 est
651 4602 709 4656 in
733 4591 1054 4673 Ophirﬁlii
1074 4601 1270 4655 dicunt
1288 4617 1419 4655 eum
1440 4601 1773 4669 inLidda,id
1795 4601 2141 4672 estDiospoli
2222 4606 2308 4653 est
2350 4605 2642 4670 peccatum
2698 4599 3002 4661 occultum,
3058 4601 3351 4668 peccatum
3387 4610 3517 4648 cum
3571 4592 3834 4646 clamore

544 4695 603 4746 et
621 4696 819 4745 natum
841 4696 898 4745 et
917 4691 1223 4745 conditum.
1246 4689 1503 4745 Meminit
1514 4691 1680 4760 hujus
1698 4690 1983 4761 prophetae
2001 4690 2142 4745 liber
2224 4689 2582 4743 manifestum
2613 4693 2670 4742 et
2696 4687 3000 4759 publicum.
3022 4685 3255 4757 Mystice
3285 4703 3296 4737 :
3326 4681 3622 4753 Jonas,qui
3643 4682 3836 4735 inter-

542 4780 749 4849 Tobiaa,
781 4780 879 4835 ubi
909 4781 1217 4835 moriturus
1237 4787 1398 4852 pater
1426 4779 1542 4833 ﬁlio
1571 4779 1921 4849 loquebatur.
1961 4779 2141 4851 Prope
2224 4785 2480 4850 pretatur
2508 4778 2777 4837 columba,
2807 4776 3086 4846 significat
3113 4775 3400 4829 Christum
3431 4770 3749 4841 simplicem
3770 4776 3837 4824 et

545 4876 633 4924 est
658 4870 920 4924 interitus
950 4870 1188 4940 Ninivaa,
1214 4886 1328 4925 non
1355 4869 1505 4924 enim
1534 4868 1740 4923 excidit
1769 4869 1998 4923 verbum
2028 4871 2141 4924 Do-
2224 4870 2600 4931 mansuetum,
2652 4880 2822 4934 super
2878 4879 3047 4933 quem
3105 4862 3346 4931 Spiritus
3376 4864 3608 4913 sanctus
3642 4859 3698 4911 in
3731 4874 3839 4911 co-

546 4957 706 5012 mini.
726 4958 980 5011 Primum
1002 4960 1151 5013 enim
1178 4959 1249 5013 ad
1272 4957 1724 5030 pradicationem
1749 4957 1901 5011 Jonas
1930 4959 2138 5012 intelli-
2223 4955 2414 5010 lumba
2437 4954 2718 5025 apparuit.
2759 4953 2931 5007 Jonas
2970 4952 3142 5006 etiam
3183 4951 3591 5019 interpretatur
3613 4948 3835 5011 dolens,

544 5045 732 5116 gimus
751 5045 1025 5100 Ninivitas
1040 5063 1335 5102 conversos
1364 5047 1752 5119 penitentiam
1782 5046 1983 5117 egisse,
2017 5054 2075 5102 et
2105 5064 2140 5101 a
2221 5045 2354 5114 quia
2370 5043 2551 5097 doluit
2566 5058 2737 5112 super
2755 5041 3063 5111 perituram
3083 5035 3617 5100 Hierusalem.Quod
3634 5042 3841 5088 autem

545 5135 787 5189 Domino
831 5135 1049 5189 veniam
1094 5144 1440 5202 consecutos,
1474 5144 1669 5208 postea
1716 5152 1842 5190 vero
1891 5137 1962 5190 ad
1993 5137 2143 5191 mala
2224 5135 2512 5188 Christum
2543 5128 3242 5202 designet,ipseDominus
3260 5126 3318 5180 in
3341 5124 3639 5195 Evangelia
3660 5129 3847 5177 testa-

546 5224 786 5295 pristina
834 5225 1101 5295 relapsos,
1136 5227 1297 5294 juxta
1352 5227 1500 5296 quod
1563 5226 1889 5298 praedictum
1937 5225 2140 5291 fuerat,
2224 5228 2340 5286 tur,
2363 5221 2554 5276 dicens
2586 5239 2598 5275 :
2631 5245 2651 5268 -
2686 5220 2843 5275 Sicut
2862 5219 2970 5273 fuit
2996 5219 3168 5272 Jonas
3193 5217 3254 5269 in
3274 5220 3468 5268 ventre
3497 5213 3606 5267 ceti
3647 5213 3845 5267 tribus

544 5312 719 5367 fuisse
746 5311 1338 5384 subversos,regnante
1357 5315 1506 5385 apud
1530 5314 1789 5369 Hebraeos
1806 5315 1977 5377 Josia,
1996 5315 2146 5386 apud
2228 5311 2426 5366 diebus
2471 5317 2529 5365 et
2567 5310 2750 5364 tribus
2768 5307 3139 5372 noctibus,ita
3157 5306 3268 5360 erit
3296 5302 3473 5369 Filius
3497 5301 3743 5355 hominis
3772 5301 3846 5354 in

551 5400 748 5456 Medos
769 5402 1036 5474 Astyage.
2230 5402 2396 5457 corde
2411 5408 2574 5455 terrae
2586 5399 2767 5454 tribus
2780 5398 2980 5453 diebus
2994 5403 3051 5451 et
3066 5395 3248 5450 tribus
3262 5392 3579 5448 noctibus.»
3598 5391 3726 5460 Ipse
3746 5394 3847 5443 est

1064 5492 1303 5548 CAPUT
1328 5490 1637 5548 PRIMUM.
2230 5491 2382 5545 ﬁlius
2403 5488 2710 5551 Amathi,id
2745 5497 2833 5542 est
2856 5487 2978 5553 Dei,
2997 5486 3133 5557 quia
3156 5485 3307 5539 Deus
3336 5482 3545 5536 veritas
3566 5485 3669 5534 est.
3696 5476 3848 5531 Mit-

615 5581 687 5639 Et
718 5582 931 5638 factum
960 5586 1045 5637 est
1067 5581 1299 5638 verbum
1349 5581 1577 5639 Domini
1605 5582 1678 5637 ad
1719 5583 1922 5641 Jonam
1970 5581 2149 5638 ﬁlium
2230 5581 2372 5643 titur
2392 5580 2465 5637 ad
2504 5578 2764 5644 Niniven,
2799 5593 2922 5648 quae
2942 5576 3184 5646 pulchra
3204 5574 3632 5643 interpretatur,
3662 5582 3847 5621 roun—
