4090 6164
258 294 340 353 129

1195 289 1618 345 ENARRATIO
1655 286 1738 345 IN
1774 288 2020 345 JONAM
2062 287 2528 344 PROPHETAM.

3401 289 3505 346 130

249 418 366 472 dum
395 415 671 486 designat,
695 430 806 485 quo
840 414 977 469 nihil
1006 414 1295 486 pulchrius
1325 413 1830 470 oculiscarnalibus
1848 418 1894 473 A
1915 418 2111 468 rentur
2138 413 2196 467 in
2225 414 2436 475 Iudaea,
2469 414 2610 468 sicut
2630 413 2689 467 in
2717 413 3018 485 Evangelio
3046 414 3508 485 legimus,trans-

249 505 561 576 aspicimus.
597 503 757 557 Unde
781 509 837 557 et
865 503 1056 557 Graece
1084 503 1154 557 ab
1186 509 1389 557 ornatu
1441 518 1647 556 nomen
1682 519 1835 556 acce-

249 595 337 666 pit.
368 594 603 647 Cosmus
625 593 777 646 enim
811 593 1053 647 mundus
1082 593 1305 651 dicitur.
1332 591 1477 656 Quia
1498 608 1633 662 ergo
1657 590 1835 646 Judaei

247 683 334 740 Dei
364 687 643 754 praecepta
676 687 1151 752 contempserant,
1183 681 1432 735 mittitur
1451 681 1643 745 Jonas,
1668 680 1725 734 id
1749 686 1837 734 est

248 772 492 827 Christus
528 772 598 825 ad
627 770 884 835 Niniven,
910 771 963 825 id
982 776 1069 825 est
1087 770 1155 824 ad
1179 776 1396 840 gentes,
1430 775 1496 823 ut
1509 775 1661 824 totus
1676 785 1837 823 mun-

247 862 341 915 dus
357 860 591 914 credens
612 858 670 913 in
690 876 818 913 eum
849 860 1115 913 salvetur.
1140 858 1356 934 Malitia
1381 858 1579 912 Ninive
1609 875 1731 928 quae
1761 858 1831 911 ad

246 949 537 1004 Dominum
566 948 835 1011 ascendit,
872 948 1125 1002 voluntas
1156 954 1243 1001 est
1271 964 1446 1018 prona
1486 964 1709 1018 semper
1761 946 1833 1001 ad

246 1039 468 1099 malum.
500 1044 558 1092 et
581 1039 822 1092 maxime
851 1038 1035 1092 cultus
1068 1037 1344 1091 idolorum
1374 1036 1597 1107 quibus,
1637 1036 1831 1091 relicto

248 1127 521 1187 Creatore,
558 1127 804 1180 mundus
833 1125 1243 1180 studiosissime
1265 1125 1559 1180 serviebat.

314 1241 332 1262 ι
366 1216 437 1269 Et
456 1216 700 1269 surrexit
719 1215 889 1269 Jonas
918 1220 982 1269 ut
1000 1214 1222 1286 fugeret
1246 1215 1304 1268 in
1333 1216 1563 1270 Tharsis
1605 1230 1639 1267 a
1693 1213 1833 1268 facie

247 1304 480 1359 Domini.
504 1327 527 1353 ι
555 1305 679 1358 Non
711 1304 963 1357 invidens
984 1304 1152 1357 saluti
1174 1304 1549 1359 Ninivitarum
1568 1301 1834 1374 fugit,sed

246 1394 432 1447 nolens
458 1393 641 1464 perire
681 1393 902 1446 Judaaos
929 1398 1154 1463 gentem
1186 1410 1367 1447 suam.
1422 1393 1646 1447 Sciebat
1685 1392 1835 1446 enim

248 1483 365 1554 quia
392 1482 731 1553 poenitentia
768 1482 1022 1552 gentium
1073 1481 1238 1537 ruina
1288 1487 1437 1536 esset
1490 1482 1833 1536 Iudaeorum.

245 1572 515 1626 Praeterea
529 1570 753 1625 videbat
780 1571 919 1625 alios
955 1572 1259 1642 prophetas
1276 1572 1475 1625 missos
1488 1572 1556 1625 ad
1575 1584 1703 1625 oves
1720 1587 1839 1641 per-

1915 503 2030 557 ibat
2053 503 2110 557 in
2140 508 2328 574 partes
2355 502 2488 574 Tyri
2518 508 2576 556 et
2596 502 2837 560 Sidonis.
2869 520 2992 574 quae
3037 509 3170 558 sunt
3210 502 3509 573 gentilium

1915 592 2100 647 urbes.
2138 593 2294 657 Quae,
2331 593 2464 663 quia
2493 592 2549 646 in
2579 598 2785 646 sortem
2817 593 2992 647 Israel
3037 592 3348 647 distributae
3389 592 3513 646 fue-

1915 687 2062 746 rant,
2096 686 2247 735 recte
2275 698 2376 752 per
2396 683 2632 752 Joppen,
2662 681 2742 751 (id
2774 687 2876 746 est,
2909 681 3184 753 speciosa)
3218 681 3516 753 designan-

1915 774 2027 826 tur.
2061 770 2228 824 Venit
2257 787 2390 841 ergo
2424 771 2697 824 Dominus
2715 770 2785 824 ad
2809 771 3056 835 Tharsis,
3092 771 3149 825 id
3191 776 3277 825 est
3320 770 3516 841 gaudii

1915 859 2406 930 contemplatione,
2439 859 2572 929 quia
2608 859 2804 913 mundi
2838 860 3323 931 contemplabatur
3361 860 3516 915 salu-

1912 952 2049 1012 tem,
2076 965 2242 1019 quam
2262 953 2393 1002 ante
2427 948 2631 1001 saecula
2662 948 3170 1019 praedestinaverat.
3207 951 3370 1005 Salus
3413 966 3519 1003 au-

1914 1041 2029 1091 tem
2052 1037 2245 1090 mundi
2269 1036 2536 1106 gaudium
2561 1038 2681 1106 ejus
2727 1043 2829 1092 est.
2880 1039 3177 1094 Descendit
3217 1046 3408 1094 autem
3453 1040 3514 1094 in

1914 1124 2146 1194 Joppen,
2168 1123 2320 1194 quia,
2336 1122 2515 1175 vicina
2540 1123 2821 1193 passione,
2840 1126 3075 1179 salutem
3100 1126 3365 1197 speciosae
3382 1142 3518 1196 gen-

1914 1211 2135 1265 tilitatis
2166 1211 2524 1283 Operabatur.
2549 1212 2657 1265 Sed
2672 1212 2806 1282 quia
2833 1214 2984 1266 venit
3007 1214 3075 1268 ad
3108 1231 3240 1268 oves
3268 1215 3518 1286 perditas

1916 1301 2115 1354 domus
2144 1301 2335 1364 Israel,
2374 1317 2484 1355 non
2507 1301 2627 1355 vult
2660 1301 2795 1355 dare
2836 1318 3039 1371 panem
3078 1303 3322 1357 ﬁliorum
3366 1304 3517 1359 cani-

1916 1389 2040 1444 bus.
2073 1391 2183 1444 Dat
2202 1407 2335 1461 ergo
2364 1391 2598 1445 naulum
2629 1390 2959 1455 vectoribus,
2990 1408 3129 1462 quos
3152 1392 3390 1462 gentiles
3421 1410 3521 1463 pu-

1917 1483 2105 1533 tamus
2134 1479 2469 1550 signiticare,
2494 1479 2551 1533 id
2581 1485 2668 1534 est
2711 1480 2913 1551 pignus
2956 1481 3248 1551 sperandae
3296 1482 3515 1548 salutis,

1919 1577 2196 1642 quatenus
2218 1569 2459 1638 primum
2510 1570 2687 1624 salvet
2716 1570 2937 1625 Judaeos
2968 1571 3039 1624 ad
3083 1586 3229 1647 quos.
3266 1576 3523 1636 venerat,

244 1660 376 1714 ditas
415 1661 622 1714 domus
659 1660 850 1723 Israel,
884 1667 951 1714 ut
994 1660 1067 1713 ad
1114 1661 1503 1732 paenitentiam
1567 1661 1836 1731 populum
1858 1730 1885 1732 _
1921 1659 2125 1713 deinde
2147 1658 2324 1712 salvet
2345 1664 2543 1729 gentes
2569 1659 2728 1729 quasi
2750 1659 2921 1712 maris
2950 1659 3356 1714 accolas.Unde
3378 1664 3435 1713 et
3450 1660 3523 1713 ad

242 1755 623 1823 provocarent,
649 1754 706 1803 et
724 1749 849 1803 ideo
880 1749 1033 1803 dolet
1048 1767 1108 1803 se
1137 1750 1396 1816 electum,
1424 1755 1491 1804 ut
1517 1749 1839 1803 mitteretur
1857 1730 1903 1789 Β
1922 1749 2194 1803 interiora
2223 1748 2577 1801 descendisse
2602 1754 2659 1802 et
2677 1747 2953 1802 dormisse
2987 1747 3211 1809 dicitur,
3255 1747 3522 1803 saeviente

244 1836 305 1890 ad
332 1839 597 1910 Assyrios
616 1839 876 1892 inimicos
906 1839 1401 1894 Israelis.Noverat
1420 1840 1592 1893 etiam
1607 1839 1843 1910 prophe-

243 1926 343 1980 tico
364 1927 595 1998 spiritu,
621 1928 790 1997 quod,
813 1944 937 1981 cum
971 1938 1167 1997 gentes
1179 1928 1554 1998 cognitionem
1584 1927 1685 1982 Dei
1708 1926 1847 1981 reci-

244 2022 454 2086 perent,
483 2016 885 2087 reprobaretur
913 2014 1107 2070 Israel.
1142 2017 1300 2080 Quod
1331 2033 1464 2087 ergo
1500 2016 1711 2071 sciebat
1736 2017 1842 2071 ali-

244 2105 461 2175 quando
491 2104 767 2168 futurum,
798 2104 1096 2158 verebatur
1124 2121 1193 2158 ne
1221 2121 1324 2158 suo
1354 2110 1609 2175 tempore
1656 2106 1837 2171 ﬁeret,

244 2200 401 2264 atque
424 2193 560 2248 ideo
585 2194 780 2264 fugere
820 2193 995 2247 voluit
1036 2193 1094 2247 in
1127 2193 1374 2256 Tharsis,
1409 2193 1556 2247 sicut
1606 2199 1662 2247 et
1704 2194 1843 2247 Cain

243 2282 379 2353 fugit
403 2298 439 2336 a
469 2281 613 2336 facie
638 2282 881 2336 Domini.
931 2281 1207 2352 Josephus
1251 2282 1481 2336 Tharsis
1518 2286 1682 2353 putat
1721 2298 1843 2336 esse

243 2370 520 2424 Tharsum
551 2368 758 2424 Cilicia:
789 2369 1088 2431 civitatem,
1122 2369 1191 2423 de
1222 2386 1331 2439 qua
1353 2369 1460 2424 fuit
1485 2369 1691 2423 Paulus
1716 2386 1846 2439 apo-

244 2460 434 2521 stolus,
460 2459 615 2512 unde
641 2465 698 2512 et
715 2459 1048 2513 Tharsensis
1072 2440 1255 2512 dictus
1271 2464 1373 2513 est.
1402 2457 1623 2512 Hebraei
1654 2463 1843 2512 autem

244 2548 470 2601 Tharsis
492 2564 649 2601 mare
666 2548 862 2602 dicunt
882 2547 1370 2618 generaliter.Non
1389 2564 1522 2618 ergo
1542 2547 1611 2601 ad
1631 2553 1846 2601 certum

244 2637 490 2706 aliquem
524 2637 709 2691 locum
737 2637 931 2707 fugere
954 2636 1175 2691 volebat
1196 2637 1589 2708 prapheta,sed
1610 2653 1841 2690 ascensa

242 2727 363 2780 navi
397 2742 741 2797 quocunque
783 2733 970 2796 posset
1008 2726 1297 2787 festinare,
1331 2742 1443 2779 non
1489 2742 1693 2779 curans
1731 2742 1840 2796 quo

242 2831 367 2868 eum
388 2832 522 2869 sors
545 2816 796 2868 duceret.
821 2814 1109 2884 Fugitivus
1140 2815 1287 2868 enim
1325 2830 1435 2868 non
1458 2814 1616 2884 eligit
1657 2815 1841 2868 locum

239 2920 346 2974 quo
375 2903 586 2973 fugiat,
623 2908 678 2957 et
704 2903 837 2974 quia
864 2904 1148 2973 legiturin
1181 2904 1396 2975 psalmo
1429 2922 1440 2956 :
1479 2921 1505 2955 α
1560 2904 1739 2957 Notus
1787 2903 1846 2957 in

237 2992 429 3045 Judaea
460 2992 635 3053 Deus,
669 2992 725 3045 in
761 2993 1210 3062 lsraelmagnum
1239 3009 1442 3046 nomen
1464 2993 1605 3061 ejus.
1635 3010 1662 3044 ν
1682 2998 1845 3062 puta-

234 3078 329 3134 bat
356 3098 418 3134 se
449 3097 621 3151 posse
643 3082 817 3135 Deum
848 3080 1061 3151 fugere,
1092 3081 1182 3152 qui
1213 3087 1436 3135 tantum
1467 3081 1525 3134 in
1547 3081 1736 3135 Judasa
1754 3098 1851 3134 no-

235 3175 324 3223 tus
344 3178 493 3224 erat.
522 3170 828 3240 Postquam
848 3187 975 3224 vero
997 3186 1096 3240 per
1118 3176 1509 3241 tempestatem
1534 3170 1712 3223 Deum
1737 3170 1849 3223 illic

235 3258 403 3312 etiam
437 3259 622 3312 maris
644 3259 891 3328 agnovit,
925 3260 1227 3313 conﬁtetur
1256 3266 1313 3313 et
1340 3258 1476 3313 dicit
1499 3277 1509 3311 :
1533 3277 1559 3311 α
1579 3257 1847 3313 Hebraeus

236 3364 336 3419 ego
364 3366 527 3414 sum,
556 3354 614 3402 et
640 3349 817 3402 Deum
842 3348 963 3402 coeli
997 3365 1100 3418 ego
1148 3348 1339 3412 timeo,
1376 3349 1473 3419 qui
1519 3348 1650 3401 fecit
1694 3365 1848 3403 mare

234 3444 289 3491 et
314 3438 569 3492 aridam.
598 3455 628 3488 ι
648 3437 879 3507 Mystice
907 3456 916 3490 :
949 3438 1119 3491 Jonas
1139 3444 1349 3499 noster,
1380 3437 1435 3490 id
1457 3444 1542 3490 est
1571 3437 1846 3497 Christus,

233 3526 373 3597 fugit
402 3527 466 3580 in
497 3525 754 3587 Tharsis,
784 3526 923 3596 quia
957 3527 1195 3596 patriam
1226 3543 1408 3590 suam,
1431 3524 1486 3580 id
1509 3532 1594 3579 est
1622 3526 1848 3585 coelum.

236 3615 453 3670 dimisit
473 3636 487 3681 ;
507 3622 587 3679 et,
612 3620 901 3685 assumpta
916 3632 1102 3675 carne,
1129 3618 1280 3670 venit
1301 3616 1356 3669 in
1382 3632 1532 3669 mare
1562 3617 1727 3686 hujus
1747 3633 1851 3670 sae-

237 3706 443 3762 culi.et
478 3706 771 3758 intantum
803 3704 995 3757 dilexit
1025 3707 1290 3775 populum
1340 3705 1409 3758 de
1457 3721 1566 3774 quo
1623 3722 1849 3759 carnem

235 3795 578 3865 assumpsit.
606 3800 667 3846 ut
696 3810 807 3846 non
834 3798 1121 3847 recusaret
1149 3794 1481 3864 passionem,
1518 3810 1587 3846 ne
1635 3795 1850 3848 salvata

233 3883 459 3944 Ninive,
510 3880 572 3935 id
607 3887 694 3934 est
736 3882 931 3951 gentili
984 3883 1209 3952 populo,
1263 3882 1560 3953 Synagoga
1614 3883 1846 3953 periret.

232 3970 388 4025 Unde
422 3977 487 4025 et
503 3970 583 4024 ad
615 3970 839 4024 Patrem
870 3970 1126 4024 dicebat:
1185 3988 1213 4024 α
1273 3971 1457 4035 Pater,
1487 3971 1533 4025 si
1585 3972 1849 4043 possibile

229 4067 328 4123 est,
358 4066 639 4114 transeat
664 4075 697 4112 a
721 4076 808 4112 me
837 4059 978 4112 calix
999 4059 1102 4113 iste
1131 4078 1144 4127 ;
1180 4077 1206 4111 ι)
1241 4065 1298 4113 et
1325 4060 1383 4112 in
1414 4077 1576 4114 cruce
1609 4061 1846 4131 positus,

228 4149 428 4218 probis
445 4148 560 4220 qui
581 4148 978 4201 clamaverant:
999 4167 1023 4200 α
1053 4147 1351 4217 Cruciﬁge,
1375 4149 1695 4218 cruciﬁge,-
1721 4167 1849 4204 ora-

226 4236 319 4291 bat
347 4239 599 4293 dicens:
633 4255 661 4288 ‹(
692 4238 879 4303 Pater,
920 4237 1145 4307 ignosce
1172 4237 1303 4302 illis,
1337 4253 1448 4291 non
1477 4238 1629 4292 enim
1659 4238 1847 4293 sciunt

231 4327 363 4396 quid
398 4327 653 4381 faciunt.
686 4344 716 4379 ι

295 4435 327 4467 ι
352 4417 424 4470 Et
454 4415 764 4470 descendit
788 4414 845 4468 in
873 4415 1109 4486 Joppen,
1144 4419 1200 4468 et
1222 4414 1435 4470 invenit
1489 4433 1684 4470 navem
1716 4434 1853 4471 eun-

228 4511 339 4559 tem
364 4505 429 4559 in
456 4504 722 4559 Tharsis.
765 4527 785 4553 ι
809 4504 985 4575 JOppe
1015 4510 1210 4575 portus
1230 4511 1316 4559 est
1342 4506 1564 4566 Iudaeae,
1597 4506 1668 4559 ad
1688 4524 1855 4576 quem

225 4594 571 4660 Hiram,rex
589 4593 809 4663 Tyri,in
832 4592 1047 4647 ratibus
1062 4594 1217 4664 ligna
1236 4594 1305 4648 de
1329 4594 1539 4648 Libano
1558 4595 1858 4649 transfere-

226 4682 339 4748 bat,
374 4702 413 4738 a
438 4699 569 4755 quo
599 4682 670 4735 ad
693 4682 1044 4736 Hierusalem
1078 4690 1302 4737 terreno
1333 4684 1531 4737 itinere
1578 4684 1850 4755 perduce-

225 4770 458 4828 bantur.
483 4773 670 4828 Jonas
690 4788 825 4843 ergo
849 4772 919 4827 de
952 4773 1232 4827 montanis
1261 4773 1466 4828 Judzeae
1514 4774 1740 4828 veniens
1781 4775 1852 4828 ad

223 4862 535 4916 maritima
567 4868 625 4915 et
656 4862 825 4932 plana
854 4862 994 4926 loca,
1028 4867 1177 4915 recte
1220 4862 1428 4916 dicitur
1476 4862 1848 4920 descendisse.

229 4968 257 5004 ι
293 4952 368 5006 Et
389 4951 571 5006 dedit
595 4951 832 5005 naulum
861 4951 961 5014 eis,
1000 4957 1057 5005 et
1084 4950 1376 5005 descendit
1404 4950 1460 5005 in
1483 4968 1626 5017 eam,
1661 4959 1725 5006 ut
1750 4953 1859 5007 iret

226 5056 355 5094 cum
385 5042 475 5095 eis
507 5040 574 5093 in
604 5040 836 5095 Tharsis
864 5056 897 5093 a
939 5039 1081 5093 facie
1107 5040 1349 5105 Domini,
1383 5061 1405 5091 ι
1436 5040 1491 5094 id
1523 5047 1610 5095 est
1646 5059 1857 5097 merce-

226 5128 351 5184 dem
385 5128 806 5185 subvectionis.
840 5128 1206 5182 Descendisse
1231 5134 1421 5183 autem
1451 5129 1657 5183 dicitur
1684 5129 1743 5185 in
1763 5148 1860 5185 na-

228 5235 372 5283 vem,
405 5224 482 5273 ut
513 5217 876 5279 ostendatur,
910 5217 1045 5288 quia
1095 5216 1237 5271 sicut
1280 5218 1547 5288 fugitivus
1604 5219 1675 5273 ad
1712 5220 1862 5275 inte-

228 5306 381 5362 riora
407 5307 591 5362 navis
620 5312 897 5377 penetrat.
934 5305 1177 5360 latebras
1206 5323 1477 5377 quaerens.
1513 5307 1858 5380 Interpreta-

1863 3043 1907 3104 C

1924 1837 2309 1908 pelago,quasi
2342 1837 2630 1907 negligens
2651 1836 2906 1907 eos.quia
2921 1836 3215 1890 videbatur
3238 1836 3526 1907 negligere

1923 1932 2384 1998 gentes,quorum
2411 1930 2600 1979 tamen
2627 1927 2865 1980 salutem
2892 1925 3177 1979 dormiens
3202 1924 3261 1979 in
3276 1928 3526 1991 cruce,et

1925 2016 1997 2071 ad
2021 2014 2301 2069 infernum
2321 2013 2480 2084 quasi
2496 2015 2565 2069 ad
2588 2014 2744 2068 navis
2771 2013 2967 2068 inﬁma
2995 2014 3360 2079 descendens,
3394 2030 3525 2085 per-

1925 2104 2166 2159 ficiebat.

2001 2214 2025 2247 (ί
2050 2193 2322 2249 Dominus
2351 2199 2538 2249 autem
2572 2192 2726 2248 misit
2739 2197 2963 2248 ventum
2985 2210 3252 2264 magnum
3271 2193 3329 2247 in
3346 2209 3522 2248 mare:

1928 2287 1986 2336 et
2013 2282 2161 2335 facta
2193 2287 2279 2335 est
2309 2287 2614 2353 tempestas
2637 2297 2845 2352 magna
2878 2281 2936 2335 in
2958 2281 3123 2347 mari,
3156 2287 3213 2336 et
3240 2281 3397 2336 navis
3427 2297 3529 2352 pe-

1926 2370 2282 2425 riclitabatur
2303 2370 2538 2431 conteri,
2574 2389 2601 2423 ι
2627 2370 2929 2424 Putaverat
2943 2371 3114 2425 Jonas
3135 2371 3401 2441 prodesse
3421 2369 3530 2425 sibi

1928 2460 1976 2514 si
2002 2477 2198 2513 navem
2230 2459 2630 2514 conscenderet
2666 2464 2725 2513 et
2749 2458 3007 2533 fugeret:
3051 2460 3149 2514 sed
3199 2466 3431 2515 econtra
3470 2464 3529 2514 et

1929 2549 2066 2620 ipse,
2093 2556 2150 2602 et
2179 2548 2333 2602 navis
2361 2554 2587 2619 propter
2611 2564 2737 2601 eum
2784 2548 3208 2619 periclitabatur
3233 2554 3300 2604 ut
3334 2554 3527 2603 conte-

1931 2642 2152 2691 reretur
2177 2637 2311 2700 Quae
2332 2637 2502 2693 enim,
2530 2635 2756 2688 nolente
2783 2635 2916 2691 Deo.
2945 2642 3219 2706 putantur
3238 2653 3526 2707 prospera,

1925 2724 2299 2780 vertunturin
2330 2724 2655 2795 perniciem,
2683 2729 2739 2778 et
2762 2723 2899 2777 nihil
2929 2724 3262 2779 adversante
3288 2726 3405 2779 Deo
3436 2742 3528 2779 se-

1925 2831 2142 2872 curum.
2174 2813 2440 2885 Mystice:
2471 2819 2777 2883 tempestas
2805 2813 2903 2866 illa
2952 2813 3195 2867 furorem
3238 2813 3523 2884 signiﬁcat

1927 2904 2266 2964 Judasorum,
2292 2903 2388 2972 qui
2417 2919 2546 2956 eum
2578 2901 2981 2972 exspectabant
3008 2903 3079 2956 ad
3117 2908 3375 2969 mortem,
3409 2903 3525 2957 cla-

1932 2999 2179 3049 mantes:
2210 3013 2231 3043 ι
2265 2992 2561 3061 Cruriﬁge,
2592 2990 2875 3061 cruciﬁge.
2912 3009 2939 3044 »

2007 3100 2031 3133 «
2064 3082 2132 3135 Et
2160 3081 2474 3135 timuerunt
2525 3085 2728 3135 nautae.
2764 3086 2820 3133 et
2870 3081 3255 3135 clamaverunt
3293 3080 3392 3134 viri
3452 3081 3523 3135 ad

1930 3171 2108 3225 Deum
2142 3187 2338 3224 suum:
2374 3175 2432 3223 et
2461 3168 2739 3222 miserunt
2768 3185 2896 3223 vasa
2918 3186 3043 3238 quae
3063 3169 3303 3223 erantin
3325 3169 3453 3223 navi
3471 3170 3532 3224 in

1932 3277 2109 3322 mare,
2143 3266 2205 3315 ut
2240 3259 2600 3313 alleviaretur
2655 3258 2726 3313 ab
2781 3259 2880 3313 eis.
2933 3259 3150 3323 Nautaa,
3205 3259 3531 3329 ignorantes

1930 3366 2109 3405 unum
2143 3356 2199 3403 et
2228 3366 2420 3403 verum
2475 3349 2669 3409 Deum,
2706 3348 3041 3403 invocabant
3089 3347 3242 3406 deos,
3291 3347 3533 3402 scientes

1931 3438 2071 3492 nihil
2105 3437 2225 3491 ﬁeri
2254 3438 2376 3491 sine
2401 3436 2503 3490 Dei
2533 3437 2901 3507 providentia.
2936 3437 3011 3491 Ex
3044 3434 3533 3506 quointelligimus

1933 3527 2002 3581 ab
2032 3526 2184 3581 omni
2215 3526 2439 3579 homine
2468 3526 2657 3580 timeri
2689 3531 2747 3580 et
2775 3525 2991 3590 sentiri,
3026 3525 3154 3579 licet
3199 3524 3352 3578 falsis
3409 3523 3536 3578 reli-

1931 3616 2196 3687 gionibus
2227 3614 2297 3668 ab
2326 3631 2439 3668 uno
2461 3621 2519 3668 et
2542 3631 2668 3668 vero
2683 3615 2752 3668 ad
2783 3615 2990 3668 multos
3004 3614 3139 3668 deos
3156 3612 3531 3670 abducantur.

1933 3705 2243 3775 Projiciunt
2272 3721 2398 3759 vasa
2427 3704 2482 3758 in
2510 3720 2664 3758 mare
2707 3718 2718 3752 :
2743 3704 2891 3774 quod
2939 3705 2999 3757 ﬁt
3030 3704 3087 3757 in
3114 3720 3351 3758 summo?
3389 3702 3536 3775 peri-

1932 3796 2076 3860 culo,
2111 3802 2175 3848 ut
2196 3794 2370 3848 levior
2390 3793 2535 3848 facta
2563 3793 2740 3859 navis,
2774 3793 2992 3848 facilius
3040 3793 3308 3849 ﬂuctibus
3333 3810 3534 3865 super-

1931 3885 2165 3939 feratur.

2006 3992 2033 4025 α
2062 3973 2128 4027 Et
2154 3971 2329 4025 Jonas
2366 3971 2655 4025 descendit
2683 3971 2752 4024 ad
2788 3970 3059 4024 interiora
3089 3971 3265 4034 navis,
3296 3976 3354 4025 et
3399 3972 3533 4025 dor-

1932 4061 2141 4115 miebat
2167 4077 2365 4131 sopore
2385 4060 2558 4130 gravi.
2587 4079 2611 4110 ν
2641 4059 2842 4113 Nantis
2869 4058 3132 4119 turbatis,
3161 4066 3219 4113 et
3246 4075 3378 4113 suos
3392 4059 3528 4114 deos

1932 4150 2337 4211 invocantibus,
2370 4150 2541 4202 Jonas
2573 4164 2805 4202 securus
2836 4155 2893 4202 et
2921 4154 3110 4202 mente
3145 4148 3337 4218 quieta
3363 4147 3536 4219 persi-

1933 4240 2135 4303 stebat,
2169 4239 2309 4292 adeo
2342 4244 2407 4293 ut
2434 4237 2707 4292 dormiret
2731 4235 2798 4291 In
2824 4253 2934 4308 quo
2957 4236 3289 4307 patientiam
3311 4236 3409 4290 viri
3430 4236 3538 4290 for-

1870 4323 2010 4382 Dtis
2041 4334 2098 4382 et
2144 4328 2292 4382 inter
2334 4344 2620 4398 prospera.
2652 4331 2708 4381 et
2745 4326 2895 4381 inter
2930 4326 3163 4380 adversa
3213 4326 3539 4381 inconcusse

1937 4417 2139 4472 stantis
2170 4417 2415 4471 ostendit
2471 4417 2661 4470 Potest
2686 4420 2743 4470 et
2790 4416 2894 4470 hoc
2923 4414 3031 4469 dici
3063 4414 3209 4486 quod
3259 4415 3440 4470 sciens
3480 4432 3541 4469 se

1937 4507 2148 4577 fugere,
2178 4522 2289 4559 non
2319 4506 2490 4559 audet
2518 4505 2705 4559 videre
2730 4505 2934 4559 ﬂuctus
2962 4504 3210 4558 vindices
3239 4503 3385 4575 fugae
3400 4521 3538 4560 suae.
3569 4561 3572 4565 ,

1939 4596 2064 4651 Sive
2099 4595 2263 4649 taedio
2294 4596 2527 4648 atl‘ectus
2555 4593 2892 4657 dormiebat,
2928 4593 3072 4647 sicut
3091 4600 3148 4647 et
3167 4594 3449 4664 apostolos
3481 4594 3542 4648 in

1935 4684 2192 4757 passione
2210 4683 2434 4737 Domini
2453 4700 2567 4754 prae
2590 4682 2818 4736 tristitia
2839 4698 3036 4736 somno
3064 4697 3361 4753 oppressos
3390 4680 3534 4752 legi-

1936 4792 2086 4829 mus.

2013 4884 2036 4915 ι
2074 4863 2144 4917 Et
2189 4859 2425 4917 accessit
2465 4860 2536 4915 ad
2586 4876 2716 4914 eum
2773 4858 3139 4930 gubernator,
3169 4865 3228 4914 et
3275 4860 3419 4916 dixit
3446 4858 3537 4915 ei:

1938 4950 2083 5015 Quid
2115 4956 2178 5004 tu
2230 4966 2426 5020 sopore
2458 4947 2835 5018 deprimeris?
2865 4948 3066 5018 Surge,
3107 4948 3303 5004 invoca
3356 4950 3539 5005 Deum

1939 5049 2120 5103 tuum,
2148 5039 2195 5093 si
2225 5038 2366 5093 forte
2396 5037 2666 5108 recogitet
2686 5037 2832 5091 Deus
2851 5037 2921 5091 de
2944 5037 3124 5101 nobis,
3140 5043 3199 5092 et
3219 5055 3329 5094 non
3353 5056 3546 5110 perea-

1946 5146 2090 5183 mus.
2126 5148 2154 5181 »
2189 5126 2460 5182 Naturale
2490 5133 2573 5179 est
2606 5142 3070 5197 unumquemque
3098 5126 3158 5181 in
3187 5127 3449 5198 periculis
3476 5128 3546 5183 de

1941 5218 2051 5272 alio
2073 5218 2197 5288 plus
2229 5232 2474 5287 sperare.
2503 5215 2662 5269 Unde
2680 5214 3043 5286 gubernator,
3066 5216 3161 5286 qui
3185 5216 3326 5270 alios
3345 5233 3544 5271 conso-

1942 5306 2047 5361 lari
2068 5304 2357 5371 debuerat,
2373 5302 2581 5358 excitat
2598 5304 2971 5360 dormientem
2996 5305 3218 5367 Jonam,
3241 5310 3307 5359 ut
3326 5305 3546 5360 invoca-

228 5403 322 5450 tur
371 5394 631 5452 Tharsis
664 5398 1050 5464 contemplatio
1107 5398 1322 5463 gaudii,
1391 5396 1567 5466 Joppe
1612 5400 1864 5466 speciosa.
1951 5402 2037 5451 ret
2092 5395 2309 5450 Deum:
2342 5400 2399 5448 et
2446 5412 2685 5466 quorum
2720 5402 2843 5449 erat
2882 5411 3179 5449 commune
3207 5394 3540 5465 periculum,

234 5484 486 5558 Mystice
515 5488 717 5538 autem
738 5484 910 5539 Jonas
928 5484 1006 5551 (id
1033 5490 1138 5549 est,
1163 5484 1463 5550 Christus),
1493 5485 1705 5541 relictis
1717 5504 1872 5544 mon-
1953 5483 2264 5540 communis
2294 5490 2443 5538 esset
2461 5485 2640 5539 oratio
2681 5481 3042 5556 Tropologice
3063 5484 3359 5556 signiﬁcat,
3391 5489 3544 5537 ante-

230 5573 733 5646 tanis,descendit
758 5574 819 5629 in
838 5575 1075 5646 Joppen,
1108 5574 1242 5646 quia
1261 5591 1391 5631 cum
1416 5591 1547 5631 eum
1566 5592 1873 5650 perseque-
1954 5591 2129 5647 quam
2174 5572 2431 5631 Christus
2467 5580 2777 5648 pateretur,
2810 5573 3018 5630 multos
3063 5573 3198 5629 deos
3219 5572 3480 5628 adoratos
3508 5585 3545 5624 a.
