4090 6164
340 227 447 287 is.
1326 222 1741 280 ENARRATIO
1777 223 1857 279 IN
1890 225 1920 279 ἕ

2002 227 2133 283 σὼδὶ
2171 230 2631 290 ΡΠΟΡΗΒἸἉΜ.
3504 241 3611 302 134

327 351 635 417 habebant,
654 352 753 406 sed
782 351 995 405 hostias
1024 350 1370 440 spiritus-les,
1398 350 1465 440 id
1499 356 1585 405 est
1609 349 1926 440 gratiarum
1944 352 1991 409 Α
2008 351 2177 419 fectu,
2209 359 2519 415 secundum
2550 362 2883 432 Apostolus:
2909 362 3005 434 qui
3034 363 3207 419 dicit:
3240 380 3274 419 θ
3296 368 3607 440 Acca-piatis

326 443 580 498 actiones
619 447 675 496 et
718 441 937 495 laudes:
967 439 1206 494 Immola
1237 439 1439 509 (inquit
1470 438 1785 505 Psalmista)
1812 439 1927 493 Deo
2008 444 2265 514 spiritum
2309 448 2627 519 adoptionis
2669 450 2935 517 ﬁliorum,
2981 451 3039 505 in
3086 469 3199 523 quo
3236 438 3547 511 ciamamus
3583 475 3603 511 ξ

325 530 667 585 sacriﬁcium
700 529 898 595 laudis,
929 534 987 582 et
1012 529 1288 599 propheta
1323 528 1595 583 :Omnem
1625 526 1785 582 aufer
1814 527 1925 581 ini-
2008 533 2184 601 Abba,
2219 537 2405 593 Pater.-
2463 557 2489 590 ι
2516 539 2779 594 Ventrem
2821 547 3010 595 autem
3063 542 3247 609 inferi,
3278 546 3465 602 alvum
3494 547 3607 603 ceti

324 621 627 691 quitatem,
658 626 716 672 et
739 619 929 689 accipe
953 618 1182 681 bonum,
1205 623 1267 671 et
1292 617 1591 671 reddemus
1616 617 1820 671 vitulos
1850 618 1923 670 la-
2007 622 2165 687 dixit,
2199 642 2322 695 qua
2345 633 2518 683 tantae
2565 627 2673 682 fuit
2719 629 3147 699 magnitudinis.-
3189 638 3257 688 ut
3292 634 3473 690 instar
3500 636 3601 691 oli-

324 709 546 763 biorum
578 714 929 762 nostrorum:
2006 716 2347 768 tumesceret
2372 714 2593 770 inferni.
2629 718 2872 772 Possunt
2901 719 3018 773 haec
3059 720 3257 777 referri
3301 724 3605 796 allegorice

951 830 1189 905 cap.”
1223 849 1298 904 Π.
2006 800 2077 853 ad
2105 800 2411 865 Christum,
2454 804 2574 905 qui,
2605 821 2706 875 per
2739 806 2921 905 David
2951 807 3089 905 dicit
3133 826 3144 861 :
3179 809 3454 866 Liberasti
3482 814 3600 870 ani~

1287 890 1298 903 '
2008 905 2157 943 mam
2190 906 2373 945 meam
2403 908 2465 947 ex
2495 892 2711 969 inferno
2738 894 3006 950 inferiori.
3048 897 3175 967 Ipse
3222 900 3380 955 enim
3404 901 3512 957 fu‘it
3540 904 3599 959 in

395 989 425 1028 α
458 977 535 1035 Et
551 976 889 1048 praeparavit
910 976 1181 1030 Dominus
1201 975 1409 1046 piscem
1428 974 1703 1046 grandem
1734 981 1801 1027 ut
1823 974 1923 1028 de-
2007 977 2227 1033 inferno
2270 980 2485 1045 vivens,
2529 982 2677 1037 inter
2723 990 2974 1038 mortuos
3018 984 3179 1040 liber.
3216 1008 3244 1040 ι
3283 989 3369 1044 De
3408 999 3604 1049 ventre

324 1066 564 1136 giutiret
578 1066 782 1121 Jonam
808 1088 829 1116 ι
855 1066 959 1119 Pro
972 1065 1122 1135 pisce
1140 1062 1723 1135 grandi,Dominusin
1746 1062 1926 1117 Evan-
2006 1066 2173 1121 inferi
2200 1068 2461 1133 clamavi,
2490 1075 2550 1124 et
2577 1056 2859 1126 exaudisti
2888 1085 3074 1127 vocem
3116 1092 3302 1131 meam
3337 1097 3351 1132 :
3383 1084 3441 1133 et
3472 1098 3605 1151 pro-

320 1155 471 1225 gelio
516 1161 701 1209 cetum
760 1153 917 1215 dixit,
967 1153 1143 1224 ipsum
1177 1169 1313 1239 [rem
1369 1151 1591 1206 brevius
1619 1151 1921 1222 explicans.
2001 1156 2188 1224 jecisti
2219 1174 2307 1212 me
2328 1158 2389 1213 in
2418 1159 2776 1229 profundum.
2807 1161 2865 1214 in
2893 1164 3058 1216 corde
3085 1165 3279 1228 maris;
3301 1173 3359 1222 et
3390 1170 3608 1226 ﬂumen

322 1244 483 1307 Quod
501 1260 633 1298 vero
657 1242 1009 1314 praeparavit,
1034 1243 1117 1294 vel
1133 1241 1202 1295 ab
1217 1241 1377 1296 initio
1408 1257 1534 1295 cum
1566 1257 1694 1295 eum
1725 1240 1924 1294 conde-
2004 1243 2371 1300 circumdedit
2400 1263 2499 1300 me.
2540 1266 2565 1299 ι
2599 1247 2759 1302 Patet
2781 1250 2942 1318 juxta
2969 1250 3241 1316 litteram,
3270 1256 3419 1325 quod
3449 1258 3598 1315 σιω-

322 1339 426 1398 ret,
462 1332 768 1387 Psalmista
795 1332 1017 1386 dicente
1045 1349 1057 1383 :
1088 1331 1267 1386 Draco
1297 1330 1403 1384 iste
1430 1346 1593 1400 quem
1627 1329 1881 1384 formasti
1905 1348 1919 1396 ;
2004 1348 2101 1385 sus
2127 1339 2321 1387 ventre
2343 1335 2448 1388 ceti
2477 1334 2533 1388 in
2567 1335 2751 1389 medio
2774 1336 2943 1389 maris
2966 1326 3155 1399 fuerit,
3188 1344 3245 1393 et
3274 1341 3605 1402 ﬂuminibus

321 1422 406 1475 vei
434 1421 799 1492 praeparavit,
834 1421 889 1474 id
918 1427 1005 1474 est
1027 1421 1192 1488 juxta
1222 1419 1407 1473 navim
1458 1418 1591 1472 fecit
1618 1418 1825 1505 venire,
1859 1428 1925 1472 ut
2005 1420 2247 1475 vallatus
2290 1422 2382 1480 sit.
2428 1424 2665 1493 Mystico
2707 1441 2835 1478 vero
2883 1442 3053 1481 sensu
3106 1428 3210 1483 hoc
3251 1430 3407 1497 dicit,
3452 1436 3603 1505 quod

321 1511 376 1564 in
407 1526 547 1565 suos
576 1511 737 1564 sinus
761 1510 1102 1580 praecipitem
1122 1507 1329 1562 Jonam
1359 1507 1687 1577 susciperet.
1726 1498 1833 1561 Sed
1865 1514 1923 1562 et
2002 1525 2104 1579 per
2132 1509 2487 1565 Psalmistam
2536 1512 2862 1583 pnedictum
2908 1520 2995 1567 est
3039 1533 3050 1568 :
3089 1535 3117 1568 α
3149 1517 3359 1573 lniixus
3386 1498 3515 1577 sum
3541 1523 3607 1579 illi

318 1599 599 1653 Dominus
622 1599 770 1653 Deus
788 1599 955 1653 Pater
976 1598 1237 1669 praecepit
1264 1597 1501 1661 inferno,
1524 1597 1619 1668 qui
1637 1603 1722 1650 est
1749 1597 1917 1650 draco
1941 1597 2135 1682 Alimo
2166 1590 2445 1668 profundi,
2482 1606 2538 1654 et
2566 1616 2676 1654 non
2705 1606 2792 1654 est
2832 1600 3166 1657 substantia.
3210 1624 3233 1655 ι
3261 1590 3346 1662 Aid
3371 1626 3600 1682 compa-

317 1688 857 1752 immanissimusmt
873 1687 1153 1752 Jonam,id
1172 1693 1257 1740 est
1276 1686 1917 1756 Christum,susciperet,
1939 1667 1985 1726 B
2004 1684 2278 1740 rationem
2308 1687 2456 1740 enim
2487 1688 2727 1741 cmlestis
2772 1688 3133 1744 habitationis
3153 1691 3211 1746 in
3241 1710 3351 1763 qua
3378 1667 3602 1754 summa

320 1777 591 1847 ignorans
610 1777 879 1830 latentem
900 1775 958 1829 in
979 1792 1105 1829 esca
1128 1776 1314 1829 carnis
1333 1776 1563 1829 hamum
1589 1774 1918 1832 divinitatis.
2006 1790 2112 1844 pax
2158 1782 2378 1845 regnat,
2424 1776 2493 1830 de
2540 1793 2651 1847 qua
2695 1777 2942 1832 dicitur:
2978 1779 3180 1835 Factus
3221 1789 3307 1837 est
3355 1784 3414 1839 in
3466 1798 3603 1858 paco

321 1873 495 1936 atque
520 1865 650 1919 ideo
679 1872 955 1935 quantum
983 1865 1281 1919 exsultavit
1308 1864 1365 1918 in
1397 1864 1919 1929 devoratione,tan-
2004 1863 2157 1918 locus
2188 1866 2328 1934 ejus,
2359 1865 2542 1919 omnis
2570 1873 2797 1920 terrena
2835 1868 3106 1924 habitatio
3145 1871 3310 1941 plena
3337 1874 3607 1933 ﬂuctibus

320 1962 448 2009 tum
483 1955 627 2010 luxit
648 1956 707 2008 in
730 1955 963 2021 vomitu,»
979 1956 1139 2025 juxta
1168 1955 1309 2008 Osee
1342 1953 1692 2025 prophetiam
1722 1972 1732 2006 :
1762 1973 1790 2005 ιι
1816 1955 1922 2008 Ero
2004 1958 2091 2006 est
2118 1960 2174 2006 et
2200 1953 2648 2024 tempestatibus.
2702 1955 2813 2009 Cor
2853 1962 3048 2029 autem
3091 1958 3263 2014 maris
3314 1959 3597 2021 infernum

324 2060 475 2098 mors
503 2054 631 2109 tua;
661 2061 693 2098 ο
720 2059 895 2108 mors,
915 2060 1134 2097 morsus
1170 2050 1304 2098 tuus
1332 2059 1448 2104 ero.
1471 2041 1705 2099 inferne.
1741 2062 1768 2093 ι)
1799 2063 1820 2094 α
1856 2043 1926 2097 Et
2005 2041 2283 2112 designat,
2315 2058 2414 2113 pro
2444 2060 2553 2113 quo
2595 2044 2867 2099 Dominus
2913 2046 3088 2101 dicit:
3124 2062 3151 2100 ι
3193 2048 3303 2104 Cor
3338 2056 3521 2118 terra,
3569 2071 3597 2106 ι

325 2140 450 2188 erat
477 2135 654 2189 Jonas
684 2133 741 2188 in
777 2140 967 2188 ventre
995 2132 1162 2203 piscis
1208 2132 1387 2187 tribus
1433 2131 1631 2186 diebus
1660 2138 1715 2186 et
1742 2132 1925 2187 tribus
2006 2130 2159 2200 quia,
2206 2130 2351 2186 sicut
2378 2130 2435 2186 in
2466 2126 2648 2187 medio
2686 2139 2774 2187 est
2812 2134 3095 2196 animalis;
3123 2136 3205 2191 ita
3243 2139 3496 2198 infernus
3539 2142 3605 2198 in-

323 2222 606 2277 noctibus.
648 2243 670 2273 ι
697 2204 813 2277 Hoc
829 2221 1035 2277 et'inse
1066 2221 1502 2292 impletumipse
1523 2221 1796 2276 Dominus
1826 2238 1924 2275 ex-
2004 2227 2173 2272 terra:
2199 2219 2383 2273 medio
2410 2237 2531 2275 esse
2558 2222 2909 2292 perhibetur;
2944 2224 3070 2279 Sive
3116 2226 3173 2282 in
3217 2229 3384 2283 corde
3428 2232 3607 2290 maris

322 2312 531 2384 posuit.
558 2311 704 2367 Illud
727 2311 901 2382 (pueri
920 2316 1106 2381 potest
1133 2311 1412 2382 quomodo
1444 2309 1623 2365 tribus
1639 2310 1838 2365 diebus
1867 2315 1931 2364 et-
2007 2305 2278 2362 Dominus
2310 2325 2369 2363 se
2407 2310 2663 2380 queritur
2709 2314 3041 2382 projectum,
3089 2315 3146 2370 id
3198 2323 3286 2373 est
3312 2318 3375 2374 in
3399 2322 3603 2378 mediis

318 2401 503 2456 tribus
532 2400 795 2455 noctibus
825 2399 1045 2453 dicatur
1080 2400 1254 2455 fuisse
1283 2399 1341 2453 in
1379 2400 1547 2454 corde
1585 2406 1771 2455 terrae.
1812 2400 1922 2455 Sed
2004 2397 2429 2459 tentationibus.
2459 2398 2555 2452 sed
2583 2416 2692 2454 non
2721 2401 2900 2456 sensit
2927 2418 3150 2459 amaras
3198 2422 3373 2478 aquas
3401 2429 3417 2477 ;
3442 2392 3601 2482 quia,

318 2493 425 2547 hoc
451 2490 891 2563 synecdocbicos
909 2490 1162 2560 accipere
1192 2489 1481 2546 debemus.
1517 2490 1573 2544 id
1605 2496 1743 2544 esta
1765 2496 1923 2559 parte
2004 2490 2068 2538 ut
2095 2487 2398 2556 Apostolus
2443 2488 2579 2542 dicit
2614 2507 2625 2541 :
2661 2490 2932 2546 Tentatus
2981 2499 3067 2548 est
3112 2513 3215 2566 per
3263 2500 3452 2556 omnia
3498 2518 3603 2573 pro

316 2586 526 2643 totum,
562 2580 660 2651 qui
692 2586 888 2650 tropus
917 2578 1319 2633 usitatissimus
1348 2585 1435 2631 est
1461 2578 1522 2631 in
1544 2578 1747 2632 divinis
1780 2579 1924 2634 Scri-
2003 2574 2372 2630 similitudine
2400 2576 2609 2647 absque
2637 2585 2883 2647 peccato.
2898 2582 3042 2635 Nam
3073 2601 3183 2639 non
3212 2600 3272 2641 se
3299 2604 3448 2659 aqua
3479 2607 3602 2645 ma-

318 2668 523 2741 mmis.
574 2668 867 2740 Siquidem
912 2668 1184 2722 Dominus
1229 2684 1528 2738 parasceve
1576 2667 1721 2721 hom
1767 2674 1923 2722 sexta
2006 2663 2104 2727 ris,
2137 2662 2233 2717 sed
2266 2664 2499 2719 ﬂumine
2526 2665 2937 2724 circumdatum
2969 2671 3120 2735 dicit.
3152 2675 3256 2728 hoc
3303 2683 3411 2738 est,
3450 2679 3603 2735 dulci

316 2759 623 2814 cruciﬁxus
648 2763 755 2816 est.
787 2758 926 2811 hora
959 2773 1109 2811 nona
1145 2756 1334 2811 emisit
1352 2755 1633 2827 spiritum,
1649 2757 1770 2827 jam
1795 2772 1923 2810 vero
2006 2768 2154 2825 aqua
2186 2771 2196 2805 :
2231 2753 2364 2824 quia
2400 2754 2606 2808 tentari
2644 2755 2779 2811 foris
2807 2758 3009 2828 potuit,
3055 2762 3149 2816 sed
3200 2771 3450 2821 mentem
3477 2769 3605 2838 ejus

316 2847 787 2917 serodepositum
816 2852 903 2900 est
924 2862 1127 2915 corpus
1147 2846 1270 2915 ejus
1308 2845 1377 2899 de
1406 2862 1595 2908 cruce,
1614 2851 1672 2899 et
1689 2845 1925 2899 colloca-
2005 2841 2302 2896 delectatio
2326 2843 2537 2913 peccati
2570 2860 2680 2898 non
2708 2847 3030 2905 momordit.
3062 2849 3383 2922 Projectu'm‘
3407 2862 3603 2913 autem

314 2943 439 2991 tum
466 2936 525 2990 in
560 2940 946 2989 monumento.
986 2933 1069 2988 Ibi
1094 2934 1273 3004 jacuit
1319 2940 1482 2990 nocte
1523 2934 1620 2988 illa
1670 2951 1798 2988 cum
1840 2951 1925 2988 se-
1938 2980 1980 3041 Ο
2004 2946 2064 2982 se
2090 2924 2249 3004 diCii.
2272 2931 2418 2986 sicut
2438 2932 2568 2986 etin
2593 2933 2807 3015 psalmo
2842 2952 3188 3005 percussum,
3214 2946 3272 2995 et
3298 2943 3603 3014 Apostolus

479 3024 515 3041 ι·
558 3024 593 3041 1⁸
695 3022 871 3041 γιινξλε
926 3021 1569 3041 ,AAI!_,-_-L_._,,,-,A4',
1608 3022 1886 3041 jf.!l\,._s!
2007 3018 2040 3041 Δ
2075 3019 2229 3041 “-1..-
2280 3020 2542 3041 L__A.I!4_____
2582 3038 2599 3041 -
2648 3023 2771 3041 Αᾼν⁶Α
2902 3025 2943 3041 Λ
3289 3031 3322 3041 ι.
3432 3022 3451 3041 ﬂ
3493 3033 3504 3041 .

316 3024 517 3096 questi
539 3024 631 3077 diu
655 3022 895 3085 sabbati,
914 3028 971 3077 et
985 3021 1098 3076 alia
1116 3029 1276 3076 nocte
1295 3022 1581 3094 sequentis
1599 3022 1710 3076 diei
1725 3018 1980 3078 I)omi--u
2004 3018 2040 3072 a
2070 3019 2234 3074 Patre
2280 3020 2550 3101 traditum
2577 3023 2797 3077 asserit.
2832 3043 2857 3077 ι(
2900 3025 3110 3082 Omnes
3137 3031 3394 3102 gurgites
3423 3022 3507 3089 tui
3537 3042 3605 3091 et

315 3114 457 3177 uici,
478 3114 673 3183 sicque.
703 3128 866 3166 mane
890 3111 1066 3182 prima
1083 3111 1304 3165 sabbati
1319 3112 1581 3172 surrexit,
1608 3116 1672 3165 ut
1702 3111 1922 3166 Marcus
2006 3108 2209 3163 ﬂuctus
2239 3106 2322 3163 tui
2355 3126 2525 3181 super
2552 3127 2642 3166 me
2671 3112 3037 3169 transierunt.
3072 3136 3099 3170 ι
3116 3118 3387 3190 Gurgites
3411 3128 3473 3177 et
3497 3125 3602 3180 ﬂu-

312 3209 583 3258 testatur.
614 3201 870 3272 Triginta
898 3218 990 3254 sex
1019 3218 1151 3272 ergo
1177 3198 1332 3254 ho’ris
1351 3199 1531 3271 jacuit
1555 3199 1611 3253 in
1643 3192 1917 3271 sepulcro.
2004 3202 2148 3263 ctus,
2176 3199 2517 3253 tentationes
2559 3206 2613 3253 et
2661 3202 3051 3271 percussiones
3093 3213 3240 3270 sunt,
3287 3227 3412 3280 qua
3461 3229 3602 3269 nun-

316 3293 461 3347 Tres
489 3299 681 3345 autem
713 3288 833 3345 dies
859 3290 1141 3361 complent
1173 3290 1338 3343 horas
1367 3288 1728 3359 septuaginta
1755 3289 1916 3345 duas.
2004 3302 2171 3355 quam
2204 3286 2326 3341 sine
2348 3286 2446 3340 Dei
2462 3287 2829 3357 permissione
2849 3297 2906 3345 et.
2926 3293 3214 3350 voluntate
3243 3299 3596 3371 contingunt.

315 3382 531 3435 Verum
563 3380 611 3434 si
640 3385 933 3450 computes
972 3395 1329 3449 parasceven,
1360 3378 1462 3431 hoc
1491 3384 1578 3431 est
1603 3384 1815 3432 sextam
1846 3378 1922 3431 fe-
2004 3375 2111 3428 Sed
2150 3375 2208 3428 hi
2236 3375 2490 3446 gurgites
2535 3382 2592 3430 et
2623 3377 2827 3433 fluctus
2863 3396 2976 3435 non
3002 3394 3406 3453 Oppresserunt
3435 3391 3600 3446 Chri-

314 3471 487 3535 riam,
526 3487 638 3540 qua
670 3476 926 3521 mortuus
970 3473 1072 3529 est,
1112 3485 1211 3536 pro
1231 3484 1345 3521 una
1359 3466 1447 3521 die
1468 3483 1533 3520 ac
1555 3466 1922 3521 noctesabba-
2003 3470 2175 3525 stum.
2204 3464 2300 3516 sed
2314 3480 2499 3537 ,δυρρεῖ
2528 3480 2656 3517 eum
2682 3469 3049 3523 transierunt.
3086 3472 3213 3542 Ipse
3240 3491 3369 3528 vero
3400 3491 3599 3534 omnes

316 3567 439 3614 tum
474 3575 601 3612 cum
617 3574 723 3611 sua
740 3555 1184 3626 nocte,itemque
1209 3561 1426 3609 noctem
1445 3572 1569 3626 quae
1596 3556 1708 3609 diei
1738 3555 1919 3609 domi-

312 3648 462 3702 nica:
492 3647 871 3716 mancipatur,
893 3644 1201 3697 referamus
1238 3643 1309 3697 ad
1341 3643 1631 3698 exoruium
1653 3643 1920 3698 dominici
2002 3638 2205 3693 stinuit
2240 3646 2297 3693 οἱ
2325 3640 2514 3709 ίιόεἱῑί
2543 3648 2606 3693 ut
2648 3658 2748 3695 nos
2788 3650 2913 3712 post
2939 3662 3065 3699 eum
3098 3651 3280 3703 securi
3312 3652 3599 3723 navigare-

313 3736 451 3800 diei,
486 3733 900 3806 quodammodo
928 3739 1043 3786 tres
1071 3732 1191 3786 dies
1215 3750 1341 3787 esse
1367 3733 1642 3787 videntur.
1671 3733 1779 3789 Sed
1805 3750 1917 3788 non
2001 3744 2145 3783 mus;

316 3824 537 3896 absque
550 3840 754 3897 magno
776 3822 1046 3894 mysterio
1063 3812 1168 3876 hoc
1182 3840 1304 3897 esse
1326 3822 1668 3877 credendum
1695 3828 1797 3876 est.
1828 3823 1918 3877 Si-
2076 3836 2100 3868 α
2147 3817 2216 3872 Et
2244 3835 2347 3889 ego
2376 3818 2491 3873 dixi
2523 3838 2534 3873 :
2567 3820 2836 3893 Abiectus
2862 3840 2989 3877 sum
3018 3841 3053 3878 a
3080 3834 3380 3899 conspectu
3409 3833 3601 3888 ocuiou

317 3913 549 3985 quidem
580 3911 813 3982 triginta
831 3927 924 3966 sex
953 3910 1025 3964 ad
1046 3909 1401 3983 septuaginta
1412 3910 1523 3966 duo
1546 3909 1811 3982 simplum
1834 3915 1921 3965 est
2002 3921 2127 3959 rum
2143 3912 2390 3981 tuorum.
2429 3929 2455 3959 ι
2480 3909 2735 3966 Christus
2760 3912 2866 3966 hoc
2887 3912 3024 3967 dicit
3054 3931 3118 3968 ex
3146 3933 3385 3986 persona
3404 3920 3601 3977 huma-

317 4001 393 4055 ad
424 4001 681 4071 duplum.
712 4000 781 4054 Et
811 4005 1002 4054 nostra
1030 4000 1257 4070 quidem
1289 4017 1439 4055 mors
1466 3999 1638 4072 dupla
1668 4001 1922 4072 est,q:uia
2004 3993 2218 4051 uitatis.
2254 3995 2360 4059 Qui
2411 3996 2561 4053 enim
2614 3998 2851 4054 formam
2903 4002 3050 4056 servi
3093 4013 3433 4076 susceperat,
3476 4009 3604 4079 eius

320 4091 596 4144 inanima
624 4089 903 4143 morimur
927 4106 1028 4161 per
1060 4095 1448 4161 peccatum,et
1475 4090 1534 4145 in
1559 4106 1791 4161 corpore
1821 4106 1921 4161 per
2003 4083 2174 4137 etiam
2224 4101 2355 4161 voce
2400 4086 2599 4150 utitur,
2645 4087 2925 4157 abjectum
2966 4107 3026 4144 se
3073 4091 3262 4147 dicens
3313 4094 3383 4148 ab
3423 4097 3600 4152 oculis

2001 3550 2279 3619 turbines,
2308 3551 2510 3622 quibus
2557 3551 2859 3608 vexabatur
2899 3573 3079 3626 genus
3126 3559 3459 3628 humanum,
3500 3582 3598 3620 su~
3686 3615 3701 3629 ,

319 4176 788 4250 pmnam.Christi
809 4183 999 4231 autem
1022 4194 1173 4232 mors
1193 4178 1397 4249 simpla
1420 4184 1640 4233 tantum
1657 4179 1820 4249 fuit,q
1830 4178 1924 4233 uia

317 4269 385 4322 in
421 4282 659 4338 corpore
684 4272 908 4320 tantum
938 4266 1082 4341 mori
1107 4250 1308 4341 potuit,
1324 4267 1381 4321 in
1400 4267 1593 4321 anima
1625 4283 1751 4321 vero
1773 4282 1920 4321 nun-

316 4372 493 4428 quam
523 4360 761 4410 mortem
792 4353 1037 4419 admisit,
1071 4354 1201 4432 quia
1225 4372 1513 4427 nunquam
1544 4356 1810 4428 peccavit.

394 4445 467 4499 Et
521 4444 700 4498 oravit
736 4444 909 4498 Jonas
953 4443 1025 4497 ad
1066 4443 1368 4499 Dominum
1419 4445 1596 4499 Deum
1639 4461 1813 4500 suum
1852 4444 1923 4499 de

318 4540 523 4588 ventre
566 4533 751 4604 piscis.
800 4538 858 4586 et
902 4532 1043 4586 dixit
1094 4552 1105 4586 :
1166 4551 1192 4586 ι
1222 4533 1497 4604 Receptus
1538 4534 1923 4609 propheta'in

314 4630 486 4678 utero
517 4621 654 4685 ceti,-
678 4628 976 4693 postquam
1006 4638 1066 4676 se
1103 4621 1440 4679 incolumem
1490 4622 1691 4698 sensit,
1717 4622 1786 4677 de
1817 4623 1917 4677 Dei

312 4709 709 4765 misericordia
736 4725 849 4763 non
876 4709 1201 4787 desperans,
1239 4717 1429 4764 totum.
1447 4726 1508 4763 se
1532 4709 1603 4764 ad
1627 4708 1921 4785 obsecran-

308 4801 455 4855 dum
486 4798 775 4861 convertit,
807 4798 990 4853 sciens
1040 4797 1346 4875 Dominum
1384 4798 1628 4853 maxime
1656 4798 1713 4853 in
1738 4798 1919 4855 tribu-

310 4886 628 4943 lationibus
655 4886 1005 4949 adfuturum,
1037 4886 1182 4941 sicut
1210 4887 1329 4958 ipse
1359 4886 1477 4941 viro
1497 4888 1652 4959 justo
1682 4888 1921 4960 promit-

309 4979 405 5033 tit.
427 4998 449 5027 ι
478 4968 623 5030 Cum
651 4976 773 5047 ipso
802 4992 928 5029 sum
957 4975 1016 5029 in
1044 4975 1423 5043 tribulatione,
1448 4976 1693 5047 eripiam
1713 4992 1863 5032 eum.
1891 4996 1914 5028 ι

310 5068 385 5122 Et
414 5068 569 5121 idem
601 5066 882 5136 Propheta
912 5064 1054 5119 dicit
1079 5083 1091 5117 ε
1472 5138 1481 5143 ,
1520 5136 1542 5143 β

394 5179 418 5207 α
455 5155 710 5211 Ciamavi
743 5155 812 5208 de
842 5153 1209 5233 tribuistione
1254 5172 1379 5231 mea
1406 5154 1485 5208 ad
1506 5154 1847 5232 Dominum,
1864 5159 1923 5208 et

310 5245 606 5301 exaudivit
624 5261 733 5300 me.
762 5243 955 5308 aQuod
976 5243 1045 5297 de
1066 5244 1351 5315 praeterito
1365 5243 1505 5297 dicit
1523 5262 1569 5296 ει
1595 5243 1863 5307 Clamavi,
1888 5262 1915 5298 ι

310 5337 421 5389 hoc
449 5340 540 5388 est
574 5353 586 5388 :
620 5350 753 5388 cum
793 5333 943 5387 enim
993 5320 1207 5387 videret
1250 5339 1434 5387 cetum
1457 5330 1524 5387 'et
1550 5328 1766 5386 tantum
1799 5349 1923 5387 mo-

312 5424 427 5477 lem
477 5422 734 5493 corporis
785 5421 925 5490 ejus,
965 5416 1229 5475 clama'iii
1270 5421 1432 5491 aquis
1477 5419 1823 5485 cedentibus,
1867 5427 1925 5476 et

317 5512 445 5567 voci.
466 5512 658 5571 locum
688 5508 976 5565 dantibus.
1012 5509 1112 5564 Vel
1150 5509 1412 5565 clamavit
1445 5510 1572 5565 toto
1615 5509 1800 5565 cordis
1837 5510 1925 5565 af-

2002 4172 2203 4227 Patris.
2228 4175 2309 4228 Ac
2337 4174 2385 4229 si
2416 4175 2653 4231 diceret:
2679 4177 2915 4241 Quando
2946 4195 3098 4233 eram
3128 4186 3333 4244 tecum,
3353 4201 3387 4239 ο
3406 4185 3601 4252 Pater,

2003 4261 2141 4315 etin
2163 4268 2262 4317 tuo
2293 4263 2504 4347 lumine
2532 4281 2688 4320 eram
2735 4266 2949 4334 lumen,
2991 4273 3129 4322 tunc
3173 4285 3286 4325 non
3328 4274 3626 4329 causabar'

2004 4348 2093 4404 me
2116 4351 2415 4421 abjectum.
2435 4354 2740 4427 Postquam
2770 4360 2960 4410 autem
2992 4357 3117 4411 veni
3147 4359 3205 4413 in
3236 4361 3607 4430 profundum,

2003 4444 2060 4492 et
2086 4455 2253 4495 carne
2271 4441 2651 4498 circumdatus
2672 4461 2818 4503 sum.
2832 4445 3109 4501 humanos
3131 4449 3314 4518 patior
3343 4452 3594 4521 affectus,

2004 4532 2061 4581 et
2086 4529 2366 4600 abjectum
2396 4548 2485 4584 me
2509 4531 2653 4598 dico,
2686 4538 2755 4586 ut
2777 4532 3034 4589 homines
3072 4535 3227 4605 juste
3250 4536 3499 4608 abiectos
3527 4541 3609 4594 ad-

2004 4620 2060 4671 te
2087 4619 2372 4685 reducam,
2401 4626 2681 4692 quatenus
2708 4620 2805 4676 ubi
2831 4638 2935 4693 ego
2967 4639 3094 4678 sum
3123 4630 3182 4678 et
3207 4626 3316 4697 ipsi
3346 4627 3459 4682 sint
3483 4644 3599 4683 me-

1999 4723 2145 4762 cum.
2177 4725 2203 4759 α
2237 4708 2641 4786 Verumtamen
2687 4725 2882 4764 rursus
2931 4710 3123 4768 videbo
3168 4714 3441 4784 templum
3470 4732 3598 4771 san-

2000 4803 2153 4851 ctum
2180 4802 2361 4852 tuum.
2401 4817 2422 4849 ι
2445 4798 2613 4852 Juxta
2633 4790 2879 4854 litteram
2908 4800 3014 4855 hoc
3037 4802 3208 4858 Jonas
3234 4804 3321 4859 vel
3348 4806 3594 4876 optando

2000 4886 2160 4949 dicit,
2190 4887 2292 4965 .vel
2341 4903 2466 4965 cum
2524 4888 2766 4960 quadam
2824 4889 3029 4945 ﬁducia
3075 4893 3425 4962 repromittit
3466 4895 3603 4963 sibi,

2002 4972 2149 5046 quod
2178 4976 2381 5031 iterum
2412 4976 2727 5031 Jerusalem
2757 4976 2833 5031 sit
2860 4993 3204 5044 reversurus,
3235 4989 3294 5036 et
3320 4985 3598 5055 templum

1999 5063 2225 5119 Domini
2273 5065 2526 5141 visurus,-
2559 5066 2724 5136 juxta
2763 5067 3137 5139 tropologiam
3189 5070 3294 5125 Dei
3335 5071 3513 5129 Filius
3539 5076 3599 5133 in

2002 5153 2277 5222 passionis
2306 5153 2671 5224 ignominiam
2705 5154 2948 5226 positus,
2985 5159 3328 5229 repromittit
3346 5141 3456 5216 sibi
3480 5164 3601 5233 glo—

2003 5241 2165 5308 riam,
2189 5259 2355 5313 quam
2372 5259 2488 5319 sem
2498 5259 2597 5314 per
2610 5242 2668 5296 in
2691 5243 2859 5317 Patre
2876 5250 2936 5300 et
2954 5246 3104 5317 apud
3132 5247 3364 5305 Patrem
3378 5249 3604 5312 habuit.-

2004 5330 2163 5385 Unde
2191 5336 2251 5385 et
2273 5331 2332 5407 in
2363 5332 2665 5403 Evangelia
2696 5332 2853 5407 Patri
2878 5334 3158 5394 dicebatu
3201 5337 3462 5394 Clariiica
3483 5357 3593 5409 me,

2003 5419 2190 5497 Pater,
2238 5420 2491 5497 claritate
2541 5436 2709 5497 quam
2758 5421 2931 5476 habui
2974 5423 3297 5496 priusquam
3352 5430 3598 5493 mundus

2004 5494 2160 5564 esset
2182 5494 2333 5581 apud
2352 5515 2429 5564 te.
2466 5530 2492 5564 ι
2525 5494 2651 5566 Sive
2679 5509 2863 5566 etiam
2899 5494 3370 5571 cohabitationem
3416 5516 3599 5574 Patris
