4062 6168
475 288 578 345 135

898 281 1281 340 ΗΑΥΜΟΝ18
1320 283 1814 342 HALBERSTAT.
1855 282 2059 339 EPISC

2155 283 2283 339 lPP.
2323 284 2507 341 PARS
2545 287 2589 341 Ι.
2631 313 2696 325 -
2736 284 3110 342 COMMENT.
3150 286 3337 341 BIBL.

3650 282 3745 342 136

473 411 721 486 exoptat,
770 413 903 486 quia
948 411 1094 467 sicut
1143 410 1314 464 Pater
1352 411 1625 482 templum
1667 417 1753 465 est
1804 409 1950 475 Filii,
1992 409 2135 468 itaA
2159 409 2249 463 Sic
2277 414 2333 464 et
2359 410 2662 465 Psalmista
2696 430 2706 463 :
2744 429 2770 462 α
2812 410 3032 464 Memor
3068 409 3149 462 fui
3174 408 3296 473 Dei,
3337 413 3394 461 et
3438 408 3747 462 delectatus

473 504 650 559 Filius
675 504 951 574 templum
983 507 1071 555 est
1092 500 1294 554 Patris.
1327 502 1453 571 Ipse
1496 500 1641 553 enim
1674 500 1809 553 dicit
1839 517 1850 552 :
1890 517 1916 551 α
1954 497 2073 568 Ego

473 593 535 647 in
566 594 751 657 Patre,
787 599 845 646 et
884 592 1053 646 Pater
1097 590 1155 643 in
1201 606 1290 643 me
1340 595 1442 642 est.
1493 608 1519 641 ι)
1566 590 1634 642 Et
1682 588 1814 642 alibi
1848 606 1859 640 :
1897 606 1919 637 «
1959 588 2074 657 Ego

477 698 511 736 a
548 682 718 737 Patre
761 680 903 735 exivi
942 684 999 733 et
1052 678 1193 732 veni.
1234 696 1259 729 ι
1288 678 1358 731 Et
1388 677 1520 747 quia
1560 677 1679 748 ipse
1720 678 1868 731 Deus
1903 683 1990 730 est
2018 681 2076 729 et

473 771 665 838 homo,
699 770 949 841 postulat
977 784 1042 822 ex
1069 768 1250 821 forma
1277 766 1442 832 servi,
1476 767 1773 837 pollicetur
1800 783 1864 820 ex
1893 766 2077 820 forma

479 859 601 914 Dei.

551 973 569 999 ι
606 948 1122 1009 ,Circumdederunt
1166 961 1257 999 me
1290 961 1450 1015 aquae
1493 961 1671 1015 usque
1709 945 1779 998 ad
1826 945 2074 998 animam

475 1055 687 1092 meam:
714 1037 949 1109 abyssus
962 1034 1188 1088 vallavit
1210 1050 1319 1095 me,
1336 1034 1567 1104 pelagus
1598 1034 1887 1104 cooperuit
1905 1038 2075 1103 caput

472 1143 681 1181 meum.
713 1147 733 1174 ι
752 1125 1030 1196 Abyssum
1057 1123 1194 1176 dicit
1219 1122 1530 1176 contrarias
1550 1122 1927 1185 fortitudines,
1950 1139 2074 1193 quae

471 1213 926 1286 profundissimis
969 1212 1173 1266 inferni
1221 1210 1376 1275 locis,
1408 1211 1465 1264 id
1514 1217 1598 1265 est
1636 1217 1869 1273 tartaro,
1912 1227 2076 1264 man-

470 1304 666 1376 cipata:
697 1309 849 1365 sunt,
883 1303 955 1356 ad
988 1318 1111 1373 quae
1160 1302 1283 1354 loca
1310 1300 1593 1354 timebant
1636 1300 1719 1353 ire
1768 1300 2070 1363 daemones,

471 1398 739 1464 rogantes
772 1392 829 1446 in
859 1390 1164 1461 Evangelia
1199 1390 1495 1443 Dominum
1528 1405 1597 1443 ne
1628 1389 1986 1443 mitterentur
2016 1390 2072 1443 in

474 1480 761 1552 abyssum.
813 1480 1063 1550 Abyssus
1103 1479 1295 1550 itaque
1342 1479 1626 1533 Christum
1671 1479 1911 1537 vallavit,
1946 1495 2075 1532 cum

472 1568 781 1623 inferorum
830 1568 1112 1639 principes
1151 1585 1280 1622 eum
1311 1584 1371 1621 se
1405 1568 1463 1620 in
1497 1574 1674 1621 morte
1703 1569 2071 1639 comprehen-

474 1657 623 1711 disse
647 1657 1024 1712 crediderunt.

549 1766 574 1798 α
622 1748 710 1800 Ad
740 1752 989 1800 extrema
1019 1749 1294 1799 montium
1333 1744 1597 1799 descendi
1639 1763 1651 1797 :
1699 1750 1864 1799 terrae
1890 1752 2074 1800 vectes

474 1837 873 1890 concluserunt
905 1852 993 1888 me
1022 1836 1077 1887 in
1108 1840 1400 1889 aeternum.
1433 1855 1458 1883 υ
1486 1835 1744 1887 Extrema
1777 1835 2073 1899 montium,

465 1925 631 1994 juxta
684 1925 954 1991 litteram,
1006 1924 1284 1995 profunda
1336 1930 1615 1977 terrarum
1666 1924 1823 1985 dicit,
1873 1924 2076 1994 quibus

474 2015 635 2086 quasi
666 2014 914 2070 vectibus
940 2020 1104 2068 terra:
1132 2012 1331 2083 globus
1357 2013 1457 2067 Dei
1484 2012 1769 2066 voluntate
1799 2018 2077 2067 sustenta-

470 2109 584 2169 tur,
619 2103 764 2158 sicut
793 2103 850 2157 in
880 2103 1096 2173 psalmo
1124 2102 1333 2155 dicitur
1372 2120 1383 2154 :
1422 2120 1445 2151 «
1482 2102 1594 2170 Ego
1625 2102 1948 2155 conﬁrmavi
1980 2119 2074 2156 co-

471 2192 697 2246 lumnas
730 2193 870 2261 ejus.
926 2212 953 2242 »
991 2190 1223 2262 Mystice
1257 2209 1268 2243 :
1304 2196 1473 2260 caput
1518 2190 1737 2244 Domini
1769 2191 1955 2244 anima
1986 2197 2074 2245 est

475 2297 598 2351 qua:
630 2280 985 2351 principatur
1013 2279 1252 2350 corpori.
1287 2279 1470 2349 Caput
1507 2295 1644 2348 ergo
1686 2280 1808 2349 ejus
1838 2281 2070 2351 pelagus

474 2369 784 2440 cooperuit,
817 2368 1040 2439 quando
1070 2367 1317 2421 animam
1352 2383 1518 2438 quam
1546 2384 1645 2438 pro
1671 2374 1862 2422 nostra
1888 2370 2068 2424 salute

473 2456 739 2529 suscepit,
788 2456 1006 2528 pondus
1050 2456 1432 2511 tribulationis
1483 2462 1539 2510 et
1589 2457 1786 2511 mortis
1828 2475 2068 2529 praegra-

471 2546 636 2600 vavit.
676 2546 934 2600 Extrema
966 2545 1116 2599 enim
1162 2545 1460 2603 montium.
1507 2545 1785 2616 principes
1825 2547 1959 2601 dicit
1988 2550 2069 2602 in-

470 2635 741 2700 ferorum,
775 2635 871 2706 qui
904 2635 973 2689 de
1004 2634 1163 2690 cmlis
1192 2651 1225 2687 a
1254 2634 1513 2688 libertate
1557 2636 1809 2705 projecti.
1857 2637 2070 2707 operie-

469 2722 693 2789 bantur,
728 2722 988 2778 ﬂuctibus
1016 2722 1440 2794 suppliciorum,
1473 2730 1530 2777 et
1557 2723 1759 2795 abysso
1786 2725 2069 2779 vallaban-

473 2818 586 2876 tur,
634 2812 705 2866 ad
753 2828 875 2883 quae
924 2812 1045 2865 loca
1090 2812 1483 2882 Redemptoris
1534 2813 1723 2865 anima
1763 2814 2069 2884 descendit,

476 2918 589 2956 non
634 2908 698 2955 ut
739 2900 813 2954 ibi
855 2906 1164 2963 teneretur,
1208 2902 1301 2954 sed
1352 2908 1415 2955 ut
1455 2919 1587 2955 suos
1632 2901 1762 2955 inde
1809 2903 2069 2973 eriperet.

2155 515 2299 552 sum.
2339 519 2360 549 ι
2392 501 2466 553 Ex
2500 517 2609 571 quo
2641 500 2926 562 discimus,
2951 516 3078 553 cum
3108 498 3298 552 deﬁcit
3325 498 3518 551 anima
3556 502 3750 550 nostra

2156 588 2462 642 constituta
2490 589 2546 643 in
2577 589 2763 659 aliqua
2786 588 3171 653 tribulatione,
3191 588 3275 641 vel
3292 603 3418 641 cum
3440 604 3475 641 a
3497 586 3749 656 corporis

2155 693 2422 747 compage
2451 677 2749 744 divellitur,
2786 677 2989 732 debere
3030 694 3132 731 nos
3179 676 3359 730 Deum
3390 677 3447 730 in
3478 675 3752 729 memoria

2158 766 2383 830 habere,
2417 772 2474 821 et
2511 768 2582 820 ad
2621 784 2747 822 eum
2795 783 3017 821 omnem
3064 766 3463 837 cogitationem
3509 770 3748 831 vertere,

2158 856 2253 925 qui
2283 856 2531 926 corporis
2556 862 2613 910 et
2641 856 2845 909 anima;
2888 862 2975 909 est
3017 856 3187 909 Deus.
3228 875 3248 905 ι
3284 856 3360 909 Ut
3385 854 3573 909 veniat
3596 853 3667 907 ad
3696 858 3754 907 te

2156 944 2336 996 oratio
2367 960 2491 997 mea
2522 944 2591 998 ad
2623 944 2897 1015 templum
2941 950 3197 998 sanctum
3244 948 3428 998 tuum.
3468 963 3489 993 ι
3516 942 3752 1008 Idcirco,

2155 1032 2359 1103 inquit,
2394 1033 2616 1087 Domini
2645 1034 2971 1088 recordatus
3015 1050 3159 1097 sum,
3206 1038 3272 1087 ut
3315 1033 3497 1087 oratio
3527 1047 3656 1085 mea
3684 1030 3758 1085 de

2157 1122 2422 1175 extremis
2453 1122 2731 1176 montium
2762 1123 3033 1177 ascendat
3074 1122 3145 1176 ad
3181 1122 3455 1193 templum
3495 1128 3759 1175 sanctum

2155 1215 2339 1278 tuum,
2370 1210 2422 1263 id
2455 1217 2540 1264 est
2564 1212 2633 1264 ad
2662 1212 2885 1276 ccelum,
2919 1212 3053 1282 quia
3080 1212 3213 1265 licet
3245 1211 3454 1282 ubique
3482 1211 3556 1264 sit
3584 1212 3757 1276 Deus,

2157 1300 2235 1353 ibi
2266 1308 2457 1354 tamen
2482 1301 2875 1355 assistentibus
2907 1301 3011 1356 sibi
3043 1302 3257 1371 angelis
3297 1307 3508 1355 aeterna
3544 1300 3763 1353 fruitur

2160 1387 2525 1443 beatitudine.
2560 1390 2834 1460 Loquitur
2862 1406 2991 1443 vero
3021 1396 3085 1443 ut
3115 1389 3380 1459 pontifex,
3398 1388 3493 1458 qui
3522 1387 3662 1458 petit
3693 1392 3762 1441 ut

2158 1494 2350 1547 preces
2376 1478 2564 1548 populi
2598 1495 2700 1549 per
2725 1495 2852 1532 eum
2886 1479 2957 1531 ad
2984 1479 3255 1549 templum
3290 1478 3389 1531 Dei
3422 1478 3757 1531 ascendant.

2155 1566 2261 1620 Sed
2293 1574 2350 1619 et
2376 1568 2716 1637 Redemptor
2745 1572 2937 1621 noster
2978 1568 3037 1621 in
3079 1568 3339 1638 passione
3367 1582 3470 1619 sua
3495 1566 3760 1637 rogabat,

2088 1688 2134 1745 Β
2158 1676 2182 1705 (ι
2225 1656 2410 1717 Pater,
2443 1656 2489 1709 si
2516 1656 2779 1726 possibile
2804 1661 2910 1723 est,
2938 1656 3148 1722 dicens,
3167 1661 3420 1710 transeat
3448 1671 3482 1707 a
3508 1671 3596 1708 me
3612 1655 3763 1709 calix

2159 1744 2284 1798 iste.
2328 1765 2349 1790 ιο
2386 1745 2455 1798 Et
2496 1744 2551 1797 in
2592 1761 2756 1798 cruce
2807 1744 3038 1815 positus,
3074 1764 3097 1795 ι
3140 1745 3327 1811 Pater,
3372 1743 3596 1798 dimitte
3622 1744 3757 1809 illis,

2159 1850 2271 1887 non
2300 1834 2447 1887 enim
2477 1835 2663 1888 sciunt
2691 1834 2821 1904 quid
2853 1834 3081 1887 faciunt.
3121 1854 3142 1883 ι

2234 1943 2255 1973 ι
2285 1923 2389 1986 Qui
2413 1923 2739 1977 custodiunt
2766 1923 3043 1977 vanitates
3066 1923 3295 1985 frustra,
3311 1921 3762 1976 misericordiam

2157 2017 2314 2065 tuam
2346 2011 2763 2082 derelinquent.
2788 2030 2813 2062 ν
2834 2012 2972 2065 Mira
3002 2012 3287 2083 prophetae
3318 2010 3762 2081 magnanimitas

2157 2101 2215 2154 in
2247 2106 2436 2154 ventre
2486 2106 2657 2155 tantae
2702 2101 2895 2156 bestiae
2938 2101 3007 2154 de
3052 2100 3300 2154 humana
3342 2099 3650 2170 fragilitate
3675 2100 3765 2154 di-

2156 2196 2367 2260 sputat.
2398 2191 2545 2243 Deus
2571 2190 2777 2261 quippe
2808 2196 3012 2244 natura
3036 2190 3374 2247 misericors.
3404 2196 3638 2260 paratus
3670 2201 3759 2244 est

2155 2280 2407 2332 misereri
2438 2279 2698 2333 omnibus
2753 2281 2867 2334 Nos
2896 2287 3085 2334 autem
3119 2286 3312 2333 nostro
3342 2278 3475 2333 vitio
3507 2280 3658 2333 ultro
3690 2296 3755 2333 se

2153 2368 2476 2422 oll'erentem
2504 2370 2792 2440 perdimus
2834 2370 3209 2423 clementiam.
3246 2370 3312 2422 Et
3341 2368 3756 2423 attendendum

2150 2458 2297 2527 quod
2326 2475 2438 2512 non
2486 2458 2640 2514 dixit.
2675 2458 2769 2529 qui
2809 2459 3020 2513 faciunt
3062 2458 3359 2522 vanitates,
3401 2473 3566 2512 nemo
3598 2458 3754 2512 enim

2151 2552 2234 2600 est
2264 2546 2356 2617 qui
2387 2563 2497 2601 non
2531 2548 2699 2601 faciat
2727 2565 2887 2609 vana,
2920 2548 2974 2601 id
3006 2555 3092 2602 est
3114 2564 3223 2601 non
3250 2552 3458 2618 peccet,
3485 2547 3757 2617 quoniam

2150 2635 2410 2689 universa
2466 2638 2682 2690 vanitas
2742 2637 2924 2690 omnis
2972 2637 3138 2691 homo
3189 2636 3372 2691 vivens
3419 2653 3430 2685 :
3476 2636 3574 2690 sed
3613 2636 3758 2690 dicit

2154 2743 2180 2777 «
2222 2725 2560 2790 custodiunt,
2598 2746 2622 2776 ι)
2648 2726 2703 2779 id
2726 2734 2811 2779 est
2839 2727 3095 2795 diligunt,
3121 2725 3255 2780 etin
3286 2727 3544 2780 all‘ectum
3565 2725 3755 2780 cordis

2153 2815 2239 2869 sui
2277 2822 2573 2870 transeunt
2627 2816 2694 2869 Hi
2723 2816 2866 2870 tales
2895 2816 3331 2870 misericordiam
3357 2832 3546 2873 suam.
3578 2816 3634 2869 id
3664 2821 3751 2869 est

2155 2905 2351 2967 Deum,
2385 2904 2803 2975 derelinquunt.
2845 2906 2915 2959 de
2956 2922 3066 2976 quo
3109 2905 3349 2959 dicitur:
3388 2925 3410 2955 ι
3446 2905 3751 2959 Miserator

474 2990 589 3062 Ipsi
617 2995 751 3044 sunt
780 2996 838 3044 et
865 2996 1047 3044 vectes
1087 3004 1272 3051 terrm,
1325 2993 1485 3061 quasi
1532 2991 1785 3061 quaedam
1815 3009 1951 3046 serae
1974 3010 2125 3062 ex-n
2155 3001 2211 3047 et
2239 2994 2554 3049 misericors
2604 2995 2910 3062 Dominus;
2954 3014 2981 3045 ι»
3015 3000 3071 3048 et
3099 2994 3228 3048 alibi
3263 3012 3274 3047 :
3315 3015 3336 3043 ο
3371 2995 3520 3049 Deus
3565 3010 3745 3060 meus,

474 3080 640 3134 tremi
672 3079 911 3133 carceris
943 3085 999 3133 et
1027 3095 1338 3149 poenarum,
1379 3080 1628 3133 volentes
1674 3097 1895 3151 semper
1932 3082 2069 3135 reti-

472 3185 608 3223 nere
637 3168 855 3222 animas
886 3185 1026 3238 quas
1056 3168 1230 3221 semel
1262 3168 1625 3239 accepissent.
1676 3168 1780 3223 His
1821 3171 2067 3224 vectibus

471 3259 767 3312 conclusus
799 3263 886 3311 est
913 3257 1185 3311 Dominus
1210 3276 1221 3323 ;
1256 3256 1373 3319 sed,
1401 3258 1547 3311 sicut
1576 3274 1675 3328 per
1701 3259 1899 3312 Isaiam
1933 3264 2070 3330 prie-

470 3347 709 3406 dixerat.
741 3353 799 3400 et
827 3353 1017 3417 portas
1042 3362 1215 3399 aereas
1244 3346 1524 3411 contrivit,
1561 3352 1617 3400 et
1642 3355 1825 3401 vectes
1854 3349 2067 3403 ferreos

468 3434 759 3505 confregit.
792 3435 949 3498 Quod
979 3440 1169 3488 autem
1190 3437 1445 3504 sequitur
1473 3454 1483 3487 :
1511 3454 1536 3487 α
1571 3442 1628 3489 et
1655 3436 1969 3491 sublevabis
1998 3438 2067 3492 de

467 3524 825 3595 corruptione
853 3525 1018 3577 vitam
1051 3540 1250 3577 meam.
1289 3543 1314 3575 ι)
1340 3524 1422 3577 Ad
1463 3525 1660 3577 Jonam
1697 3526 1773 3578 ita
1803 3527 2062 3592 refertur,

467 3614 563 3685 qui
606 3630 733 3667 cum
783 3613 1041 3669 debuerit
1086 3613 1146 3667 in
1193 3618 1385 3666 ventre
1423 3613 1532 3666 ceti
1581 3614 1863 3685 corrumpi
1893 3622 1948 3669 et
1979 3616 2065 3669 di-

463 3702 605 3773 geri.
641 3708 698 3756 et
724 3720 826 3773 per
854 3720 1021 3757 venas
1053 3702 1221 3773 piscis
1261 3708 1528 3770 artusque
1569 3702 1824 3765 dill'undi,
1873 3721 2065 3774 sospes

467 3797 525 3845 et
553 3793 773 3861 integer
803 3792 1018 3846 exierit.
1040 3792 1197 3846 Unde
1226 3797 1284 3845 et
1308 3791 1645 3845 blandientis
1673 3792 1873 3846 affectu
1897 3793 2058 3847 dicit:

471 3897 498 3931 α
539 3879 775 3934 Domine
801 3880 946 3933 Deus
967 3897 1147 3943 meus,
1174 3900 1198 3931 υ
1223 3896 1577 3933 communem
1594 3880 1844 3933 omnium
1862 3880 2060 3944 Deum,

468 3985 632 4023 suum
654 3974 713 4023 et
736 3970 1022 4041 proprium
1064 3986 1283 4031 vocans,
1310 3986 1474 4041 quem
1498 3970 1640 4024 tanti
1665 3970 1918 4025 beneficii
1952 3988 2065 4026 ma-

462 4058 760 4129 gnitudine
788 4060 1109 4130 specialiter
1149 4061 1323 4114 Deum
1361 4066 1417 4113 et
1454 4060 1755 4115 Dominum
1788 4068 2058 4115 senserat.

464 4148 573 4203 Sed
603 4154 661 4202 et
685 4148 917 4220 mystice
949 4167 960 4201 :
994 4149 1183 4202 anima
1213 4148 1418 4203 Christi
1449 4149 1518 4202 de
1546 4151 1905 4221 corruptione
1936 4151 2065 4205 sub-

464 4236 701 4299 levatur,
729 4237 862 4305 quia
885 4253 1015 4289 caro
1046 4238 1167 4305 ejus
1195 4252 1303 4289 non
1354 4237 1492 4289 vidit
1534 4239 1971 4309 corruptionem,
2006 4240 2064 4293 id

2152 3084 2538 3137 misericordia
2559 3102 2702 3138 mea.
2738 3104 2762 3136 »
2788 3086 2904 3139 Nec
2931 3084 3083 3149 dicit,
3102 3084 3485 3138 misericordia
3514 3100 3620 3137 sua
3647 3084 3751 3137 de-

2150 3172 2566 3243 relinquuntur,
2603 3173 2698 3227 sed
2729 3173 2834 3244 ipsi
2863 3183 3120 3247 paratam
3147 3179 3204 3227 et
3234 3174 3383 3227 ultro
3425 3190 3485 3226 se
3514 3173 3754 3226 offeren-

2149 3268 2261 3316 tem
2290 3263 2618 3333 relinquunt
2645 3262 3108 3316 misericordiam.
3142 3263 3299 3326 Quod
3329 3261 3653 3332 specialiter
3679 3262 3751 3315 de

2149 3351 2353 3405 Iudaeis
2384 3351 2609 3410 dicitur,
2659 3351 2755 3421 qui
2798 3357 3083 3405 servantes
3123 3351 3418 3415 vanitates,
3450 3349 3506 3403 id
3539 3356 3627 3403 est
3651 3366 3749 3403 va—

2150 3441 2381 3493 nissima
2414 3440 2818 3493 Phariszeorum
2844 3447 3140 3510 praecepta,
3168 3440 3367 3506 Deum,
3398 3438 3494 3510 qui
3522 3454 3754 3509 semper

2150 3530 2229 3583 eis
2258 3529 2521 3582 misertus
2551 3536 2656 3593 est,
2689 3529 3132 3599 dereliquerunt.

2224 3638 2250 3668 α
2290 3619 2402 3689 Ego
2433 3627 2623 3672 autem
2654 3620 2710 3671 in
2742 3635 2872 3672 voce
2900 3619 3082 3672 laudis
3112 3617 3415 3672 immolabo
3437 3616 3572 3671 tibi:
3601 3632 3753 3687 qua:-

2147 3723 2367 3776 cunque
2392 3707 2531 3774 vovi,
2558 3707 2787 3761 reddam
2821 3725 2920 3778 pro
2940 3708 3121 3761 salute
3144 3724 3267 3761 mea
3289 3707 3547 3761 Domino.
3588 3726 3609 3755 ι
3635 3706 3753 3777 Spe

2146 3794 2291 3849 bona
2320 3796 2603 3849 animatus
2638 3797 2928 3866 propheta,
2965 3803 3022 3850 et
3042 3798 3159 3866 jam
3193 3797 3261 3850 de
3292 3813 3394 3850 sua
3416 3795 3752 3850 liberatione

2146 3901 2395 3945 securus,
2436 3885 2717 3955 promittit
2743 3903 2802 3939 se
2821 3887 3131 3956 gratiarum
3153 3886 3399 3940 actiones
3428 3884 3754 3939 immolatu-

2147 3990 2291 4040 rum,
2326 3981 2383 4028 et
2414 3982 2540 4028 vota
2590 3973 2778 4028 omnia
2810 3975 3186 4045 redditurum.
3227 3975 3338 4029 Sed
3386 3981 3439 4029 et
3483 3973 3750 4029 Christus

2146 4064 2417 4118 Dominus
2440 4081 2540 4135 pro
2559 4063 2672 4117 vita
2701 4070 2893 4118 nostra
2936 4071 3211 4119 mortuus.
3236 4071 3421 4119 certus
3443 4064 3593 4134 quod
3612 4080 3750 4118 eum

2147 4154 2295 4207 Deus
2325 4153 2567 4207 velocius
2613 4154 2927 4217 suscitaret,
2974 4154 3254 4225 promittit
3293 4154 3639 4207 exsultanter
3684 4153 3745 4207 in

2144 4258 2277 4294 voce
2324 4241 2707 4299 confessionis.
2768 4244 3011 4313 seipsum
3067 4243 3221 4296 Patri
3271 4241 3742 4296 sacrificaturum.

465 4330 552 4379 est
588 4331 817 4423 rion-est
841 4325 1087 4378 resoluta
1120 4325 1256 4423 tabo
1298 4325 1353 4378 in
1395 4327 1688 4423 sepulcrm
1714 4330 1874 4423 juxta
1916 4329 2359 4423 quodDPascha
2390 4336 2665 4394 nostrum,
2716 4330 2899 4400 inquit
2926 4331 3245 4401 Apostolus,
3286 4331 3612 4384 immolatus
3656 4338 3750 4384 est

464 4428 567 4484 per
596 4412 952 4466 Psalmistam
989 4412 1338 4483 praedixerat,
1376 4433 1399 4463 «
1437 4416 1557 4468 Non
1601 4415 1759 4469 dabis
1803 4412 2419 4471 sanctum-'Christus.
2462 4419 2586 4489 Ipse
2635 4419 2905 4489 pontifex,
2956 4420 3077 4490 ipse
3123 4420 3237 4474 ovis
3284 4419 3611 4473 immolatur
3639 4437 3744 4489 pro

465 4507 627 4556 tuum
657 4501 845 4555 videre
865 4501 1299 4572 corruptionem.
1331 4522 1352 4553 ι
1373 4500 1534 4568 Quod
1559 4502 1753 4559 beatus
1772 4506 1971 4560 Petrus
1992 4507 2060 4561 de

465 4591 689 4646 Christo
717 4591 1123 4663 interpretatur
1150 4591 1208 4644 in
1234 4591 1469 4645 Actibus
1489 4595 1926 4661 apostolorum,a
1953 4596 2061 4660 Qui

463 4697 577 4738 non
616 4682 757 4737 vidit
800 4682 1235 4753 corruptionem,
1290 4702 1309 4731 ι
1343 4681 1611 4735 citissima
1655 4688 2061 4742 resurrectione

462 4772 952 4844 gloriﬁcatus.Sed
976 4772 1150 4844 quaeri
1181 4776 1365 4842 potest
1386 4773 1531 4841 quod
1562 4772 1695 4826 alibi
1727 4774 1894 4828 dicit:
1924 4775 2061 4842 Quae

463 4860 678 4915 utilitas
709 4860 767 4913 in
799 4877 967 4914 carne
1001 4877 1145 4923 mea,
1180 4860 1314 4914 dum
1355 4860 1632 4914 descendo
1661 4861 1717 4915 in
1747 4865 2061 4934 corruptio-

463 4966 592 5004 nem
615 4950 641 5001 ?
672 4948 781 5003 Sed
808 4949 902 5003 hic
932 4950 1217 5020 corruptio
1269 4967 1368 5020 pro
1415 4942 1738 5004 vulneribus
1785 4958 1842 5006 et
1885 4953 2062 5023 plagis

463 5038 713 5110 ponitur,
758 5038 961 5108 quibus
992 5055 1122 5092 caro
1150 5038 1361 5094 Christi
1400 5040 1597 5094 eﬂ‘ecta
1639 5046 1723 5095 est
1763 5057 1774 5092 :
1808 5057 1872 5095 ac
1904 5042 1951 5096 si
1981 5044 2061 5097 di-

466 5133 619 5181 ceret
656 5142 667 5175 :
701 5126 846 5190 Quid
878 5127 1105 5197 prodest
1132 5127 1267 5181 dum
1305 5130 1476 5183 clavis
1513 5130 1755 5200 afﬂigor,
1781 5130 1914 5184 dum
1946 5133 2061 5186 vul-

464 5232 651 5280 neror,
684 5214 730 5269 si
758 5215 936 5270 Judaei
966 5232 1079 5270 non
1108 5216 1439 5271 salvantur?
1479 5218 1587 5273 Hic
1616 5236 1746 5274 vero
1777 5222 2059 5291 corruptio

465 5318 567 5374 pro
592 5301 998 5374 putrefactione
1028 5311 1084 5357 et
1109 5303 1451 5359 resolutione
1481 5306 1727 5376 ponitur.

538 5411 566 5441 οι
609 5392 749 5445 Cum
795 5392 1214 5461 angustiaretur
1243 5392 1300 5447 in
1332 5409 1420 5447 me
1449 5396 1637 5449 anima
1663 5412 1805 5460 mea,
1836 5397 2060 5453 Domini

465 5478 793 5534 recordatus
836 5496 983 5533 sum.
1018 5499 1045 5532 »
1079 5481 1239 5544 Cum,
1288 5481 1492 5552 inquit,
1533 5484 1709 5537 ullum
1749 5485 1901 5540 aliud
1931 5504 2059 5558 spe-

463 5584 653 5627 tarem
681 5568 970 5639 auxilium,
996 5569 1309 5626 recordatio
1329 5570 1555 5627 Domini
1575 5571 1716 5627 mihi
1730 5574 1897 5631 saluti
1926 5577 2051 5632 fuit.

2144 4505 2425 4571 omnibus,
2452 4512 2517 4560 ut
2531 4523 2696 4561 omne
2719 4509 2867 4578 quod
2888 4508 3043 4563 dedit
3062 4509 3114 4563 ei
3138 4510 3303 4563 Pater
3323 4525 3434 4562 non
3467 4515 3663 4579 pereat
3682 4509 3744 4563 in

2142 4602 2433 4650 aeternum.

2217 4703 2241 4737 α
2288 4683 2361 4737 Et
2389 4684 2533 4738 dixit
2561 4686 2832 4741 Dominus
2880 4686 3017 4757 pisci
3050 4705 3061 4740 :
3095 4692 3154 4741 et
3180 4686 3428 4741 evomuit
3454 4686 3654 4740 Jonam
3682 4685 3744 4740 in

2144 4772 2383 4827 aridam.
2416 4796 2436 4823 ι
2476 4775 2805 4846 Ρηροὶρίῐυι*
2833 4792 2865 4829 a
2895 4776 3009 4830 Deo
3052 4777 3215 4830 Patre
3258 4791 3463 4845 magno
3508 4780 3629 4828 ceto
3660 4774 3749 4828 in-

2143 4863 2323 4929 ferno,
2346 4869 2411 4917 ut
2431 4865 2693 4918 restituat
2719 4865 3063 4919 Salvatorem
3085 4873 3267 4933 terrae,
3284 4865 3336 4919 id
3362 4871 3449 4918 est
3477 4864 3666 4918 solidae
3687 4870 3747 4918 et

2144 4951 2448 5006 immortali
2479 4953 2627 5017 vitae,
2664 4954 2791 5024 quia
2824 4971 2835 4983 ·
2876 4975 2896 5005 ι
2936 4970 3237 5025 resurgens
3280 4971 3314 5008 a
3360 4950 3597 5007 mortuis
3618 4952 3743 5022 jam

2144 5058 2257 5096 non
2299 5043 2557 5108 moritur,
2599 5059 2750 5097 mors
2794 5043 2875 5097 illi
2917 5045 3067 5098 ultra
3108 5060 3221 5098 non
3265 5041 3668 5097 dominabitur.
3712 5059 3742 5094 ι

2144 5131 2302 5195 Quod
2333 5139 2520 5184 autem
2573 5131 2777 5186 dicitur
2808 5154 2828 5183 ι
2864 5132 3129 5195 evomuit,
3160 5151 3186 5184 ι)
3219 5132 3466 5185 ostendit
3496 5130 3643 5201 quod
3676 5147 3745 5184 ex

2142 5217 2434 5291 profundis
2482 5221 2678 5274 mortis
2730 5220 3057 5285 recessibus,
3102 5227 3373 5292 tanquam
3421 5237 3488 5275 ex
3523 5219 3743 5274 intimis

2142 5309 2251 5363 ceti
2280 5308 2563 5376 vitalibus,
2599 5310 2853 5365 Christus
2885 5310 3073 5366 vivens
3098 5310 3451 5383 processerit.

2747 5455 2981 5511 CAPUT
3020 5454 3128 5510 III.

2213 5598 2235 5627 ι
2265 5575 2334 5633 Et
2352 5578 2560 5635 factum
2580 5585 2667 5635 est
2678 5580 2906 5637 verbum
2924 5580 3148 5638 Domini
3169 5577 3450 5637 adJonam
3469 5581 3738 5652 secundo,
