4062 6168
237 319 334 378 137

1223 325 1638 383 ENARRATIO
1677 329 1757 384 IN
1793 329 2033 384 JONAM
2071 331 2531 389 PROPHETAM.

3404 340 3505 400 138

233 444 421 500 dicens
444 463 455 498 :
489 445 690 516 Surge,
715 446 852 500 vade
871 446 944 499 ad
963 447 1202 502 Niniven
1231 449 1513 505 civitatem
1542 469 1824 523 magnam.
1846 458 1895 514 Α
1914 455 2061 524 quod
2096 461 2182 510 est
2208 459 2415 527 palam,
2447 460 2502 512 id
2527 465 2613 514 est
2641 478 2850 516 saccus.
2886 463 3036 517 Talis
3061 463 3259 523 victus.
3292 472 3350 522 et
3376 471 3508 525 talis

236 537 289 586 et
307 534 551 604 praedica
570 534 629 588 in
656 551 723 587 ea
741 534 1190 605 praedicationem
1214 555 1382 608 quam
1410 557 1512 610 ego
1533 542 1731 612 loquor
1759 544 1828 597 ad

238 627 309 675 te.
341 642 362 672 »
385 624 518 676 Non
546 622 892 692 increpatur,
911 639 1016 676 nec
1045 624 1250 678 dicitur
1277 627 1348 689 ei,
1377 629 1490 682 Cur
1517 647 1630 684 non
1649 631 1830 685 fecisti

239 710 382 778 quod
407 710 686 780 praecepi?
718 711 1025 765 Suﬂecerat
1053 713 1202 766 enim
1231 715 1532 770 durissima
1555 721 1832 789 naufragii

238 802 292 851 et
325 798 704 852 devorationis
748 801 1036 854 correctio.
1087 802 1282 872 Neque
1320 805 1469 858 enim
1509 824 1666 860 servo
1705 815 1832 877 post

236 886 428 956 plagas
447 885 763 957 imputatur
777 888 922 958 quod
940 889 1088 943 fecit.
1112 891 1218 944 Sed
1240 897 1296 945 et
1311 894 1544 964 mystice
1559 896 1831 950 Dominus

185 1024 192 1032 ,
237 979 444 1036 noster,
474 976 572 1044 qui
601 976 805 1030 missus
833 977 1020 1030 fuerat
1047 979 1113 1032 ad
1147 980 1467 1034 salvandam
1489 983 1746 1050 Niniven,
1775 985 1830 1038 id

238 1067 317 1115 est
359 1063 764 1132 gentilitatem,
807 1071 864 1119 et
900 1067 1312 1136 quodammodo
1357 1070 1551 1140 fugere
1587 1073 1826 1138 volebat,

236 1167 502 1204 recusans
527 1152 867 1222 passionem,
890 1161 947 1208 et
975 1155 1166 1209 dicens
1190 1174 1201 1208 :
1231 1174 1255 1205 «
1287 1158 1474 1222 Pater,
1498 1159 1544 1213 si
1570 1160 1832 1230 possibile

237 1243 334 1303 est,
361 1244 621 1293 transeat
648 1258 684 1293 a
713 1258 802 1295 me
832 1243 973 1296 calix
1004 1243 1131 1297 iste.
1164 1264 1190 1296 »
1219 1245 1380 1299 Nunc
1407 1252 1704 1318 postquam
1728 1249 1832 1316 illi,

236 1333 462 1398 propter
483 1345 623 1399 quos
645 1330 762 1400 pati
784 1331 1030 1397 nolebat,
1055 1333 1456 1401 clamaverunt,
1485 1355 1507 1386 ι
1535 1335 1830 1406 Cruciﬁge,

236 1418 518 1488 cruciﬁge,
541 1437 563 1467 ι
583 1423 658 1485 et,
677 1436 702 1468 «
721 1419 847 1472 Non
867 1419 1138 1474 habemus
1155 1438 1346 1491 regem
1367 1423 1474 1476 nisi
1496 1424 1828 1490 Caesarem,»

235 1505 488 1562 redditus
521 1506 592 1560 de
629 1512 823 1561 ventre
851 1507 978 1574 ceti,
1006 1509 1064 1562 id
1096 1515 1199 1575 est,
1225 1511 1589 1566 resuscitatus
1618 1530 1652 1565 a
1679 1530 1833 1567 mor-

235 1594 361 1658 tuis,
396 1595 606 1648 iterato
641 1595 900 1664 dirigitur
925 1597 996 1650 ad
1026 1597 1282 1663 Niniven,
1317 1605 1382 1652 ut
1419 1600 1682 1669 praedicet
1710 1607 1838 1671 post

233 1684 728 1749 resurrectionem,
756 1686 905 1755 quod
945 1685 997 1739 ei
1025 1702 1061 1739 a
1088 1687 1253 1740 Patre
1281 1687 1466 1740 fuerat
1494 1689 1834 1760 imperatum

1911 542 2136 597 habitus
2157 546 2556 615 pcenitentibus
2577 551 2852 614 convenit,
2877 557 2934 603 et
2953 552 3123 622 digne
3143 555 3299 622 satis,
3325 562 3388 610 ut
3412 558 3507 628 qui

1911 629 2091 685 Deum
2117 633 2249 687 luxu
2275 639 2332 687 et
2359 635 2664 690 ambitione
2686 638 3058 706 pretiosarum
3080 643 3317 697 vestium
3338 645 3509 700 offen-

1914 717 2132 784 derant,
2151 736 2299 774 nunc
2311 723 2527 792 jejunio
2550 729 2606 776 et
2624 725 2800 778 cilicio
2822 743 2949 780 eum
2971 729 3211 798 placent.
3237 732 3306 785 Et
3325 735 3509 804 major

1913 810 2047 858 aetas
2075 806 2288 877 incipit,
2313 810 2567 879 sequitur
2589 812 2791 878 minor,
2815 815 2947 884 quia
2969 817 3156 870 nullus
3187 824 3271 872 est
3297 820 3508 892 absque

1912 899 2160 962 peccato,
2194 912 2294 978 neoc
2333 897 2518 952 infans
2546 899 2713 954 unius
2742 901 2853 955 diei
2891 904 3050 972 cujus
3079 906 3194 960 vita
3225 913 3310 962 est
3337 927 3509 981 super

1911 987 2121 1035 terram
2132 1023 2143 1035 .
3150 1000 3156 1006 ’

1988 1089 2013 1121 «
2039 1071 2104 1124 Et
2123 1072 2377 1140 pervenit
2391 1073 2621 1128 verbum
2643 1077 2712 1129 ad
2732 1093 2922 1148 regem
2945 1082 3163 1146 Ninive,
3184 1090 3241 1140 et
3263 1089 3510 1144 surrexit

1914 1158 1982 1211 de
2009 1159 2147 1212 solio
2187 1177 2310 1228 suo,
2342 1166 2398 1214 et
2425 1161 2628 1231 abjecit
2663 1166 2996 1222 vestimenta
3023 1187 3126 1224 sua
3156 1188 3191 1226 a
3214 1190 3292 1239 se,
3329 1180 3387 1229 et
3415 1177 3506 1230 in-

1916 1246 2086 1299 dutus
2116 1252 2201 1300 est
2230 1265 2408 1314 sacco,
2442 1256 2498 1303 et
2537 1251 2684 1304 sedit
2713 1253 2772 1305 in
2811 1255 3014 1322 cinere,
3052 1263 3108 1311 et
3137 1261 3417 1329 clamavit,
3451 1270 3510 1319 et

1915 1333 2053 1386 dixit
2073 1334 2129 1388 in
2143 1336 2342 1390 Ninive
2355 1354 2420 1391 ex
2441 1355 2536 1392 ore
2554 1339 2701 1409 regis
2718 1346 2774 1394 et
2794 1343 3109 1414 principum
3127 1348 3263 1416 ejus,
3289 1350 3506 1406 dicens:

1916 1422 2203 1492 Homines,
2219 1426 2565 1494 etjumenta,
2586 1434 2643 1482 et
2658 1427 2841 1494 boves,
2863 1441 2920 1484 et
2939 1449 3141 1502 pecora
3159 1445 3512 1507 nongustent

1915 1511 2241 1581 quidquam,
2269 1531 2372 1567 nec
2392 1523 2713 1585 pascantur,
2744 1525 2800 1572 et
2825 1536 3032 1590 aquam
3061 1539 3173 1578 non
3198 1524 3424 1596 bibant;
3456 1533 3514 1584 et

1917 1599 2245 1668 aperiantur
2272 1603 2446 1656 saccis
2476 1605 2750 1671 homines,
2784 1613 2842 1662 et
2872 1611 3133 1678 jumenta
3169 1614 3414 1671 clament
3439 1619 3513 1674 ad

1917 1685 2096 1741 Deum
2140 1689 2198 1742 in
2241 1690 2586 1759 fortitudine,
2620 1701 2678 1748 et
2722 1704 3081 1752 convertatur
3106 1701 3190 1755 vir
3228 1721 3262 1758 a
3295 1706 3380 1759 via
3409 1725 3515 1763 sua

236 1776 363 1825 ante
394 1771 736 1842 passionem.
766 1772 970 1826 Totum
999 1777 1188 1826 autem
1235 1775 1339 1828 hoc
1369 1776 1518 1845 quod
1564 1777 1615 1830 ei
1646 1779 1835 1848 praeci-
1855 1765 2084 1841 Bmala,
2119 1783 2175 1830 et
2202 1778 2272 1831 ab
2301 1779 2598 1850 iniquitate
2625 1799 2750 1852 qua:
2780 1791 2864 1839 est
2902 1788 2962 1840 in
2999 1791 3259 1847 manibus
3291 1811 3508 1852 eorum.

237 1859 404 1930 pitur,
443 1860 594 1930 quod
618 1860 830 1921 ‘obedit.
865 1862 1014 1931 quod
1044 1878 1158 1916 non
1192 1863 1324 1928 vult,
1363 1869 1418 1917 et
1460 1864 1666 1919 iterum
1696 1867 1836 1921 velle
1918 1863 2053 1928 Quis
2089 1867 2194 1920 scit
2221 1867 2268 1920 si
2301 1876 2659 1925 convertatur
2685 1877 2739 1926 et
2766 1874 3021 1944 ignoscat
3049 1880 3216 1946 Deus,
3247 1888 3304 1936 et
3330 1901 3514 1940 rever-

239 1947 480 2017 cogitur,
505 1949 576 2002 ad
605 1948 846 2002 formam
875 1950 1016 2003 servi
1051 1950 1406 2006 referendum
1438 1959 1543 2007 est.
1918 1955 2072 2026 tatur
2101 1969 2134 2006 τι
2157 1953 2344 2008 furore
2368 1956 2464 2010 ira!
2491 1974 2624 2022 sua,
2654 1964 2711 2012 et
2734 1976 2846 2014 non
2865 1962 3170 2032 peribimus
3191 1967 3216 2019 7
3244 1988 3266 2018 ι
3297 1969 3513 2041 Regem

310 2056 333 2086 ι
367 2037 443 2090 Et
465 2036 714 2090 surrexit
735 2038 926 2102 Jonas,
954 2044 1014 2092 et
1036 2039 1174 2092 abiit
1200 2039 1257 2093 in
1279 2040 1516 2095 Niniven
1541 2043 1705 2112 juxta
1720 2060 1839 2098 ver-
1918 2039 2120 2094 Ninive
2136 2041 2495 2113 phiIOSOphos
2509 2047 2805 2115 gentilium
2829 2050 3096 2107 debemus
3111 2036 3514 2127 acciperej’la-

237 2124 369 2178 bum
387 2125 980 2193 DominiJSurrexit,
997 2127 1197 2197 inquit,
1217 2129 1432 2182 nullam
1450 2129 1579 2183 fecit
1597 2147 1835 2197 moram,
1919 2132 2129 2195 tonem,
2169 2131 2550 2199 Aristotelem,
2597 2141 2956 2208 czeterosque,
3007 2142 3103 2211 qui
3151 2124 3313 2213 quasi
3353 2124 3513 2218 reges

238 2214 331 2267 sed
353 2214 624 2268 continuo
649 2231 709 2268 se
731 2215 802 2268 ad
824 2214 1197 2269 obediendum
1217 2217 1470 2271 accinxit.
1502 2237 1524 2268 ι
1553 2219 1620 2272 Et
1639 2219 1838 2273 Ninive
1921 2222 2053 2270 sunt
2079 2218 2391 2286 hominum,
2433 2227 2491 2274 et
2537 2239 2732 2277 eorum
2765 2233 3042 2298 praecepta
3087 2231 3166 2285 sic
3195 2214 3511 2305 observaht,

237 2308 358 2356 erat
387 2303 588 2357 civitas
631 2319 838 2374 magna
865 2303 1065 2358 itinere
1095 2304 1315 2358 dierum
1357 2306 1546 2360 trium.
1585 2329 1606 2356 ο
1641 2307 1839 2361 Ninive
1921 2305 2082 2374 quasi
2125 2309 2350 2362 oracula
2384 2309 2590 2363 divina.
2637 2312 2723 2365 Ad
2763 2314 2864 2368 hos
2910 2317 3212 2375 novissime
3263 2303 3518 2392 pervenit

236 2391 432 2445 civitas
458 2408 495 2444 a
524 2391 672 2445 Nino
714 2392 835 2446 Beli
879 2393 1015 2457 filio,
1052 2392 1232 2460 primo
1270 2410 1403 2464 rege
1449 2395 1836 2466 Assyriorum,
1921 2393 2169 2456 verbum,
2214 2397 2343 2466 quia
2383 2398 2671 2453 novissimi
2713 2407 2769 2455 et
2814 2403 3092 2461 difﬁcilius
3132 2391 3512 2470 crediderunt.

236 2479 465 2533 condita
514 2484 618 2546 est,
665 2496 835 2550 quam
882 2480 1072 2534 ferunt
1115 2481 1260 2534 tanti
1311 2498 1433 2536 esse
1476 2482 1741 2546 ambitus,
1774 2489 1838 2537 ut
1921 2482 2164 2536 Stultum
2205 2485 2358 2538 enim
2396 2487 2672 2556 putabant
2713 2490 2893 2546 Deum
2937 2495 3224 2554 hominem
3265 2504 3516 2572 potuisse

234 2567 408 2621 trium
439 2567 663 2622 dierum
694 2568 871 2638 possit
897 2568 1099 2623 itinere
1127 2569 1365 2623 circuiri.
1392 2569 1500 2625 Sed
1526 2573 1696 2625 Jonas
1719 2573 1837 2642 jam
1919 2570 2060 2627 ﬁeri.
2095 2578 2150 2624 et
2177 2573 2340 2626 mori.
2373 2575 2584 2630 Verum
2615 2583 2672 2631 et
2707 2579 2819 2645 isti,
2849 2582 2977 2637 licet
3003 2588 3163 2641 tarde
3192 2567 3361 2646 fidem
3401 2593 3515 2648 Do-

235 2661 542 2723 correctus,
566 2661 626 2710 et
650 2656 931 2728 naufragii
961 2657 1109 2728 quod
1139 2659 1447 2728 pertulerat
1472 2676 1706 2726 memor,
1732 2661 1839 2714 iter
1920 2658 2058 2711 mini
2089 2669 2476 2732 susceperunt,
2505 2670 2694 2719 tamen
2721 2667 2990 2738 depositis
3021 2679 3366 2733 ornamentis
3397 2698 3517 2736 ver-

232 2744 406 2798 trium
427 2745 652 2798 dierum
674 2745 842 2799 unius
854 2745 964 2798 diei
982 2745 1342 2800 festinatione
1356 2748 1668 2818 complevit.
1695 2749 1839 2802 Sunt
1920 2745 2139 2813 borum,
2155 2755 2212 2802 et
2229 2750 2445 2821 pompis
2461 2752 2787 2822 dogmatum
2809 2761 3185 2828 saecularium,
3201 2765 3516 2836 simplicem

233 2833 327 2902 qui
375 2838 584 2903 putant
628 2834 777 2904 quod
818 2834 878 2888 in
923 2834 1094 2888 tertia
1141 2840 1362 2889 tantum
1411 2844 1569 2906 parte
1598 2837 1838 2891 civitatis
1922 2840 1979 2888 et
2003 2837 2271 2891 rusticam
2297 2838 2636 2908 piscatorum
2665 2843 2977 2900 doctrinam
3007 2852 3166 2921 sequi
3200 2833 3510 2924 eruperunt.

231 2921 639 2990 pmdicaverit,
674 2927 733 2975 et
760 2922 839 2975 sic
866 2923 937 2976 ad
975 2939 1170 2978 omnes
1209 2924 1622 2994 praedicationis
1649 2941 1832 2980 sermo
1916 2923 2186 2979 Homines
2207 2932 2396 2980 autem
2425 2934 2482 2981 et
2502 2929 2760 2998 jumenta
2782 2933 3176 3006 intelliguntur
3199 2921 3317 2997 tam
3345 2945 3514 3001 ratio-

233 3010 570 3080 pervenerit.
604 3011 675 3064 Et
713 3010 814 3064 Dei
844 3011 1018 3065 Filius
1055 3013 1300 3065 surrexit
1327 3029 1362 3065 a
1388 3014 1644 3079 mortuis,
1679 3019 1733 3068 et
1775 3015 1833 3069 in
1853 3077 1892 3100 Π
1916 3011 2130 3066 nabiles
2161 3030 2329 3084 quam
2356 3015 2791 3086 irrationabiles,
2827 3023 2959 3093 quia
2998 3042 3162 3082 omne
3201 3047 3381 3100 genus
3407 3033 3514 3089 ho-

232 3099 503 3168 apostolis
540 3099 788 3169 perrexit
826 3099 897 3152 ad
944 3100 1206 3170 Niniven,
1245 3101 1351 3154 hoc
1398 3107 1500 3166 est,
1545 3102 1605 3155 in
1639 3118 1832 3157 omnes
1852 3077 1893 3133 0
1916 3103 2131 3155 minum
2163 3107 2281 3156 tam
2311 3105 2530 3159 ratione
2559 3109 2858 3175 utentium,
2891 3129 3061 3183 quam
3103 3121 3161 3170 et
3189 3077 3384 3175 (forum
3415 3122 3515 3193 qui

233 3187 426 3240 mundi
445 3187 726 3241 terminos
746 3187 947 3242 itinere
966 3189 1182 3242 dierum
1208 3190 1398 3255 trium,
1417 3190 1550 3259 quia
1569 3192 1834 3262 praecepit
1914 3205 2069 3242 more
2080 3189 2374 3245 brutorum
2393 3192 2652 3249 vivebant
2668 3197 3020 3266 animalium,
3038 3203 3109 3257 ad
3125 3187 3514 3276 paenitentiam

233 3282 294 3330 ut
319 3274 679 3347 baptisarent
703 3282 900 3346 gentes
928 3277 986 3330 in
1012 3277 1239 3330 nomine
1274 3277 1478 3344 Patris,
1512 3284 1568 3332 et
1596 3279 1740 3344 Filii,
1778 3285 1834 3334 et
1915 3283 1970 3331 et
1999 3279 2069 3331 ad
2100 3279 2268 3333 ﬁdem
2300 3281 2507 3336 Christi
2537 3300 2866 3341 conversum
2897 3296 2996 3344 est.
3031 3274 3144 3346 Veli
3162 3294 3344 3351 induti
3381 3304 3515 3354 sunt

236 3365 477 3435 Spiritus
507 3365 705 3418 sancti.
738 3365 847 3419 Sed
878 3366 981 3419 hoc
1017 3365 1127 3419 iter
1157 3365 1328 3420 trium
1357 3366 1576 3420 dierum
1610 3383 1723 3422 una
1747 3369 1835 3422 via
1915 3381 2098 3435 sacco,
2129 3367 2186 3420 id
2206 3375 2312 3434 est,
2335 3370 2489 3424 luctu
2513 3377 2570 3426 et
2598 3391 2856 3443 mcerore,
2893 3395 3060 3448 quem
3081 3383 3381 3441 sumebant
3408 3387 3511 3443 do-

235 3461 332 3517 est,
367 3455 507 3524 quia
536 3471 684 3509 unus
713 3458 800 3508 est
826 3455 976 3508 Deus
1007 3455 1177 3508 Pater
1203 3460 1260 3508 et
1290 3453 1466 3508 Filius
1496 3461 1553 3509 et
1590 3457 1832 3527 Spiritus
1913 3454 2091 3508 lentes
2115 3455 2323 3510 damna
2341 3458 2467 3513 vitae
2487 3463 2801 3530 praeteritae.
2830 3465 2987 3529 Quod
3015 3486 3208 3526 saccus
3226 3490 3327 3543 pro
3355 3476 3514 3531 luctu

237 3550 478 3599 sanctus.
515 3544 678 3599 Unde
723 3561 835 3598 non
879 3544 938 3596 in
987 3542 1327 3607 nominibus,
1363 3544 1461 3597 sed
1504 3544 1561 3597 in
1607 3545 1833 3600 nomine
1913 3548 2175 3614 ponatur,
2206 3547 2451 3600 ostendit
2491 3549 2791 3606 Psalmista
2835 3554 3026 3610 dicens
3059 3575 3070 3610 :
3110 3578 3137 3611 α
3177 3542 3511 3619 Gonscidisti

235 3630 542 3698 Trinitatis,
593 3649 716 3703 quae
761 3649 908 3686 unus
945 3638 1030 3686 est
1066 3632 1235 3699 Deus,
1277 3638 1692 3686 sacramentum
1731 3633 1831 3687 ba-
1914 3649 2137 3686 saccum
2168 3650 2380 3702 meum,
2415 3641 2472 3690 et
2501 3638 2917 3696 circumdedisti
2948 3662 3036 3699 me
3061 3647 3271 3702 laetitia.
3307 3670 3333 3703 »
3362 3652 3509 3707 Sane

238 3721 421 3790 ptismi
446 3721 760 3793 peragitur,
795 3737 906 3774 non
934 3725 1052 3774 tam
1083 3721 1152 3774 ab
1181 3721 1447 3792 apostolis
1470 3739 1639 3792 quam
1664 3739 1699 3776 a
1728 3724 1834 3777 Do-
1909 3722 2069 3791 juxta
2096 3722 2363 3789 litteram,
2395 3727 2545 3795 quod
2575 3727 2898 3785 dubitantes
2919 3733 3131 3801 dicunt,
3160 3737 3297 3800 Quis
3325 3740 3434 3794 scit
3459 3741 3509 3796 si

239 3810 594 3882 mino,!quem
615 3811 786 3864 Jonas
806 3809 1220 3881 praeﬁgurabat.
1243 3810 1311 3863 Et
1328 3810 1637 3864 notandum
1660 3813 1828 3882 quod,

242 3897 410 3953 tribus
429 3898 630 3952 diebus
647 3898 1121 3965 commemoratis,
1142 3898 1321 3952 noctis
1341 3899 1495 3952 nulla
1517 3901 1580 3952 ﬁt
1595 3900 1826 3963 mentio,

247 3988 367 4058 quia
392 3989 452 4042 in
496 3995 693 4043 sancta
728 3987 1003 4042 Trinitate
1043 3987 1184 4041 nihil
1223 3993 1308 4041 est
1337 3987 1655 4055 obscurum,
1689 3988 1829 4042 nihil

247 4077 615 4134 tenebrosum.

314 4183 340 4218 ι
368 4167 436 4220 Et
457 4167 629 4238 caepit
656 4168 827 4222 Jonas
849 4163 1085 4221 introire
1106 4165 1166 4220 in
1189 4165 1470 4220 civitatem
1493 4165 1693 4220 itinere
1718 4166 1828 4220 diei

251 4255 419 4320 unius,
455 4262 512 4311 et
559 4257 844 4325 clamavit,
877 4261 934 4309 et
976 4255 1159 4309 dixit:
1203 4254 1409 4309 Adhuc
1457 4256 1830 4326 quadraginta

253 4341 378 4410 dies,
404 4349 458 4397 et
491 4344 692 4398 Ninive
721 4343 1093 4397 subvertetur.
1137 4362 1164 4395 )›
1196 4344 1688 4413 Quadragenarius
1716 4361 1828 4398 nu-

256 4445 425 4486 merus
455 4433 838 4504 peccatoribus
867 4432 1123 4486 convenit
1151 4433 1210 4485 in
1248 4433 1464 4502 jejunio
1494 4438 1550 4486 et
1585 4433 1644 4486 in
1681 4433 1828 4487 affli-

259 4519 453 4574 ctione:
483 4522 632 4576 unde
662 4528 719 4575 et
749 4521 972 4592 Moyses
1003 4527 1059 4574 et
1087 4521 1235 4574 Elias
1264 4526 1349 4574 tot
1385 4521 1579 4575 diebus
1601 4523 1828 4592 jejuna-

257 4615 452 4675 verunt,
499 4611 619 4681 ipse
647 4609 917 4664 Dominus
945 4626 1108 4663 verus
1137 4611 1307 4664 Jonas
1351 4611 1408 4664 in
1451 4611 1724 4664 mundum
1756 4610 1827 4663 ad

258 4697 647 4764 praedicandum
674 4699 878 4753 missus
902 4699 1007 4752 hoc
1035 4698 1196 4752 nobis
1234 4699 1510 4769 jejunium
1540 4716 1828 4754 consecra-

257 4783 340 4840 vit.
367 4787 776 4841 Attendendum
817 4787 964 4858 quod
1007 4787 1220 4841 dictum
1257 4792 1359 4854 est,
1404 4806 1431 4841 α
1472 4789 1750 4843 clamavit.
1796 4808 1821 4841 »

255 4871 370 4928 Tale
396 4881 448 4929 et
478 4876 546 4930 de
574 4874 814 4930 Domino
844 4876 1102 4946 legimus,
1135 4876 1269 4947 quia
1313 4882 1469 4930 stans
1515 4878 1574 4931 in
1613 4879 1822 4949 templo

255 4960 519 5018 clamavit:
556 4981 584 5017 ε
618 4965 677 5020 Si
707 4965 832 5036 quis
851 4964 988 5032 sitit,
1020 4965 1210 5020 veniat
1237 4970 1294 5019 et
1319 4965 1492 5019 bibat.
1527 4986 1552 5018 »
1585 4967 1823 5036 Magnus

255 5049 442 5107 clamor
468 5059 552 5108 est
598 5053 780 5107 omnis
821 5070 1008 5108 sermo
1050 5054 1278 5121 Christi,
1326 5054 1458 5125 quia
1488 5071 1692 5124 magna
1719 5071 1823 5109 an-

256 5142 472 5196 nuntiat.

315 5247 340 5280 (
366 5231 431 5285 Et
457 5232 816 5287 crediderunt
834 5231 938 5288 viri
963 5235 1224 5290 Ninivite
1249 5235 1305 5288 in
1327 5232 1585 5298 Domino,
1609 5239 1665 5290 et
1693 5253 1828 5307 prae-

255 5315 552 5375 dicaverunt
587 5323 893 5392 jejunium,
921 5329 976 5378 et
995 5325 1182 5378 vestiti
1201 5330 1334 5378 sunt
1356 5325 1528 5378 saccis
1553 5342 1586 5378 a
1613 5327 1828 5398 majore

258 5421 411 5478 usque
439 5411 507 5464 ad
533 5411 832 5465 minorem.
865 5432 887 5463 ι
913 5413 1094 5483 Major
1111 5419 1275 5468 aestas
1297 5413 1534 5467 credidit
1561 5414 1618 5466 in
1642 5415 1830 5467 Domi-

259 5509 392 5565 num,
438 5499 802 5570 praedicantes
845 5501 1144 5572 jejunium,
1186 5508 1242 5556 et
1288 5519 1444 5556 sacco
1493 5502 1822 5557 vestiuntur.

260 5584 384 5641 Ante
401 5589 545 5660 quod
573 5595 661 5643 est
683 5591 985 5658 occultum,
1009 5591 1068 5647 id
1097 5595 1200 5661 est,
1221 5591 1521 5662 jejunium,
1541 5595 1667 5662 post
1689 5591 1828 5647 illud

441 5687 711 5776 Ριηέιοι.ἶ
761 5689 1002 5758 CXVII.

1914 3816 2272 3865 convertatur
2301 3818 2358 3865 et
2385 3813 2638 3883 ignoscat
2669 3815 2841 3884 Deus,
2875 3820 3000 3875 ideo
3029 3823 3293 3896 ambigue
3321 3829 3509 3898 profe-

1913 3905 2064 3966 runt,
2094 3906 2159 3954 ut
2181 3900 2336 3954 dubii
2366 3901 2434 3955 de
2460 3905 2641 3958 salute
2668 3906 2866 3962 fortius
2895 3917 3067 3980 agant
3095 3914 3501 3983 pcenitentiam,

1912 3994 1969 4043 et
1996 3991 2174 4060 magis
2204 3997 2504 4060 provocent
2525 3993 2706 4047 Deum
2731 3995 2800 4047 ad
2834 3997 3295 4056 misericordiam.

1987 4098 2008 4130 ι
2045 4080 2113 4132 Et
2141 4080 2281 4134 vidit
2310 4081 2459 4134 Deus
2489 4098 2660 4151 opera
2687 4098 2902 4150 eorum,
2929 4087 3059 4156 quia
3087 4092 3338 4146 conversi
3371 4100 3505 4150 sunt

1911 4167 1980 4221 de
2004 4167 2091 4222 via
2118 4186 2220 4223 sua
2248 4169 2414 4232 mala.
2449 4175 2506 4223 et
2549 4170 2812 4226 misertus
2851 4178 2936 4227 est
2962 4175 3110 4230 Deus
3141 4195 3310 4250 super
3337 4183 3504 4237 mali-

1910 4256 2067 4323 tiam,
2101 4275 2270 4328 quam
2297 4259 2518 4312 locutus
2546 4258 2730 4313 fuerat
2752 4266 2816 4315 ut
2842 4261 3052 4318 faceret
3081 4266 3182 4333 eis,
3205 4274 3263 4322 et
3289 4286 3402 4325 non
3429 4274 3507 4327 fe-

1911 4345 2004 4398 cit.
2031 4366 2058 4399 ›δ
2083 4347 2237 4401 Sicut
2256 4352 2390 4400 tunc
2410 4347 2652 4419 Assyriae
2670 4349 2815 4416 urbi,
2838 4351 2897 4406 id
2917 4359 3002 4406 est
3020 4354 3240 4424 Ninive,
3263 4358 3342 4413 sic
3363 4377 3505 4432 quo-

1912 4434 2049 4488 tidie
2079 4436 2227 4490 Deus
2257 4436 2408 4489 omni
2438 4437 2648 4490 mundo
2677 4440 2926 4495 minatur
2954 4440 3246 4501 interitum
3276 4449 3345 4502 ad
3375 4451 3500 4520 hoc,

1910 4528 1975 4577 ut
1989 4529 2159 4594 agant
2174 4524 2581 4594 pcenitentiam.
2607 4525 2662 4580 Si
2685 4527 2835 4581 enim
2859 4537 3217 4588 convertatur
3237 4538 3498 4606 mundus,

1910 4613 2254 4666 convertitur
2280 4613 2550 4666 Dominus
2583 4633 2593 4666 :
2629 4622 2685 4668 et
2722 4619 3108 4686 peccatoribus
3154 4626 3504 4682 mutantibus

1907 4699 2100 4766 vitam,
2124 4700 2365 4754 mutabit
2393 4703 2750 4756 sententiam.
2771 4706 3043 4759 Malitiam
3066 4725 3200 4764 sane
3223 4711 3331 4778 hic,
3357 4714 3504 4770 sicut

1908 4793 1965 4842 et
1993 4789 2266 4859 superius,
2299 4806 2400 4861 pro
2451 4791 2748 4846 afﬂictione
2797 4799 2855 4847 et
2899 4796 3187 4866 suppliciis
3231 4797 3502 4860 debemus

1904 4877 2172 4948 accipere.

2521 5022 2756 5082 CAPUT
2784 5025 2882 5082 IV.

1982 5165 2008 5201 α
2037 5147 2105 5204 Et
2130 5148 2371 5204 afﬂictus
2387 5155 2474 5204 est
2490 5151 2660 5206 Jonas
2681 5152 2982 5211 afﬂictione
3002 5173 3227 5231 magna,
3251 5171 3307 5221 et
3325 5167 3505 5228 iratus

1910 5242 2013 5291 est.
2051 5257 2075 5290 »
2112 5239 2320 5292 Videns
2350 5240 2669 5295 subintrare
2703 5244 3108 5312 plenitudinem
3142 5255 3417 5325 gentium,
3449 5269 3508 5317 et

1909 5326 2130 5397 impleri
2161 5328 2308 5397 quod
2352 5328 2409 5381 in
2456 5330 2893 5387 Deuteronomio
2941 5337 3270 5406 praedictum
3299 5345 3502 5417 fuerat,

1916 5434 1941 5466 «
1975 5415 2088 5485 Ipsi
2117 5432 2206 5468 me
2236 5425 2677 5486 provocaverunt
2701 5421 2759 5474 in
2783 5439 2847 5476 eo
2869 5423 2964 5494 qui
2983 5442 3094 5480 non
3115 5436 3236 5483 erat
3259 5434 3420 5503 Deus,
3449 5415 3506 5492 et

1912 5521 2013 5573 ego
2044 5503 2354 5572 provocabo
2384 5522 2478 5559 eos
2504 5507 2558 5560 in
2593 5525 2658 5561 eo
2689 5511 2784 5579 qui
2811 5527 2920 5565 non
2944 5519 3027 5567 est
3051 5519 3310 5587 populus,
3346 5543 3372 5575 ιδ
3403 5526 3502 5578 de-

1911 5597 2102 5663 sperat
2119 5590 2187 5646 de
2207 5592 2390 5648 salute
2413 5593 2657 5665 lsraelis,
2680 5597 2804 5653 ideo
2821 5599 2990 5669 dolet,
3006 5609 3063 5656 et
3077 5603 3203 5659 ideo
3218 5609 3492 5678 tristatur,

3223 5703 3262 5762 5
