4062 6168
1058 214 1437 270 HAYMONIS
1468 212 1958 289 HALBERSTAT.
1991 210 2226 285 EPISC.
2266 212 2424 268 OPP.
2457 212 2640 291 PARS
2667 214 2711 267 Ι.
2747 242 2813 254 -
3252 214 3433 270 BIBL.

618 355 730 423 non
752 339 901 423 quod
926 338 1201 419 invideret
1230 338 1397 392 saluti
1424 336 1697 407 gentium,
1718 335 1815 389 sed
1845 320 1993 405 quod
2016 340 2208 406 pereat
2224 338 2275 396 Α
2292 336 2397 390 hoc
2422 341 2508 389 est
2535 341 2836 406 antequam
2857 343 3185 392 coruscante
3206 337 3500 408 Evangelia
3525 341 3748 396 mundus
3764 360 3840 398 re-

618 414 809 481 Israel.
828 414 945 491 Sed
962 434 1019 482 et
1033 414 1303 481 Dominus
1321 432 1510 480 noster
1528 424 1681 477 ﬂevit
1694 439 1864 493 super
1880 427 2210 492 pereuntem
2291 424 2617 490 dimeretur,
2648 431 2705 478 et
2728 426 2883 495 plebs
2902 426 3137 480 Iudaica
3156 426 3564 496 reprobaretur,
3592 430 3744 483 Jonas
3760 448 3841 485 no-

617 510 992 581 Hierusalem,
1017 521 1074 570 et
1101 532 1212 570 non
1242 516 1359 569 vult
1387 515 1521 567 dare
1550 528 1750 583 panem
1788 512 2031 587 ﬁliorum
2063 511 2211 564 cani-
2291 518 2425 577 ster,
2459 513 2513 565 id
2545 519 2631 566 est
2662 514 2935 579 Christus,
2960 514 3062 568 sub
3092 514 3291 568 umbra
3316 521 3457 579 erat,
3479 515 3606 585 quia
3631 517 3839 571 necdum

616 594 741 670 bus,
777 594 832 658 et
879 594 1146 676 apostolis
1192 603 1512 674 praecipitur
1538 601 1782 671 primum
1814 606 1878 653 ut
1906 600 2211 670 praedicent
2292 601 2497 654 veritas
2517 601 2842 672 apparebat,
2867 603 2965 656 sed
2988 604 3045 656 in
3071 608 3204 673 typo
3231 610 3287 656 et
3316 604 3508 672 ﬁguris
3535 603 3727 658 ﬁebant
3746 621 3843 657 om-

616 682 1131 773 Ῑεηφιίρττίειᾳωί
1152 708 1284 773 ergo
1314 691 1385 744 ad
1414 695 1672 755 mortem,
1696 689 1891 769 dolens
1910 688 2095 759 perire
2118 703 2213 758 po-
2291 690 2405 741 nia.
2439 690 2680 743 Sedebat
2726 697 2916 744 autem
2958 691 3164 745 dicitur
3190 692 3248 744 in
3277 691 3471 744 habitu
3494 691 3706 761 judicis,
3732 692 3843 763 quia

617 764 810 870 pullim
842 798 950 870 pro
971 764 1309 867 quo'paSSus
1336 784 1439 861 est.
1838 764 1843 769 ’
2292 778 2485 831 sedere
2532 778 2857 848 judicantis,
2909 779 2995 832 vel
3059 780 3189 850 quia
3246 796 3306 833 se
3358 779 3744 843 humiliaverat,
3797 787 3845 835 et

674 864 715 922 ἰ
747 858 819 924 Et
842 855 1021 924 oravit
1042 869 1113 922 ad
1142 855 1467 933 Dominum,
1499 872 1557 920 et
1583 866 1723 920 dixit
1754 884 1765 918 ε
1798 864 2059 929 Obsecro,
2095 864 2210 918 Do-
2291 866 2601 920 divinitatis
2621 868 2973 937 majestatem
2992 868 3050 920 in
3076 868 3378 938 quamdam
3398 868 3845 923 contraxeratbre-

615 958 785 1018 mine,
810 957 1063 1028 nunquid
1085 973 1197 1009 non
1215 957 1320 1009 hoc
1341 961 1427 1021 est
1452 954 1682 1009 verbum
1715 970 1924 1018 meum,
1950 970 2076 1007 cum
2108 952 2209 1006 ad-
2290 954 2541 1009 vitatem.
2595 956 2702 1019 Qui
2746 956 2897 1009 enim
2944 956 3120 1022 sedet,
3171 957 3393 1011 videtur
3425 962 3604 1011 stante
3637 957 3837 1010 brevior.

612 1032 922 1109 huc-essem
943 1040 1002 1098 in
1019 1032 1177 1097 terra
1195 1044 1354 1097 mea?
1370 1044 1607 1113 Propter
1624 1032 1730 1095 hoc
1751 1041 2126 1112 prmoccupavi
2148 1045 2212 1095 ut
2293 1042 2452 1105 Quod
2484 1053 2675 1097 autem
2705 1044 2782 1098 ait
2814 1050 2878 1098 ut
2896 1045 3128 1107 videret,
3155 1046 3224 1098 ad
3253 1046 3495 1099 hominis
3524 1046 3843 1099 eﬁ‘ectumre-

610 1126 863 1205 fugerem
883 1122 942 1187 in
970 1124 1218 1187 Tharsis.
1238 1132 1369 1197 Scio.
1386 1121 1536 1185 enim
1559 1132 1692 1202 quia
1715 1136 1777 1185 tu
1800 1130 1946 1186 Deus
1964 1131 2209 1183 clemens
2290 1131 2556 1185 feramus.
2591 1133 2736 1185 Nam
2765 1132 2859 1185 ille
2891 1133 3082 1186 omnia
3110 1132 3259 1187 videt
3287 1138 3587 1203 antequam
3612 1134 3753 1186 ﬁant.

611 1229 670 1305 et
692 1212 1013 1307 misericors
1040 1239 1125 1307 es,
1143 1221 1362 1292 patiens
1382 1226 1439 1274 et
1468 1220 1658 1274 multa:
1680 1219 2075 1285 miserationis,
2106 1237 2131 1269 α
2156 1224 2210 1272 et
2366 1238 2393 1272 ι
2418 1220 2487 1273 Et
2505 1221 2841 1291 praeparavit
2854 1220 3126 1275 Dominus
3141 1220 3295 1300 Deus
3318 1221 3595 1281 hederam,
3616 1226 3669 1274 et
3685 1236 3843 1274 ascen-

610 1310 906 1391 ignoscens
926 1326 1096 1381 super
1110 1308 1405 1363 malitiam.
1434 1332 1458 1356 ι
1486 1308 1698 1361 Partim
1722 1315 1846 1361 orat
1864 1307 2053 1373 Jonas,
2076 1322 2208 1377 par-
2291 1308 2375 1361 dit
2401 1325 2570 1379 super
2602 1315 2770 1380 caput
2799 1310 2971 1375 Jonas,
3005 1316 3069 1364 ut
3115 1316 3263 1364 esset
3291 1310 3493 1364 umbra
3519 1325 3680 1380 super
3701 1315 3845 1379 caput

610 1385 717 1452 tim
746 1390 1127 1470 conqueritur,
1160 1398 1350 1451 dicens
1379 1414 1438 1450 se
1478 1395 1670 1466 fugere
1699 1395 1963 1449 noluisse.
1998 1394 2110 1449 Sed
2139 1394 2209 1447 ab
2292 1398 2432 1467 ejus,
2458 1403 2514 1450 et
2539 1402 2859 1468 protegeret
2877 1415 3025 1462 eum,
3063 1398 3417 1452 laboraverat
3445 1397 3611 1452 enim.
3634 1398 3842 1451 Etleta-

612 1474 1015 1563 obsecratione‘
1047 1474 1336 1557 incipiens,
1386 1490 1665 1552 temperat
1706 1484 1993 1554 querelam
2023 1498 2205 1537 suam.
2290 1491 2383 1540 tus
2400 1493 2486 1540 est
2514 1488 2685 1541 Jonas
2707 1504 2875 1558 super
2899 1488 3106 1541 hedera
3133 1488 3327 1542 laetitia
3348 1474 3567 1557 magna.
3600 1506 3621 1537 ι
3645 1487 3843 1541 Hedera:

611 1562 855 1631 Obsecro
882 1562 1119 1646 (inquit),
1144 1566 1398 1639 Domine,
1428 1570 1683 1643 nunquid
1714 1570 1827 1626 non
1855 1573 1961 1626 hoc
1981 1578 2065 1625 est
2084 1587 2211 1624 ver-
2238 1582 2497 1685 Bnatura
2527 1581 2629 1637 est,
2654 1582 2719 1629 ut
2746 1593 2846 1646 per
2872 1583 3082 1630 terram
3106 1575 3425 1630 errabundo
3448 1577 3589 1629 ﬂexu
3613 1580 3774 1645 repet,
3797 1580 3843 1629 et

611 1654 738 1685 lina-
781 1652 962 1685 _____'_.‘-
1027 1680 1143 1685 ---μ
1178 1664 1355 1685 -JL---
1385 1678 1556 1685 4---...
1587 1662 1640 1685 ε..
1674 1668 1820 1685 Α--..-
1853 1677 1972 1685 μμ.
2003 1660 2027 1685 ο
2057 1660 2179 1685 ωδ..
2296 1663 2409 1685 -;..-
2436 1663 2784 1685 -.ιμιμιΑηιε-
2807 1665 2886 1685 ---ι
2920 1664 3141 1685 p__-__|:_
3166 1648 3230 1685 A'J
3266 1664 3458 1685 Anu-..‘
3485 1679 3589 1685 μ-..
3619 1678 3814 1685 --_._--..

609 1663 745 1718 bum
781 1680 990 1728 meum,
1021 1680 1148 1717 cum
1174 1664 1357 1716 adhuc
1381 1678 1560 1715 essem
1587 1662 1644 1715 in
1674 1668 1827 1726 terra
1852 1677 1979 1715 mea
2003 1660 2027 1712 7
2057 1660 2211 1714 Scie-
2240 1660 2273 1685 Τ
2293 1663 2413 1717 sine
2432 1663 2785 1717 adminiculis
2807 1665 2889 1717 vel
2919 1664 3142 1718 ferculis
3162 1664 3233 1717 ad
3262 1664 3467 1718 altiora
3485 1679 3593 1717 non
3612 1678 3841 1717 conscen-

578 1752 737 1807 'bam
763 1745 1444 1827 (inquit)_'misericordem,
1470 1750 1729 1827 nolebam
1750 1756 1805 1804 te
1826 1751 2208 1804 truculentum
2291 1751 2406 1805 dat.
2442 1753 2549 1805 Per
2594 1752 2860 1806 hederam
2910 1769 3039 1807 vero
3085 1753 3390 1817 infirmam,
3424 1756 3479 1805 et
3515 1752 3628 1806 suis
3664 1750 3841 1805 viribus

606 1830 665 1896 et
688 1830 970 1919 crudelem
986 1824 1275 1905 nuntiare,
1298 1845 1356 1894 et
1381 1824 1588 1919 idcirco
1608 1840 1757 1893 volui
1782 1839 1993 1919 fugere.
2021 1838 2132 1893 Sed
2152 1845 2209 1891 et
2289 1840 2429 1893 nihil
2459 1827 2754 1905 valentem,
2786 1828 2949 1910 plebs
2995 1840 3227 1895 Judaica
3271 1845 3458 1910 potest
3497 1838 3715 1909 signari,
3751 1838 3840 1891 cito

604 1916 879 2013 Dominus
899 1919 1155 2013 Christus
1175 1945 1303 1997 cum
1325 1916 1541 1983 videret
1567 1918 1880 1995 obstinatos
1901 1928 2123 1981 Judaeos
2146 1927 2204 1980 in
2287 1945 2561 1995 crescens,
2609 1935 2666 1982 et
2710 1930 2902 1983 omnia
2957 1945 3017 1983 se
3064 1928 3339 1983 facturam
3393 1928 3711 1999 promittens
3740 1942 3840 2006 quae

604 2004 1467 2104 suamipsorumperditionem,
1500 2017 1658 2087 quasi
1689 2016 1911 2085 dicebat
1932 2016 2003 2069 ad
2026 2017 2202 2069 Deum
2284 2017 2433 2071 Deus
2480 2018 2761 2088 przecepit,
2821 2018 2921 2071 sed
2973 2017 3138 2071 citius
3194 2018 3581 2087 languescens,
3620 2020 3674 2069 et
3722 2004 3839 2086 prie;

603 2094 861 2177 Patremf:
887 2094 1151 2179 Nunquid
1175 2124 1287 2161 non
1307 2105 1547 2160 sciebam
1570 2106 1842 2170 futurum,
1866 2105 2125 2158 videlicet
2140 2109 2204 2157 ut
2284 2111 2446 2175 cepta
2494 2122 2605 2159 non
2656 2106 2917 2177 implens.
2960 2106 3090 2160 Haec
3119 2107 3404 2176 quondam
3442 2106 3652 2171 Ionam,
3689 2104 3739 2158 id
3771 2108 3840 2157 est

601 2182 814 2268 periret
832 2184 1027 2262 lsrael,
1046 2184 1174 2249 cum
1194 2195 1375 2263 adhuc
1395 2199 1580 2265 tecum
1604 2209 1781 2246 essem
1801 2193 1999 2246 Pater?
2024 2198 2081 2245 et
2102 2208 2203 2261 per
2285 2193 2568 2248 Christum
2601 2194 2930 2265 protegebat
2978 2210 3077 2264 spe
3115 2211 3230 2249 suae
3273 2194 3613 2259 salvationis,
3658 2197 3709 2247 et
3746 2206 3839 2245 non

601 2270 805 2349 isaiam
830 2272 1101 2355 diieram,
1226 2298 1463 2335 vacuum
1490 2280 1737 2334 laboravi
1766 2281 1886 2335 sine
1916 2296 2104 2347 causa,
2144 2286 2202 2334 et
2284 2298 2508 2352 parvam
2534 2283 2585 2336 ei
2614 2283 2867 2337 laetitiam
2887 2282 3143 2347 iaciebat,
3160 2283 3257 2336 sed
3279 2283 3393 2337 cito
3413 2299 3669 2354 percussa
3694 2279 3835 2345 aruit,

599 2362 741 2439 vane
768 2358 1158 2427 fortitudinem
1183 2361 1364 2449 meam
1390 2370 1729 2449 consumpsi.
1794 2358 1797 2363 ί
2283 2372 2416 2441 quia
2437 2371 2680 2424 radicem
2712 2373 2933 2425 firmam
2954 2372 3083 2425 fidei
3105 2388 3216 2425 non
3243 2371 3508 2438 habebat,
3535 2377 3590 2425 et
3608 2370 3751 2441 quasi
3771 2373 3838 2422 ta-

677 2482 700 2514 ‹
735 2451 990 2526 Etnunc,
1014 2450 1270 2525 Domine,
1295 2448 1670 2533 tolle,quaeso,
1694 2458 1939 2512 animam
1962 2474 2143 2510 meam
2166 2473 2201 2509 a
2280 2458 2646 2513 bernaculum
2693 2461 2846 2520 tecti,
2887 2460 3188 2533 praeferens
3231 2461 3539 2531 imaginem
3580 2460 3837 2513 domorum

600 2564 710 2615 me,
743 2538 876 2623 quia
900 2538 1099 2604 melius
1128 2538 1214 2625 est
1254 2549 1391 2602 mihi
1435 2564 1587 2601 mors
1630 2564 1799 2625 quam
1830 2546 1963 2600 vita.
2000 2566 2023 2598 »
2055 2546 2199 2610 Quia
2282 2564 2391 2601 non
2417 2548 2629 2603 habens
2655 2550 3107 2614 fundamentum,
3131 2549 3201 2602 de
3223 2565 3336 2625 quo
3356 2550 3530 2603 Isaias
3550 2550 3658 2601 ait:
3681 2546 3837 2600 Relin-

597 2622 1026 2711 unam‘gentem
1054 2622 1228 2705 Israel
1256 2638 1472 2692 salvare
1512 2653 1625 2690 non
1663 2622 1845 2707 potui,
1880 2635 2108 2700 moriar,
2141 2639 2199 2688 et
2281 2644 2486 2706 quetur
2529 2638 2645 2691 ﬁlia
2692 2638 2825 2692 Sion
2863 2644 2929 2692 ut
2967 2622 3361 2691 umbraculum
3408 2637 3466 2691 in
3496 2637 3666 2699 vinea,
3694 2649 3836 2704 quam

599 2718 751 2783 totus
780 2710 1023 2783 mundus
1051 2713 1373 2781 salvabitur.
1410 2714 1415 2719 ’
1829 2713 1833 2717 Α
2278 2724 2419 2779 bene
2465 2727 2689 2781 locusta:
2734 2728 2793 2780 in
2838 2726 3135 2796 Evangelio
3180 2726 3506 2797 designasse
3546 2710 3833 2787 creduntur,

614 2802 631 2813 ”
648 2812 653 2815 ’
671 2804 703 2869 «Α
732 2817 802 2871 Et
828 2815 967 2870 dixit
994 2802 1297 2885 Dominus:
1325 2816 1569 2868 Putasne
1599 2812 1740 2867 bene
1761 2811 2017 2865 irasceris
2040 2812 2138 2864 tu?
2165 2829 2191 2863 ›)
2278 2816 2485 2868 animal
2515 2833 2769 2886 parvum,
2792 2816 2860 2869 de
2881 2822 3033 2869 terra
3058 2815 3286 2886 quidem
3324 2814 3621 2869 exsiliendo
3645 2826 3836 2867 conser-

594 2892 995 2990 Iratusfuerat
1012 2890 1215 2983 'Jonas,
1233 2905 1316 2957 vel
1343 2890 1793 2983 quiavidebatur
1816 2902 1964 2973 apud
1989 2901 2195 2955 Ninivi-
2274 2920 2431 2972 gens,
2465 2905 2563 2958 sed
2610 2905 2777 2958 altius
2827 2921 2940 2958 non
2980 2905 3170 2957 valens
3210 2905 3418 2972 volare,
3452 2905 3581 2975 quia
3609 2908 3663 2957 et
3686 2899 3835 2956 Judei

593 2981 684 3049 tas
707 2981 883 3048 fuisse
911 2981 1214 3057 mentitus,"
1232 2992 1316 3044 vel
1348 2990 1481 3063 quia
1505 2981 1855 3060 intelligebat
1880 2990 2191 3061 periturum
2214 2991 2255 3050 C
2276 2992 2568 3047 audientes
2599 2995 2797 3060 legem,
2829 2994 3093 3047 dixerunt
3120 3011 3131 3045 :
3162 2991 3373 3048 Omnia
3402 3011 3523 3065 quae
3547 2988 3835 3063 praeceperit

592 3066 792 3167 Israel.
818 3083 934 3137 Nec
958 3081 1092 3136 dicit
1119 3079 1410 3161 Dominus,
1436 3080 1583 3133 male
1609 3079 1787 3139 iratus
1822 3095 1900 3145 es,
1934 3095 2005 3155 n'e
2041 3077 2192 3131 vide-
2277 3079 2437 3133 nobis
2479 3079 2756 3135 Dominus
2806 3082 2975 3146 Deus,
3028 3081 3319 3147 iaciemus,
3362 3087 3420 3135 et
3461 3080 3761 3134 obedientes
3790 3074 3833 3128 ei

591 3165 753 3227 retur
776 3165 1184 3244 reprehendere
1204 3167 1627 3233 contristatum;
1656 3183 1758 3221 nec
1781 3180 2006 3235 rursum
2034 3165 2189 3231 dicit,
2278 3168 2505 3223 erimus.
2543 3170 2651 3223 Sed
2688 3187 2815 3223 mox
2852 3170 3102 3224 conversi
3131 3175 3264 3223 sunt
3294 3169 3354 3223 in
3384 3185 3574 3224 arcum
3612 3178 3831 3239 pravum,

592 3243 736 3325 bene
765 3246 945 3341 iratus
973 3275 1053 3324 es,
1081 3275 1151 3341 ne
1180 3275 1294 3312 suae
1324 3256 1952 3337 sententiaalcontrarius
1979 3257 2072 3310 sit.
2105 3254 2194 3308 In—
2278 3263 2335 3311 et
2360 3274 2472 3311 non
2500 3259 2888 3312 custodierunt
2913 3264 3320 3313 testamentum
3348 3258 3468 3314 Dei.

591 3340 847 3423 terrogat
871 3365 1004 3423 ergo
1034 3340 1218 3419 ipSum
1251 3364 1449 3413 causas
1476 3346 1733 3423 mceroris
1761 3345 1847 3398 sui
1877 3352 1939 3411 ut
1966 3344 2192 3423 respon-
2351 3366 2373 3397 ι
2417 3345 2490 3399 Et
2534 3348 2753 3418 paravit
2797 3348 2946 3402 Deus
2992 3364 3237 3402 vermem
3268 3364 3509 3403 ascensu
3547 3343 3760 3401 diluculi
3788 3340 3835 3395 in

592 3420 867 3515 aeta—aii;
890 3420 942 3491 lsi
962 3436 1220 3509 tacuerit,
1246 3436 1347 3503 Dei
1367 3435 1647 3509 judicium
1669 3420 1771 3515 suo
1792 3434 2015 3501 silentio
2046 3420 2195 3487 com-
2274 3436 2603 3501 crastinum,
2637 3442 2693 3490 et
2732 3435 3005 3506 percussit
3043 3437 3334 3504 hederam,
3372 3444 3430 3493 et
3474 3435 3699 3491 exaruit.
3730 3452 3753 3485 ι
3780 3428 3867 3485 In.

591 3510 807 3629 probet.
872 3516 877 3521 ’
928 3514 945 3521 Ἴ
1720 3510 1743 3515 Η
2273 3526 2489 3594 psalmo
2504 3525 2600 3595 qui
2620 3524 2962 3590 inscribitur,
2976 3545 2998 3576 ι
3013 3542 3114 3596 pro
3129 3527 3519 3597 assumptione
3533 3522 3831 3603 matutina,»

628 3600 637 3612 ι
726 3604 817 3629 τι..
1158 3618 1168 3629 ι
1208 3611 1236 3629 τ
1294 3628 1299 3629 ,
1412 3612 1428 3629 I
1522 3612 1534 3623 ⁵
1579 3611 1701 3629 ἈκΔγ
1766 3616 1803 3629 ΑΔ
1838 3628 1843 3629 ,
1872 3628 1879 3629 κ
1910 3610 1971 3629 ISA
2008 3616 2182 3629 -__.AA-A
2354 3614 2397 3629 ἢ
2502 3613 2513 3624 ο
2848 3598 2857 3611 1
3068 3614 3106 3629 II
3154 3620 3163 3629 ι
3238 3615 3274 3629 II
3542 3615 3581 3629 τη
3684 3615 3830 3629 -__A-...

669 3634 693 3666 ι
724 3616 795 3669 Et
811 3604 1071 3687 egressus
1092 3618 1177 3681 est
1199 3611 1377 3685 Jonas
1397 3612 1466 3687 de
1488 3611 1733 3676 civitate,
1755 3616 1811 3664 et
1831 3610 1974 3675 sedit
1997 3616 2193 3664 contra
2274 3630 2332 3666 se
2354 3613 2626 3667 Dominus
2649 3604 2894 3667 vermem
2923 3614 3189 3684 appellat,
3221 3615 3416 3670 dicens
3438 3633 3450 3668 :
3490 3636 3511 3666 ι
3541 3615 3651 3684 Ego
3672 3615 3836 3664 autem

593 3686 868 3777 orientem
888 3686 1146 3777 civitatis,
1171 3705 1228 3754 et
1248 3700 1379 3761 fecit
1397 3699 1502 3752 sibi
1523 3698 1934 3763 umbraculum,
1955 3703 2013 3751 et
2030 3698 2191 3752 sede-
2274 3718 2398 3755 sum
2431 3703 2636 3756 vermis
2675 3709 2732 3757 et
2768 3720 2880 3757 non
2922 3704 3108 3757 homo.
3143 3722 3170 3757 ι)
3202 3703 3429 3758 Vermis
3468 3717 3699 3773 namque
3734 3697 3834 3751 sine

591 3774 690 3848 bat
719 3792 915 3851 subter
940 3774 1082 3844 illud
1113 3791 1171 3844 in
1202 3788 1424 3851 umbra,
1448 3789 1625 3843 donec
1648 3788 1865 3842 videret
1890 3787 2022 3859 quid
2055 3787 2194 3840 acci-
2274 3790 2485 3845 semine
2510 3791 2579 3844 de
2604 3796 2755 3845 terra
2781 3792 2987 3859 oritur;
3022 3792 3168 3862 repit
3192 3793 3448 3862 humilis,
3471 3795 3713 3846 movetur
3734 3786 3835 3840 sine

592 3868 753 3937 deret
780 3879 1007 3957 civitati.
1047 3897 1072 3932 ›)
1098 3868 1304 3957 Civitas
1337 3878 1561 3957 quando
1591 3878 1649 3932 in
1678 3878 1826 3932 malo
1855 3878 2102 3948 ponitur,
2133 3878 2195 3931 fi-
2277 3879 2483 3937 sonitu.
2507 3885 2563 3933 et
2587 3880 2842 3934 Christus
2863 3880 2931 3933 de
2951 3879 3166 3949 virgine
3185 3886 3341 3933 terra
3365 3886 3532 3935 natus
3560 3884 3657 3943 est,
3680 3872 3836 3929 humi-

592 3954 1060 4045 duciamterrenaa
1072 3954 1592 4045 speiet'cupiditatis
1607 3967 1903 4037 mundana:
1916 3966 2188 4043 designat.
2276 3966 2345 4021 lis
2373 3967 2523 4021 inter
2549 3967 2773 4038 probra,
2796 3984 2906 4021 non
2932 3969 3243 4022 reclamans
3273 3969 3333 4021 in
3362 3968 3635 4040 passione.
3662 3964 3834 4032 Itaque

593 4046 747 4141 Nam“
770 4043 927 4141 Cain,
952 4044 1048 4129 qui
1075 4043 2047 4137 mundum’fratricidio'cruentavit,
2082 4055 2193 4125 pri-
2274 4062 2577 4127 antequam
2612 4056 2854 4110 oriretur
2881 4056 2982 4123 sol,
3010 4057 3068 4110 id
3100 4062 3185 4111 est
3213 4063 3517 4129 antequam
3547 4053 3835 4122 resurgeret

594 4143 1748 4219 muslegituraediﬁcassecivitatemJonas
1761 4160 1892 4212 ergo
1906 4143 2193 4212 egreditur
2275 4144 2549 4209 Christus,
2578 4144 2793 4198 virebat
2818 4144 3048 4214 hedera,
3071 4145 3309 4199 florebat
3336 4145 3836 4212 Judaea.Postquam

595 4216 1036 4315 de‘civitate,qui
1051 4216 1405 4309 columbavel
1425 4231 1619 4283 dolens
1635 4231 2191 4301 dicitur,quiaomnis
2209 4270 2259 4329 D
2276 4249 2402 4286 vero
2432 4233 2524 4286 ille
2550 4232 2809 4298 surrexit,
2842 4239 2899 4287 et
2936 4233 3155 4297 Ninive,
3186 4234 3242 4288 id
3269 4240 3357 4289 est
3384 4234 3624 4290 mundus
3654 4225 3834 4285 erroris

595 4321 835 4399 simplex
851 4327 908 4397 et
924 4312 1125 4395 dolens
1145 4336 1245 4395 pro
1276 4318 1516 4388 peccatis
1544 4319 1682 4387 suis,
1703 4320 1947 4373 alienum
1973 4336 2031 4373 se
2061 4320 2195 4381 facit
2210 4312 2531 4375 "'umbram
2580 4322 2805 4392 repulit,
2854 4322 3105 4377 veritatis
3152 4323 3344 4377 lumen
3374 4323 3599 4394 recepit,
3634 4320 3834 4391 paratus

594 4425 629 4463 a
660 4396 848 4489 saeculi
870 4396 1296 4489 ’cupiditatibus,
1324 4407 1534 4460 nullam
1561 4407 1619 4460 in
1642 4407 1979 4471 vanitatibus
2004 4409 2191 4461 saeculi
2272 4411 2477 4463 vermis
2499 4406 2772 4480 percussit
2791 4410 3057 4465 hederam
3086 4412 3331 4467 Judaicae
3351 4413 3549 4485 plebis,
3572 4414 3627 4465 et
3645 4402 3835 4462 exemit

593 4515 751 4571 spem
782 4499 971 4571 ponit,
991 4498 1088 4558 sed
1117 4497 1336 4562 habitat
1365 4500 1560 4549 contra
1589 4496 1881 4560 orientem,
1912 4495 2025 4548 veri
2056 4495 2190 4549 solis
2273 4496 2377 4551 Dei
2396 4498 2601 4552 auxilio
2624 4498 2911 4553 destituta.
2930 4500 3048 4553 Hoc
3064 4506 3253 4554 autem
3274 4500 3484 4555 factum
3501 4504 3586 4554 est
3603 4499 3836 4551 inescen-

593 4569 856 4667 ortumbt
875 4592 1193 4667 respectum
1211 4585 1641 4656 exspectans.Et
1659 4584 1875 4647 habitat
1893 4585 1946 4637 in
1966 4583 2191 4639 umbra-
2272 4588 2428 4642 sione
2466 4587 2716 4655 diluculi,
2763 4589 2891 4662 quia
2939 4588 3196 4643 Christus
3228 4605 3397 4644 mane
3426 4590 3606 4661 prima
3644 4578 3836 4640 sabbati

594 4664 741 4759 culo,
760 4666 867 4761 hoc
892 4685 979 4757 est
998 4664 1284 4761 inomentis
1309 4691 1423 4735 sua:
1443 4673 1716 4754 custodia,
1739 4673 1899 4743 quasi
1920 4674 1977 4726 in
2002 4671 2190 4727 taber-
2274 4677 2534 4734 surrexit,

594 4750 809 4822 naculo'
838 4750 1156 4839 requiescit,
1211 4764 1345 4836 quid
1402 4763 1613 4817 civitati
1660 4750 1859 4816 Ninive
1903 4763 2191 4833 contingat
2349 4786 2372 4817 (
2417 4765 2492 4820 Et
2533 4783 2661 4821 cum
2710 4771 2866 4821 ortus
2903 4766 3105 4822 fuisset
3154 4769 3256 4835 sol,
3301 4768 3565 4840 praecepit
3594 4761 3836 4837 Dominus

589 4856 723 4927 (hoc
760 4861 847 4910 est
883 4856 1019 4927 quid
1066 4854 1277 4908 mundo
1324 4853 1580 4907 futurum
1627 4851 1721 4918 sit)
1761 4852 2189 4922 contemplando
2271 4860 2435 4909 vento
2465 4855 2645 4909 calido
2677 4861 2734 4909 et
2762 4858 2967 4921 urenti,
2997 4862 3054 4910 et
3079 4857 3354 4929 percussit
3378 4859 3461 4912 sol
3496 4871 3659 4926 super
3692 4850 3838 4921 caput

591 4945 939 5015 praestolans.
962 4944 1043 4997 De
1074 4943 1180 4997 hac
1199 4941 1717 5017 civitateDominus
1740 4958 1838 5011 per
1853 4942 1993 4995 Osee
2013 4942 2147 4995 dicit
2170 4960 2181 4995 :
2268 4942 2449 5010 Jonas,
2474 4950 2529 4997 et
2548 4944 2839 4999 aestuabat.
2869 4968 2885 4991 ι
2904 4945 2964 4999 Id
2988 4951 3091 5012 est,
3112 4940 3280 4999 etiam
3302 4951 3429 5017 post
3449 4930 3657 5001 Christi
3668 4942 3836 4995 resur-

592 5030 661 5085 In
690 5032 874 5086 medio
911 5031 996 5086 tui
1025 5048 1151 5085 sum
1182 5037 1431 5109 sanctus,
1460 5037 1517 5085 et
1546 5048 1654 5085 non
1687 5030 1975 5100 ingrediar
2001 5030 2189 5083 civita-
2270 5033 2572 5087 rectionem
2597 5038 2654 5086 et
2673 5034 2992 5088 Judaeorum
3014 5034 3485 5106 reprobationem,
3504 5034 3679 5087 adhuc
3697 5040 3836 5083 mens

591 5126 726 5173 tem.
763 5120 831 5173 Et
866 5119 929 5173 in
968 5112 1417 5185 Deuteronomio
1446 5137 1559 5173 una
1594 5120 1956 5189 fugitivorum
1997 5118 2188 5173 civitas
2272 5120 2494 5174 Domini
2524 5122 2812 5175 salvatoris
2841 5122 3118 5176 desiderio
3149 5125 3347 5177 salutis
3376 5124 3524 5177 illius
3565 5116 3831 5175 aestuabat.

589 5200 834 5263 Ramoth
854 5208 1073 5272 dicitur,
1100 5223 1222 5277 quae
1241 5206 1649 5277 interpretatur
1676 5209 1811 5261 visio
1842 5208 2057 5261 mortis.
2081 5208 2187 5271 Qui
2270 5210 2601 5281 praecipiens
2633 5212 2900 5281 apostolis
2931 5217 2986 5265 et
3015 5212 3205 5267 dicens
3231 5231 3241 5266 :
3273 5231 3300 5265 «
3330 5212 3500 5268 Eritis
3526 5209 3663 5265 mihi
3685 5209 3835 5260 testes

591 5298 739 5351 enim
765 5298 834 5351 de
858 5296 1207 5349 Hierusalem
1233 5294 1477 5365 ejicitur,
1496 5313 1619 5366 quae
1641 5304 1724 5351 est
1743 5297 1880 5351 visio
1901 5296 2071 5367 pacis,
2092 5297 2188 5351 ha-
2270 5297 2326 5351 in
2354 5299 2700 5354 Hierusalem
2726 5300 2857 5353 etin
2879 5300 3031 5354 omni
3049 5300 3247 5356 Judaea
3270 5308 3328 5357 et
3352 5300 3621 5357 Samaria.
3650 5316 3671 5347 ι
3695 5289 3834 5348 Unde

589 5386 732 5441 bitat
752 5386 823 5467 ini
845 5385 1103 5449 Ramoth,
1128 5384 1180 5437 id
1205 5384 1369 5437 estin
1391 5384 1600 5438 visione
1621 5387 1835 5457 mortis.
1865 5386 1971 5441 Sed
1994 5391 2050 5439 et
2070 5403 2188 5456 my-
2270 5392 2326 5440 et
2364 5388 2432 5441 ab
2472 5389 2826 5443 Hierusalem
2866 5374 3278 5459 praedicationis
3323 5390 3547 5467 initium
3598 5377 3835 5458 prince!)it

594 5475 731 5530 stice
750 5464 1054 5559 antequam
1076 5472 1157 5551 sol
1174 5472 1436 5556 oriretur,
1455 5474 1937 5558 exsiccareturque
1956 5474 2185 5543 hedera,
2270 5476 2410 5543 ﬁeri,
2442 5477 2632 5532 dicens
2664 5493 2675 5527 :
2712 5497 2735 5530 ι
2770 5478 3079 5549 Oportebat
3105 5480 3226 5552 pati
3256 5464 3547 5539 Christum
3572 5482 3628 5533 et
3662 5482 3833 5529 resur-
