4062 6168
238 283 313 340 ill

1107 273 1527 330 ENARRATIO
1567 274 1646 328 IN
1684 271 2041 327 MICHIEAM
2076 272 2535 329 PROPHETAM.

3357 282 3462 342 142

225 423 350 480 gere,
378 410 429 459 et
452 402 753 473 praedicari
784 401 841 455 in
871 399 1099 455 nomine
1143 400 1264 469 ejus
1314 397 1700 468 paenitentiam
1730 401 1785 449 et
1807 398 2274 463 Ameretricibus,
2308 400 2602 469 pristinam
2649 401 2965 472 reciperent
2998 405 3261 473 gratiam.
3303 406 3465 471 Quod

230 493 575 550 remissionem
602 496 958 561 peccatorum
982 488 1037 540 in
1060 504 1253 541 omnes
1272 493 1487 556 gentes,
1520 485 1787 555 incipien-
1870 495 2056 539 autem
2089 489 2167 540 ait
2188 488 2355 547 Deus,
2396 508 2417 537 σ
2451 489 2658 542 hedera
2678 489 2782 542 sub
2802 506 2914 544 una
2940 496 3104 547 nocte
3132 499 3266 548 nata
3294 500 3403 562 est,
3436 518 3462 548 ι

232 584 352 639 tibus
377 581 440 635 ab
460 580 834 634 Hierusalem.
861 597 886 628 θ
908 597 929 627 ι
959 578 1026 630 Et
1057 576 1253 647 petivit
1284 598 1307 626 »
1342 577 1510 629 Jonas
1541 595 1561 623 σ
1589 575 1789 627 animae

228 689 320 728 suae
359 675 417 724 ut
454 674 789 731 moreretur,
819 672 875 720 et
911 666 1051 719 dixit
1084 684 1095 716 :
1130 664 1327 718 Melius
1365 669 1453 716 est
1479 663 1618 715 mihi
1648 662 1792 716 mori

230 777 367 833 quam
396 759 593 811 vivere.
624 778 647 808 ι)
670 754 735 809 Ιη
758 754 1097 826 baptismate
1119 770 1245 808 cum
1279 752 1473 814 Israel,
1493 758 1555 805 ut
1570 753 1627 804 in
1647 752 1796 804 lava-

227 865 302 902 cro
327 847 629 917 reciperent
656 845 971 907 humorem,
1014 858 1178 912 quem
1217 841 1475 911 negando
1506 840 1792 894 Christum

232 935 576 1009 perdiderant.
612 933 772 987 Unde
802 937 859 985 et
901 932 1101 985 Petrus
1143 928 1622 998 interrogantibus
1661 927 1795 998 quid

226 1030 443 1097 agerent,
479 1022 701 1076 dicebat
722 1034 767 1072 ει
794 1018 1188 1074 Paenitentiam
1215 1017 1386 1088 agite,
1405 1023 1461 1071 et
1484 1017 1797 1088 baptizetur

230 1112 585 1182 unusquisque
603 1116 869 1164 vestrum.
909 1128 935 1160 »
975 1108 1135 1172 Quod
1166 1123 1296 1160 vero
1325 1106 1583 1171 diximus,
1612 1106 1670 1159 in
1697 1105 1796 1159 ba-

228 1203 406 1274 ptismo
435 1215 564 1253 eum
594 1199 741 1252 mori
770 1197 930 1261 velle,
961 1195 1213 1265 Apostoli
1251 1204 1339 1247 est
1369 1194 1667 1259 sententia,
1701 1194 1798 1264 qui

229 1290 344 1345 dicit
359 1288 737 1357 :«Quicunque
759 1284 1027 1356 baptizati
1043 1299 1236 1337 sumus
1252 1283 1311 1336 in
1333 1282 1555 1337 Christo
1578 1281 1797 1350 Jesu,in

229 1383 383 1430 morte
410 1375 589 1445 ipsius
617 1372 883 1443 baptizati
913 1386 1126 1425 sumus.
1152 1389 1174 1420 ι
1201 1369 1440 1433 Quidam
1468 1384 1713 1422 vermem
1744 1372 1800 1421 et

227 1470 451 1518 urentem
499 1467 756 1523 ventum,
808 1460 1095 1514 Romanos
1137 1458 1480 1527 intelligunt,
1526 1456 1641 1527 qui,
1675 1460 1801 1527 post

229 1552 404 1607 Christi
455 1550 930 1605 resurrectionem
980 1554 1037 1602 et
1078 1547 1487 1608 ascensionem,
1520 1544 1789 1599 Israelem

225 1641 416 1712 penitus
435 1640 785 1694 deleverunt.

1873 591 1981 627 nox
2010 580 2232 646 tempus
2252 575 2530 645 significat
2560 582 2690 630 ante
2719 578 3021 633 adventum
3048 581 3276 636 Christi.
3307 584 3470 647 Quod

1874 679 2004 715 vero
2034 662 2312 725 subditur,
2348 684 2370 714 ι
2415 670 2473 718 et
2492 664 2595 718 sub
2622 681 2737 718 una
2775 674 2938 721 nocte
2957 670 3145 739 periit,
3181 690 3203 722 ι
3237 687 3347 726 nox
3370 673 3472 727 ite-

1875 767 2000 805 rum
2030 752 2287 822 designat
2309 758 2535 824 tempus
2551 754 2610 807 in
2641 771 2751 824 quo
2782 756 3069 811 Christum
3097 766 3465 829 negaverunt,

1876 840 2101 910 quando
2134 840 2215 893 eis
2242 857 2407 894 verus
2432 842 2527 896 Sol
2552 842 2787 912 justitize
2804 844 3083 901 occubuit.

1952 948 1979 979 α
2019 929 2088 982 Et
2115 944 2237 998 ego.
2271 929 2474 999 inquit,
2506 946 2617 984 non
2640 946 2866 1001 parcam
2894 933 3093 988 Ninive
3113 936 3327 991 civitati
3352 953 3472 992 ma-

1876 1033 2018 1087 gnae.
2062 1036 2083 1066 ι
2118 1017 2319 1071 Ninive
2366 1018 2563 1071 civitas
2587 1036 2793 1089 magna
2835 1020 3088 1076 Ecclesia
3115 1030 3220 1090 est,
3252 1042 3319 1080 ex
3342 1027 3473 1081 imi-

1878 1106 2141 1160 versitate
2168 1106 2422 1175 gentium
2458 1115 2815 1178 congregata.
2848 1109 3061 1165 Revera
3088 1128 3312 1182 magna,
3341 1116 3478 1185 quia

1878 1196 2056 1249 multo
2078 1196 2259 1265 major
2273 1200 2358 1249 est
2378 1196 2680 1250 multitudo
2702 1197 2950 1252 ﬁdelium
2970 1215 3037 1253 ex
3064 1202 3323 1257 omnibus
3339 1216 3474 1273 gen-

1881 1284 2051 1351 tibus,
2084 1300 2252 1354 quam
2283 1285 2575 1339 duodecim
2608 1284 2787 1340 tribus
2836 1284 3030 1341 Israel.
3071 1288 3237 1353 Quod
3281 1297 3475 1346 autem

1880 1372 2034 1437 dicit,
2059 1393 2080 1422 ι
2098 1373 2157 1426 in
2186 1389 2297 1444 qua
2323 1378 2457 1427 sunt
2483 1373 2609 1445 plus
2630 1390 2797 1445 quam
2827 1381 3049 1430 centum
3069 1376 3269 1447 viginti
3297 1379 3480 1434 millia

1880 1461 2194 1522 hominum,
2229 1462 2326 1532 qui
2371 1450 2630 1516 nesciunt
2660 1464 2794 1533 quid
2824 1463 3076 1518 sitinter
3100 1464 3389 1520 dexteram
3420 1472 3479 1522 et

1874 1550 2161 1604 sinistram
2195 1566 2377 1613 suam,
2425 1557 2482 1604 et
2519 1551 2780 1620 jumenta
2809 1552 3009 1618 multa,
3037 1554 3199 1623 juxta
3226 1553 3479 1610 litteram

1820 1639 2238 1735 Binnocentem
2266 1644 2324 1692 et
2345 1638 2654 1709 simplicem
2680 1640 3043 1711 parvulorum
3064 1647 3123 1695 et
3150 1642 3484 1699 lactentium

260 1731 345 1784 «Et
361 1729 497 1783 dixit
517 1729 792 1783 Dominus
813 1727 884 1781 ad
899 1726 1375 1792 Jonam,Putasne
1386 1725 1529 1779 bene
1543 1724 1804 1778 irasceris
1820 1724 1866 1735 ”
1887 1732 2165 1779 monstrat
2190 1732 2431 1790 aetatem,
2465 1734 2531 1780 ut
2551 1727 2683 1780 hinc
2721 1728 3015 1797 colligatur
3036 1735 3281 1800 quantus
3309 1732 3484 1787 fuerit

226 1826 274 1872 te
297 1834 452 1888 super
480 1817 754 1871 hederam
775 1816 887 1869 ?Et
915 1816 1075 1879 dixit,
1097 1817 1245 1869 Bene
1268 1814 1481 1868 irascor
1501 1830 1603 1884 ego
1626 1828 1802 1882 usque

227 1906 284 1960 ad
299 1912 546 1960 mortem.
576 1925 599 1955 ι
625 1904 895 1975 Superius
907 1905 1029 1974 jam
1050 1904 1261 1958 salvato
1293 1920 1395 1974 per
1413 1902 1799 1973 paenitentiam

223 1995 575 2049 Ninivitarum
601 1994 826 2065 populo,
857 1993 1057 2047 iisdem
1089 1991 1273 2046 verbis
1296 1992 1678 2061 interrogatus
1707 1990 1798 2043 Jo-

227 2100 309 2137 nas
336 2082 463 2137 nihil
507 2082 822 2153 respondit,
867 2081 1001 2135 licet
1045 2081 1259 2134 videret
1290 2096 1401 2134 non
1431 2096 1552 2133 esse
1582 2080 1794 2133 factum

224 2172 347 2242 quod
378 2170 742 2242 praedixerat,
773 2170 868 2223 sed
908 2168 1131 2223 Domini
1169 2169 1667 2239 interrogationem
1697 2182 1799 2220 suo

226 2260 421 2314 silentio
451 2258 861 2330 comprobavit.
912 2258 1135 2312 Sciebat
1162 2258 1311 2311 enim
1354 2257 1656 2311 Dominum
1687 2255 1799 2309 cle-

221 2349 616 2403 mentissimum
638 2364 759 2401 esse
781 2352 836 2400 et
862 2347 1054 2400 multa:
1080 2346 1482 2400 miserationis.
1514 2346 1676 2398 Nunc
1703 2359 1800 2397 au-

223 2443 318 2491 tem
339 2455 457 2492 cum
486 2437 549 2491 in
579 2437 883 2490 siccatione
908 2436 1127 2490 hederas
1155 2435 1429 2489 intellexit
1456 2433 1680 2488 Israelis
1716 2449 1801 2486 re-

225 2526 612 2599 probationem,
648 2524 1021 2580 audacissime
1049 2525 1338 2595 respondit
1360 2524 1554 2587 :‘Bene
1594 2524 1807 2577 irascor

223 2630 309 2685 ego
334 2632 504 2687 usque
536 2616 623 2677 ad,
654 2620 914 2669 mortem.
947 2615 1074 2667 Non
1103 2613 1250 2671 enim
1281 2613 1558 2667 Ninivitas
1586 2611 1666 2665 sic
1692 2611 1800 2665 sal-

222 2720 335 2757 vare
363 2705 529 2772 volui,
566 2709 637 2758 ut
664 2703 843 2758 Judaei
871 2703 1140 2773 perirent,
1172 2718 1275 2755 nec
1316 2702 1395 2755 sic
1423 2700 1572 2754 volui
1598 2699 1806 2753 lucrari

220 2792 426 2857 alienos,
458 2798 524 2846 ut
542 2792 844 2863 perderem
896 2790 1170 2862 proprios.
1202 2791 1369 2843 Juxta
1399 2794 1636 2859 emptam
1667 2788 1805 2841 alle-

220 2881 417 2951 goriam
446 2882 503 2934 in
543 2880 700 2934 Jona
730 2880 1097 2950 intelligimus
1128 2878 1437 2943 Christum,
1470 2878 1565 2948 qui
1589 2876 1808 2946 plangit

222 2976 530 3039 pereuntem
557 2967 1013 3031 Hierusalem,et
1039 2966 1257 3038 plangit
1273 2982 1450 3036 usque
1472 2965 1541 3018 ad
1568 2977 1803 3020 mortem

221 3072 317 3113 non
362 3075 541 3124 suam,
587 3057 693 3110 sed
734 3056 1075 3122 Iudaeorum,
1119 3056 1213 3126 qui
1260 3042 1515 3108 excaecati
1560 3060 1710 3120 sunt,
1743 3060 1815 3108 ut

1884 1830 2154 1868 numerus
2200 1815 2433 1884 majoris
2479 1814 2678 1879 aetatis,
2713 1815 2761 1868 si
2784 1820 2979 1870 tantus
3010 1817 3183 1872 fuerit
3222 1820 3482 1889 parvulo-

1882 1919 2029 1956 rum.
2068 1902 2166 1956 Vel
2211 1908 2362 1957 certe
2391 1903 2448 1956 in
2478 1920 2545 1957 ea
2574 1903 2797 1957 civitate
2826 1910 2950 1958 erat
2981 1905 3261 1961 immensa
3286 1907 3482 1962 multi-

1879 1992 2035 2055 tudo,
2069 2008 2191 2062 quze
2226 1996 2358 2045 ante
2406 1991 2797 2062 paenitentiam
2830 1994 3128 2063 ignorabat
3171 1995 3305 2066 quid
3330 2003 3482 2053 esset

1879 2080 2028 2134 inter
2074 2080 2285 2134 bonum
2324 2086 2381 2133 et
2411 2080 2642 2134 malum.
2686 2080 2829 2135 Boni
2862 2082 3015 2136 enim
3042 2086 3149 2153 per
3168 2083 3484 2153 dexteram,

1881 2168 2015 2222 mali
2035 2168 2388 2239 accipiuntur
2408 2185 2507 2238 per
2527 2169 2835 2223 sinistram.
2857 2171 2965 2225 Sed
2984 2170 3044 2225 in
3069 2170 3316 2227 Ecclesia
3333 2173 3491 2229 sicut

1880 2257 1940 2310 in
1964 2272 2170 2327 magna
2196 2257 2361 2311 domo
2388 2263 2522 2311 sunt
2547 2273 2680 2311 vasa
2695 2263 2753 2312 et
2773 2258 2831 2312 in
2851 2260 3125 2314 honorem
3154 2265 3306 2327 sunt,
3338 2266 3397 2317 et
3426 2262 3507 2323 in,

1884 2345 2305 2404 contumeliam.
2336 2352 2470 2400 sunt
2505 2347 2784 2412 carnales,
2812 2354 2949 2402 sunt
2973 2352 3031 2402 et
3049 2348 3347 2421 spiritales,
3378 2355 3490 2407 est-

1883 2450 1991 2504 que
2012 2433 2089 2487 ibi
2117 2434 2375 2487 inﬁnitus
2394 2435 2782 2504 jumentorum
2812 2450 3102 2503 numerus,
3133 2437 3240 2491 hoc
3268 2444 3373 2503 est,
3405 2438 3489 2493 ir-

1888 2521 2308 2577 rationabilium
2355 2529 2413 2576 et
2464 2523 2646 2576 ventri
2699 2523 3079 2590 servientium,
3123 2525 3219 2595 qui
3252 2541 3489 2599 prospe-

1888 2616 2044 2664 ctant
2070 2616 2300 2671 terram,
2327 2612 2579 2681 nunquid
2608 2613 2812 2666 ccelum
2840 2612 3287 2683 reSpi’ciunt'I‘D‘e
3311 2615 3490 2686 quali-

1888 2699 1991 2753 bus
2016 2698 2152 2753 dicit
2180 2699 2498 2764 Psalmista,
2537 2720 2559 2751 ι
2603 2700 2785 2753 Homo
2813 2716 2937 2754 cum
2976 2701 3035 2754 in
3072 2701 3286 2757 honore
3314 2710 3485 2771 esset,

1888 2804 2001 2842 non
2029 2787 2303 2842 intellexit
2334 2806 2345 2841 :
2377 2793 2735 2858 comparatus
2760 2794 2843 2843 est
2864 2791 3139 2858 jumentis
3164 2791 3486 2862 insipienti-

1886 2875 2011 2940 bus,
2043 2882 2099 2930 et
2127 2876 2325 2930 similis
2356 2877 2537 2931 factus
2566 2882 2652 2930 est
2680 2877 2807 2930 illis.
2849 2878 3009 2932 rNec
3030 2880 3488 2949 prmtereundum

1889 2965 2035 3035 quod
2067 2964 2127 3018 in
2152 2964 2350 3018 Ninive
2376 2966 2499 3035 plus
2520 2981 2689 3035 quam
2718 2972 2942 3020 centum
2957 2966 3156 3037 viginti
3184 2968 3363 3023 millia
3382 2970 3490 3025 lio-

1889 3052 2106 3106 minum
2131 3052 2300 3107 fuisse
2328 3052 2614 3120 dicuntur;
2634 3053 2729 3124 qui
2747 3069 3027 3108 numerus
3043 3072 3312 3127 magnum
3339 3059 3397 3113 in
3427 3076 3491 3114 se

220 3146 453 3217 gentium
493 3144 651 3199 oculi
679 3144 952 3211 viderent,
983 3144 1192 3198 mortui
1212 3148 1278 3197 ut
1302 3147 1500 3214 gentes
1537 3143 1802 3207 viverent,
1829 3190 1869 3217 Γ,
1894 3140 2144 3195 continet
2170 3141 2505 3212 mysterium
2532 3160 2543 3194 ε
2567 3157 2697 3196 nam
2728 3148 2951 3197 centum
2978 3143 3176 3215 viginti
3189 3146 3407 3213 ﬁunt,si
3418 3147 3491 3202 ab

219 3234 485 3288 credentes
517 3234 581 3287 in
619 3233 821 3287 Filium
853 3232 973 3285 Dei.

280 3340 303 3373 α
332 3322 399 3377 Et
425 3322 572 3376 dixit
600 3320 876 3375 Dominus
899 3336 912 3375 :
946 3319 1031 3374 Tu
1059 3320 1215 3374 doles
1241 3337 1411 3391 super
1430 3320 1717 3384 hederam,
1749 3319 1809 3372 in

218 3426 363 3480 quam
392 3427 506 3465 non
538 3409 839 3474 laborasti,
879 3425 1061 3480 neque
1090 3409 1269 3462 fecisti
1296 3413 1362 3462 ut
1386 3412 1809 3478 cresceret,quae

215 3498 303 3552 sub
336 3516 448 3553 una
486 3504 665 3553 nocte
695 3504 831 3552 nata
877 3503 983 3561 est,
1013 3503 1070 3552 et
1096 3497 1199 3551 sub
1224 3514 1338 3552 una
1366 3503 1527 3550 nocte
1556 3496 1740 3567 periit.
1781 3515 1804 3546 ι

215 3586 322 3640 Non
350 3588 640 3643 laboravit
658 3588 830 3641 Jonas
854 3588 912 3640 in
932 3587 1159 3651 hedera,
1184 3604 1287 3640 nec
1313 3586 1569 3640 Salvator
1586 3589 1805 3639 tantum

214 3673 467 3730 laboravit
496 3678 556 3732 in
611 3676 838 3741 Iudaeis,
874 3692 1041 3747 quam
1084 3676 1142 3728 in
1185 3674 1466 3745 gentibus.
1508 3674 1631 3727 Mox
1659 3672 1807 3726 enim

215 3764 378 3818 educti
398 3765 467 3818 de
512 3765 801 3835 zEgypto,
848 3765 1206 3834 projecerunt
1233 3763 1401 3822 idola,
1435 3768 1490 3815 et
1519 3778 1619 3832 pro
1648 3770 1807 3832 parte

212 3852 511 3909 servierunt
549 3851 821 3908 Domino.
855 3854 930 3906 At
964 3852 1022 3905 in
1049 3851 1304 3921 gentium
1334 3851 1537 3921 populo
1565 3850 1807 3903 multum

213 3938 469 3997 laboravit
490 3961 502 3995 :
533 3957 650 4013 pro
672 3940 752 3994 eis
770 3941 938 3994 homo
967 3940 1147 3994 factus
1166 3944 1271 4003 est,
1291 3955 1417 3993 cum
1448 3944 1597 3993 esset
1615 3939 1765 3992 Deus
1790 3956 1801 3991 ε

210 4041 296 4097 pro
312 4028 388 4083 eis
416 4030 849 4100 alapas,sputa,
885 4028 1135 4099 spineam
1164 4043 1427 4081 coronam
1458 4032 1809 4096 mortemque

211 4116 462 4171 sustinuit
493 4136 507 4170 :
569 4116 651 4173 ad
682 4116 885 4170 inferos
911 4115 1216 4181 descendit,
1260 4120 1324 4169 ut
1351 4114 1432 4168 illi
1462 4115 1661 4168 coelum
1683 4131 1810 4168 con-

213 4206 547 4260 scenderent.
581 4203 754 4258 Unde
780 4204 954 4265 fratre
970 4202 1205 4274 prodigo
1227 4204 1297 4257 ad
1319 4208 1533 4274 patrem
1564 4219 1807 4271 reverso,

212 4292 526 4365 indignatur
540 4294 731 4351 frater.
752 4293 953 4363 major,
976 4298 1032 4346 et
1048 4292 1390 4363 querebatur
1405 4292 1551 4362 patri
1578 4291 1769 4345 dicens
1790 4309 1802 4344 :
1828 4307 1877 4366 D
1892 4292 2041 4345 Bene
2058 4307 2191 4361 ergo
2212 4286 2512 4346 multitudo
2533 4291 2789 4346 Ecclesiae
2799 4291 2903 4345 tali
2921 4292 3216 4364 praefulget
3226 4309 3485 4363 numero,
3589 4288 3597 4309 ¹

214 4378 341 4435 Ecce
361 4388 447 4437 tot
472 4383 651 4439 annis
674 4380 856 4436 servio
884 4381 1011 4450 tibi,
1041 4386 1095 4435 et
1125 4397 1415 4452 nunquam
1444 4380 1648 4435 dedisti
1671 4379 1808 4433 mihi

217 4469 518 4538 hasdummt
539 4488 679 4526 cum
711 4469 906 4524 amicis
916 4469 1055 4524 meis
1079 4471 1355 4542 epularer.
1382 4469 1638 4524 Graviter
1657 4468 1808 4527 enim

213 4556 408 4614 ferebat
435 4561 627 4615 Israel
661 4558 816 4630 quod
836 4558 1334 4631 gentes,dissipata
1349 4557 1666 4613 substantia
1676 4574 1803 4611 cum

1829 3190 1872 3249 C

1896 3245 2008 3282 uno
2032 3228 2306 3299 incipiens
2332 3245 2509 3300 usque
2538 3229 2610 3283 ad
2649 3229 2965 3301 quindecim
2989 3239 3287 3303 sequentes
3316 3240 3490 3291 natu-

1891 3317 2086 3371 raliter
2104 3334 2370 3372 numeros
2396 3318 2501 3372 sibi
2527 3334 2751 3389 semper
2768 3318 3018 3389 adjicies,
3036 3321 3135 3375 uni
3164 3322 3316 3377 enim
3344 3323 3491 3379 adde

1891 3406 2049 3470 duos,
2086 3406 2232 3459 ﬁunt
2249 3410 2364 3459 tres
2389 3424 2401 3459 :
2424 3405 2569 3460 adde
2588 3413 2725 3473 tres,
2744 3408 2890 3462 ﬁunt
2912 3424 3037 3462 sex:
3060 3409 3203 3465 adde
3223 3415 3485 3483 quatuor,

1891 3496 2036 3549 ﬁunt
2064 3496 2275 3550 decem.
2311 3497 2430 3550 Hoc
2473 3496 2527 3550 si
2570 3513 2750 3568 usque
2793 3497 2869 3551 ad
2894 3498 3235 3568 quindecim,
3267 3506 3491 3557 servata

1890 3584 2166 3638 naturalis
2214 3585 2438 3638 numeri
2482 3585 2645 3651 serie,
2674 3586 2792 3650 fiat,
2844 3592 3068 3641 centum
3104 3586 3307 3657 viginti
3330 3605 3490 3660 repe-

1890 3673 2126 3726 rientur.
2161 3673 2342 3743 Super
2370 3678 2456 3726 tot
2485 3673 2777 3727 credentes
2805 3674 2963 3729 venit
2985 3674 3227 3747 Spiritus
3259 3682 3488 3734 sanctus

1889 3761 1947 3814 in
1976 3762 2066 3814 die
2091 3761 2464 3818 Pentecostes.
2489 3761 2903 3825 Quindenarius
2925 3769 3115 3818 autem
3140 3776 3490 3822 numerusex

1890 3850 2208 3921 septenario
2232 3857 2289 3904 et
2310 3850 2596 3903 octonario
2612 3852 3253 3922 constat.Septemenim~
3266 3859 3324 3908 et
3338 3859 3485 3922 octo,

1892 3938 2213 4009 quindecim
2234 3943 2477 4004 sunt,tot
2502 3944 2664 3992 erant
2689 3939 2899 4009 gradus
2911 3940 2970 3993 in
2999 3939 3484 4011 temploDomini,

1890 4031 1975 4079 tot
2004 4027 2174 4080 etiam
2195 4032 2328 4080 sunt
2355 4026 2555 4096 psalmi
2584 4026 2784 4096 quibus
2801 4033 2983 4082 exstat
3004 4028 3259 4095 titulus,(
3289 4029 3486 4084 Canti-

1891 4131 2017 4168 cum
2047 4114 2347 4185 graduum.
2384 4133 2410 4166 n
2441 4115 2548 4168 Tot
2574 4112 2769 4168 diebus
2820 4114 3037 4170 Paulus
3059 4131 3187 4170 cum
3215 4115 3487 4188 apostolis

1891 4202 2083 4269 fuisse,
2112 4208 2169 4256 et
2221 4219 2347 4256 cum
2378 4203 2458 4256 eis
2498 4202 2861 4273 Evangelium
2913 4202 3485 4276 contulisse-legitur.

1890 4379 1947 4433 in
1966 4396 2076 4450 quo
2095 4379 2237 4433 Novi
2259 4396 2324 4432 ac
2349 4379 2568 4433 Veteris
2604 4380 2953 4434 Testamenti
2977 4381 3249 4453 mysteria
3269 4387 3325 4437 et
3354 4396 3487 4439 cen-

1890 4469 2108 4522 tenaria
2136 4468 2429 4538 quadrata,
2462 4484 2528 4522 ac
2546 4468 2851 4523 millenarii
2875 4468 3082 4539 cubita,
3104 4470 3165 4526 id
3192 4477 3279 4527 est
3306 4470 3489 4526 solida

1890 4556 2156 4628 perfectio
2182 4556 2522 4611 declaratur.

1027 4797 1167 4873 IN
1214 4793 1853 4874 ΜΙΟΗΛΕΑΜ
1905 4794 2685 4872 ΡΒΟΡΗΕΤΑΜ.
2730 4827 2738 4835 ε

728 5016 965 5077 CAPUT
984 5014 1289 5075 PRIMUM.

273 5128 297 5162 ε
321 5108 583 5166 Verbum
613 5108 844 5167 Domini
873 5106 1023 5178 quod
1064 5104 1272 5161 factum
1304 5109 1389 5158 est
1429 5102 1499 5158 ad
1525 5100 1813 5159 Michaeam

214 5196 626 5270 Morasthitem,
651 5199 711 5252 in
739 5196 935 5251 diebus
952 5194 1234 5259 Joatham,
1252 5193 1453 5258 Achaz,
1484 5197 1545 5246 et
1568 5190 1814 5248 Ezechiae

214 5300 393 5356 regum
412 5290 441 5342 ,Ι
448 5289 590 5355 uda,
620 5286 773 5357 quod
796 5284 1113 5355 viditsuper
1140 5281 1451 5337 Samariam
1473 5287 1527 5335 et
1546 5281 1815 5335 Hierusa-

210 5370 321 5431 lem.
334 5398 356 5427 ι
367 5376 650 5437 Μὶοιᾱωαε
671 5371 1066 5446 propheta,qui
1086 5371 1493 5441 interpretatur
1507 5369 1650 5433 Quid
1659 5367 1810 5439 quid,

214 5461 284 5514 vel
310 5464 471 5531 Quis,
505 5462 809 5535 quasisive
843 5459 1167 5525 Humilitas,
1200 5454 1390 5519 sextus
1419 5458 1592 5513 estin
1621 5455 1816 5515 ordine

220 5546 503 5613 duodecim
516 5552 969 5625 ,pmphetarnm,
986 5552 1171 5619 ,atque
1216 5546 1361 5604 ideo.
1389 5546 1668 5628 grofunda
1696 5547 1818 5625 ejus

1894 5016 2275 5083 exspectemus
2299 5011 2587 5085 mysteria,
2607 5012 2703 5084 qui
2740 5011 2799 5066 in
2825 5009 3137 5068 meditullio
3166 5017 3224 5068 et
3249 5013 3401 5068 velut
3427 5010 3489 5071 in

1894 5101 2059 5155 corde
2086 5100 2403 5172 prophetici
2425 5099 2637 5156 ordinis
2675 5101 2890 5173 positus
2921 5108 3024 5158 est.
3047 5100 3178 5157 Fuit
3202 5108 3390 5159 autem
3415 5100 3487 5157 de

1895 5189 2184 5256 Morasthi,
2217 5190 2311 5260 qui
2338 5194 2424 5244 est
2460 5189 2673 5245 viculus
2714 5191 3044 5246 Palaestinae.
3077 5191 3490 5263 Interpretatur

1898 5284 2087 5333 autem
2126 5278 2416 5343 Morastbi,
2459 5279 2657 5333 haeres.
2701 5277 2771 5333 Et
2804 5280 3034 5351 pulchre
3071 5279 3347 5342 Mlchaeas,
3391 5280 3488 5350 qui

1896 5366 2183 5421 humilitas
2216 5367 2713 5436 interpretatur,de
2735 5385 2830 5440 spe
2850 5367 3193 5424 hereditatis
3217 5369 3485 5436 nascitur,

1899 5456 1994 5526 qui
2015 5454 2165 5509 enim
2205 5455 2542 5513 humilitatis
2579 5457 2844 5512 virtutem
2876 5474 2975 5529 pro
2999 5457 3115 5512 Deo
3144 5463 3339 5512 tenere
3367 5462 3490 5512 stu-

1898 5543 2290 5611 duerit,haeres
2313 5542 2416 5599 Dei
2432 5550 2491 5599 et
2513 5545 2759 5602 coheres
2779 5544 2993 5601 Christi
3016 5552 3151 5601 esse
3166 5543 3493 5613 merebitur,
