4062 6168
598 279 700 339 143

1024 271 1402 329 HAYMONIS
1442 266 1931 323 HALBERSTAT.
1976 263 2198 318 EPISC.
2242 262 2403 321 OPP.
2442 263 2626 317 PARS
2665 263 2709 317 Ι.
2747 291 2811 304 -
2851 261 3221 318 COMMENT.
3267 264 3451 321 BIBL.

3779 264 3884 322 144

597 405 696 477 qui
722 403 966 473 seipsum
994 414 1095 470 pro
1124 395 1285 450 nobis
1316 391 1649 452 humiliavit,
1698 388 1903 459 quique
1959 387 2030 440 ad
2070 385 2193 439 imi-
2210 385 2263 445 A
2281 402 2541 455 egressus
2565 390 2650 439 est
2677 400 2861 438 sermo
2884 401 2916 437 a
2936 385 3194 439 Domino.
3213 386 3513 441 Descendit
3530 404 3666 459 ergo
3688 393 3747 443 et
3774 390 3893 443 cal-

595 474 830 548 tandam
846 490 1082 544 formam
1109 502 1223 539 suae
1248 480 1584 536 humilitatis
1602 477 1950 540 invitat,nos,
1970 474 2158 528 dicens
2185 493 2195 526 :

602 601 628 634 (ι
660 580 867 636 Discite
896 595 931 631 a
959 592 1068 639 me,
1101 574 1229 643 quia
1262 570 1416 624 mitis
1447 585 1569 620 sum
1603 572 1659 619 et
1697 564 1926 618 humilis
1956 564 2140 616 corde.
2171 581 2197 614 ι

602 672 707 728 Hic
734 668 1010 741 pr0pheta
1051 660 1430 716 comminatur
1480 655 1747 709 Samarize
1798 654 1940 706 iram
1990 652 2091 704 Dei
2143 656 2201 703 et

598 757 1000 830 captivitatem,
1027 749 1429 816 interitumque
1458 744 1665 815 p0pulo
1695 741 1870 794 Israel
1901 746 2197 830 venturum

599 828 917 908 denuntiat,
948 840 1097 911 quia,
1126 837 1319 891 relicto
1349 835 1485 897 Deo,
1510 831 1754 886 serviant
1780 828 1962 882 idolis.
1988 829 2196 881 Locum

596 936 766 991 etiam
788 929 1097 987 nativitatis
1119 924 1327 979 Christi
1343 928 1535 992 aperte
1561 918 2091 974 denuntiat.Notum
2113 921 2199 969 est

597 1023 746 1096 quod
776 1022 1047 1090 regnante
1078 1014 1310 1069 Ezechia
1334 1012 1449 1064 filio
1477 1010 1678 1073 Achaz,
1699 1008 1885 1061 decem
1919 1004 2099 1058 tribus
2126 1003 2196 1056 ab

598 1109 845 1181 Assyriis
874 1108 1056 1161 ductae
1072 1107 1206 1157 sunt
1222 1101 1277 1153 in
1298 1098 1903 1168 captivitatem,postea
1924 1097 2196 1162 regnante

598 1198 888 1262 Sedechia,
916 1195 1039 1248 duae
1067 1208 1189 1262 quae
1215 1188 1570 1259 appellantur
1597 1184 1741 1239 Juda
1782 1199 1909 1236 cum
1941 1198 2041 1235 suo
2065 1197 2196 1250 rege

596 1292 793 1359 capte,
826 1290 883 1339 et
907 1280 1255 1337 Hierusalem
1285 1274 1547 1329 subversa
1576 1278 1679 1326 est.
1714 1272 1859 1341 Ergo
1888 1269 2197 1359 secundum

598 1357 853 1431 ordinem
884 1367 1225 1441 captivitatis
1258 1364 1541 1435 propheta:
1569 1361 1767 1414 titulus
1784 1359 2011 1430 ponitur
2034 1376 2044 1409 :
2072 1357 2195 1410 Pri-

598 1480 757 1519 mum
777 1462 867 1533 (ut
895 1459 1106 1513 dictum
1134 1458 1237 1518 est)
1261 1457 1425 1523 capta
1454 1455 1539 1503 est
1564 1447 1819 1503 Samaria
1868 1444 2193 1515 metropolis

599 1553 791 1607 decem
818 1548 1089 1609 tribuum,
1120 1548 1314 1614 postea
1362 1538 1709 1593 Hierusalem
1739 1534 2065 1604 metrOpolis
2093 1534 2193 1586 Ju-

603 1640 708 1697 dze.
740 1638 979 1693 Ponitur
1010 1638 1197 1687 autem
1241 1628 1497 1684 Samaria
1536 1627 1595 1679 in
1625 1631 1757 1697 typo
1780 1622 2193 1690 haereticorum,

591 1727 944 1783 Hierusalem
971 1723 1029 1776 in
1060 1722 1242 1790 figura
1268 1716 1546 1771 Ecclesiae.

670 1838 693 1866 σι
720 1814 947 1878 Audite,
970 1808 1160 1882 populi
1184 1822 1395 1870 omnes,
1421 1810 1476 1858 et
1491 1802 1747 1857 attendat
1758 1806 1908 1855 terra
1935 1805 1991 1853 et
2013 1798 2188 1869 pleni-

591 1904 728 1960 tudo
759 1904 972 1973 ejus,et
1008 1898 1083 1952 sit
1110 1895 1382 1951 Dominus
1412 1894 1561 1947 Deus
1586 1890 1738 1943 vobis
1766 1889 2048 1952 intestem,
2082 1887 2186 1939 Do-

589 1993 777 2047 minus
806 1991 876 2043 de
900 1986 1109 2058 templo
1138 1989 1330 2038 sancto
1351 1999 1468 2035 suo.
1511 2001 1531 2031 ι
1559 1978 1882 2032 Notandum
1913 1975 2061 2045 quod
2083 1991 2183 2044 po-

588 2080 708 2152 puli
728 2079 947 2143 audire,
967 2081 1121 2129 terra
1136 2072 1367 2142 jubetur
1396 2068 1704 2122 attendere.
1728 2068 1791 2120 In
1809 2062 2184 2135 populo,viros

587 2166 992 2223 ecclesiasticos
1024 2180 1036 2215 :
1068 2162 1128 2214 in
1157 2167 1330 2227 terra,
1354 2156 1662 2219 haereticos,
1691 2169 1928 2224 quorum
1966 2156 2051 2205 est
2067 2156 2183 2204 ter-

586 2272 727 2310 rena
752 2252 1026 2308 doctrina.
1062 2249 1206 2302 Nam
1238 2252 1295 2299 et
1316 2244 1615 2315 Apostolus
1632 2243 1870 2295 haereses
1898 2240 2045 2292 inter
2067 2255 2185 2292 car-

586 2344 675 2398 nis
704 2358 873 2414 opera
897 2341 1316 2394 commemorat.
1346 2332 1422 2386 Et
1458 2333 1516 2385 hi
1552 2348 1683 2400 ergo
1715 2331 1810 2400 qui
1840 2329 1897 2382 in
1934 2327 2178 2381 Ecclesia

586 2437 739 2498 sunt,
771 2431 819 2485 si
843 2426 1147 2491 audierint,
1188 2429 1245 2477 et
1270 2420 1352 2476 illi
1373 2421 1468 2491 qui
1497 2419 1634 2473 foris
1663 2424 1813 2483 sunt,
1845 2417 1892 2470 si
1918 2416 2175 2469 attende-

584 2520 719 2584 rint,
734 2522 1000 2590 poterunt
1016 2515 1261 2584 effugere
1285 2510 1432 2580 quod
1454 2525 1638 2562 sermo
1653 2506 2011 2577 propheticus
2022 2521 2176 2558 com-

582 2609 854 2664 minatur.
888 2606 1061 2675 Optat
1088 2616 1220 2670 ergo
1254 2598 1549 2670 propheta,
1598 2600 1664 2649 ut
1699 2594 1774 2647 sit
1821 2593 1901 2646 eis
1942 2593 2091 2645 Deus
2118 2592 2177 2644 in

578 2695 989 2760 testimonium,
1020 2692 1133 2745 non
1176 2687 1401 2742 aliunde
1449 2701 1571 2756 quae
1608 2684 1677 2736 de
1728 2682 1938 2752 templo
1984 2685 2176 2733 sancto

578 2803 702 2852 suo,
728 2786 835 2839 hoc
862 2787 966 2845 est,
995 2778 1261 2843 Ecclesia,
1293 2792 1393 2847 per
1423 2790 1590 2844 quam
1620 2773 1770 2827 Deus
1791 2768 2175 2824 testimonium

575 2873 836 2947 perhibet
857 2868 1102 2934 veritati,
1132 2866 1245 2920 sive
1282 2864 1556 2933 templum
1592 2861 1712 2921 Dei,
1750 2860 1870 2929 ipse
1892 2858 2065 2912 Filius
2092 2862 2177 2910 est

576 2964 639 3018 in
665 2978 776 3033 quo
805 2959 1025 3014 habitat
1052 2957 1238 3017 Pater,
1272 2959 1330 3006 et
1357 2954 1516 3021 cujus
1545 2967 1641 3004 ore
1669 2948 1935 3019 loquitur.

651 3069 679 3104 α
712 3049 858 3114 Quia
894 3062 1021 3101 ecce
1050 3042 1324 3099 Dominus
1352 3039 1679 3109 egredietur
1706 3038 1775 3090 de
1818 3037 1939 3089 loco
1965 3051 2086 3099 suo,
2120 3039 2177 3088 et

570 3137 889 3201 descendet,
921 3141 977 3189 et
1008 3132 1245 3188 calcabit
1272 3146 1440 3199 super
1460 3128 1674 3181 excelsa
1696 3130 1941 3185 terraz,et
1968 3139 2175 3176 consu-

569 3233 800 3282 mentur
815 3228 1034 3279 montes
1063 3220 1260 3275 subtus
1283 3234 1431 3277 eum,
1453 3221 1510 3269 et
1529 3215 1702 3268 valles
1731 3213 2057 3266 scindentur
2070 3210 2173 3264 sic-

570 3321 635 3370 ut
662 3331 791 3369 cera
814 3330 849 3367 a
875 3309 1210 3387 faciejgnis,
1240 3308 1385 3361 sicut
1410 3321 1567 3375 aqua:
1594 3320 1716 3373 quae
1752 3302 2057 3355 decurrunt
2107 3300 2165 3353 in

568 3418 838 3476 praeceps.
871 3402 937 3455 In
964 3398 1174 3452 scelere
1203 3394 1372 3450 Jacob
1388 3408 1554 3446 omne
1584 3390 1751 3453 istud,
1775 3389 1902 3442 etin
1924 3388 2165 3458 peccatis

565 3493 767 3547 domus
789 3488 985 3544 Israel.
1003 3486 1163 3551 Quod
1181 3484 1361 3538 scelus
1382 3479 1579 3535 Jacob?
1608 3494 1793 3531 nonne
1817 3476 2097 3531 Samaria?
2110 3482 2167 3530 et

569 3597 693 3652 qua:
721 3578 936 3634 excelsa
956 3574 1143 3630 Juda?
1198 3588 1382 3626 nonne
1423 3566 1819 3622 Jerusalem?»
1850 3566 2027 3619 Locus
2063 3565 2164 3619 Dei

561 3666 947 3722 misericordia
972 3668 1075 3725 est,
1110 3661 1241 3732 quia
1281 3657 1615 3712 naturaliter
1661 3655 1902 3708 clemens
1940 3660 1997 3707 et
2037 3654 2163 3724 pius

559 3762 667 3812 est.
701 3756 811 3811 Sed
844 3754 941 3825 qui
969 3751 1123 3805 mitis
1150 3755 1235 3803 est
1266 3754 1322 3801 et
1350 3746 1667 3800 misericors
1689 3742 1847 3796 nobis
1877 3744 2159 3812 peccanti-

558 3844 685 3912 bus,
726 3843 949 3914 cogitur
976 3836 1387 3910 quodammodo
1427 3840 1646 3887 mutare
1681 3837 1939 3884 naturam
1974 3847 2153 3883 suam.

560 3933 862 4005 Egreditur
879 3930 1086 3985 deloco
1115 3943 1236 3992 suo,
1272 3923 1509 3978 assumit
1538 3936 1831 3992 personam
1866 3919 2160 3973 crudelita-

559 4023 653 4088 tis,
688 4037 858 4093 quam
898 4034 999 4089 per
1042 4022 1301 4070 naturam
1333 4028 1444 4066 non
1475 4010 1662 4064 habet.
1700 4009 2010 4063 Descensus
2035 4009 2157 4077 ejus

560 4115 647 4166 est
674 4108 989 4178 majestatis
1018 4106 1141 4174 ejus
1172 4102 1239 4156 ad
1260 4101 1525 4155 inferiora
1554 4100 1839 4153 decursus.
1858 4098 2033 4167 Super
2056 4113 2154 4150 ex-

561 4198 711 4251 celsa
736 4202 901 4249 terrae
930 4193 1168 4256 calcare,
1210 4195 1296 4242 est
1343 4192 1599 4258 potentes
1641 4191 1805 4239 terra)
1843 4190 2219 4291 conterere.D

560 4303 586 4337 ι
616 4285 682 4338 Et
704 4285 1106 4338 consumentur
1131 4283 1350 4331 montes
1364 4276 1561 4329 subtus
1581 4290 1729 4338 eum,
1756 4277 1813 4326 et
1830 4273 2000 4326 valles
2012 4274 2154 4326 scin-

2284 481 2391 539 cat,
2424 491 2533 527 non
2570 490 2739 543 snper
2769 473 3036 526 humilem
3062 478 3293 540 terram,
3339 475 3397 529 id
3426 482 3530 544 est,
3558 493 3673 531 non
3711 493 3892 548 super

2282 580 2375 616 eos
2404 563 2494 632 qui
2529 563 2789 615 deorsum
2839 568 2989 623 sunt,
3028 562 3124 615 sed
3154 579 3325 633 super
3353 566 3569 619 excelsa
3603 570 3793 629 terrae,
3826 565 3887 619 id

2281 656 2366 704 est
2396 656 2637 713 sanctos,
2679 650 2771 720 qui
2825 650 3147 719 intelligunt
3187 651 3457 706 venientis
3497 655 3886 724 majestatem,

2281 740 2488 810 quique
2524 739 2654 792 licet
2683 738 2859 792 sancti
2892 737 3004 791 sint
3040 739 3540 795 commovebuntur
3577 748 3793 807 tamen,
3826 743 3890 797 id

2280 828 2671 893 est,timebunt
2698 830 2821 898 ejus
2850 828 3225 897 praesentiam.
3246 829 3434 883 Valles
3455 835 3664 899 autem,
3692 832 3749 886 id
3772 839 3885 899 est,

2280 922 2597 987 peccatores
2618 922 2671 970 et
2695 933 2818 986 quae
2848 922 2981 971 sunt
2998 915 3099 970 Dei
3120 933 3232 971 non
3262 924 3597 988 quaerentes,
3630 937 3743 975 non
3777 937 3890 992 po-

2278 1011 2470 1060 terunt
2497 1006 2616 1075 ejus
2636 1006 2781 1058 ferre
2794 1005 3171 1075 praesentiam,
3188 1006 3285 1059 sed
3296 1007 3586 1063 scindetur
3601 1009 3888 1079 quidquid

2278 1093 2334 1147 in
2365 1094 2445 1147 eis
2474 1095 2678 1147 durum
2708 1098 2809 1155 est,
2840 1100 2896 1147 et
2924 1094 3105 1147 instar
3127 1110 3286 1164 aqua).
3313 1094 3743 1153 defluet.Ethoc
3772 1098 3889 1153 erit

2277 1187 2507 1253 propter
2534 1182 2885 1252 impietatem
2916 1181 3105 1247 Jacob,
3140 1182 3195 1236 id
3239 1188 3327 1236 est
3365 1183 3780 1252 haereticorum,
3825 1192 3889 1241 et

2276 1277 2507 1342 pr0pter
2524 1276 2808 1341 peccatum
2832 1271 2860 1324 J
2866 1267 2995 1336 uda,
3010 1270 3066 1323 id
3088 1276 3191 1336 est,
3216 1287 3411 1325 eorum
3434 1273 3529 1343 qui
3554 1273 3613 1326 in
3632 1274 3887 1330 Ecclesia

2276 1361 2465 1431 positi,
2498 1360 2839 1413 confitentur
2858 1376 2917 1412 se
2942 1376 3106 1414 nosse
3134 1360 3333 1427 Deum,
3366 1360 3527 1416 factis
3555 1367 3747 1417 autem
3778 1381 3885 1418 ne-

2273 1454 2428 1518 gant.
2468 1450 2633 1502 Juxta
2675 1448 2849 1501 alium
2895 1448 3263 1513 intellectum,
3289 1465 3549 1519 egressus
3577 1456 3664 1505 est
3687 1452 3887 1506 Domi-

2275 1554 2381 1591 nus
2407 1537 2615 1591 deloco
2645 1553 2766 1601 suo,
2796 1536 3097 1606 dereliquit
3123 1536 3367 1605 Judaeos,
3395 1537 3452 1591 in
3479 1538 3682 1609 quibus
3702 1557 3885 1611 quon-

2275 1626 2401 1679 dam
2442 1626 2813 1690 habitaverat,
2848 1630 3078 1695 propter
3107 1630 3397 1695 peccatum
3428 1628 3579 1697 quod
3610 1628 3670 1682 in
3709 1629 3884 1683 Chri-

2205 1694 2418 1767 Bstum
2456 1713 2875 1777 commiserunt,
2906 1713 3051 1767 sicut
3077 1713 3156 1767 eis
3184 1714 3305 1784 ipse
3328 1714 3597 1771 minatur.
3623 1736 3645 1767 ι
3680 1717 3883 1771 Relin-

2270 1808 2475 1872 quetur
2490 1800 2645 1855 vobis
2683 1802 2882 1855 domus
2903 1807 3087 1855 vestra
3115 1801 3357 1857 deserta.
3383 1822 3406 1854 ι
3440 1803 3689 1858 Calcavit
3704 1822 3884 1876 super

2269 1891 2488 1944 excelsa
2508 1890 2854 1957 terrae,venit
2880 1890 2947 1943 ad
2981 1895 3328 1960 gentes,quae
3345 1907 3446 1961 per
3475 1892 3597 1962 ejus
3625 1894 3880 1963 gratiam

2269 1980 2493 2033 excelsae
2538 1980 2697 2032 factae
2734 1985 2884 2041 sunt,
2918 1983 2975 2033 et
3002 1995 3037 2032 ἢ
3064 1980 3304 2033 terrenis
3332 1979 3612 2035 sublevari
3643 1999 3878 2037 merue-

2264 2074 2417 2122 runt.
2449 2066 2726 2123 Commoti
2755 2081 2887 2121 sunt
2906 2072 3143 2133 montes,
3174 2068 3228 2121 id
3260 2073 3363 2133 est,
3400 2068 3871 2141 philosophorum

2264 2155 2549 2224 dogmata,
2594 2160 2651 2208 et
2701 2171 2898 2224 regum
2940 2155 3192 2225 potentia
3233 2156 3582 2226 perturbata,
3623 2164 3680 2212 et
3731 2175 3875 2214 con-

2264 2249 2490 2313 sumpta
2521 2244 2579 2297 in
2602 2243 2681 2297 eis
2702 2243 2857 2296 omni
2876 2243 3166 2313 impietate
3189 2245 3361 2298 crevit
3371 2245 3620 2314 justitia:
3647 2247 3876 2304 destru-

2260 2337 2351 2385 cta
2380 2331 2669 2401 superbia,
2700 2336 2887 2385 erecta
2911 2337 2999 2385 est
3025 2332 3315 2386 humilitas

2334 2440 2362 2470 α
2386 2422 2452 2474 Et
2472 2438 2677 2492 ponam
2710 2420 3023 2476 Samariam
3051 2422 3211 2492 quasi
3240 2439 3501 2477 acervum
3524 2424 3782 2495 lapidum
3809 2427 3874 2482 in

2258 2526 2393 2578 agro
2415 2525 2539 2562 cum
2564 2510 2853 2579 plantatur
2868 2509 3048 2572 vinea,
3076 2514 3132 2564 et
3155 2510 3451 2565 detraham
3471 2512 3527 2566 in
3558 2513 3765 2568 vallem
3791 2516 3877 2569 la-

2259 2597 2417 2667 pides
2450 2598 2593 2667 ejus,
2627 2603 2685 2652 et
2711 2597 3076 2652 fundamenta
3108 2599 3227 2668 ejus
3254 2600 3537 2658 revelabo.
3575 2602 3645 2656 Et
3673 2603 3875 2658 omnia

2265 2686 2548 2756 sculptilia
2570 2688 2691 2757 ejus
2723 2687 3104 2752 concidentur,
3129 2692 3186 2741 et
3211 2704 3405 2743 omnes
3422 2690 3710 2745 mercedes
3740 2693 3871 2762 ejus

2258 2773 2663 2828 comburantur
2708 2774 2858 2843 igne,
2892 2779 2949 2827 et
2989 2774 3178 2827 omnia
3216 2774 3367 2829 idola
3403 2776 3528 2845 ejus
3567 2793 3777 2847 ponam
3805 2778 3871 2834 in

2257 2862 2649 2933 perditionem,
2686 2860 2817 2931 quia
2836 2862 2906 2914 de
2936 2860 3283 2916 mercedibus
3298 2863 3611 2918 meretricis
3629 2881 3870 2936 congre-

2255 2956 2388 3020 gata
2417 2955 2567 3004 sunt.
2609 2969 2631 3001 )
2656 2949 2800 3012 Quia
2817 2949 3061 3019 primum
3091 2950 3341 3020 peccavit
3364 2951 3641 3018 Samaria,
3667 2952 3725 3006 id
3751 2959 3861 3019 est,

2257 3038 2447 3092 decem
2478 3036 2677 3102 tribus,
2707 3040 2764 3089 et
2787 3036 2978 3089 relicto
2995 3036 3203 3107 templo
3232 3035 3334 3090 Dei
3363 3036 3495 3091 fecit
3519 3037 3626 3091 sibi
3651 3039 3865 3095 vitulos

2255 3143 2476 3191 aureos,
2501 3125 2625 3179 ideo
2646 3126 2767 3196 ipsa
2782 3124 2966 3195 prima
2984 3124 3270 3178 destructa
3291 3126 3740 3181 estvenientibus
3758 3130 3866 3183 As-

2253 3214 2440 3284 syriis.
2501 3214 2713 3267 Ponam
2751 3212 2983 3283 (inquit)
3033 3212 3346 3267 Samariam
3388 3214 3549 3283 quasi
3594 3231 3864 3271 acervum

2250 3302 2522 3372 lapidum.
2567 3301 2712 3364 Quia
2759 3300 2952 3354 civitas
2995 3300 3251 3354 Samaria
3300 3301 3359 3354 in
3388 3307 3581 3356 monte
3609 3303 3721 3357 sita
3750 3310 3861 3371 est,

2247 3390 2547 3460 pulchrein
2570 3390 2824 3443 cumulos
2846 3388 3094 3459 lapidum
3118 3388 3377 3459 ponenda
3397 3388 3623 3455 dicitur,
3648 3396 3712 3445 ut
3741 3409 3862 3448 non

2246 3485 2466 3531 tantum
2488 3478 2730 3548 parietes
2759 3483 2815 3531 et
2842 3476 3097 3544 azdificia,
3122 3476 3215 3531 sed
3248 3477 3371 3547 ipsa
3399 3494 3621 3548 quoque
3645 3480 3858 3535 funda-

2247 3572 2439 3619 menta
2475 3582 2653 3636 usque
2712 3566 2781 3619 ad
2820 3571 3131 3619 extremum
3177 3563 3419 3635 lapidem
3477 3564 3852 3624 subruantur.

2248 3653 2537 3724 Sculptilia
2552 3670 2773 3724 quoque
2787 3659 2843 3706 et
2861 3653 3011 3707 idola
3039 3669 3162 3723 quae
3193 3653 3500 3720 coluerunt,
3535 3660 3593 3709 et
3611 3672 3854 3726 operum

2244 3740 2591 3795 diversorum
2622 3742 2929 3811 congeries,
2958 3741 3335 3812 praedicantur
3362 3743 3492 3813 igne
3512 3744 3854 3802 comburen-

2242 3830 2329 3882 da.
2367 3829 2521 3892 Quod
2558 3845 2683 3882 vero
2714 3829 2867 3891 dicit,
2896 3849 2918 3879 ι
2953 3834 3008 3882 et
3036 3845 3213 3899 usque
3238 3830 3308 3883 ad
3330 3831 3645 3886 mercedem
3670 3850 3857 3890 mere-

2238 3918 2397 3971 tricis
2426 3923 2796 3982 revertentur,
2829 3938 2856 3970 ι
2890 3918 2994 3971 hoc
3036 3922 3137 3983 est,
3181 3923 3245 3971 ut
3287 3920 3571 3989 quomodo
3603 3921 3662 3974 in
3692 3926 3855 3978 terra

2239 4023 2343 4061 sua
2370 4006 2630 4061 fornicati
2659 4012 2793 4061 sunt
2824 4022 2950 4061 cum
2980 4005 3144 4060 idolis
3183 4022 3308 4077 qua:
3344 4006 3617 4072 fecerunt,
3643 4008 3727 4064 sic
3749 4028 3850 4065 va-

2238 4096 2375 4149 dant
2402 4096 2473 4150 ad
2504 4096 2670 4149 aliam
2702 4094 3084 4148 fornicationis
3098 4099 3332 4163 terram,
3356 4094 3417 4150 id
3437 4101 3542 4163 est,
3573 4096 3648 4152 ad
3674 4099 3849 4172 Assy-

2236 4184 2369 4248 rios,
2403 4190 2459 4237 et
2485 4183 2562 4237 ibi
2592 4181 2853 4235 similiter
2879 4180 3031 4236 idola
3055 4182 3308 4235 adorent.

2311 4291 2336 4324 α
2370 4272 2550 4342 Super
2576 4271 2682 4323 hoc
2711 4270 2976 4340 plangam
3024 4273 3080 4323 et
3117 4269 3365 4336 ululabo,
3392 4271 3589 4326 vadam
3623 4273 3840 4345 spolia-

554 4373 779 4429 dentur.
815 4388 842 4423 a
872 4368 938 4422 In
968 4366 1254 4421 montibus
1284 4364 1581 4435 principes,
1612 4362 1670 4414 in
1703 4359 1938 4413 vallibus
1968 4358 2147 4429 subje-
2228 4365 2320 4413 tus
2341 4365 2398 4413 et
2425 4354 2627 4413 nudus.
2664 4358 2887 4412 Faciam
2919 4357 3204 4428 planctum
3225 4358 3378 4413 velut
3410 4360 3743 4430 draconum,
3778 4369 3841 4419 et

550 4467 670 4517 ctos
697 4458 931 4532 populos
959 4454 1347 4523 intelligimus.
1382 4453 1535 4505 Sicut
1569 4449 1786 4519 (inquit)
1814 4464 1941 4501 cera
1967 4448 2144 4503 vicino
2226 4448 2439 4502 luctum
2467 4448 2623 4517 quasi
2650 4447 3051 4512 struthionum,
3080 4446 3213 4517 quia
3238 4448 3534 4519 desperata
3555 4455 3643 4504 est
3664 4451 3837 4522 plaga

548 4550 679 4621 igne
702 4546 954 4608 tabescit,
988 4550 1045 4598 et
1073 4543 1218 4597 sicut
1245 4556 1406 4621 aqua?
1428 4555 1601 4609 prono
1622 4554 1788 4591 cursu
1808 4538 2068 4591 feruntur
2087 4537 2143 4591 in
2226 4536 2370 4607 ejus,
2402 4536 2533 4606 quia
2547 4536 2697 4590 venit
2717 4552 2895 4606 usque
2918 4535 2987 4590 ad
3004 4536 3032 4590 J
3038 4536 3206 4590 udam
3232 4555 3244 4601 ;
3276 4537 3466 4608 tetigit
3482 4544 3703 4608 portam
3727 4557 3833 4610 po-

545 4616 912 4713 praeceps,sic
932 4630 1115 4689 omnis
1136 4616 1434 4700 impiorum
1466 4626 2011 4697 superbia,veniente
2031 4627 2143 4681 Do-
2226 4625 2345 4696 puli
2366 4625 2475 4679 mei
2499 4641 2675 4695 usque
2705 4624 2774 4678 ad
2807 4624 3178 4678 Ilierusalem.
3210 4643 3237 4678 ι
3270 4623 3397 4679 Huc
3426 4643 3605 4697 usque
3627 4627 3699 4682 de
3721 4629 3828 4683 Sa-

546 4729 719 4794 mino,
754 4726 1000 4781 solvetur
1029 4727 1085 4776 et
1114 4718 1354 4774 deficiet.
1409 4717 1527 4771 Hoc
1565 4719 1755 4768 autem
1788 4716 1884 4769 fiet
1914 4721 2143 4786 propter
2223 4713 2424 4779 maria,
2457 4729 2607 4767 nunc
2632 4712 2883 4785 przedicit
2912 4712 3061 4766 mala
3087 4712 3259 4777 Judaa,
3291 4730 3415 4783 qua
3441 4714 3612 4769 simili
3630 4732 3829 4773 errore

2222 4807 2567 4874 peccaverat.
2619 4800 2874 4855 Assumit
2906 4818 3039 4872 ergo
3072 4801 3348 4872 propheta
3382 4802 3704 4875 plangentis
3736 4806 3823 4860 af-

2216 4893 2443 4945 fectum.
2474 4890 2696 4944 Faciam
2718 4889 3004 4960 planctum
3020 4888 3180 4959 quasi
3197 4889 3522 4955 draconum,
3543 4897 3609 4947 ut
3624 4910 3822 4965 supra.

2216 4980 2373 5034 Sicut
2396 4980 2668 5033 dracones
2692 4992 2821 5033 cum
2860 4977 2929 5032 ab
2959 4978 3274 5049 elephantis
3301 4980 3621 5047 vincuntur,
3649 4983 3825 5038 terri-

2214 5068 2311 5122 bili
2342 5067 2503 5121 sibilo
2524 5073 2861 5138 personant;
2892 5072 2949 5120 et
2977 5067 3119 5121 sicut
3141 5067 3521 5123 struthionum
3538 5085 3824 5142 aves,qua3

2216 5156 2286 5211 ob
2300 5155 2631 5210 brevitatem
2656 5170 2965 5226 pennarum
2982 5154 3204 5224 longius
3225 5155 3414 5209 volare
3431 5166 3817 5227 nonpossunt,

543 4818 754 4872 scelera
773 4815 964 4868 decem
992 4810 1259 4872 tribuum,
1284 4823 1422 4878 quas
1443 4808 1601 4858 vocat
1627 4803 1795 4858 Jacob
1824 4804 1908 4857 vel
1940 4805 2137 4857 Sama-

541 4905 686 4960 riam
706 4907 765 4957 et
790 4900 985 4963 Israel,
1005 4903 1061 4952 et
1089 4902 1319 4968 propter
1347 4892 1863 4966 praevaricationem
1882 4893 1909 4945 J
1917 4892 2045 4945 uda.
2071 4894 2134 4946 In

538 4993 732 5047 decem
757 4988 907 5044 enim
939 4985 1195 5041 tribubus
1216 4983 1540 5054 metropolis
1564 4986 1687 5035 erat
1713 4980 1986 5045 Samaria,
2011 4997 2134 5050 qua;

536 5096 688 5136 nunc
713 5076 944 5133 Sebaste
975 5073 1198 5141 dicitur,
1216 5078 1271 5127 et
1300 5074 1356 5125 in
1374 5072 1402 5127 J
1408 5072 1516 5126 uda
1534 5067 1955 5141 principabatur
1978 5068 2134 5122 Jeru-

533 5169 731 5224 salem.
750 5160 1114 5235 Tropologice
1138 5161 1290 5213 locus
1318 5159 1419 5212 Dei
1449 5158 1627 5212 sancti
1651 5162 1805 5226 sunt,
1835 5156 1903 5210 de
1932 5156 2132 5227 quibus

532 5258 671 5313 dicit
698 5272 708 5312 :
742 5278 764 5302 α
792 5249 1123 5309 Inhabitabo
1153 5248 1211 5300 in
1243 5247 1354 5300 illis
1388 5252 1444 5299 et
1471 5245 1849 5300 inambulabo.
1880 5263 1907 5297 )›
1940 5245 2023 5298 Ab
2043 5246 2131 5299 his
2216 5245 2439 5317 quando
2457 5263 2559 5300 ova
2574 5245 3044 5299 suaimmemores
3065 5242 3393 5314 relinquunt
3411 5245 3470 5299 in
3499 5247 3687 5301 arenis
3707 5249 3821 5303 cal-

529 5363 662 5417 ergo
679 5343 888 5398 sanctis
909 5337 1196 5410 egreditur
1225 5334 1640 5400 Dominus,non
1659 5351 1753 5387 eos
1774 5333 2116 5403 relinquens,
2206 5335 2387 5391 canda
2434 5334 2669 5405 pedibus
2714 5332 3045 5397 bestiarum,
3080 5332 3187 5386 etsi
3234 5349 3346 5387 non
3378 5333 3668 5404 perierint,
3712 5353 3817 5407 pro

526 5434 627 5491 sed
655 5449 755 5505 per
785 5447 880 5485 eos
930 5424 1238 5499 praedicans
1278 5427 1334 5477 et
1371 5423 1712 5476 annuntians
1750 5422 2118 5491 reproborum
2204 5422 2460 5476 cantibus
2490 5423 2702 5475 luctum
2728 5420 2962 5487 faciunt,
2994 5420 3073 5474 sic
3102 5426 3159 5474 et
3198 5437 3301 5491 ego
3331 5422 3535 5492 (inquit
3564 5424 3813 5493 prophe-

518 5519 811 5599 supplicia,
866 5519 1149 5590 justorum
1192 5510 1440 5583 praemia.
1494 5510 1757 5581 Legimus
1804 5510 1951 5565 enim
1986 5509 2118 5582 quia
2199 5514 2281 5567 ta)
2311 5510 2532 5565 amissis
2561 5509 2690 5564 filiis
2749 5514 2806 5564 et
2841 5508 2901 5563 in
2944 5508 3327 5583 captivitatem
3374 5509 3577 5579 ductis,
3603 5510 3812 5568 vadam
