4090 6164
287 236 399 293 145
1216 246 1632 306 ΕΝΑΗΒΑΤΙΟ
1672 252 1750 307 ΙΝ
1787 253 1813 307 Ἀ

1895 252 2148 308 DHIEAM
2185 249 2647 308 PROPHETAM.
3467 251 3572 308 “6

284 359 565 430 spoliatus
596 364 655 415 et
682 364 886 419 nudus.
915 386 937 417 ι
954 366 1098 430 Quia
1118 367 1415 438 desperata
1430 378 1514 425 est
1531 372 1695 442 plaga
1715 374 1888 443 ejus,»
1909 376 1961 434 Α
1976 375 2542 445 eniminterpretatur
2564 375 2826 429 Ramoth.
2851 376 2915 429 In
2944 373 3321 429 amaritudine
3339 374 3488 429 enim
3514 381 3571 430 et

284 446 342 499 id
372 452 462 500 est
508 448 798 516 Samariae,
831 455 887 504 et
942 452 1090 506 idem
1150 464 1438 524 peccatum
1490 466 1658 528 atque
1697 461 1889 514 eadem
1976 464 2597 534 tristitiapopuluscum
2618 480 2748 533 rege
2774 464 3009 517 Ezechia
3048 463 3391 526 morabatur,
3428 463 3570 519 Sen-

285 550 456 604 pcena
483 552 600 606 qua
627 538 979 594 subverterat
1011 542 1343 605 Samariam,
1369 545 1556 615 tetigit
1570 548 1793 613 Judam,
1836 555 1893 602 et
1976 551 2240 605 nacherib
2270 568 2365 605 eos
2396 551 2707 605 obsidente.
2746 570 2771 603 ((
2805 551 2950 614 Quia
2977 551 3265 605 descendit
3293 552 3505 605 malum
3532 568 3568 606 a

283 624 546 693 pervenit
581 642 763 697 usque
809 629 878 682 ad
911 636 1131 700 portam
1157 631 1525 688 Hierusalem.
1556 635 1711 689 Sicut
1739 638 1888 691 enim
1972 638 2210 692 Domino
2239 641 2295 693 in
2322 646 2538 710 portam
2581 640 2909 694 Jerusalem.
2946 660 2968 691 ι
3003 640 3147 694 Nam
3184 656 3279 693 rex
3306 640 3566 710 Assyrio-

280 711 544 766 Samaria
576 714 845 770 subversa
893 724 978 771 est
1021 718 1090 772 ab
1119 720 1388 791 Assyriis,
1424 723 1504 776 ita
1537 724 1886 779 Hierusalem
1970 743 2117 793 rum,
2148 732 2366 782 vastata
2397 729 2667 794 Samaria,
2728 729 2880 783 venit
2933 734 3128 782 contra
3178 727 3559 796 Hierusalem,

278 799 664 857 subvertenda
691 810 780 859 est
804 822 837 858 a
867 805 1159 861 Chaldaeis.
1193 809 1323 863 Haec
1342 811 1530 865 omnia
1553 814 1785 883 mystice
1805 832 1888 869 re-
1970 817 2194 885 quando
2215 822 2270 870 et
2280 817 2598 887 Rhapsaces
2613 816 2816 870 missus
2832 816 2901 870 de
2931 817 3132 871 Lachis
3151 817 3222 870 ad
3242 817 3560 886 Ezechiam,

273 891 513 945 terenda
538 898 675 946 sunt
727 894 800 947 ad
842 894 1150 962 haereticos,
1185 898 1387 968 quibus
1439 902 1686 955 minatur
1732 904 1881 959 Deus
1968 909 2031 957 ut
2047 922 2106 958 se
2126 906 2375 959 traderet
2394 905 2952 976 Assyriis,insultans
2967 905 3205 960 Domino
3238 915 3296 960 et
3319 906 3508 961 dicens
3542 925 3554 959 :

278 978 704 1035 subversionem
727 982 944 1049 utilem,
977 991 1041 1038 ut
1069 1002 1196 1040 cum
1227 987 1513 1043 destructa
1542 991 1751 1046 fuerint
1781 1010 1881 1063 per
1964 993 2108 1057 Quid
2121 994 2167 1046 si
2199 999 2389 1064 posset
2417 993 2655 1047 liberare
2680 994 2950 1064 populum
2974 1009 3139 1048 suum
3168 994 3238 1048 de
3258 1011 3430 1049 manu
3459 998 3539 1049 As

269 1067 706 1124 diversaeorum
724 1071 1011 1141 dogmata,
1031 1079 1088 1127 et
1107 1074 1203 1129 illo
1226 1075 1354 1145 igne
1377 1094 1641 1132 succensa
1670 1080 1740 1133 de
1767 1099 1876 1152 quo
1960 1082 2279 1152 syriorum?

266 1157 548 1211 Dominus
564 1158 714 1212 dicit:
734 1178 755 1211 ο
768 1161 961 1231 Ignem
980 1163 1105 1216 veni
1118 1163 1343 1218 mittere
1362 1165 1420 1219 in
1439 1170 1874 1238 terrampplan-
2036 1190 2058 1221 ι
2090 1171 2388 1224 Tumultus
2418 1171 2722 1241 quadrigae,
2744 1176 2973 1241 stupore
3002 1171 3277 1226 habitanti
3293 1172 3552 1227 Lachis»

259 1251 401 1312 gent
425 1262 651 1300 errores
665 1264 817 1313 suos,
840 1250 1123 1304 resolvant
1139 1252 1207 1305 de
1227 1252 1872 1325 pedibuscalceamenta,
1960 1258 2159 1312 Lachis
2191 1259 2384 1313 civitas
2416 1266 2501 1313 est
2525 1259 2700 1326 Judaz,
2733 1276 2854 1329 quae
2888 1260 3070 1330 prima
3091 1277 3125 1313 a
3153 1261 3347 1314 decem
3370 1261 3555 1316 tribu-

259 1331 488 1399 hocest,
536 1342 891 1392 mortuorum
914 1356 1087 1410 opera
1104 1339 1390 1410 abjiciant.
1424 1343 1662 1398 Maxime
1682 1351 1871 1401 autem
1956 1345 2059 1400 bus
2078 1348 2293 1418 accepit
2323 1348 2491 1409 idola,
2522 1353 2579 1401 et
2629 1364 2732 1417 per
2779 1364 2902 1401 eam
2936 1348 3194 1419 pervenit
3239 1349 3557 1403 idololatria

259 1430 571 1508 propterea
598 1426 893 1495 plangunt,
926 1428 1056 1497 quia
1107 1446 1354 1483 errorem
1403 1447 1565 1485 suum
1599 1433 1765 1487 etiam
1798 1437 1869 1489 ad
1952 1450 2130 1505 usque
2161 1437 2229 1489 ad
2264 1437 2728 1508 Hierusalem._Et
2778 1442 2863 1490 est
2889 1453 3089 1490 sensus
3117 1455 3128 1489 :
3157 1437 3203 1490 Ο
3224 1437 3443 1503 Lachis,
3484 1442 3541 1493 et

251 1507 513 1563 Iudaeam
536 1512 784 1579 ihocest,
834 1514 905 1567 ad
939 1515 1085 1569 viros
1104 1516 1425 1587 catholicos)
1450 1520 1750 1575 voluerunt
1778 1523 1866 1576 in-
1950 1523 2020 1576 ad
2050 1529 2105 1576 te
2136 1524 2421 1594 perveniet
2449 1525 2730 1594 equitatus
2761 1530 2818 1578 et
2853 1526 3130 1579 tumultus
3156 1525 3539 1596 Assyriorum,

243 1598 575 1666 troducere,
594 1602 691 1655 sed
713 1618 823 1656 non
848 1609 1172 1674 potuerunt.
1190 1606 1450 1660 Pervenit
1462 1610 1609 1662 enim
1633 1611 1703 1663 ad
1730 1629 1860 1681 por-
1881 1682 1903 1683 ﬂ
1947 1611 2043 1681 qui
2073 1619 2127 1665 te
2158 1619 2337 1666 vertet
2368 1614 2425 1667 in
2454 1619 2765 1683 stuporem.
2793 1632 2819 1666 α
2844 1613 3191 1683 Principium
3218 1612 3429 1682 peccati
3456 1618 3542 1667 est

246 1691 336 1739 tas
360 1687 441 1754 (id
464 1694 573 1756 est,
616 1694 806 1761 aures)
834 1693 1023 1763 populi
1046 1694 1165 1760 Dei,
1197 1696 1294 1748 sed
1316 1696 1595 1752 civitatem
1621 1715 1731 1753 non
1763 1718 1859 1771 po-
1879 1682 1925 1741 B
1943 1700 2071 1753 filiae
2098 1700 2252 1763 Sion,
2313 1703 2465 1771 quia,
2502 1721 2528 1751 «
2556 1682 2822 1756 subaudis
2869 1702 2927 1755 in
2968 1682 3053 1767 te,
3080 1720 3106 1753 »
3139 1701 3366 1755 inventa
3406 1706 3541 1755 sunt

243 1776 354 1828 tuit
376 1782 703 1847 penetrare,
737 1781 844 1835 hoc
867 1787 970 1849 est,
1005 1789 1253 1837 mentem
1307 1784 1365 1838 in
1412 1786 1522 1840 ﬁde
1559 1788 1855 1843 solidatam
1937 1789 2149 1842 scelera
2171 1790 2344 1843 Israel
2377 1810 2399 1840 ι
2431 1796 2487 1843 et
2507 1807 2607 1859 per
2629 1796 2683 1843 te
2705 1791 2865 1860 quasi
2899 1808 2998 1860 per
3026 1794 3245 1861 portam
3275 1789 3535 1860 impietas

242 1878 358 1919 non
384 1867 571 1921 valuit
596 1869 872 1939 decipere.

320 1973 343 2004 ι
369 1954 437 2008 In
458 1955 605 2009 Geth
627 1957 802 2011 nolite
826 1961 1195 2015 annuntiare:
1224 1962 1489 2033 lacrymis
1510 1981 1581 2019 ne
1596 1966 1846 2036 ploretis;

236 2040 297 2095 in
326 2042 499 2098 domo
547 2046 795 2116 pulveris
840 2049 1067 2118 pulvere
1096 2067 1193 2104 vos
1224 2054 1597 2123 conspergite.
1634 2074 1658 2105 »
1702 2056 1847 2109 Geth

237 2147 351 2185 una
362 2137 455 2186 est
473 2150 539 2186 ex
563 2135 814 2206 quinque
834 2138 1151 2192 civitatibus
1173 2140 1621 2207 Philistinorum,
1644 2145 1711 2197 de
1734 2161 1844 2215 qua

229 2218 340 2273 fuit
357 2220 587 2276 Goliatb
605 2223 891 2283 Gethzeus.
909 2226 1129 2281 Scimus
1164 2233 1351 2282 autem
1372 2230 1504 2300 quia
1528 2231 1840 2288 Philisthaei

226 2309 449 2364 inimici
472 2328 700 2383 semper
727 2320 891 2368 erant
919 2315 1149 2370 Judaais.
1177 2317 1323 2371 Dicit
1352 2335 1485 2389 ergo
1516 2322 1790 2392 propheta
1821 2341 1833 2376 :

228 2396 423 2453 Nolite
443 2401 784 2457 annuntiare
795 2403 852 2458 in
874 2405 1021 2458 Geth
1049 2406 1259 2460 malum
1281 2409 1430 2477 quod
1463 2410 1699 2479 praedico
1710 2427 1840 2465 ven-

225 2491 424 2541 turum
481 2506 554 2543 ne
606 2490 870 2546 laetentur
896 2493 1108 2548 inimici
1170 2497 1355 2550 vestri.
1382 2514 1407 2549 (‹
1442 2498 1729 2569 Lacrymis
1767 2516 1838 2553 ne

224 2575 487 2644 ploretis,
518 2597 541 2627 ›
568 2578 701 2633 licet
718 2586 915 2651 pectus
944 2583 1195 2638 dolorem
1223 2585 1449 2651 habeat,
1482 2586 1835 2642 dissimulate

226 2663 428 2718 ﬂetum
446 2681 519 2719 ne
547 2667 836 2736 gaudeant
864 2669 1077 2724 inimici
1131 2673 1318 2727 vestri.
1348 2692 1370 2723 ι
1418 2674 1481 2728 In
1510 2674 1676 2729 domo
1707 2677 1832 2746 pul-

225 2753 398 2819 veris,
430 2772 455 2804 ι
482 2754 591 2809 hoc
612 2762 717 2823 est,
737 2774 861 2828 quae
882 2759 1103 2814 ruitura
1136 2766 1240 2829 est,
1266 2766 1322 2815 et
1347 2762 1404 2816 in
1435 2764 1720 2841 pulverem
1750 2782 1835 2818 re-

224 2840 494 2911 digenda.
520 2843 603 2898 Ibi
617 2861 713 2899 vos
736 2848 964 2917 pulvere
979 2851 1353 2920 conspergite,
1379 2867 1492 2905 non
1520 2852 1579 2906 in
1607 2853 1827 2923 plateis,

223 2945 294 2983 ne
324 2932 527 2985 hostes
547 2934 716 2987 vestri
744 2934 970 2990 videant
994 2942 1051 2991 et
1077 2938 1355 2993 laetentur.

1936 1877 2125 1931 decem
2152 1878 2401 1932 tribuum
2432 1878 2696 1948 migravit
2722 1878 2793 1931 ad
2826 1879 3202 1932 Hierusalem.

2010 1986 2031 2016 ι
2060 1968 2365 2037 Propterea
2386 1966 2541 2020 dabit
2568 1967 2888 2021 emissarios
2920 1983 3090 2037 super
3144 1966 3532 2021 hzereditatem

1931 2052 2077 2107 Geth
2111 2073 2121 2107 :
2148 2056 2350 2108 domus
2381 2055 2657 2108 mendacii
2686 2055 2745 2108 in
2774 2055 3160 2125 deceptionem
3197 2054 3424 2125 regibus
3452 2056 3531 2110 Is-

1928 2141 2062 2193 rael.
2102 2161 2124 2192 ι
2160 2142 2285 2195 Non
2314 2143 2494 2195 solum
2527 2142 2747 2211 (inquit)
2784 2156 2953 2211 super
2999 2140 3197 2194 Lachis
3237 2142 3536 2212 quadriga

1925 2229 2150 2283 venient
2173 2236 2229 2283 et
2257 2230 2554 2291 tumultus,
2578 2230 2675 2283 sed
2697 2235 2753 2282 et
2770 2246 2940 2300 super
2956 2229 3121 2293 Geth,
3154 2245 3277 2299 quae
3305 2234 3392 2283 est
3407 2246 3528 2285 me-

1926 2318 2161 2388 tropolis
2174 2319 2499 2372 Palaestinae.
2528 2317 2863 2371 Emissarios
2902 2322 3092 2371 autem
3122 2321 3280 2371 vocat
3304 2318 3527 2372 latrun-

1924 2407 2097 2469 culos,
2133 2423 2272 2477 quos
2302 2424 2399 2460 rex
2419 2406 2779 2476 Assyriorum
2822 2405 3083 2459 mittebat
3111 2406 3170 2459 in
3202 2406 3368 2472 Geth,
3400 2423 3524 2477 quae

1924 2501 2048 2549 erat
2075 2496 2275 2549 domus
2303 2494 2653 2560 idololatriae,
2682 2495 2930 2565 urbsque
2961 2494 3256 2557 mendacii,
3287 2511 3523 2566 quaeque

1920 2586 1982 2638 in
2012 2584 2397 2654 deceptionem
2427 2584 2615 2636 fuerat
2644 2582 2870 2653 regibus
2898 2583 3091 2637 Israel.

1991 2691 2014 2723 α
2050 2672 2247 2726 Adhuc
2278 2671 2555 2725 haeredem
2587 2672 2860 2726 adducam
2893 2670 3016 2736 tibi,
3049 2687 3173 2742 quae
3211 2671 3433 2726 habitas
3458 2672 3518 2727 in

1920 2780 1945 2813 «
1980 2762 2218 2827 Maresa,
2257 2780 2279 2812 ι
2317 2761 2373 2815 id
2403 2767 2488 2814 est
2516 2761 2575 2813 in
2605 2760 2950 2814 haereditate.
3004 2760 3295 2814 Haeredem
3326 2764 3518 2814 autem

1914 2854 2073 2902 vocat
2105 2850 2405 2904 adventum
2436 2848 2710 2904 hostium.
2751 2847 2902 2901 Dicit
2922 2864 3055 2919 ergo
3086 2848 3237 2902 Deus
3266 2863 3367 2919 per
3384 2863 3512 2918 pro-

1914 2937 2164 3007 phetam,
2192 2938 2338 3008 quod
2361 2937 2479 3008 ipse
2505 2937 2748 2991 adducat
2771 2936 3032 3008 Assyrios
3068 2936 3163 3007 qui
3182 2935 3511 2990 hareditate

295 3038 320 3069 ι
358 3020 433 3074 Et
453 3022 694 3076 transite
731 3023 888 3078 vobis
916 3025 1189 3080 habitatio
1216 3028 1469 3098 pulchra,
1501 3029 1737 3083 confusa
1773 2995 1890 3085 etc
1913 2995 2238 3097 possideant
2264 2995 2431 3091 Geth,
2452 3043 2517 3080 eo
2550 3026 2697 3096 quod
2721 2995 2898 3079 fuerit
2916 3025 2977 3078 in
3002 2995 3388 3096 deceptionem
3416 3040 3510 3078 re-

219 3106 555 3177 ignominia.
590 3130 613 3160 ι
639 3110 748 3165 Pro
774 3113 1028 3182 pulchra,
1072 3115 1447 3187 Septuaginta
1487 3117 1670 3188 ipsum
1700 3135 1826 3173 ver-

218 3194 354 3249 bum
375 3197 715 3253 Hebraicum
735 3199 1065 3271 posuerunt,
1088 3205 1471 3272 scaphir.Tam
1503 3206 1652 3259 enim
1685 3208 1827 3278 Syra

218 3300 389 3354 quam
421 3287 701 3342 Hebraica
729 3289 922 3361 lingua
952 3292 1174 3362 scaphir
1201 3294 1437 3363 pulchra
1468 3294 1693 3357 dicitur,
1712 3312 1821 3366 quo

219 3377 452 3431 nomine
501 3379 759 3434 Samaria
814 3388 1058 3447 vocatur,
1094 3382 1225 3453 quia
1271 3383 1329 3436 in
1360 3384 1735 3454 pulcherrimo
1765 3391 1822 3439 et

213 3464 642 3521 nberrimoloco
666 3469 775 3523 sita
795 3475 936 3523 erat.
962 3471 1178 3525 Dicitur
1192 3488 1324 3541 ergo
1359 3473 1429 3525 ad
1458 3489 1581 3526 eam
1610 3493 1620 3527 :
1657 3474 1701 3528 Ο
1724 3475 1819 3527 Sa-

213 3554 397 3608 maria
410 3556 647 3626 pulchra
662 3563 719 3611 et
733 3557 955 3624 fertilis,
971 3559 1103 3629 quia
1127 3561 1355 3614 confusa
1391 3578 1448 3614 es
1486 3562 1811 3632 ignominia,

213 3643 289 3697 sic
316 3644 515 3709 transi,
541 3652 599 3699 et
613 3646 694 3699 sic
721 3636 893 3718 perge
917 3648 974 3701 in
1002 3649 1402 3719 captivitatem,
1435 3654 1500 3704 ut
1540 3652 1588 3703 si
1631 3658 1816 3722 potest

212 3732 356 3792 ﬁeri,
408 3749 513 3787 nec
563 3735 829 3790 inimicus
884 3737 1205 3807 allOphylus
1234 3739 1460 3791 sentiat.
1496 3756 1521 3791 α
1562 3740 1686 3793 Non
1727 3747 1815 3795 est

211 3834 436 3889 egressa
452 3838 576 3892 qua:
589 3822 807 3878 habitat
827 3824 885 3877 in
902 3825 1068 3879 exitu.
1085 3844 1106 3875 ι
1132 3827 1202 3879 Et
1226 3826 1314 3879 hic
1340 3826 1601 3880 similiter
1624 3827 1811 3898 ipsum

209 3907 441 3964 verbum
475 3911 833 3978 Hebraieum,
870 3913 928 3967 id
958 3921 1063 3978 est,
1095 3932 1289 3969 sanna.
1325 3916 1513 3971 Senna
1540 3917 1689 3970 enim
1722 3917 1810 3971 in-

206 4000 551 4069 terpretatur
572 4001 771 4068 exitus,
804 4019 906 4072 per
928 4004 1074 4074 quod
1106 4003 1381 4074 signiﬁcat
1429 4005 1808 4075 captivitatem

202 4086 321 4155 jam
350 4088 407 4141 in
438 4105 667 4158 egressu
691 4095 748 4144 et
774 4091 833 4144 in
864 4091 1075 4146 foribus
1093 4108 1233 4146 esse.
1259 4093 1418 4156 Quod
1433 4099 1620 4147 autem
1646 4095 1802 4161 dicit,

209 4193 231 4223 ι
261 4175 386 4229 Non
421 4182 508 4230 est
526 4194 774 4248 egressa,
811 4198 838 4231 ››
865 4179 1144 4249 signiﬁcat
1159 4181 1309 4250 quod
1340 4198 1451 4234 non
1477 4198 1580 4236 sua
1608 4189 1805 4253 sponte

1907 3114 2072 3183 gibus
2095 3115 2287 3168 Israel.
2326 3134 2352 3166 α
2384 3115 2571 3184 Usque
2600 3115 2670 3168 ad
2701 3114 2958 3169 Odollam
3003 3113 3190 3167 veniet
3224 3112 3406 3184 gloria
3430 3113 3510 3167 Is-

1908 3204 2044 3259 rael.
2082 3224 2107 3255 »
2130 3204 2327 3258 Odolla
2352 3203 2703 3257 nobilissima
2758 3208 2881 3256 erat
2927 3202 3121 3256 civitas
3151 3203 3300 3256 inter
3336 3201 3505 3257 urbes

1907 3292 2248 3357 Iudaeorum,
2267 3292 2337 3345 ad
2360 3308 2527 3362 quam
2555 3290 2726 3344 etiam
2756 3290 2893 3345 dicit
2913 3295 3305 3360 perventuram
3332 3291 3505 3346 hosti-

1903 3379 2119 3433 litatem
2148 3380 2528 3450 Assyriorum.
2554 3379 2791 3442 Quidam
2815 3379 3032 3434 codices
3060 3378 3287 3442 habent,
3317 3399 3340 3431 ι
3374 3380 3505 3435 Glo-

1900 3468 1985 3520 ria
2006 3467 2196 3532 lsrael,
2231 3487 2256 3519 »
2290 3472 2356 3521 ut
2382 3469 2455 3521 sit
2483 3485 2680 3521 sensus
2716 3487 2727 3520 :
2760 3467 2963 3520 Veniet
2989 3467 3087 3520 illa
3108 3467 3404 3537 captivitas
3428 3468 3499 3521 de

1900 3556 2043 3609 Geth
2067 3574 2245 3627 usque
2276 3557 2685 3626 Odollam,quze
2706 3554 2974 3609 subaudis
2988 3561 3073 3608 est
3093 3555 3287 3609 civitas
3304 3555 3498 3625 gloria

1897 3642 2090 3698 Israel.
2121 3646 2223 3698 Vel
2243 3650 2393 3699 certe
2415 3662 2512 3715 per
2540 3644 2776 3698 ironiam
2800 3643 3183 3713 accipiendum
3210 3648 3314 3705 est,
3345 3648 3411 3697 ut
3423 3643 3496 3697 sit

1896 3749 2113 3796 sensus,
2147 3734 2291 3788 Illud
2322 3734 2533 3787 malum
2573 3733 2642 3787 de
2664 3732 2862 3786 Lachis
2905 3737 2963 3785 et
2990 3732 3061 3785 de
3091 3733 3310 3786 Maresa
3339 3736 3396 3785 et
3423 3732 3495 3786 de

1896 3822 2040 3875 Geth
2066 3823 2354 3893 perveniet
2379 3822 2654 3876 Odollam.
2689 3820 2792 3873 Hic
2828 3821 3312 3890 distinguendum,
3333 3824 3391 3874 et
3409 3820 3495 3874 sic

1892 3910 2102 3964 ironice
2143 3927 2342 3981 parum
2404 3926 2595 3979 pressa
2640 3924 2769 3961 voce
2812 3908 3184 3973 inferendum,
3232 3926 3257 3961 et
3297 3908 3493 3962 Gloria

1892 4005 1996 4064 est,
2029 4020 2057 4049 ιι
2076 4000 2133 4052 id
2155 3997 2561 4069 estignominia
2574 3996 2886 4049 etdedecus
2927 4000 3015 4048 est
3041 3995 3232 4065 populi
3261 3995 3490 4049 Israeli-

1892 4088 2006 4143 tici.
2026 4088 2319 4157 Haecjuxta
2338 4087 2606 4154 litteram,
2623 4087 2908 4139 videamus
2936 4083 3180 4138 breviter
3206 4083 3342 4153 quid
3369 4099 3489 4154 my-

1887 4177 2044 4230 sterii
2064 4176 2390 4230 contineant
2422 4194 2432 4227 :
2467 4175 2612 4227 Geth
2642 4173 3050 4243 interpretatur
3096 4172 3362 4226 torcular.
3401 4171 3485 4227 Si-

203 4264 287 4317 vel
315 4265 622 4331 voluntate,
655 4268 753 4321 sed
785 4275 977 4322 coacta
1009 4275 1066 4323 et
1088 4270 1286 4323 nolens
1316 4271 1483 4324 ducta
1513 4278 1599 4325 est
1618 4273 1675 4324 in
1707 4288 1800 4325 ca-
1817 4265 2113 4335 Dgnificat
2130 4264 2441 4328 haereticos,
2467 4263 2562 4333 qui
2580 4280 2639 4316 se
2660 4261 3274 4325 extollebant,dicentes
3298 4275 3358 4315 se
3386 4261 3486 4315 ha-

200 4353 531 4422 ptivitatem.
553 4373 578 4407 α
596 4350 894 4410 Planctum
934 4358 1134 4412 domus
1154 4358 1332 4412 vicina
1358 4359 1592 4431 accipiet
1616 4377 1681 4413 ex
1711 4378 1799 4415 vo-

198 4438 301 4506 bis,
330 4458 453 4512 quae
477 4444 633 4497 stetit
655 4444 902 4499 sibimet.
932 4466 955 4495 ι
983 4446 1053 4500 Et
1092 4447 1183 4500 hic
1219 4447 1401 4517 ipsum
1432 4447 1661 4502 verbum
1692 4448 1798 4502 ha-

199 4528 362 4583 betur
388 4530 687 4588 Hebraeum
735 4533 793 4587 in
825 4535 1214 4605 Septuaginta,
1247 4536 1305 4589 id
1343 4541 1429 4589 est
1452 4539 1601 4591 Asel.
1644 4537 1795 4591 Ordo

195 4630 315 4672 est:
348 4619 555 4674 Domus
583 4622 714 4675 Azel
744 4623 978 4693 accipiet
1023 4640 1094 4677 ex
1144 4623 1297 4677 vobis
1326 4624 1629 4695 planctum.
1663 4626 1794 4679 Azel

198 4706 603 4777 interpretatur
625 4710 822 4778 vicina,
876 4711 991 4766 sive
1036 4729 1100 4765 ex
1150 4712 1344 4766 latere.
1388 4714 1630 4767 Domum
1660 4730 1792 4784 ergo

195 4794 589 4858 Azel,domum
616 4798 645 4851 J
651 4798 765 4851 uda
787 4798 940 4865 dicit,
976 4816 1099 4870 quae
1139 4799 1321 4853 vicina
1349 4806 1472 4854 erat
1502 4802 1788 4867 Samariae,

193 4890 247 4934 et
266 4884 423 4953 quasi
471 4901 537 4938 ex
591 4886 788 4951 latere,
845 4904 967 4957 qua:
1028 4889 1316 4959 planctum
1345 4890 1560 4960 accepit
1599 4890 1795 4943 audita

195 4970 343 5025 clade
374 4973 662 5040 Samariae,
694 4992 836 5046 quae,
869 4975 1139 5031 subaudis
1188 4977 1390 5031 domus
1440 4978 1591 5042 Azel,
1634 4977 1793 5031 stetit

194 5058 422 5128 sibimet,
473 5062 530 5115 id
583 5068 687 5129 est,
748 5064 1026 5135 captivata
1060 5065 1334 5131 Samaria,
1379 5066 1686 5135 permansit
1729 5066 1789 5120 in

194 5152 336 5202 statu
353 5150 513 5221 regni
541 5152 650 5217 sui,
678 5158 933 5223 protecta
956 5170 989 5206 a
1008 5154 1124 5207 Deo
1153 5159 1386 5224 propter
1403 5153 1711 5208 Ezechiam.

266 5256 291 5289 ι
321 5237 465 5301 Quia
489 5240 782 5295 inﬁrmata
811 5247 894 5296 est
924 5242 981 5295 in
1013 5242 1277 5308 bonum,»
1314 5242 1580 5297 subaudis
1597 5260 1780 5311 suum,

200 5324 250 5379 id
262 5334 358 5389 est,
383 5329 516 5398 quia
535 5330 835 5384 humiliata
852 5336 939 5385 est
967 5331 1038 5384 ad
1068 5332 1380 5401 profectum
1404 5348 1589 5399 suum,
1614 5349 1787 5402 quan-

198 5413 262 5468 do
290 5416 603 5488 Rhapsaces
631 5418 1044 5489 blasphemavit
1067 5421 1247 5474 Deum
1278 5421 1573 5475 viventem.
1605 5440 1626 5471 ε
1654 5422 1786 5484 Quae

198 5501 404 5560 habitat
428 5506 489 5561 in
512 5507 780 5575 Ramoth,
817 5527 840 5559 ι
865 5508 922 5562 id
952 5515 1036 5563 est
1060 5509 1118 5563 in
1146 5508 1637 5564 amaritudinibus.
1673 5510 1789 5563 Hoc

1885 4353 2013 4407 bere
2039 4354 2224 4407 vinum
2259 4351 2542 4419 Soreth,id
2571 4356 2657 4405 est
2686 4350 2997 4421 Spiritualis
3026 4355 3083 4403 et
3097 4349 3483 4405 divinaascien-

1881 4442 1991 4509 tiae,
2024 4459 2151 4497 cum
2179 4458 2210 4495 e
2258 4447 2451 4494 contra
2501 4440 2692 4493 vinum
2742 4455 2939 4493 eorum
2976 4438 3060 4509 (id
3088 4443 3174 4492 est
3206 4438 3478 4507 doctrina)

1879 4536 2029 4587 esset
2056 4532 2125 4585 de
2152 4531 2315 4583 vinea
2340 4529 2733 4593 Sodomorum,
2793 4532 2850 4581 et
2898 4528 2967 4581 de
2995 4525 3333 4581 suburbanis
3370 4526 3478 4581 Go-

1881 4620 2140 4674 morrhae.
2172 4618 2289 4689 Ipsi
2323 4623 2457 4671 sunt
2480 4622 2539 4671 et
2563 4616 2763 4670 domus
2792 4616 3056 4687 pulveris,
3092 4615 3226 4685 quia
3247 4621 3476 4668 terrena

1876 4710 2119 4780 sapiunt,
2149 4712 2207 4761 et
2233 4706 2388 4760 cibus
2427 4711 2559 4760 sunt
2585 4703 2880 4775 serpentis,
2912 4703 2969 4757 id
2999 4709 3087 4758 est
3113 4701 3340 4765 diaboli,
3382 4701 3474 4756 cui

1876 4798 2091 4852 dictum
2118 4804 2221 4860 est,
2252 4794 2487 4849 Terram
2516 4793 2774 4848 comedes
2803 4791 3062 4845 omnibus
3102 4789 3322 4845 diebus.
3356 4791 3473 4845 Hos

1876 4889 2137 4941 hortatur
2160 4886 2452 4957 prOpheta,
2484 4899 2555 4936 ne
2604 4899 2662 4935 se
2722 4881 3009 4945 extollant,
3034 4880 3132 4934 sed
3160 4885 3332 4950 agant
3359 4896 3473 4951 pm-

1874 4976 2170 5030 nitentiam
2222 4974 2430 5032 dicens,
2458 4989 2483 5022 α
2515 4971 2580 5023 In
2616 4969 2783 5022 domo
2813 4967 3081 5039 pulveris,
3125 4968 3354 5039 pulvere
3374 4984 3471 5023 vos

1870 5063 2168 5135 aspergite,
2209 5080 2230 5112 υ
2261 5077 2331 5114 ne
2361 5076 2486 5113 cum
2544 5063 2767 5127 tempus
2798 5056 3029 5110 ultionis
3060 5056 3367 5123 advenerit,
3412 5062 3471 5111 et

1870 5154 2070 5207 domus
2100 5167 2223 5221 quae
2273 5148 2423 5201 vobis
2474 5147 2707 5218 pulchra
2746 5144 3039 5199 videbatur
3077 5144 3357 5212 ceciderit,
3398 5144 3471 5199 si-

1869 5242 1988 5296 mul
2026 5238 2286 5311 pereatis,
2318 5242 2377 5290 et
2404 5252 2593 5289 cassus
2622 5233 2782 5290 labor
2800 5238 2984 5288 vester
3015 5234 3194 5288 risum
3233 5233 3470 5287 videnti-

1868 5329 1972 5384 bus
2026 5329 2289 5399 przebeat.
2339 5347 2360 5377 ι
2417 5326 2544 5380 Non
2596 5331 2682 5378 est
2739 5339 2967 5393 egressa
3004 5323 3136 5393 quia
3171 5321 3391 5375 habitat
3407 5321 3467 5375 in

1870 5419 2040 5483 exitu,
2068 5436 2093 5468 ι)
2126 5417 2182 5469 id
2209 5421 2297 5469 est
2317 5413 2561 5469 Ecclesia
2590 5430 2711 5483 quae
2743 5412 2962 5473 habitat
2994 5410 3054 5464 in
3085 5410 3255 5470 exitu.
3282 5410 3341 5463 in
3369 5425 3468 5479 spe

1869 5505 2214 5578 percipiendi
2252 5503 2411 5573 regni
2458 5501 2717 5568 caelestis,
2763 5517 2876 5555 non
2919 5504 3004 5554 est
3048 5514 3276 5569 egressa
3297 5498 3467 5551 ﬁnem
