4090 6164
552 312 654 398 147

964 343 1343 401 HAYMONIS
1380 347 1869 402 HALBERSTAT.
1911 346 2137 401 EPISC.
2180 346 2339 403 OPP.
2379 347 2564 402 PARS
2601 346 2645 400 Ι.
2680 361 2761 430 ξε
2794 341 3169 399 COMMENT.
3222 337 3406 395 BIBL.

3725 334 3827 390 148

558 462 872 523 divinarum
898 466 1337 537 Scripturarum,
1370 487 1472 524 nec
1524 475 1879 539 transgressa
1922 470 2152 524 Patrum
2172 470 2219 532 A
2239 470 2552 539 glorientur
2582 468 2843 533 hceretici,
2878 468 3062 521 veniet
3087 466 3269 536 gloria
3311 461 3505 525 Israel,
3552 459 3831 532 jactantia

557 558 790 608 statuta.
822 556 1121 611 «Planctus
1148 558 1348 613 domus
1376 560 1567 612 vicinae
1585 560 1819 629 accipiet
1838 576 1901 611 ex
1933 560 2102 612 vobis.
2123 579 2144 609 ι

559 643 756 699 Vicina
782 645 984 699 domus
1014 653 1102 700 est
1130 645 1403 712 Ecclesia,
1436 649 1494 701 in
1525 665 1635 718 qua
1691 649 1856 702 domo
1887 665 1998 701 non
2025 654 2157 701 sunt

558 731 826 800 haeretici,
886 735 985 789 sed
1042 736 1207 790 vicini
1251 737 1303 790 ei
1348 744 1502 793 sunt.
1535 756 1561 788 «
1594 738 1673 791 Ex
1728 734 1887 791 nobis
1955 737 2159 806 (inquit

563 822 892 894 Apostolus)
914 824 1189 891 exierunt,
1222 826 1321 880 sed
1362 842 1477 881 non
1505 831 1667 880 erant
1698 842 1765 880 ex
1790 824 1968 880 nobis.
2016 845 2039 876 ι
2069 824 2159 879 Vi-

564 910 693 966 cina
708 917 939 983 estergo
949 914 1152 968 domus
1184 914 1579 989 haereticorum
1608 912 1867 970 Ecclesia:
1885 913 2157 981 ﬁdelium,

566 999 667 1055 sed
686 1016 856 1071 super
883 1018 1113 1057 arenam
1144 1003 1347 1073 posita,
1380 1020 1490 1058 non
1512 1003 1683 1058 habet
1706 1003 2155 1058 fundamentum.

564 1088 639 1142 Et
664 1093 751 1142 est
776 1106 974 1144 sensus
1011 1105 1022 1139 :
1055 1090 1101 1146 Ο
1131 1092 1400 1161 haeretici,
1454 1093 1550 1163 qui
1579 1097 1799 1146 tantum
1828 1092 1996 1146 vicini
2026 1091 2160 1145 estis

569 1175 960 1245 Ecclesiamsed
980 1185 1179 1234 contra
1203 1197 1328 1234 eam
1347 1197 1572 1251 semper
1589 1181 1897 1251 erigimini,
1912 1180 2161 1252 plangite

567 1266 954 1337 vosmetipsos,
987 1268 1118 1339 quia
1143 1286 1208 1324 ex
1238 1268 1390 1324 vobis
1431 1269 1668 1340 accipiet
1705 1270 1967 1324 inimicus
1990 1275 2048 1323 et
2076 1269 2162 1323 ul-

568 1358 660 1417 tor
687 1353 943 1419 diabolus
963 1357 1272 1427 planctum,
1297 1358 1406 1412 hoc
1424 1364 1533 1424 est,
1571 1376 1666 1412 vos
1691 1359 1849 1413 eritis
1877 1374 2051 1413 causa
2075 1373 2164 1412 ve-

572 1446 703 1499 stra!
728 1444 1083 1513 perditionis,
1116 1451 1175 1500 et
1201 1463 1267 1501 ex
1318 1446 1473 1502 vobis
1526 1447 1804 1513 diabolus,
1844 1448 1932 1502 cui
1970 1447 2167 1501 traditi

571 1530 726 1594 estis,
761 1534 1055 1589 materiem
1097 1535 1332 1606 accipiet
1365 1535 1655 1606 puniendi.
1688 1536 1822 1600 Quae
1847 1536 2003 1590 stetit
2028 1533 2167 1589 sibi-

572 1624 711 1682 met,
743 1621 878 1690 quia
908 1621 1195 1679 inﬁrmata
1224 1629 1310 1678 est
1338 1624 1397 1677 in
1428 1624 1637 1678 bonum
1666 1642 1853 1690 suum,
1897 1625 1969 1678 ad
1998 1641 2168 1695 supe-

570 1706 725 1771 riora
746 1708 1098 1780 jungendum
1129 1718 1234 1777 est,
1267 1712 1363 1766 ubi
1392 1713 1613 1777 dicitur,
1638 1734 1665 1764 α
1694 1715 1818 1768 Νοη
1845 1719 1930 1767 est
1945 1729 2167 1782 egressa

2241 561 2625 614 haereticorum
2658 574 2837 627 usque
2868 555 3213 617 Odollam,id
3254 558 3341 608 est
3368 566 3546 621 usque
3577 549 3649 603 ad
3671 547 3830 602 testi-

2238 650 2489 703 monium
2515 646 2896 703 exhaustionis
2917 662 3050 711 suae,
3070 644 3127 698 id
3145 648 3229 697 est
3246 657 3426 711 usque
3445 640 3515 692 ad
3525 638 3825 709 judicium,

2241 738 2463 810 quando
2492 736 2822 791 exhaurient
2835 740 3006 806 atque
3026 731 3249 787 ebibent
3259 745 3582 785 mensuram
3593 742 3830 798 operum

2240 843 2492 883 suorum.

2317 936 2339 967 ι
2361 915 2662 970 Decalvare
2677 919 2734 968 et
2752 912 2988 968 tondere
3007 925 3178 981 super
3192 908 3337 964 ﬁlios
3355 905 3683 961 deliciarum
3702 909 3835 958 tua-

2242 1022 2387 1070 rum,
2420 1005 2595 1059 dilata
2625 1002 2911 1057 calvitium
2936 1005 3099 1055 tuum
3146 998 3292 1052 sicut
3325 996 3537 1067 aquila,
3566 993 3836 1064 quoniam

2243 1093 2448 1167 captivi
2478 1093 2629 1146 ducti
2652 1097 2784 1144 sunt
2803 1108 2867 1144 ex
2894 1095 2971 1144 te.
3011 1108 3033 1140 ι
3054 1088 3171 1143 Hoc
3200 1091 3257 1141 et
3297 1084 3615 1156 specialiter
3642 1081 3715 1135 ad
3736 1082 3836 1135 Sa~

2244 1182 2500 1245 mariam,
2532 1182 2592 1236 id
2622 1187 2709 1235 est
2732 1181 2922 1233 decem
2952 1176 3154 1242 tribus,
3183 1182 3241 1230 et
3262 1172 3604 1245 generaliter
3622 1170 3694 1225 ad
3710 1186 3838 1225 om-

2245 1289 2373 1327 nem
2402 1271 2670 1343 populum
2702 1269 2877 1325 Israel
2891 1263 3214 1336 dicitur,qui
3238 1263 3487 1334 captivus
3514 1261 3716 1315 ductus
3729 1265 3834 1313 est.

2247 1361 2484 1417 Jubetur
2509 1375 2642 1429 ergo
2670 1363 2735 1412 ut
2762 1356 3101 1421 dccalvetur,
3131 1354 3275 1407 sicut
3305 1368 3424 1406 mos
3452 1355 3574 1405 erat
3597 1350 3655 1403 in
3677 1349 3839 1403 luctu

2247 1452 2447 1513 facere,
2482 1453 2541 1502 et
2561 1448 3001 1511 tondeantur,ac
3026 1444 3247 1514 plorent
3277 1441 3419 1495 ﬁlios
3450 1456 3600 1494 suos.
3617 1438 3686 1493 Et
3703 1453 3843 1508 quo-

2250 1539 2417 1593 modo
2447 1536 2634 1608 aquila
2662 1540 2813 1590 certo
2832 1541 3087 1603 tempore
3111 1530 3324 1585 amittit
3351 1528 3571 1600 plumas
3600 1543 3749 1591 suas,
3782 1531 3844 1579 et

2248 1628 2401 1683 nuda
2422 1633 2590 1696 atque
2619 1623 2904 1695 implumis
2937 1624 3208 1685 remanet,
3241 1618 3319 1672 sic
3369 1616 3546 1670 Israel
3595 1615 3841 1685 deponat

2249 1733 2473 1772 omnem
2496 1715 2873 1785 gloriam,qua
2890 1717 3020 1765 ante
3049 1705 3522 1770 circumdabatur,
3535 1709 3591 1758 et
3609 1705 3847 1774 plangat

574 1812 697 1867 qua;
718 1796 936 1853 habitat
962 1799 1022 1854 in
1051 1801 1223 1864 exitu,
1257 1818 1379 1871 quae
1408 1803 1568 1856 stetit
1596 1803 1841 1857 sibimet.
1868 1823 1890 1854 ι
1927 1802 2171 1857 Ecclesia
2192 1826 2237 1885 Β
2254 1806 2399 1860 ﬁlios
2428 1821 2559 1858 suos
2582 1809 2773 1874 captos
2801 1800 2871 1855 ab
2890 1798 3163 1853 hostibus.
3198 1796 3307 1852 Sed
3354 1800 3411 1848 et
3464 1794 3569 1847 hoc
3588 1798 3847 1862 tempore

572 1885 733 1939 stetit
757 1885 1003 1949 sibimet,
1038 1888 1171 1958 quia
1199 1889 1257 1942 in
1287 1890 1523 1944 veritate
1578 1891 1793 1945 stabilis
1838 1890 2167 1962 permansit.

574 1973 870 2029 Inﬁrmata
896 1981 1002 2041 est,
1019 1976 1075 2030 id
1092 1983 1178 2031 est
1195 1978 1407 2032 afﬂicta
1426 1978 1659 2033 diversis
1690 1979 2170 2043 tribulationibus,

573 2061 672 2118 sed
694 2062 805 2119 hoc
831 2064 912 2117 illi
940 2064 998 2119 in
1020 2064 1229 2120 bonum
1259 2067 1383 2133 fuit,
1418 2068 1552 2138 quia
1580 2085 1690 2138 quo
1720 2070 1900 2138 magis
1929 2069 2176 2121 inﬁrma-

573 2149 762 2217 batur,
793 2168 859 2206 eo
889 2153 1131 2224 amplius
1171 2155 1229 2208 in
1281 2156 1391 2210 ﬁde
1442 2156 1834 2226 roborabatur,
1862 2159 2171 2211 secundum

574 2240 906 2311 Apostolum
934 2242 1030 2313 qui
1060 2243 1217 2310 dicit,
1242 2244 1476 2309 Quando
1504 2245 1781 2312 inﬁrmor,
1814 2254 1949 2300 tunc
1975 2245 2175 2299 fortior

576 2330 1198 2389 sum.HincPsalmista
1233 2333 1302 2386 de
1340 2334 1537 2388 eadem
1556 2334 1800 2388 Ecclesia
1820 2334 1971 2398 dicit,
2008 2334 2174 2388 Inﬁr-

576 2422 734 2475 mata
748 2423 853 2484 est,
865 2424 929 2474 tu
946 2435 1076 2477 vero
1098 2421 1378 2491 perfecisti
1406 2438 1550 2477 eam.
1600 2423 1732 2477 Haec
1779 2424 1904 2493 ipsa
1932 2423 2178 2478 Ecclesia

579 2507 803 2565 habitat
827 2508 888 2563 in
905 2508 1172 2575 Ramoth,
1202 2509 1255 2565 id
1286 2517 1373 2565 est
1414 2511 1474 2565 in
1512 2511 2002 2573 amaritudinibus,
2045 2512 2179 2582 quia

581 2613 778 2668 pressa
832 2599 1240 2669 persecutionis
1289 2600 1553 2671 pondere,
1590 2601 1669 2655 nil
1717 2601 1879 2655 dulce
1917 2600 2088 2655 habet
2122 2603 2179 2655 in

582 2686 864 2757 pmsenti.
890 2687 1189 2745 Descendit
1203 2696 1391 2745 autem
1415 2690 1625 2743 malum
1656 2707 1690 2743 a
1719 2690 1956 2744 Domino
1972 2691 2031 2743 in
2058 2707 2183 2761 por-

2255 1896 2506 1948 videmus
2533 1891 2753 1963 plebem
2800 1889 3090 1943 Iudaicam
3132 1886 3498 1949 decalvatam,
3531 1887 3590 1935 et
3616 1897 3846 1935 omnem

2253 1983 2495 2054 gratiam
2524 1997 2635 2052 qua
2653 1985 2783 2033 ante
2809 1975 3327 2047 ﬂoruerat,penitus
3346 1971 3415 2027 ab
3435 1988 3502 2025 ea
3527 1969 3847 2024 recessisse.

2257 2072 2492 2143 Mystice
2521 2070 2726 2123 dicitur
2775 2067 2978 2121 animae
3024 2062 3321 2136 peccatrici
3354 2081 3365 2115 :
3395 2061 3440 2115 Ο
3472 2060 3679 2123 anima,
3722 2074 3850 2129 qua":

2254 2160 2536 2232 quondam
2583 2156 2860 2212 fruebaris
2888 2154 3170 2227 paradiso,
3198 2157 3255 2206 et
3282 2149 3506 2204 volabas
3548 2153 3612 2201 ut
3656 2146 3854 2217 aquila

2255 2246 2683 2316 contemplando
2729 2243 2995 2307 ccelestia,
3025 2257 3248 2296 assume
3287 2238 3542 2293 habitum
3568 2235 3855 2307 paeniten-

2255 2336 2348 2403 tis,
2381 2342 2438 2390 et
2465 2335 2665 2406 plange
2686 2333 2831 2386 ﬁlios
2861 2338 3007 2396 tuos,
3036 2331 3093 2384 id
3124 2336 3210 2384 est
3237 2344 3410 2399 opera
3444 2342 3569 2398 quae
3594 2323 3845 2396 gessisti,

2260 2425 2394 2496 quia
2420 2423 2700 2496 captivata
2715 2427 2851 2475 sunt
2878 2419 2981 2475 sub
3001 2421 3125 2490 lege
3144 2418 3380 2491 peccati.

2809 2547 2822 2558 '
2881 2560 3222 2619 CAPUTII.

2339 2716 2361 2745 ι
2388 2693 2490 2746 Vae
2519 2692 2615 2763 qui
2636 2689 2894 2760 cogitatis
2917 2688 3135 2752 inutile,
3161 2691 3218 2740 et
3238 2683 3545 2756 operamini
3564 2684 3777 2737 malum
3796 2682 3861 2737 in

582 2780 704 2833 tam
723 2776 1102 2843 Hierusalem,
1128 2777 1184 2833 id
1222 2783 1308 2833 est
1334 2778 1554 2833 insidiae
1584 2778 1971 2833 hereticorum
2003 2796 2182 2849 usque
2264 2782 2539 2838 cubilibus
2560 2780 2850 2834 vestrisln
2870 2778 2992 2831 luce
3005 2775 3285 2830 matutina
3302 2774 3519 2828 faciunt
3546 2772 3704 2836 illud,
3724 2788 3867 2842 quo-

586 2865 657 2921 ad
675 2865 933 2922 auditum
951 2867 1227 2923 Ecclesiae.
1254 2868 1362 2925 Sed
1398 2867 1705 2922 Ecclesiam
1746 2874 2041 2937 penetrare
2070 2884 2181 2922 non
2264 2872 2416 2927 niam
2436 2877 2641 2924 contra
2666 2866 2849 2923 Deum
2879 2871 2965 2920 est
2985 2880 3185 2920 manus
3214 2879 3429 2917 eorum.
3469 2881 3490 2913 ι
3532 2862 3627 2915 Vae
3653 2860 3866 2932 populo

585 2954 1332 3027 possunt,quiaintrinsecus
1344 2955 1734 3013 secontinetin
1746 2955 2001 3009 custodia
2023 2972 2182 3009 men-
2264 2960 2611 3024 Judaaorum,
2644 2974 2723 3011 vae
2753 2956 2923 3010 etiam
2953 2953 3213 3009 omnibus
3243 2951 3340 3023 qui
3361 2951 3611 3021 cogitant
3637 2949 3864 3015 inutile,

586 3042 682 3104 tis,
707 3048 889 3098 etnon
911 3043 1198 3114 egreditur
1217 3043 1365 3099 foras
1379 3061 1450 3100 ne
1466 3044 1725 3103 violetur.
1744 3044 1889 3098 sicut
1902 3044 2183 3115 quondam
2207 3099 2245 3115 η
2268 3050 2373 3104 hoc
2393 3054 2495 3108 est,
2526 3046 2873 3101 meditantur
2915 3044 3193 3115 quomodo
3244 3045 3423 3099 Deum
3460 3039 3767 3104 offendant,
3807 3044 3869 3092 et

588 3130 757 3198 Dina,
769 3131 839 3185 de
859 3147 971 3202 qua
989 3131 1196 3186 dicitur
1218 3132 1351 3203 quia
1391 3149 1619 3203 egressa
1636 3138 1723 3186 est
1742 3138 1806 3186 ut
1822 3133 2036 3187 videret
2060 3149 2185 3187 mu-
2204 3127 2248 3159 υ
2271 3141 2580 3208 operantur
2600 3134 2810 3188 malum
2834 3134 2891 3187 in
2910 3132 3265 3191 cubilibus.id
3293 3138 3379 3186 est
3396 3131 3703 3201 disponunt
3718 3127 3869 3181 male

590 3218 759 3273 lieres
786 3219 1030 3289 regionis
1054 3220 1225 3275 illius.
1255 3222 1305 3279 Α
1335 3221 1574 3276 Domino
1602 3228 1791 3275 autem
1848 3221 2188 3276 descendere
2269 3223 2759 3281 facere.Difﬁnitio
2778 3228 2967 3276 autem
2989 3221 3294 3275 voluntatis
3322 3237 3423 3292 pro
3453 3219 3652 3272 effectu
3664 3215 3871 3287 accipi-

593 3307 809 3363 malum
826 3308 1050 3374 dicitur,
1068 3310 1203 3379 quia
1226 3308 1307 3365 nil
1325 3310 1412 3378 ﬁt,
1438 3310 1545 3365 nisi
1567 3310 1929 3381 permittente
1951 3310 2189 3365 Domino
2272 3321 2367 3371 tur
2397 3313 2608 3385 operis.
2648 3310 2931 3383 Quidquid
2956 3310 3091 3364 mali
3125 3327 3252 3364 vero
3289 3314 3452 3363 nocte
3472 3305 3868 3369 tractaverint,

596 3396 695 3468 qui
714 3397 787 3451 ad
803 3397 909 3453 hoc
938 3398 998 3452 in
1027 3398 1274 3453 Ecclesia
1329 3399 1466 3454 sinit
1514 3416 1638 3455 esse
1675 3400 1983 3465 hiereticos,
2017 3405 2082 3453 ut
2106 3400 2191 3453 vel
2275 3403 2434 3474 quasi
2463 3402 2687 3456 differre
2716 3416 2827 3453 non
2856 3398 3040 3465 liceat,
3074 3414 3201 3452 mox
3228 3403 3292 3452 ut
3319 3398 3415 3450 lux
3455 3392 3734 3447 matutina
3757 3392 3874 3446 cla-

594 3485 854 3557 probent,
886 3486 970 3541 vel
993 3492 1306 3542 exerceant.
1338 3487 1622 3559 Sequitur,
1669 3506 1697 3541 α
1725 3489 2022 3544 Tumultus
2051 3505 2190 3559 qua-

598 3574 773 3645 drigae
828 3575 1075 3645 stuporis
1145 3575 1420 3631 habitanti
1484 3576 1701 3642 Lachis,
1750 3594 1772 3626 ι
1815 3582 1922 3630 etc.
1966 3577 2185 3639 Lachis,

600 3679 725 3734 quae
752 3663 1159 3733 interpretatur
1178 3663 1580 3725 deambulatio,
1597 3665 1749 3734 ipsos
1777 3664 1963 3734 signat
1976 3665 2193 3719 haereti-

600 3765 695 3806 cos
723 3767 914 3822 vagos,
937 3756 996 3806 et
1022 3768 1124 3822 per
1142 3752 1363 3807 diversa
1403 3768 1658 3806 errorum
1683 3752 1950 3822 dogmata
1975 3753 2192 3808 discur-

603 3846 813 3907 santes,
834 3840 1043 3911 quique
1100 3842 1489 3896 circumfertur
1517 3841 1670 3895 omni
1713 3847 1878 3896 vento
1903 3842 2190 3909 doctrinae,

603 3930 674 3985 de
690 3930 891 4001 quibus
907 3930 1132 3996 dicitur,
1166 3930 1234 3985 Hi
1256 3931 1313 3985 in
1342 3930 1599 3985 curribus
1628 3936 1684 3984 et
1699 3931 1756 3985 hi
1778 3931 1835 3987 in
1865 3932 2192 4003 equis,etc.r

605 4018 694 4074 Ibi
710 4035 842 4091 ergo
864 4019 1147 4091 principes
1163 4019 1498 4074 exstiterunt
1513 4021 1724 4090 peccati
1742 4021 1869 4075 ﬁliae
1890 4021 2044 4089 Sion,
2078 4038 2200 4092 qua

606 4110 834 4179 specula
858 4109 1281 4179 interpretatur,
1312 4108 1446 4178 quia
1474 4108 1655 4163 omnis
1694 4109 1949 4164 Ecclesia
1979 4110 2204 4163 calami-

606 4201 715 4263 tas,
748 4197 934 4251 omnis
958 4213 1117 4250 error
1139 4202 1198 4250 et
1225 4203 1516 4267 peccatum
1546 4197 1616 4251 ab
1670 4198 1944 4253 haereticis
1973 4216 2199 4270 proces-

610 4285 704 4339 sit.
744 4304 767 4336 n
790 4285 1098 4355 Propterea
1126 4284 1269 4338 dabo
1292 4285 1611 4340 emissarios
1626 4303 1795 4357 super
1816 4288 2200 4342 haereditatem

612 4371 779 4428 ραι).
810 4392 837 4426 ν
893 4373 1183 4427 Emissarii
1237 4373 1538 4439 daemones,
1570 4376 1657 4428 vel
1712 4375 1954 4431 visibiles
1991 4376 2202 4433 inimici

2272 3492 2472 3555 ruerit,
2499 3489 2769 3543 festinant
2798 3504 2966 3559 opere
2993 3487 3319 3558 adimplere,
3374 3502 3477 3540 nec
3507 3482 3875 3539 considerant

2274 3584 2370 3652 qui
2399 3585 2594 3634 contra
2622 3578 2924 3632 Dominum
2954 3582 3040 3629 est
3068 3592 3268 3630 manus
3288 3591 3502 3639 eorum,
3524 3574 3687 3644 eique
3701 3587 3875 3641 rcpu-

2271 3676 2468 3741 gnant.
2503 3666 2769 3738 Sequitur
2818 3666 3109 3738 propheta,
3140 3680 3421 3736 exponens
3477 3679 3599 3733 quae
3629 3660 3746 3714 sint
3770 3659 3875 3713 illa

2277 3776 2399 3830 qua:
2425 3757 2676 3826 cogitant
2695 3761 2753 3809 et
2780 3760 2975 3825 agunt,
3003 3759 3061 3807 et
3088 3753 3225 3807 dicit
3252 3771 3263 3805 :

2352 3867 2376 3897 ε
2394 3847 2462 3901 Et
2483 3844 2892 3915 concupierunt
2916 3859 3102 3912 agros,
3121 3847 3179 3895 et
3207 3841 3477 3895 violenter
3499 3839 3772 3903 tulerunt,
3810 3843 3873 3891 et

2278 3936 2475 3990 domos
2495 3937 2830 4004 rapuerunt:
2877 3937 2934 3985 et
2953 3929 3442 3985 calumniabantur
3472 3928 3649 3982 virum
3680 3932 3739 3980 et
3766 3926 3879 3980 do-

2282 4040 2437 4077 mum
2452 4024 2593 4093 ejus;
2610 4021 2787 4075 virum
2801 4025 2858 4073 et
2871 4019 3257 4074 haereditatem
3278 4020 3421 4088 ejus.
3446 4037 3469 4067 ι
3497 4017 3624 4071 Ηωε
3652 4020 3709 4069 et
3736 4020 3883 4069 tunc

2280 4112 2511 4175 fiebant,
2532 4116 2589 4164 et
2608 4110 2773 4164 modo
2801 4109 2972 4180 (quod
2999 4115 3085 4162 est
3098 4107 3417 4174 dolendum)
3440 4123 3475 4160 a
3498 4104 3687 4160 multis
3699 4120 3885 4173 agun-

2281 4208 2393 4257 tur.
2424 4201 2584 4255 Unde
2614 4216 2740 4253 mox
2755 4200 2918 4270 juxta
2945 4197 3307 4268 subsequitur
3324 4195 3480 4250 ultio.

2358 4290 2448 4344 «Id
2457 4290 2604 4343 circo
2623 4289 2742 4342 haec
2754 4287 2888 4340 dicit
2904 4285 3175 4340 Dominus
3192 4304 3203 4338 :
3219 4284 3361 4339 Ecce
3374 4300 3476 4355 ego
3497 4282 3680 4353 cogito
3708 4298 3889 4352 super

2284 4379 2556 4433 familiam
2588 4378 2757 4430 istam
2788 4376 2998 4429 malum
3033 4394 3044 4428 :
3079 4374 3229 4428 unde
3273 4390 3385 4427 non
3430 4371 3697 4426 auferetis
3735 4371 3890 4426 colla

612 4460 867 4532 sunt,qui
878 4462 1035 4531 justo
1056 4461 1153 4515 Dei
1164 4461 1379 4531 judicio
1392 4462 1694 4518 mittuntur
1713 4481 1880 4534 super
1894 4465 2058 4529 Geth,
2078 4452 2264 4535 quaen
2288 4474 2493 4530 vestra,
2517 4472 2574 4521 et
2597 4481 2708 4519 non
2738 4463 3098 4518 ambulabitis
3118 4461 3631 4534 superbi,quoniam
3652 4466 3891 4530 tempus

611 4550 859 4604 torcular
871 4549 1299 4620 interpretatur,
1316 4550 1374 4604 id
1395 4556 1481 4606 est
1491 4568 1662 4622 super
1674 4552 1984 4619 haereticos,
2019 4554 2116 4625 qui
2146 4571 2206 4609 se

611 4644 818 4710 putant
844 4637 1052 4693 habere
1080 4638 1268 4693 vinum
1299 4640 1615 4711 purissimae
1643 4643 1913 4708 veritatis,
1946 4644 2044 4698 sed
2076 4650 2210 4698 sunt

612 4724 816 4783 domus
834 4727 1132 4794 mendacii,
1166 4735 1224 4783 et
1245 4729 1533 4801 decipiunt
1552 4747 1913 4803 quoscunque
1948 4738 2204 4803 possunt.

616 4815 777 4880 Quod
805 4821 997 4872 autem
1016 4817 1289 4888 sequitur,
1301 4837 1323 4869 ι
1346 4818 1546 4873 Adhuc
1561 4819 1808 4874 haeredes
1823 4820 2066 4874 adducet
2080 4819 2203 4885 tibi,

615 4906 714 4977 qui
739 4906 995 4960 habitent
1019 4906 1079 4959 in
1106 4905 1349 4970 Maresa,
1378 4926 1400 4958 ι
1438 4908 1675 4971 Maresa,
1707 4908 1903 4963 Latine
1918 4908 2210 4963 haeredita-

615 4999 733 5048 tem
760 5000 944 5061 sonat,
963 4995 1285 5065 signiﬁcans
1306 5012 1401 5050 eos
1425 4996 1521 5066 qui
1551 5012 1617 5049 ex
1644 4996 1973 5052 haereditate
1999 4998 2211 5052 Christi

622 5083 751 5152 (hoc
778 5090 886 5150 est,
901 5084 973 5138 de
1001 5084 1271 5137 societate
1315 5084 1596 5151 Ecclesiae)
1618 5085 1863 5139 traducti
1888 5087 2114 5141 fuerant
2139 5088 2212 5142 ad

614 5172 1306 5229 hereticosj’romittitur
1317 5189 1449 5243 ergo
1467 5173 1732 5244 eis,quod
1763 5174 1811 5227 si
1839 5175 2085 5229 converti
2107 5192 2212 5230 vo-

613 5260 1092 5326 Iuerint,adducat
1112 5260 1192 5313 eis
1210 5261 1481 5316 Dominus
1494 5262 1767 5334 heredes,
1782 5269 2005 5318 sanctos
2016 5265 2208 5321 docto-

618 5366 730 5413 res,
751 5348 953 5419 quieos
991 5348 1357 5404 aberroribus
1383 5357 1688 5420 separatos,
1722 5352 1791 5405 ad
1824 5353 2207 5408 hereditatem

617 5437 912 5493 Dominiet
934 5437 1191 5491 Ecclesia:
1209 5439 1516 5509 perducant
1526 5442 1871 5495 societatem.
1900 5444 2121 5512 «Usque
2141 5443 2212 5497 ad

622 5525 879 5581 Odollam
908 5526 1103 5583 veniet‘
1117 5527 1299 5596 gloria
1319 5528 1508 5582 Israel.
1528 5548 1557 5580 ιθ
1589 5530 1789 5584 Odolla
1808 5530 2214 5602 interpretatur

624 5613 1011 5670 testimonium
1041 5614 1277 5671 haustus
1299 5618 1383 5671 vel
1404 5618 1804 5673 exhaustionis.
1841 5620 1967 5674 Non
1989 5620 2206 5691 (inquit)

2288 4557 2596 4630 pessimum
2618 4560 2721 4608 est.
2745 4574 2771 4603 ιι
2796 4552 2942 4617 Quia
2968 4552 3188 4623 (inquit)
3222 4568 3318 4605 vos
3344 4549 3631 4622 cogitastis
3655 4548 3884 4614 inutile,

2290 4654 2348 4702 et
2370 4663 2474 4717 ego
2504 4644 2686 4714 cogito
2708 4659 2879 4713 super
2905 4658 2998 4695 vos
3028 4642 3257 4706 malum,
3290 4657 3403 4694 non
3432 4638 3581 4711 quod
3595 4638 3890 4708 ﬂagellum

2290 4734 2390 4790 Dei
2407 4733 2616 4788 malum
2642 4730 2734 4797 sit,
2768 4730 2866 4784 sed
2896 4729 3028 4800 quia
3051 4728 3455 4784 sustinentibus
3491 4728 3704 4783 malum
3727 4726 3895 4782 vide-

2288 4830 2399 4878 tur.
2427 4823 2496 4876 Et
2519 4821 2633 4875 tale
2663 4819 2773 4873 crit
2793 4819 3024 4883 malum,
3055 4823 3121 4873 ut
3139 4834 3251 4873 non
3281 4817 3507 4889 possitis
3534 4817 3720 4872 levare
3742 4816 3901 4871 colla

2290 4926 2481 4983 pressa
2501 4908 2747 4979 pondere
2775 4906 3134 4978 captivitatis.

2367 5020 2394 5052 α
2416 4997 2480 5051 In
2504 4996 2594 5050 die
2621 4996 2718 5051 illa
2744 5000 3000 5049 sumetur
3022 5011 3190 5066 super
3209 5011 3305 5048 vos
3336 4993 3908 5066 parabola,etcanta-

2296 5086 2445 5141 bitur
2468 5085 2746 5140 canticum
2768 5100 2895 5138 cum
2925 5085 3220 5150 suavitate,
3252 5082 3557 5137 dicentium
3582 5100 3593 5135 :
3630 5082 3907 5155 Depopu-

2294 5176 2505 5238 latione
2526 5174 2796 5230 devastati
2825 5189 3044 5228 sumus.
3081 5192 3103 5223 ι
3138 5174 3255 5227 Hoc
3275 5172 3437 5245 quasi
3469 5171 3751 5226 canticum
3776 5173 3905 5226 fre-

2292 5264 2675 5336 quentabitur,
2708 5268 2764 5317 et
2792 5263 2912 5316 loco
2936 5261 3214 5332 proverbii
3242 5266 3581 5316 assumetur.
3616 5259 3779 5323 Quod
3795 5276 3910 5315 au-

2292 5361 2405 5408 tem
2434 5354 2720 5424 sequitur:
2754 5370 2775 5402 ι
2811 5367 2940 5421 pars
2963 5350 3156 5421 populi
3189 5350 3295 5403 mei
3336 5353 3682 5403 commutata
3708 5354 3816 5411 est,
3869 5371 3899 5399 υ

2295 5444 2566 5514 templum
2590 5442 2887 5511 signiﬁcat,
2923 5439 3070 5510 quod
3122 5439 3270 5494 inter
3305 5455 3499 5493 omnes
3527 5445 3724 5508 gentes
3754 5454 3910 5493 san-

2293 5533 2435 5587 ctius
2452 5538 2592 5597 erat,
2630 5530 2779 5599 quod
2809 5534 3091 5582 mutatum
3112 5534 3198 5582 est
3222 5528 3281 5582 in
3311 5528 3495 5582 ruina.
3537 5546 3565 5579 α
3597 5526 3912 5591 Quomodo

2292 5621 2518 5675 recedat
2535 5635 2564 5672 a
2588 5635 2698 5685 me,
2720 5636 2745 5670 ι
2775 5617 3044 5672 subaudis
3073 5616 3367 5688 Assyrius,
3395 5631 3560 5669 «cum
3575 5617 3916 5669 revertatur
