4062 6168
277 262 368 317 Ἀθ

280 381 365 454 qui
389 379 636 452 regiones
680 384 903 435 nostras
945 379 1191 433 dividat?
1237 400 1265 433 ››
1312 382 1440 436 Haec
1473 384 1633 454 quasi
1678 382 1908 443 verbaA

280 476 397 526 sunt
418 469 717 524 metuentis
747 469 963 541 populi.
984 469 1363 523 Sennacherib
1383 470 1532 524 enim
1563 487 1658 525 rex
1681 473 1850 538 Assy-

279 561 474 615 riorum
502 575 627 613 cum
660 558 874 612 veniret
901 557 1200 626 adversum
1231 558 1603 629 Hierusalem,
1635 561 1850 614 audivit

278 650 339 702 de
355 647 639 702 Tharacha
670 662 803 716 rege
844 645 1144 717 Ethiopian
1189 646 1437 702 dicentes
1473 666 1539 701 ια
1580 650 1850 718 Egressus

278 744 353 792 est
376 742 438 791 ut
458 740 671 809 pugnet
695 740 891 789 contra
908 741 983 788 te.
1015 754 1037 786 ι
1063 735 1219 788 Tunc
1246 730 1478 791 recessit
1499 736 1569 790 ab
1590 737 1853 791 Hierusa-

276 826 392 891 lem,
422 824 517 895 [ita
554 829 766 890 tamen,
797 823 958 894 quasi
999 828 1126 894 post
1174 824 1461 878 victoriam
1502 841 1846 880 reversurus.

275 914 507 985 Populus
537 928 670 982 ergo
700 911 797 982 qui
828 928 957 967 eum
988 913 1287 967 recessisse
1314 918 1666 983 cognoverat,
1699 914 1850 969 dice-

275 1002 362 1061 bat
406 1020 418 1055 :
472 1001 763 1066 Quomodo
813 1001 1016 1069 dicitis,
1049 1002 1271 1056 recedet
1308 1018 1342 1055 a
1371 1002 1531 1056 nobis
1560 1003 1844 1074 Assyrius,

280 1091 364 1162 qui
389 1106 516 1167 mox
545 1094 858 1145 revertetur
900 1094 966 1144 ut
1008 1106 1173 1160 agros
1213 1098 1437 1144 nostros
1478 1096 1629 1145 sorte
1654 1091 1850 1145 distris

272 1179 462 1234 buatur
474 1178 503 1232 ?

334 1269 605 1340 «Propter
618 1268 724 1322 hoc
745 1285 857 1322 non
881 1268 989 1322 erit
1014 1268 1117 1323 tibi
1145 1269 1375 1324 mittens
1405 1269 1713 1324 funiculum
1735 1285 1850 1324 sor-

274 1356 336 1411 tis
361 1356 416 1409 in
442 1361 598 1409 ccetu
626 1346 872 1411 Domini.
902 1375 926 1406 ιν
950 1356 1095 1420 Quia
1128 1357 1351 1428 (inquit)
1365 1358 1483 1411 haec
1519 1358 1697 1411 iecisti
1725 1375 1849 1430 quae

270 1444 579 1516 supradicta
606 1448 759 1515 sunt,
802 1461 834 1498 o
872 1444 1088 1509 familia
1114 1443 1313 1511 Israel,
1342 1462 1515 1516 supra
1544 1462 1711 1517 quam
1744 1463 1847 1517 ego

271 1533 461 1586 malum
493 1533 701 1603 cogito,
721 1549 833 1587 non
865 1532 1095 1586 habebis
1119 1539 1337 1603 partem
1358 1534 1415 1587 in
1436 1539 1582 1605 cmtu
1596 1535 1845 1601 Domini,

267 1622 357 1674 hoc
382 1627 484 1689 est,
513 1621 577 1676 in
608 1622 936 1683 haereditate
975 1624 1281 1693 justorum.
1327 1623 1519 1691 Potest
1554 1623 1661 1677 hoc
1690 1630 1747 1677 et
1774 1624 1844 1677 ad

269 1716 559 1763 extremam
582 1709 986 1781 captivitatem,
1009 1727 1133 1781 quae
1152 1727 1187 1763 a
1203 1710 1327 1764 Tito
1347 1711 1493 1764 facta
1506 1716 1609 1771 est,
1628 1712 1844 1775 referri,

271 1799 405 1870 quod
422 1798 555 1867 ideo
584 1798 705 1853 haec
732 1798 923 1853 omnia
953 1799 1103 1869 passi
1132 1804 1281 1864 sunt,
1301 1799 1435 1871 quia
1453 1805 1648 1854 contra
1668 1801 1847 1857 Deum

268 1886 668 1957 superbierunt,
718 1893 776 1941 et
810 1888 1097 1943 Christum
1153 1888 1306 1961 cruci
1365 1888 1845 1959 adjudicaverunt.

273 1975 497 2029 Possunt
522 1976 648 2029 haec
678 1976 970 2030 moraliter
996 1976 1192 2031 referri
1230 1977 1302 2030 ad
1333 1977 1580 2031 animam
1613 1970 1847 2049 peccan-

269 2072 386 2128 tem,
418 2081 540 2135 quae
566 2065 631 2118 in
657 2071 873 2127 secreto
900 2065 1084 2129 cordis
1108 2066 1320 2135 cogitat
1340 2066 1571 2131 malum,
1596 2073 1654 2120 et
1681 2083 1849 2139 opere

274 2153 485 2223 perﬁcit.
520 2152 745 2208 Idcirco
773 2154 1046 2208 Dominus
1066 2154 1273 2223 cogitat
1292 2170 1462 2225 super
1481 2171 1581 2209 nos
1611 2155 1844 2222 malum,

270 2241 330 2295 de
354 2259 457 2312 quo
484 2258 604 2295 non
636 2259 933 2313 possumus
957 2243 1141 2296 levare
1160 2244 1418 2310 cervices,
1451 2230 1509 2297 et
1530 2244 1664 2297 recti
1694 2244 1847 2298 inced-

268 2329 551 2394 dere,unde
568 2331 881 2385 mittuntur
898 2331 1137 2402 apostoli
1159 2332 1253 2402 qui
1279 2348 1406 2385 cum
1428 2332 1674 2386 Ieremia
1691 2333 1847 2404 plan-

267 2426 387 2490 gant
409 2437 526 2486 nos,
552 2427 615 2474 et
628 2425 921 2489 assumant
939 2437 1107 2491 super
1133 2438 1235 2475 nos
1262 2421 1605 2492 parabolam,
1639 2428 1697 2475 et
1717 2438 1845 2475 cum

266 2511 511 2579 Apostolo
542 2512 782 2581 lugeant
802 2511 1010 2565 multos
1032 2527 1097 2579 ex
1126 2511 1213 2564 his
1243 2511 1340 2581 qui
1372 2516 1757 2581 peccaverunt,
1790 2515 1847 2564 et

266 2614 363 2652 non
381 2607 622 2669 egerunt
640 2599 1047 2670 paenitentiam.
1072 2600 1208 2653 Pars
1220 2592 1388 2653 etiam
1412 2600 1603 2669 populi
1619 2600 1841 2663 Domini

263 2686 417 2740 divisa
436 2696 520 2751 est
547 2668 823 2753 funiculo,
860 2704 989 2742 cum
1027 2688 1230 2742 anima:
1257 2688 1581 2742 recedentes
1612 2705 1712 2758 per
1753 2688 1839 2741 di-

261 2792 402 2830 versa
430 2777 565 2831 vitia
597 2794 634 2831 a
660 2776 1009 2831 daemonibus
1048 2776 1388 2841 dividuntur,
1434 2784 1491 2831 et
1516 2768 1660 2830 alius
1690 2777 1840 2843 funi-

262 2867 427 2920 culum
474 2867 747 2931 avaritige,
781 2867 924 2921 alius
957 2856 1191 2921 luxuriae
1239 2867 1448 2920 lineam
1488 2867 1736 2921 extendit
1783 2867 1840 2921 in

260 2954 631 3010 hereditatem
680 2955 909 3009 Domini
930 2960 988 3010 et
1015 2955 1135 3026 agri
1165 2955 1501 3021 sanctitatis,
1539 2955 1893 3026 fragrantis“

261 3002 631 3010 --κη-ην-..
680 3002 902 3009 --_.-..-
934 3002 988 3010 ν-
1015 3002 1135 3026 τ--
1165 3002 1501 3021 η--..ε---..--η
1539 3002 1840 3026 --.εν-η---

260 3044 507 3098 virtutum
529 3045 1138 3109 odoribus,secundum
1157 3045 1305 3114 quod
1331 3042 1489 3098 Isaac
1509 3044 1651 3098 dixit
1672 3062 1682 3097 :
1701 3045 1841 3099 Ecce
1854 3002 1899 3066 Ὀ

262 3134 381 3187 odor
403 3135 501 3187 ﬁlii
529 3134 651 3188 mei
681 3134 829 3187 sicut
848 3134 986 3187 odor
1009 3133 1129 3203 agri
1152 3133 1321 3203 pleni,
1342 3133 1535 3188 traditi
1559 3139 1691 3187 sunt
1720 3134 1839 3203 regi

264 3222 619 3293 Assyriorum
648 3230 704 3277 et
735 3222 1191 3293 Babyloniorum,
1221 3221 1277 3274 id
1308 3226 1394 3275 est
1421 3221 1659 3275 diabolo.
1706 3285 1710 3288 ἠ

318 3312 359 3366 Ο
388 3313 575 3377 Israel,
622 3332 645 3364 ι
668 3328 740 3366 ne
769 3311 1400 3382 loquaminiloquentes
1424 3329 1435 3363 :
1461 3312 1587 3364 Non
1607 3310 1843 3364 stillabit

259 3416 405 3470 super
427 3401 710 3467 istos,non
732 3400 1170 3471 comprehendet
1190 3399 1459 3465 confusio,
1483 3398 1619 3462 dicit
1638 3399 1837 3453 domus

259 3488 424 3543 Jacob.
439 3489 717 3560 Nunquid
736 3489 1091 3543 abbreviatus
1113 3494 1200 3543 est
1217 3488 1449 3559 spiritus
1460 3488 1703 3547 Domini,
1738 3492 1838 3542 aut

258 3578 377 3632 tales
391 3584 520 3633 sunt
539 3578 918 3649 cogitationes
940 3578 1061 3647 ejus
1075 3578 1100 3630 ’ἶ
1135 3578 1212 3632 »Ο
1234 3577 1434 3631 domus
1448 3575 1640 3639 Jacob,
1665 3576 1837 3645 nolite

257 3681 338 3719 vos
363 3667 635 3738 decipere,
657 3671 1065 3737 praesumentes
1085 3664 1320 3719 nimium
1349 3665 1418 3718 de
1449 3665 1836 3720 misericordia

258 3752 358 3820 Dei,
388 3761 442 3811 et
468 3756 651 3811 nolite
678 3755 863 3810 dicere
884 3754 1030 3824 quod
1059 3753 1245 3807 adhuc
1272 3754 1437 3807 multi
1465 3753 1835 3819 dicunt,Deus

258 3840 412 3899 bonus
452 3852 539 3899 est
567 3852 628 3900 et
656 3844 1002 3909 misericors,
1035 3860 1148 3897 non
1179 3843 1361 3897 veniet
1383 3859 1552 3913 super
1578 3858 1681 3896 nos
1711 3859 1832 3895 ma-

259 3931 352 3987 lum
379 3934 746 4006 captivitatis,
779 3934 926 4004 quod
956 3920 1240 3987 timemus.
1261 3931 1370 3997 Qui
1399 3931 1549 3985 enim
1572 3930 1833 3985 omnibus

258 4022 485 4090 copiosus
523 4030 614 4077 est
642 4022 703 4075 in
735 4020 1137 4086 misericordia,
1172 4020 1331 4074 nobis
1366 4019 1536 4073 etiam
1584 4019 1831 4074 clemens

257 4107 361 4175 erit,
388 4127 486 4165 nec
528 4115 769 4181 propter
811 4125 913 4163 nos
956 4108 1103 4162 solos
1150 4106 1566 4161 abbreviabitur
1608 4105 1830 4161 bonitas

256 4197 370 4265 ejus.
394 4199 524 4264 Non
556 4199 714 4254 enim
750 4198 891 4252 tales
914 4202 1047 4251 sunt
1067 4197 1435 4267 cogitationes
1464 4198 1604 4266 ejus,
1638 4197 1830 4266 quales

256 4295 365 4341 sunt
394 4288 710 4353 hominum,
751 4292 819 4343 ut
846 4287 992 4342 sicut
1019 4287 1186 4341 homo
1214 4286 1400 4340 subito
1429 4286 1741 4339 concitetur
1768 4285 1827 4338 in
1845 4280 1892 4337 D

256 4373 491 4451 furorem.
520 4380 657 4432 Haec
682 4377 844 4447 quasi
866 4376 1032 4431 verba
1050 4383 1182 4431 sunt
1198 4376 1445 4439 illorum,
1468 4374 1671 4445 quibus
1689 4373 1828 4428 dici-

258 4469 350 4529 tur,
380 4469 458 4521 Ne
486 4466 808 4539 loquamini
838 4466 1150 4536 loquentes.

315 4572 337 4605 ι
366 4556 557 4611 Nonne
590 4554 767 4609 verba
809 4570 939 4607 mea
965 4553 1111 4607 bona
1138 4558 1270 4607 sunt
1297 4569 1423 4607 cum
1456 4568 1521 4606 eo
1552 4552 1647 4623 qui
1676 4557 1827 4606 recte

253 4643 507 4710 graditur?
523 4646 594 4703 Et
608 4662 643 4698 e
655 4630 937 4698 contrario
947 4643 1185 4713 populus
1197 4659 1355 4696 meus
1366 4643 1424 4695 in
1444 4642 1513 4695 ad
1522 4641 1826 4695 versarium

254 4719 595 4788 consurrexit.
620 4751 648 4786 ι
672 4732 989 4788 Introducit
1008 4731 1440 4800 respondentem
1456 4730 1757 4785 Dominum
1769 4735 1825 4783 et

253 4818 499 4876 dicentem
524 4841 535 4874 :
560 4824 757 4877 Bonus
778 4837 924 4886 sum,
948 4826 1014 4875 ut
1040 4820 1242 4885 dicitis,
1275 4825 1332 4873 et
1358 4818 1526 4874 verba
1565 4836 1690 4874 mea
1718 4819 1825 4873 cle-

253 4912 492 4967 mentiam
525 4916 757 4976 sonant,
784 4910 881 4963 sed
910 4909 981 4963 ad
1011 4925 1107 4964 eos
1126 4909 1223 4979 qui
1251 4914 1401 4964 recte
1421 4925 1535 4963 una
1551 4908 1823 4979 gradiun-

253 5002 343 5050 tur.
380 5001 483 5055 Sed
499 5018 598 5055 vos
630 5016 746 5054 non
776 5000 957 5054 solum
989 5003 1141 5052 recte
1169 5015 1281 5052 non
1310 4998 1500 5067 agitis,
1533 4998 1628 5051 sed
1652 5013 1826 5051 econ-

252 5092 324 5140 tra
354 5095 543 5144 contra
572 5106 668 5143 me
696 5088 1010 5158 insurgitis,
1043 5093 1100 5141 et
1123 5087 1417 5157 tyrannico
1448 5086 1648 5156 spiritu
1683 5085 1822 5139 mihi

254 5174 1260 5232 adversamini.Deindecommemorat
1280 5192 1345 5228 ea
1370 5192 1493 5246 quae
1520 5172 1820 5239 faciebant,

259 5264 519 5337 «desuper
566 5266 763 5321 tunica
805 5266 1037 5337 pallium
1078 5264 1405 5331 sustulistis,
1436 5283 1459 5318 o
1486 5264 1545 5317 id
1589 5270 1675 5317 est
1697 5280 1824 5334 spo-

257 5350 408 5407 liastis
455 5357 793 5410 vestimento
833 5354 920 5409 vel
955 5354 1142 5408 divino
1183 5354 1409 5418 auxilio,
1448 5372 1472 5405 (ι
1521 5359 1576 5406 et
1605 5371 1700 5408 eos
1724 5354 1821 5424 qui

260 5440 559 5514 simpliciter
582 5443 904 5503 transibant
938 5463 960 5494 ι
989 5450 1048 5498 et
1072 5443 1313 5498 innocue
1338 5463 1359 5493 ι
1393 5442 1743 5497 convertistis
1763 5443 1821 5496 in

262 5529 455 5587 bellum.
486 5554 510 5585 ι
545 5534 680 5588 Sive
700 5550 793 5588 eos
810 5532 907 5604 qui
926 5533 1165 5588 aliorum
1194 5531 1621 5605 acquiescebant
1636 5538 1824 5587 aucto-

1130 230 1586 314 .ENARRATIO
1622 259 1701 314 IN
1738 229 2097 314 meum
2134 228 2590 314 Pheraeum.

1932 382 2535 444 ritati.convertistisin
2560 360 2856 447 bellum,ut
2878 370 2989 436 non
3009 362 3324 453 reciperent
3340 368 3526 437 edicta

1932 470 2349 547 magistrorum,
2383 487 2453 525 ne
2490 470 2605 524 suis
2635 471 2955 525 doctoribus
2985 452 3296 547 crederent.
3330 460 3437 525 Sed
3466 454 3523 527 et

1932 543 2092 612 nobis
2118 560 2404 631 moraliter
2433 559 2756 629 praecipitur
2781 576 2852 613 ne
2884 576 2983 612 nos
3015 552 3071 613 in
3106 538 3211 613 hoc
3257 552 3553 631 putemus_

1930 634 2150 718 placere
2179 649 2312 715 Deo,
2337 649 2384 702 si
2413 649 2582 703 verba
2610 650 2731 721 ejus
2761 649 2817 703 in
2839 636 3060 720 scriptis
3083 636 3523 719 leg'amuéTrinC

1933 738 2081 790 enim
2100 738 2245 792 bona
2264 743 2397 792 sunt
2414 737 2580 792 verba
2608 718 2833 792 Domini
2850 743 2907 815 et
2924 727 3163 808 prosunt
3182 724 3520 820 legentibus,

1933 825 1980 889 si
2009 842 2176 897 opere
2206 826 2563 897 impleantur,
2580 825 2628 881 si
2647 843 2743 881 cor
2760 814 2817 880 et
2835 814 2986 880 labia
3015 812 3389 882 consentiant.
3406 802 3519 881 ’Ilu-

1932 914 2060 969 nica
2090 920 2145 989 et
2172 912 2403 989 pallium
2434 904 2764 989 indumenta
2810 918 2943 970 sunt
2981 897 3111 981 lidei
3140 908 3197 970 et
3224 903 3520 985 virtutum,

1932 988 2150 1058 dicente
2174 988 2470 1077 Apostolo:
2496 988 2718 1059 Induite
2746 1021 2843 1071 vos
2861 1004 3007 1071 sicut
3036 988 3201 1060 electi
3230 992 3353 1071 Dei,
3386 995 3520 1062 san-

1931 1091 2008 1146 cti
2048 1097 2109 1145 et
2146 1092 2357 1165 dilecti,
2399 1092 2612 1146 viscera
2664 1080 3076 1162 misericordimf,
3118 1081 3519 1176 humilitatem,

1932 1185 2062 1247 etc.,
2096 1182 2182 1235 vel
2210 1182 2379 1235 etiam
2410 1181 2684 1235 auxilium
2731 1187 2799 1257 et
2823 1182 3093 1252 protectio
3138 1168 3349 1265 divina,
3387 1170 3523 1265 Quae

1932 1268 2118 1343 omnia
2147 1269 2391 1324 haeretici
2421 1270 2506 1322 vel
2553 1270 2873 1324 sacerdotes
2914 1271 3072 1341 pravi
3111 1287 3147 1325 a
3186 1272 3392 1343 populo
3413 1272 3522 1328 sibi

1929 1357 2160 1427 credito,
2189 1357 2335 1410 male
2356 1357 2586 1411 vivendo
2617 1357 2840 1435 tollunt.
2886 1434 2891 1437 Δ
2940 1418 2951 1439 ⁸
3206 1418 3218 1440 λ
3264 1420 3271 1439 λ

2004 1464 2029 1498 α
2054 1444 2320 1499 Mulieres
2333 1446 2524 1517 p0puli
2542 1446 2651 1500 mei
2664 1435 2909 1527 ejecistis
2924 1435 2999 1526 de.
3012 1447 3177 1529 domo
3191 1435 3522 1530 deliciarum

1926 1550 2156 1587 suarum
2182 1551 2193 1585 :
2221 1550 2255 1587 a
2273 1534 2519 1604 parvulis
2534 1551 2728 1588 earum
2758 1535 2968 1589 tulistis
2990 1535 3210 1590 laudem
3251 1553 3436 1605 meam
3461 1537 3523 1592 in

1926 1622 2283 1693 perpetuum.
2320 1643 2342 1673 ι
2398 1624 2525 1677 Non
2571 1623 2755 1677 solum
2795 1606 3016 1694 (inquit)
3065 1618 3133 1691 ‘ea
3160 1612 3367 1703 fecistis
3395 1614 3518 1696 qua;

1871 1694 1917 1753 Β
1935 1711 2169 1775 dixi,sed
2193 1710 2361 1765 etiam
2382 1717 2669 1785 matronas
2692 1706 2973 1789 quondam
3007 1694 3290 1794 delicatas,
3310 1694 3521 1794 fecistis

1929 1799 2012 1853 ire
2038 1799 2284 1873 captivas
2307 1817 2318 1851 :
2353 1776 2439 1853 vel
2466 1776 2638 1853 etiam
2668 1776 2835 1853 urbes
2863 1776 3181 1880 desolasiis,
3432 1776 3520 1858 vel

1929 1888 2237 1963 interfectis
2264 1887 2689 1953 habitatoribus,
2709 1904 2846 1958 quas
2862 1904 2963 1959 per
2983 1889 3369 1969 metaphoram
3390 1908 3519 1968 mu-

1929 1975 2095 2030 lieres
2126 1976 2207 2029 vel
2237 1976 2380 2030 tilias
2405 1977 2669 2047 appellat.
2702 1972 2976 2031 Desolatis
2997 1995 3132 2049 ergo
3145 1978 3378 2056 urbibus
3395 1981 3519 2056 nul:

1929 2064 2017 2119 lus
2058 2064 2348 2129 remansit,
2400 2082 2502 2119 nec
2557 2066 2756 2119 saltem
2794 2067 3058 2136 parvulus
3096 2052 3384 2136 remansit,
3422 2052 3520 2140 qui

1929 2152 2175 2221 psalmos
2204 2159 2261 2207 et
2278 2153 2473 2208 laudes
2502 2149 2603 2207 Del
2627 2154 2912 2209 eanel‘erlt.

2004 2260 2030 2293 α
2064 2241 2287 2312 Surgite
2319 2262 2342 2294 ι
2376 2259 2509 2313 ergo
2529 2262 2554 2296 ι
2579 2248 2635 2319 et
2662 2244 2760 2329 ite,
2794 2262 2819 2296 »
2847 2243 3119 2329 subaudis
3136 2245 3521 2329 in’captivit’a-

1926 2336 2063 2396 tem,
2100 2351 2123 2382 ι
2160 2331 2300 2409 quia
2333 2350 2355 2382 ›
2390 2330 2658 2386 subaudis
2686 2324 2744 2386 ixi
2774 2332 2879 2386 hac
2906 2310 3124 2403 {arma
3155 2322 3273 2417 non
3293 2310 3522 2417 habetis

1928 2408 2178 2490 requiem
2204 2410 2462 2500 :prOpter
2477 2408 2894 2475 immunditiam
2911 2401 3053 2501 ejus,
3070 2440 3100 2476 ι
3190 2402 3277 2479 est
3292 2401 3522 2497 propter

1927 2509 2137 2563 scelera
2153 2515 2209 2562 et
2229 2496 2568 2580 impietates,
2580 2530 2601 2561 ι
2622 2494 3066 2582 corrumpetur,»
3080 2494 3348 2568 subaudis
3368 2494 3523 2587 terra

1926 2603 2129 2663 vestra,
2160 2617 2181 2647 ι
2215 2597 2510 2668 putredine
2539 2599 2801 2668 pessima.
2836 2617 2861 2652 ι
2908 2600 3034 2654 Non
3084 2588 3304 2673 (inquit)
3336 2590 3520 2664 brevis

1926 2686 2037 2740 erit
2062 2692 2247 2740 vestra
2274 2686 2584 2759 captivitas,
2604 2687 2699 2740 sed
2721 2688 2888 2758 longo
2918 2676 3144 2743 durabit
3165 2672 3437 2771 tempore,
3461 2696 3520 2771 et

1924 2781 2316 2846 corrumpetur
2354 2776 2650 2854 putredine
2679 2770 2939 2855 pessima,
2977 2775 3034 2831 id
3063 2783 3149 2831 est
3174 2766 3518 2855 Babyldnica

1922 2864 2008 2917 vel
2041 2865 2290 2941 Romana
2311 2852 2653 2936 captivitate.
2680 2864 2788 2920 Sed
2818 2852 2875 2943 et
2905 2865 3195 2929 moraliter
3214 2852 3347 2943 mali
3366 2866 3518 2943 prin;-

1922 2953 2071 3024 Cipes
2092 2932 2661 3033 Ecclesia—mulieres
2686 2953 2759 3015 (id
2790 2937 2892 3019 est,
2908 2946 3125 3037 animas
3149 2932 3431 3037 simplices
3459 2932 3519 3037 et

1923 3058 2024 3112 per
2051 3058 2111 3095 se
2144 3041 2416 3120 inﬁrmas)
2464 3041 2630 3095 malis
2676 3042 2793 3109 suis
2832 3031 3100 3112 exemplis
3142 3042 3211 3096 de
3256 3031 3514 3099 domibus

1923 3130 2040 3184 suis
2073 3117 2152 3197 (id
2175 3135 2259 3197 est
2279 3130 2347 3184 de
2368 3117 2621 3207 Ecclesia
2650 3130 2898 3200 ejiciunt,
2932 3136 2989 3185 et
3017 3118 3253 3195 mittunt
3278 3120 3343 3207 in.
3363 3120 3517 3207 tene-

1920 3218 2050 3272 bras
2079 3219 2400 3296 exteriores.
2436 3200 2506 3272 Εἰ
2530 3218 2734 3299 idcirco
2784 3219 2920 3299 ipsis
2971 3210 3194 3300 quoque
3222 3200 3518 3300 dicithaut

1921 3314 2156 3377 surgant
2182 3315 2238 3361 et
2265 3312 2414 3373 eant,
2450 3308 2582 3378 quia
2601 3309 2851 3378 corrupti
2884 3314 3018 3365 sunt
3043 3309 3358 3380 putredine,
3384 3318 3514 3382 pes-

1920 3396 2081 3461 sima,
2130 3396 2185 3449 id
2234 3402 2319 3463 est
2358 3396 2527 3468 longa
2571 3397 2839 3467 peccandi
2869 3386 3294 3466 consuetudine,
3324 3388 3359 3454 a
3385 3399 3513 3455 c'or-

1918 3484 2178 3555 ruptione
2207 3485 2408 3540 animae
2438 3491 2495 3539 et
2522 3474 2793 3555 corporis.

1993 3593 2015 3624 ι
2043 3574 2266 3629 Utinam
2299 3591 2411 3628 non
2431 3590 2610 3629 essem
2642 3574 2725 3627 vir
2750 3574 2957 3651 habens
2985 3564 3268 3655 spiritum,
3292 3564 3514 3659 etmen:

1918 3662 2140 3716 dacium
2181 3663 2366 3735 potius
2403 3662 2662 3733 loquerer
2692 3681 2703 3718 :
2730 3662 2951 3717 stillabo
2972 3662 3073 3741 tibi
3092 3664 3150 3717 in
3171 3664 3360 3719 vinum
3377 3669 3434 3741 et
3453 3664 3512 3723 in

1918 3749 2245 3805 ebrietatem
2280 3769 2290 3803 :
2328 3746 2384 3805 et
2415 3751 2523 3805 erit
2565 3767 2735 3823 super
2768 3768 2934 3821 quem
2979 3735 3228 3809 stillatur
3271 3735 3513 3826 populus

1915 3839 2041 3893 iste.
2075 3861 2097 3888 ιι
2144 3839 2189 3893 Ο
2221 3839 2424 3910 popule
2470 3839 2718 3903 Judaice,
2771 3840 2843 3893 ad
2877 3856 3018 3910 quos
3046 3842 3511 3913 repromissiones

1913 3929 2073 3981 factae
2105 3934 2259 3993 sunt,
2291 3932 2348 3981 et
2392 3944 2456 3982 ex
2487 3927 2691 3998 quibus
2729 3928 3039 3983 secundum
3085 3945 3311 4009 carnem
3341 3938 3509 4009 natus

1913 4022 1999 4071 est
2025 4017 2299 4087 Christus,
2346 4033 2460 4071 non
2491 4033 2578 4091 me
2630 4016 2841 4094 putetis
2884 4016 3181 4085 volentem
3204 4001 3377 4091 loqui,
3408 4001 3508 4075 aut

1912 4110 2111 4178 sponte
2133 4122 2259 4159 mea
2280 4106 2400 4159 haec.
2420 4105 2575 4159 vobis
2603 4096 2751 4159 mala
2793 4105 3109 4176 praedicere.
3141 4094 3368 4164 Utinam
3391 4096 3506 4165 non

1911 4211 2089 4248 essem
2117 4193 2200 4246 vir
2228 4193 2438 4248 habens
2469 4193 2737 4264 Spiritum
2761 4199 3037 4260 sanctum,
3062 4195 3158 4250 sed
3190 4196 3379 4267 potius
3399 4198 3507 4254 dae-

1913 4278 2166 4338 lnoniaco
2197 4282 2399 4354 spiritu
2446 4283 2724 4353 loquerer,
2763 4288 2819 4337 et
2861 4276 3010 4337 i'nter
3047 4272 3505 4364 pseudoprophe-

1909 4377 1997 4426 tas
2026 4378 2339 4445 reputarer,
2374 4378 2431 4425 et
2450 4381 2562 4425 n'on
2592 4364 2781 4426 essent
2808 4388 2936 4426 vera
2972 4389 3099 4447 quae
3128 4364 3270 4442 dico,
3303 4381 3360 4431 et
3390 4393 3506 4434 non

1910 4461 2166 4516 venirent
2194 4456 2343 4515 mala
2371 4477 2494 4531 quae
2548 4461 2881 4532 praenuntio.
2919 4462 3028 4533 Sed
3061 4463 3196 4532 quia
3230 4460 3507 4541 propheta

1909 4568 2054 4616 sum,
2090 4556 2147 4604 et
2192 4550 2405 4621 Spiritu
2453 4555 2645 4603 sancto
2691 4542 2909 4620 loquor,
2956 4550 3181 4622 stillabo
3209 4552 3312 4606 tibi
3339 4553 3399 4609 in
3426 4554 3504 4625 vi-

1909 4655 2067 4704 num,
2091 4645 2155 4694 ut
2178 4639 2338 4710 quasi
2357 4639 2484 4693 vino
2510 4633 2896 4711 meracissimo
2916 4638 3209 4693 inebrieris
3233 4643 3504 4709 sermoni-

1908 4728 2012 4783 bus
2044 4729 2203 4789 meis,
2236 4734 2293 4783 et
2313 4745 2561 4783 corruas.
2596 4727 2684 4784 Me
2721 4734 2908 4783 autem
2937 4727 3207 4796 stillante,
3235 4732 3502 4807 suscipiet

1906 4818 2146 4889 populus
2176 4818 2283 4871 iste
2313 4823 2506 4888 guttas
2544 4816 2850 4891 prophetiae
2888 4832 3044 4881 meae,
3080 4822 3138 4871 et
3175 4819 3307 4895 velit
3334 4823 3495 4890 nolit,

1908 4906 2209 4961 sustinebit
2238 4907 2385 4976 quod
2424 4906 2567 4959 dico.
2624 4905 2732 4959 Sed
2789 4921 2859 4958 ne
2902 4906 3112 4985 putetis
3160 4924 3251 4963 me
3275 4913 3501 4985 tantum

1906 4998 2140 5050 adversa
2174 4995 2528 5066 prophetare,
2552 4992 2822 5048 nuntiabo
2851 4984 3004 5049 vobis
3026 4984 3501 5071 prosperalntro-

1906 5085 2061 5139 ducit
2108 5100 2241 5155 ergo
2280 5084 2464 5154 ipsum
2510 5083 2815 5137 Dominum
2862 5084 3204 5155 loquentem,
3250 5093 3308 5143 et
3353 5088 3501 5146 bona

1905 5175 2348 5245 promittentem.
3270 5240 3277 5253 Δ

1981 5285 2006 5315 ι
2068 5261 2516 5333 Congregatione
2557 5261 2905 5333 congregabo
2960 5262 3149 5318 Jacob.
3186 5283 3213 5318 ι
3262 5266 3500 5326 Veniam

1903 5352 2129 5424 (inquit)
2164 5368 2262 5423 per
2293 5368 2403 5420 me,
2448 5368 2650 5405 nascar
2679 5352 2748 5405 de
2779 5351 3028 5427 Virgine,
3065 5359 3121 5407 et
3150 5346 3500 5428 congregabo

1902 5440 2088 5507 Jacob,
2124 5441 2230 5494 hoc
2282 5445 2385 5500 est.
2418 5440 2712 5495 credentes
2756 5456 2824 5494 ex
2875 5441 3083 5515 Judaeis
3125 5442 3382 5513 colligam
3426 5445 3497 5499 ad

1904 5530 2076 5585 ﬁdem
2106 5545 2312 5584 meam.
2347 5520 2472 5583 Sive
2500 5528 2612 5583 alio
2640 5544 2808 5583 sensu
2838 5547 2850 5581 :
2892 5529 3039 5593 Quia
3077 5529 3139 5583 in
3179 5530 3496 5583 humilitate
