4062 6168
556 277 688 364 151¹

1040 279 1418 353 HAYMONIS
1450 277 1935 337 HALBERSTAT.
1972 273 2200 334 EPISC.
2233 269 2391 328 ΟΡΡ.
2425 272 2657 328 PARS]
2688 303 2753 313 —
2785 271 3154 330 COMMENT.
3186 274 3365 331 BIBL.

3691 262 3774 334 152

557 409 745 463 carnis
769 408 908 462 mihi
929 409 1156 464 credere
1176 409 1454 472 noluistis,
1487 408 1700 461 veniam
1722 409 1778 460 in
1799 420 2149 460 consumma-
2165 405 2211 460 A
2235 400 2520 463 divinatio.
2557 415 2660 453 nec
2697 397 2905 452 habeat
2931 400 3147 471 lumen,
3178 403 3273 455 sed
3302 403 3550 458 tenebras
3567 409 3619 459 et
3643 421 3775 460 erro-

555 498 711 552 tione
740 496 925 550 saeculi
954 498 1012 550 in
1043 499 1358 567 majestate,
1383 502 1438 549 et
1456 502 1590 548 tunc
1611 495 1964 554 stillabotibi,
1990 494 2046 546 id
2067 499 2153 545 est

557 585 868 656 propinabo
897 585 1088 640 vinum
1118 585 1360 655 Spiritus
1385 584 1581 647 sancti,
1619 584 1807 636 vinum
1833 583 2006 636 divini
2032 598 2150 634 ser-

558 673 744 727 monis
769 690 879 744 quo
909 673 1148 744 apostoli
1176 673 1266 725 die
1309 673 1663 724 Pentecostes
1707 669 1968 723 inebriati
1996 674 2148 732 sunt,

560 767 618 816 et
641 762 710 815 de
735 778 844 832 quo
873 779 973 832 per
993 761 1346 815 Psalmistam
1378 758 1584 812 dicitur
1615 777 1626 811 :
1661 758 1875 812 Potasti
1904 774 2006 812 nos
2025 757 2152 810 vino

557 849 1024 920 compunctionis.
1059 869 1081 900 ι
1124 849 1324 902 Totum
1346 852 1404 901 te
1428 848 1486 900 in
1516 864 1692 901 unum
1726 847 2032 900 conducam
2059 862 2151 900 re-

556 938 764 1008 liquias
791 939 982 1005 Israel,
1016 936 1226 1008 pariter
1247 952 1450 1006 ponam
1469 935 1627 990 illum
1661 935 1820 1006 quasi
1844 950 2072 1005 gregem
2094 933 2152 986 in

557 1027 706 1092 ovili,
726 1027 887 1096 quasi
907 1043 1080 1096 pecus
1108 1025 1167 1078 in
1194 1025 1378 1078 medio
1409 1025 1758 1089 caularum,»
1785 1024 1891 1076 hoc
1911 1028 2016 1088 est,
2039 1038 2154 1076 cre-

556 1109 754 1163 dentes
793 1127 859 1163 ex
903 1115 1142 1180 utroque
1191 1109 1397 1180 populo
1443 1108 1655 1178 pariter
1693 1107 1750 1160 in
1781 1107 1909 1160 ovili
1949 1106 2154 1176 quietis

557 1203 779 1252 aeternae
798 1198 1090 1268 copulabo.
1128 1217 1153 1249 (ί
1176 1196 1697 1252 Tumultuabuntur
1724 1213 1758 1249 a
1789 1195 2152 1248 multitudine

555 1285 873 1340 hominum.
889 1305 916 1339 »
937 1288 965 1341 J
971 1304 1062 1340 am
1080 1291 1274 1357 aperte
1295 1284 1619 1339 ostenditde
1638 1285 1840 1354 quibus
1856 1283 2048 1336 ovibus
2069 1283 2153 1337 vel

555 1374 822 1446 gregibus
849 1374 1068 1428 dixerit.
1100 1373 1636 1440 Tumultuabuntur,
1660 1373 1716 1426 id
1747 1378 1850 1437 est,
1883 1373 2153 1426 vocifera-

557 1462 792 1526 buntur,
821 1462 1029 1515 bonum
1055 1469 1339 1533 pastorem
1359 1462 1672 1526 laudantes,
1708 1461 1801 1531 qui
1830 1478 1924 1514 eos
1952 1477 2152 1531 praece-

560 1551 674 1616 det,
708 1555 767 1604 et
789 1550 900 1604 iter
926 1551 1135 1621 pandet
1163 1557 1295 1605 ante
1333 1567 1448 1605 eos.
1481 1549 1608 1620 Ipse
1635 1566 1728 1603 eos
1758 1566 1859 1620 per
1888 1566 1948 1602 se
1986 1549 2152 1603 ducet

557 1639 630 1693 ad
650 1655 728 1693 se.
771 1639 931 1693 Unde
958 1639 1216 1710 sequitur
1245 1657 1258 1694 :

633 1745 660 1779 α
688 1727 968 1782 Ascendet
995 1728 1145 1781 enim
1175 1727 1426 1798 pandens
1454 1726 1564 1780 iter
1589 1731 1720 1780 ante
1745 1741 1872 1792 eos;
1904 1725 2154 1780 divident

561 1819 620 1869 et
646 1814 970 1869 transibunt
1009 1821 1250 1885 portam,
1285 1821 1338 1868 et
1379 1814 1742 1884 egredientur
1768 1831 1869 1885 per
1897 1831 2021 1868 eam
2051 1832 2063 1867 :
2096 1820 2154 1869 et

556 1903 822 1958 transibit
862 1919 960 1958 rex
997 1919 1192 1958 eorum
1222 1920 1413 1958 coram
1451 1903 1550 1969 eis,
1585 1908 1642 1956 et
1670 1903 1940 1958 Dominus
1966 1905 2025 1957 in
2057 1920 2151 1958 ca-

558 1991 675 2062 pite
705 2007 919 2058 eorum,
957 2013 982 2041 »
1014 1991 1285 2046 subaudis
1315 1992 1574 2064 princeps
1604 1997 1661 2046 et
1689 1997 2153 2064 praemonstrator

558 2079 869 2135 caelestium
898 2095 1235 2153 pascuarum
1251 2125 1263 2137 .

1187 2225 1419 2280 CAPUT
1447 2223 1551 2280 IlI.

637 2368 664 2403 ς(
679 2350 750 2406 Et
775 2350 910 2416 dixi,
933 2349 1157 2415 Audite,
1186 2349 1466 2421 principes
1494 2349 1748 2415 Jacob,et
1765 2350 1934 2404 duces
1953 2350 2154 2405 domus

559 2439 736 2496 Israel
771 2438 1083 2508 :Nunquid
1111 2454 1223 2492 non
1270 2443 1517 2492 vestrum
1553 2443 1637 2491 est
1678 2438 1818 2491 scire
1854 2438 2150 2508 judicium,

565 2529 661 2599 qui
684 2527 812 2582 odio
832 2527 1051 2581 habetis
1080 2525 1285 2580 bonum
1311 2532 1366 2579 et
1389 2526 1619 2596 diligitis
1639 2527 1893 2580 malum?
1922 2527 2016 2596 qui
2042 2527 2157 2581 vio-

564 2617 748 2670 lenter
775 2615 972 2670 tollitis
1003 2614 1177 2685 pelles
1207 2631 1401 2668 eorum
1432 2616 1674 2685 desuper
1705 2615 1802 2679 eis,
1833 2620 1890 2668 et
1929 2632 2153 2669 carnem

511 2735 514 2740 -
561 2721 756 2760 eorum
787 2705 1028 2774 desuper
1057 2703 1274 2758 ossibus
1302 2720 1514 2765 eorum,
1544 2703 1638 2774 qui
1654 2705 2022 2757 comederunt
2040 2721 2158 2757 car-

560 2811 690 2849 nem
720 2795 913 2865 populi
943 2792 1072 2860 mei,
1106 2799 1162 2846 et
1193 2793 1395 2864 pellem
1420 2809 1612 2846 eorum
1641 2793 1880 2863 desuper
1908 2793 2156 2846 excoria-

560 2889 782 2950 verunt,
815 2889 873 2938 et
901 2899 1029 2937 ossa
1056 2899 1251 2937 eorum
1279 2881 1691 2951 confregerunt,
1719 2888 1776 2935 et
1794 2882 2158 2936 conciderunt

563 2973 710 3026 sicut
732 2973 790 3025 in
819 2971 1024 3036 lebete,
1045 2975 1102 3026 et
1130 2971 1292 3040 quasi
1313 2987 1538 3024 carnem
1567 2971 1626 3024 in
1647 2971 1831 3024 medio
1855 2972 2156 3025 ollaTunc

560 3060 888 3115 clamabunt
923 3060 995 3113 ad
1038 3059 1358 3121 Dominum,
1394 3064 1452 3112 et
1496 3076 1607 3113 non
1647 3060 1905 3114 exaudiet
1952 3077 2063 3122 eos,
2101 3066 2157 3114 et

560 3149 868 3204 abscondet
893 3148 1091 3202 faciem
1120 3165 1279 3202 suam
1314 3149 1382 3202 ab
1409 3149 1488 3202 eis
1517 3150 1575 3202 in
1618 3156 1869 3220 tempore
1897 3151 2012 3216 illo,
2046 3152 2154 3204 sic-

559 3241 626 3290 ut
645 3235 905 3306 nequiter
942 3242 1180 3305 egerunt
1208 3236 1263 3289 in
1291 3236 1779 3289 adinventionibus
1808 3237 1942 3290 suis.
1982 3254 2006 3288 ο
2040 3237 2154 3291 Sub

557 3324 892 3395 metaphora
910 3324 1136 3378 leonum
1156 3325 1242 3377 vel
1263 3324 1544 3378 latronum
1564 3324 1902 3378 describitur
1919 3325 2156 3378 crudeli-

559 3419 650 3469 tas
678 3413 996 3484 principum
1025 3412 1366 3472 Judaaorum,
1415 3413 1510 3482 qui
1536 3412 1851 3482 spoliabant
1881 3431 2154 3484 pauperes

559 3506 618 3557 et
646 3501 1078 3565 interﬁciebant,
1109 3507 1164 3554 et
1190 3503 1351 3570 quasi
1369 3502 1500 3554 ferae
1529 3500 1720 3554 bestiae
1740 3518 1935 3555 carnes
1957 3508 2014 3556 et
2027 3519 2154 3556 ossa

559 3607 755 3644 eorum
780 3590 1147 3644 conterebant
1179 3607 1190 3641 :
1215 3597 1271 3643 et
1300 3591 1448 3644 velut
1480 3590 1534 3643 in
1559 3591 1668 3644 olla
1687 3606 1881 3644 carnes
1905 3608 2155 3661 coquun-

560 3685 672 3742 tur,
693 3680 775 3734 sic
800 3679 859 3733 in
880 3678 1018 3732 urbe
1041 3678 1388 3734 Hierusalem
1414 3679 1766 3732 innumeram
1785 3678 2001 3748 plebem
2016 3678 2154 3732 afﬂi-

558 3767 784 3839 gebant.
832 3768 992 3822 Unde
1039 3767 1288 3820 minatur
1330 3767 1409 3820 eis
1436 3768 1645 3820 malum
1678 3767 2035 3838 captivitatis,
2066 3769 2150 3821 vel

561 3857 874 3912 Chaldaicze
900 3857 986 3910 vel
1016 3857 1301 3921 Romanae,
1334 3861 1390 3910 et
1416 3856 1547 3909 licet
1594 3857 1840 3909 clament
1883 3857 1953 3909 ad
1997 3873 2147 3922 eum,

560 3961 675 3999 non
705 3961 800 3999 eos
829 3945 1106 4010 exaudiet,
1151 3945 1247 3999 sed
1291 3945 1551 3999 restituet
1591 3945 1692 4010 eis,
1726 3945 1871 3999 sicut
1907 3945 2014 4016 ipsi
2050 3962 2150 3999 ne-

561 4035 750 4106 quiter
777 4039 1017 4105 egerunt
1044 4034 1104 4088 in
1143 4033 1632 4089 adinventionibus
1661 4035 1796 4100 suis,
1828 4035 1933 4089 hoc
1962 4040 2067 4099 est,
2094 4035 2151 4088 in

559 4123 882 4191 sceleribus,
914 4140 1036 4194 quae
1057 4140 1200 4177 nova
1229 4139 1451 4194 semper
1467 4123 1842 4178 inveniebant.

633 4231 658 4264 «
687 4213 818 4266 Haec
844 4212 979 4265 dicit
1008 4213 1280 4264 Dominus
1321 4213 1388 4264 ad
1421 4213 1722 4282 prophetas
1752 4212 1846 4282 qui
1876 4213 2153 4267 seducunt

2235 504 2373 540 rem.
2409 489 2476 541 Et
2511 505 2636 540 cum
2670 504 2780 542 non
2825 489 3082 543 venerint
3113 508 3236 560 qua:
3265 494 3636 562 promiserant,
3666 502 3777 549 tunc

2234 575 2526 630 occumbat
2559 576 2639 628 eis
2687 577 2793 644 sol,
2836 582 2893 630 et
2933 578 3260 648 Operiantur
3302 581 3626 648 confusione,
3667 584 3779 653 quia

2233 664 2444 717 scietur
2467 663 2613 734 quod
2634 680 2745 716 non
2759 665 2829 718 sit
2846 681 3175 736 responsum
3193 668 3312 734 Dei,
3335 669 3430 723 sed
3447 668 3590 724 fraus
3607 671 3780 726 daemo-

2234 767 2370 806 num
2401 752 2658 805 homines
2686 752 2944 824 decipere
2973 755 3296 810 volentium.

2308 861 2331 892 α
2359 841 2763 895 Verumtamen
2793 857 2896 911 ego
2923 843 3171 912 repletus
3200 861 3323 899 sum
3343 844 3650 900 fortitudine
3675 848 3781 918 Spi-

2233 930 2376 983 ritus
2397 929 2638 991 Domini,
2663 930 2878 998 judicio
2911 936 2970 984 et
2994 932 3235 1000 virtute;
3276 939 3340 987 ut
3369 935 3678 988 annuntiem
3703 936 3782 989 Ja-

2235 1017 2335 1070 cob
2365 1018 2546 1072 scelus
2567 1035 2755 1086 suum,
2777 1025 2833 1071 et
2863 1018 3038 1074 Israel
3062 1028 3351 1091 peccatum
3382 1040 3557 1078 suum.
3591 1042 3615 1076 ι
3645 1024 3715 1077 De
3733 1041 3783 1078 se

2235 1123 2383 1160 nunc
2403 1107 2539 1160 dicit
2560 1108 2831 1177 propheta
2855 1110 2981 1178 quia
3007 1111 3501 1182 pseudoprophetis
3521 1113 3650 1167 falsa
3673 1113 3786 1167 vati-

2235 1195 2554 1248 cinantibus
2583 1202 2640 1249 et
2668 1197 2876 1266 Opertis
2896 1198 3365 1272 confusione,ipse
3385 1201 3556 1254 sancti
3576 1201 3786 1271 Spiritus

2236 1284 2508 1338 instinctu
2537 1285 2819 1355 loquatur,
2841 1293 2899 1339 et
2916 1289 3217 1342 annuntiet
3234 1290 3503 1359 judicium
3529 1290 3788 1344 Dominiet

2234 1373 2658 1439 veritatem,nec
2686 1390 2878 1444 pacem
2909 1375 3055 1430 sicut
3073 1377 3154 1430 illi
3181 1379 3458 1448 praedicet,
3489 1383 3552 1432 ut
3565 1379 3791 1432 mordeat

2235 1461 2469 1531 aliquid,
2499 1462 2597 1515 sed
2627 1463 2926 1517 annuntiet
2951 1465 3121 1518 Jacob
3149 1467 3331 1521 scelus
3357 1483 3536 1532 suum,
3567 1472 3621 1520 et
3641 1467 3789 1520 Israel

2233 1556 2525 1621 peccatum
2550 1552 2880 1622 suum,quia
2896 1552 3044 1606 idola
3066 1570 3166 1624 pro
3181 1555 3297 1608 Deo
3310 1554 3791 1624 coluerunt,etquia

2165 1670 2212 1729 Β
2231 1640 2523 1695 Christum
2545 1641 2958 1695 cruciﬁxerunt.
2984 1643 3228 1696 Possunt
3254 1644 3372 1697 haec
3402 1643 3591 1697 referri
3617 1643 3680 1695 ad
3706 1643 3791 1696 do-

2234 1734 2418 1782 ctores
2432 1729 2726 1799 pessimos,
2751 1730 2846 1800 qui
2864 1730 2964 1784 Dei
2983 1732 3250 1802 populum
3275 1730 3551 1786 adulando
3562 1732 3793 1802 supplan-

2234 1821 2378 1882 tant,
2421 1816 2708 1871 dicentes:
2759 1817 2916 1871 Habe
2964 1818 3152 1884 ﬁdem,
3203 1819 3304 1873 illa
3331 1817 3663 1884 tesalvabit;
3697 1834 3793 1872 non

2233 1921 2461 1960 necesse
2493 1910 2579 1959 est
2602 1910 2665 1960 ut
2690 1905 3046 1960 continenter
3072 1907 3242 1962 vivas.
3274 1909 3345 1962 Et
3371 1907 3472 1962 hoc
3500 1907 3712 1973 faciunt,
3743 1912 3796 1961 ut

2234 1994 2514 2064 accipiant
2534 1995 2829 2048 commoda
2857 2000 3102 2062 terrena,
3127 2001 3184 2050 et
3203 2001 3268 2050 ut
3285 2013 3381 2050 eos
3402 1997 3674 2061 devorent,
3698 1994 3796 2047 sive

2236 2081 2556 2152 accipiendo
2605 2081 2750 2135 bona
2778 2083 3024 2148 illorum,
3058 2083 3173 2137 sive
3216 2083 3581 2154 spiritualiter
3625 2081 3796 2137 interi-

2237 2171 2440 2224 mendo
2461 2171 2681 2224 animas
2701 2187 2910 2226 eorum.
2923 2172 3104 2242 Super
3120 2171 3510 2242 hujuscemodi
3528 2171 3797 2242 prophetas

2238 2259 2453 2313 occidet
2483 2259 2579 2314 Sol
2604 2259 2858 2329 justitiae,
2892 2265 2950 2314 et
2976 2266 3111 2314 tunc
3154 2261 3584 2322 confundentur,
3611 2265 3664 2313 et
3681 2273 3797 2330 ope-

2237 2346 2456 2402 rientur
2477 2348 2664 2401 vultus
2693 2364 2884 2402 eorum
2917 2348 3256 2403 confusione.

2313 2455 2338 2487 (‹
2371 2435 2574 2490 Audite
2603 2437 2740 2501 haec,
2771 2437 3051 2507 principes
3084 2437 3285 2491 domus
3314 2437 3503 2503 Jacob,
3535 2441 3588 2490 et
3608 2433 3800 2506 judices

2237 2525 2436 2578 domus
2466 2525 2660 2592 Israel,
2692 2525 2787 2595 qui
2813 2525 3212 2579 abominamini
3235 2527 3532 2596 judicium,
3560 2531 3614 2580 et
3637 2523 3803 2579 omnia

2237 2620 2390 2668 recta
2416 2614 2751 2684 pervertitis,
2777 2615 2872 2684 qui
2892 2614 3180 2668 aediﬁcatis
3207 2615 3339 2668 Sion
3361 2615 3422 2669 in
3442 2613 3800 2685 sanguinibus,

2238 2707 2295 2754 et
2325 2701 2674 2754 Hierusalem
2707 2701 2763 2754 in
2790 2702 3108 2772 iniquitate.
3152 2702 3444 2774 Principes
3472 2704 3588 2773 ejus
3615 2703 3670 2755 in
3694 2716 3803 2754 mu-

2238 2789 2466 2844 neribus
2490 2789 2849 2860 ‘judicabant,
2879 2797 2935 2844 et
2977 2790 3294 2844 sacerdotes
3337 2794 3462 2862 ejus
3495 2792 3552 2845 in
3575 2789 3804 2844 mercede

2238 2880 2532 2945 docebant,
2550 2886 2606 2932 et
2625 2880 2908 2950 prophetae
2929 2881 3051 2950 ejus
3068 2880 3124 2932 in
3148 2881 3388 2950 pecunia
3413 2878 3736 2940 divinabant,
3757 2882 3806 2931 et

2241 2985 2412 3038 super
2441 2969 2740 3022 Dominum
2772 2967 3216 3039 requiescebant,
3245 2969 3530 3023 dicentes:
3565 2966 3806 3038 Nunquid

2240 3073 2352 3110 non
2371 3057 2643 3111 Dominus
2671 3058 2728 3110 in
2763 3058 2946 3111 medio
2971 3057 3269 3111 nostrum?
3297 3059 3426 3113 Non
3457 3058 3637 3112 veniet
3661 3072 3809 3127 super

2238 3162 2340 3199 nos
2373 3146 2540 3199 mala.
2572 3166 2593 3196 ι
2610 3146 2754 3210 Quia
2769 3146 3029 3216 superius
3047 3147 3342 3200 adversum
3368 3148 3588 3218 judices
3601 3152 3654 3200 et
3667 3160 3807 3216 pseu-

2236 3233 2612 3304 dOprophetas
2633 3235 2995 3288 comminatio
3020 3241 3388 3305 processerat,
3422 3253 3571 3290 nunc
3593 3249 3808 3306 genera-

2236 3321 2365 3375 liter
2390 3323 2460 3375 ad
2484 3323 2655 3392 ipsos,
2678 3328 2735 3376 et
2763 3323 2832 3376 ad
2863 3324 3200 3389 sacerdotes,
3235 3329 3291 3378 et
3307 3324 3377 3377 ad
3405 3341 3600 3378 omnes
3611 3323 3701 3394 qui
3718 3320 3808 3375 sibi

2235 3410 2304 3464 de
2335 3411 2434 3464 Dei
2482 3411 2684 3466 notitia
2733 3411 3186 3478 blandiebantur,
3227 3429 3413 3466 sermo
3464 3412 3737 3482 dirigitur,
3763 3416 3812 3464 et

2236 3505 2552 3568 arguuntur
2575 3501 2708 3570 quia
2727 3517 2839 3553 non
2864 3501 3044 3555 solum
3075 3517 3187 3554 non
3207 3501 3638 3566 faciunt,verum
3660 3500 3810 3554 etiam

2236 3585 2632 3641 abominantur
2655 3588 2950 3658 judicium,
3005 3594 3061 3642 et
3103 3597 3257 3643 recta
3298 3595 3639 3660 pervertant,
3678 3581 3812 3658 quod

2235 3675 2431 3729 domos
2475 3693 2608 3730 suas
2653 3677 2930 3731 aediﬁcent
2954 3677 3013 3731 in
3045 3677 3432 3748 sanguinibus,
3469 3685 3526 3733 et
3551 3679 3812 3733 civitatem

2234 3764 2587 3818 Hierusalem
2617 3766 2674 3819 in
2705 3765 3006 3836 iniquitate
3048 3771 3105 3820 et
3152 3766 3364 3836 rapinis
3410 3767 3667 3820 videlicet
3693 3781 3814 3837 pau-

2232 3867 2451 3922 perum,
2480 3853 2722 3907 cmdibus
2747 3853 3076 3918 insontium,
3100 3859 3269 3923 atque
3297 3854 3682 3909 interfectione
3705 3868 3816 3907 san-

2233 3946 2452 3994 ctorum
2481 3960 2491 3994 :
2510 3948 2778 4011 praeterea
2801 3943 2931 4013 quia
2943 3943 3223 4014 principes
3243 3943 3486 4018 acceptis
3507 3942 3816 3998 muneribus

2229 4029 2505 4099 judicent,
2531 4036 2587 4084 et
2615 4032 2900 4102 propheta:
2932 4049 3033 4102 pro
3061 4031 3392 4086 muneribus
3429 4032 3812 4095 vaticinentur,

2234 4124 2292 4174 et
2310 4119 2550 4189 gratiam
2579 4119 2678 4173 Dei
2701 4120 2963 4182 vendant,
2990 4126 3046 4173 et
3067 4137 3192 4174 cum
3214 4121 3332 4174 haec
3353 4121 3543 4175 omnia
3563 4122 3813 4184 facerent,

2234 4208 2662 4280 requiescebant
2691 4226 2861 4279 super
2903 4209 3226 4276 Dominum,
3257 4210 3507 4265 dicentes
3542 4230 3555 4266 :
3585 4210 3818 4281 Populus

557 4300 828 4370 p0pulum
877 4314 1086 4364 meum,
1122 4319 1145 4348 ι
1186 4299 1282 4368 qui
1328 4300 1589 4352 mordent
1625 4300 1888 4354 dentibus
1925 4301 2059 4363 suis,
2095 4307 2152 4355 et
2165 4297 2334 4394 I)Dei
2363 4314 2574 4363 sumus,
2608 4298 2879 4352 Dominus
2900 4298 2958 4351 in
2979 4299 3164 4353 medio
3184 4305 3444 4354 nostrum
3465 4306 3569 4366 est,
3591 4316 3702 4354 non
3731 4313 3816 4352 ve-

555 4387 866 4458 praadicant
888 4402 1080 4456 pacem
1115 4392 1200 4439 :et
1229 4386 1275 4439 si
1307 4386 1431 4456 quis
1451 4403 1566 4440 non
1595 4387 1814 4440 dederit
1841 4388 1897 4440 in
1928 4405 2024 4441 ore
2061 4405 2150 4442 eo-

558 4490 686 4529 rum
734 4473 1043 4544 quidpiam,
1097 4473 1447 4526 sanctificant
1500 4490 1670 4543 super
1714 4490 1842 4527 eum
1872 4475 2145 4544 praelium.

560 4564 868 4634 Propterea
896 4578 1007 4616 nox
1031 4560 1183 4615 vobis
1203 4577 1304 4631 pro
1332 4560 1543 4614 visione
1565 4561 1689 4626 erit,
1714 4569 1770 4614 et
1789 4561 2030 4617 tenebrae
2051 4579 2152 4634 pro

560 4653 926 4719 divinatione,
959 4656 1015 4704 et
1043 4649 1335 4705 occumbet
1358 4666 1527 4720 snper
1554 4651 1880 4720 prophetas,
1910 4656 1967 4704 et
1993 4652 2151 4706 obte-

559 4741 890 4798 nebrabitur
916 4757 1086 4812 super
1125 4757 1218 4794 eos
1248 4739 1386 4805 dies,
1415 4745 1472 4793 et
1506 4739 1921 4794 confundentur
1948 4742 2045 4810 qui
2069 4741 2151 4794 vi-

559 4832 696 4886 dent
722 4831 986 4896 visiones,
1017 4835 1074 4883 et
1100 4829 1510 4884 confundentur
1539 4827 1730 4890 divini,
1764 4845 1792 4878 κ
1815 4832 1871 4881 et
1897 4829 2153 4899 operient

559 4919 748 4972 vultus
777 4936 908 4973 suos
932 4935 1144 4983 omnes,
1180 4919 1312 4989 quia
1350 4934 1462 4971 non
1492 4923 1577 4971 est
1605 4933 1935 4987 responsum
1965 4916 2083 4970 Dei.
2120 4937 2147 4970 ι

557 5006 841 5060 Erantillo
857 5011 1110 5075 tempore
1127 5007 1626 5078 pseudoprophetae
1644 5005 1701 5059 in
1722 5006 1926 5077 pepulo
1948 5005 2142 5072 Israel,

557 5093 653 5166 qui
676 5099 742 5148 ut
760 5093 830 5146 ab
862 5094 944 5147 eis
973 5095 1122 5146 dona
1149 5096 1485 5164 acciperent,
1518 5093 1898 5166 praedicabant
1927 5111 2142 5164 pacem,

555 5199 678 5255 quae
705 5182 785 5236 eis
814 5182 948 5236 data
973 5198 1086 5235 non
1116 5188 1255 5236 erat.
1305 5184 1421 5236 Hoc
1461 5191 1548 5237 est
1596 5184 1744 5237 enim
1788 5183 1936 5254 quod
1965 5183 2102 5236 dicit
2128 5202 2140 5237 :

557 5293 581 5325 ι
615 5271 877 5325 mordent
907 5269 1187 5335 dentibus,
1221 5289 1243 5320 ι
1279 5276 1343 5324 ut
1375 5272 1698 5326 aviditatem
1748 5272 2143 5343 accipientium

551 5359 828 5416 ostendat.
839 5358 900 5412 Si
917 5358 1043 5428 quis
1058 5375 1185 5411 vero
1200 5358 1338 5411 nihil
1356 5359 1434 5412 eis
1447 5360 1708 5427 dedisset,
1731 5362 1984 5432 quamvis
1995 5367 2144 5415 esset

2233 4386 2393 4438 nient
2423 4402 2592 4455 super
2620 4402 2723 4438 nos
2753 4387 2922 4438 mala.
2953 4385 3063 4440 Pro
3092 4387 3179 4441 his
3207 4387 3465 4442 omnibus
3489 4386 3818 4444 minatureis

2233 4474 2528 4544 propheta,
2557 4474 2670 4526 imo
2701 4474 2972 4527 Dominus
2994 4491 3094 4544 per
3116 4476 3470 4546 prephetam,
3499 4483 3557 4532 et
3578 4478 3711 4531 dicit
3737 4496 3752 4530 :

2310 4583 2331 4612 ι
2362 4562 2597 4632 Propter
2623 4563 2726 4616 hoc
2750 4578 2918 4616 causa
2949 4565 3117 4617 vestri
3135 4564 3269 4618 Sion
3296 4566 3458 4635 quasi
3486 4582 3623 4636 ager
3649 4564 3821 4619 arabi-

2233 4657 2344 4716 tur,
2378 4658 2435 4706 et
2463 4651 2812 4705 Hierusalem
2845 4652 3005 4722 quasi
3051 4669 3281 4707 acervus
3324 4654 3576 4724 lapidum
3617 4655 3740 4717 erit',
3768 4658 3820 4707 et

2232 4756 2394 4794 mons
2419 4740 2615 4810 templi
2641 4739 2697 4792 in
2727 4740 2943 4794 excelsa
2961 4740 3248 4794 silvarum.
3276 4762 3298 4790 ι
3323 4742 3496 4796 Docet
3527 4743 3660 4814 quia
3681 4748 3818 4796 tem-

2231 4829 2386 4900 plum
2417 4828 2538 4894 Dei,
2573 4829 2719 4898 quod
2764 4829 2919 4898 prius
2971 4845 3110 4882 auro
3165 4835 3223 4882 et
3258 4829 3536 4900 lapidibus
3566 4830 3819 4901 pretiosis

2230 4917 2500 4987 fulgebat,
2541 4917 2598 4970 in
2627 4917 2822 4971 ruinas
2857 4922 3135 4972 extremas
3155 4918 3543 4973 deducendum
3574 4921 3663 4974 sit.
3701 4920 3820 4973 Hec

2231 5007 2422 5060 omnia
2449 5008 2805 5076 contigerunt
2834 5008 3296 5078 Judaais,propter
3322 5025 3390 5062 ea
3413 5025 3536 5079 qua:
3559 5025 3726 5079 supra
3747 5007 3822 5062 di-

2228 5101 2318 5148 cta
2347 5101 2497 5158 sunt,
2547 5101 2604 5148 et
2652 5096 2892 5148 maxime
2936 5103 3165 5166 prepter
3195 5097 3523 5152 effusionem
3552 5095 3820 5152 Dominici

2228 5183 2536 5253 sanguinis.
2569 5184 2811 5238 Possunt
2839 5184 2954 5238 haec
2983 5184 3275 5238 moraliter
3305 5186 3502 5240 referri
3532 5187 3600 5240 ad
3632 5186 3819 5240 Eccle-

2228 5273 2391 5325 siam.
2420 5270 2553 5342 Ipsa
2581 5278 2664 5326 est
2694 5273 2843 5325 enim
2869 5273 3068 5326 domus
3095 5273 3264 5328 Jacob
3313 5280 3369 5328 et
3400 5274 3599 5329 domus
3625 5273 3814 5329 Israel.

2226 5359 2372 5414 Dicit
2393 5377 2524 5429 ergo
2546 5362 2614 5414 de
2635 5361 2909 5431 perversis
2939 5361 3260 5416 doctoribus
3281 5369 3337 5416 et
3357 5363 3700 5435 principibus
3720 5377 3817 5416 seu

547 5454 796 5514 sanctus,
823 5446 1277 5519 pramuntiabant
1300 5447 1443 5500 iram
1457 5448 1558 5501 Dei
1579 5449 1661 5501 illi
1681 5466 1805 5503 esse
1826 5456 2140 5504 venturam.
2218 5449 2500 5519 judicibus
2531 5449 2810 5513 Ecclesiae,
2847 5450 2943 5521 qui
2982 5467 3108 5504 cum
3141 5451 3247 5522 ipsi
3272 5452 3423 5506 mala
3453 5470 3575 5523 quae
3603 5451 3816 5524 possint

546 5538 706 5595 Unde
733 5537 884 5604 dicit,
910 5536 1059 5610 quod
1079 5552 1264 5590 sermo
1285 5551 1482 5591 eorum
1498 5552 1612 5594 non
1627 5537 1702 5592 sit
1724 5539 2143 5610 prophetia,sed

2224 5537 2451 5602 faciant,
2482 5538 2842 5608 requiescunt
2885 5554 3053 5608 super
3089 5540 3414 5608 Dominum,
3457 5551 3514 5596 et
3552 5556 3692 5595 vana
3719 5555 3815 5610 spe
