4062 6168
270 225 366 281 153

1202 219 1626 278 ENARRATIO
1656 219 1735 276 IN
1763 217 2126 276 MICH/EAM
2153 213 2616 276 PROPHETAM.

3439 202 3539 260 154

270 365 533 422 prospera
560 349 669 403 sibi
699 349 770 401 de
791 350 910 418 ejus
927 346 1862 418 clementiapollicentur,dicentes:
1881 348 1929 406 Α
1949 346 2140 400 hastas
2171 361 2300 400 suas
2330 344 2386 398 in
2418 342 2649 412 ligones.
2684 338 2808 392 Non
2836 336 3023 389 sumet
3055 347 3197 422 gens
3239 329 3535 422 adversum

275 460 295 491 ι
312 439 435 494 Non
461 439 688 493 venient
719 453 889 508 super
907 453 1007 492 nos
1036 437 1201 490 mala.
1230 454 1258 490 n

887 581 1123 636 CAPUT
1147 581 1244 637 IV.

337 728 361 760 (ι
395 711 466 764 Et
497 709 609 763 erit
634 724 646 759 :
678 708 735 762 in
765 706 1068 761 novissimo
1096 706 1317 759 dierum
1347 704 1455 758 erit
1484 720 1643 758 mons
1663 703 1862 756 domus

265 799 506 863 Domini,
549 804 898 869 praeparatus
919 795 978 848 in
995 794 1200 849 vertice
1229 794 1589 857 montium,e.t
1608 791 1862 845 sublimis

270 904 434 958 super
465 887 658 946 colles,
684 893 741 940 et
761 887 936 938 ﬂuent
948 884 1017 938 ad
1033 900 1161 937 eum
1179 882 1454 954 populi,et
1482 879 1864 952 properabunt

267 980 458 1044 gentes
482 976 692 1038 multae,
727 980 784 1027 et
825 973 1046 1026 dicent:
1087 971 1306 1024 Venite.
1343 995 1366 1018 υ
1397 970 1540 1034 Quia
1578 969 1858 1040 principes

265 1063 586 1117 Iudaeorum
624 1061 930 1115 abominati
969 1064 1102 1114 sunt
1135 1059 1512 1130 judicium,et
1553 1058 1859 1112 zediﬁcave-

266 1157 393 1205 runt
419 1151 557 1204 Sion
602 1150 659 1203 in
689 1148 1080 1219 sanguinibus,
1110 1148 1314 1202 idcirco
1350 1164 1450 1218 pro
1496 1152 1684 1200 monte
1724 1146 1861 1200 Sion

267 1237 512 1291 elevatus
531 1245 618 1291 est
638 1255 798 1292 mons
812 1237 1052 1303 Domini,
1089 1237 1144 1290 id
1175 1242 1260 1290 est
1289 1236 1565 1290 Christus.
1585 1237 1687 1289 Hic
1699 1251 1858 1288 mons

265 1330 520 1380 ostensus
555 1333 643 1380 est
669 1327 728 1379 in
758 1325 1070 1379 novissimis
1114 1324 1330 1388 diebus,
1360 1325 1466 1376 hoc
1515 1329 1619 1388 est,
1641 1324 1699 1376 in
1746 1324 1855 1376 ﬁne

265 1415 620 1480 seculorum,
654 1414 876 1484 quando
906 1414 965 1468 in
999 1413 1300 1467 novissima
1328 1411 1516 1465 saeculi
1562 1417 1726 1465 aetate
1761 1429 1859 1482 per

262 1501 501 1556 hostiam
523 1503 830 1556 salutarem
859 1502 1113 1556 Salvator
1148 1500 1432 1571 apparuit,
1459 1499 1555 1568 qui
1578 1500 1710 1553 tulit
1739 1517 1860 1570 pec-

263 1595 382 1644 cata
409 1591 632 1645 mundi.
669 1593 1022 1662 Praeparatus
1061 1590 1283 1660 (inquit)
1311 1589 1439 1652 erit,
1473 1587 1529 1640 id
1562 1593 1647 1642 est
1677 1590 1858 1642 mani-

1944 440 2168 504 gcntem
2199 433 2467 503 gladium,
2497 435 2553 482 et
2583 443 2692 481 non
2739 425 2953 479 discent
2998 422 3147 474 ultra
3184 418 3532 486 belligerare.

1948 523 2015 577 Et
2044 522 2258 577 sedebit
2287 521 2369 574 vir
2389 518 2584 574 subtus
2613 516 2829 569 vineam
2861 527 3042 572 suam.
3073 514 3129 562 ct
3147 507 3345 561 subtus
3367 505 3536 558 ﬁcum

1945 628 2125 677 suam,
2155 617 2211 664 et
2238 626 2349 663 non
2369 608 2477 662 erit
2503 606 2600 677 qui
2619 605 2952 658 deterreat.»
2982 599 3162 653 Omne
3180 593 3404 666 (inquit)
3423 598 3537 648 stu-

1944 701 2098 754 dium
2129 697 2489 768 belligerandi
2521 712 2586 750 eo
2619 692 2877 747 veniente
2907 686 3168 748 cessabit,
3198 690 3255 739 et
3291 682 3535 738 transfe-

1943 796 2101 843 retur
2124 789 2193 841 ad
2233 803 2444 857 pacem,
2472 789 2740 852 tantaque
2769 780 2877 834 erit
2901 777 3330 847 requiesutnon
3354 772 3537 826 solum

1943 877 2000 930 in
2022 876 2273 939 urbibus,
2297 873 2394 927 sed
2423 879 2480 926 et
2507 872 2564 924 in
2594 869 2736 922 villis
2771 872 2828 921 et
2857 865 3008 936 agris
3039 864 3114 918 sit
3140 877 3362 917 summa
3383 876 3538 914 secu-

1942 967 2096 1027 ritas,
2140 966 2304 1018 itaut
2351 962 2544 1016 sedeat
2571 956 2953 1027 unusquisque
3010 951 3114 1006 sub
3160 951 3269 1004 vite
3324 966 3446 1014 sua,
3473 953 3540 1002 ut

1941 1071 2129 1124 supra.
2163 1073 2184 1103 ‹
2221 1051 2364 1115 Quia
2388 1066 2448 1102 os
2467 1046 2692 1102 Domini
2719 1043 3063 1098 exercituum
3093 1042 3337 1094 locutum
3369 1042 3472 1091 est.
3505 1055 3531 1088 »

1943 1143 2220 1211 Legamus
2249 1137 2530 1196 historias,
2565 1140 2623 1189 et
2670 1132 3018 1187 inveniemus
3069 1128 3200 1198 quia
3255 1131 3386 1180 ante
3441 1124 3538 1178 ad-

1941 1237 2166 1284 ventum
2189 1227 2393 1282 Christi
2416 1229 2566 1279 totus
2594 1227 2789 1276 contra
2817 1236 2875 1273 se
2905 1217 3192 1288 pugnabat
3219 1214 3368 1268 orbis
3388 1233 3400 1280 ;
3419 1214 3533 1266 fer-

1941 1318 2144 1372 vebant
2171 1317 2360 1371 omnia
2387 1321 2505 1368 tam
2557 1309 2800 1365 externis
2844 1323 3012 1378 quam
3056 1304 3307 1358 civilibus
3350 1301 3531 1368 bellis,

1942 1423 2044 1462 nec
2069 1407 2362 1477 quisquam
2387 1404 2614 1473 impune
2642 1400 2710 1453 de
2746 1403 2913 1467 gente
2939 1395 2995 1448 in
3025 1399 3250 1464 gentem
3294 1389 3539 1445 transire

1943 1502 2181 1568 poterat.
2216 1495 2520 1564 Postquam
2570 1505 2700 1543 vero
2739 1489 2797 1541 in
2837 1487 3079 1540 adventu
3128 1499 3230 1536 suo
3281 1479 3538 1534 Christus

1942 1587 2256 1639 Romanum
2283 1581 2582 1652 imperium
2614 1574 2965 1648 praedicando
2995 1570 3356 1640 Evangelium
3389 1584 3540 1638 pra:-

264 1679 451 1744 festus,
481 1680 580 1750 qui
599 1686 731 1734 ante
748 1659 849 1750 per
863 1684 949 1733 tot
961 1678 1134 1732 millia
1147 1659 1423 1732 annorum
1443 1677 1693 1730 occultus
1714 1683 1854 1730 erat.
1875 1697 1920 1755 Β
1943 1676 2163 1747 paravit
2189 1671 2503 1743 apostolica:
2545 1663 2946 1738 praedicationi,
2981 1661 3203 1755 pervius
3241 1659 3421 1712 factus
3451 1661 3538 1711 est

262 1767 378 1820 Non
408 1767 597 1820 solum
625 1773 814 1821 autem
843 1767 901 1820 in
928 1765 1226 1829 montibus,
1247 1765 1344 1818 sed
1368 1770 1424 1818 et
1440 1781 1608 1834 super
1625 1765 1859 1819 vertices

262 1855 538 1909 montium
565 1861 914 1927 praeparatus
935 1855 1058 1909 erit.
1089 1855 1304 1908 Montes
1337 1853 1541 1924 quippe
1579 1859 1711 1907 sunt
1729 1871 1858 1925 pro-

263 1944 437 2016 phetae
467 1945 673 2007 sancti,
707 1944 802 2014 qui
824 1945 954 1998 licet
968 1943 1155 1997 omnia
1171 1949 1365 1996 sancta
1385 1948 1443 1996 et
1463 1942 1532 1995 ad
1552 1943 1859 1996 humanam

264 2035 502 2088 salutem
531 2034 876 2104 pertinentia
918 2034 1370 2104 conscripserint.
1422 2039 1540 2086 tam
1584 2034 1658 2086 ad
1706 2051 1862 2088 com-

269 2123 624 2194 parationem
655 2123 826 2193 hujus
846 2123 1174 2194 prophetiae,
1206 2123 1264 2176 in
1305 2139 1415 2193 qua
1443 2122 1513 2175 de
1561 2121 1862 2177 Salvatoris

267 2212 503 2266 adventu
560 2213 1055 2282 prophetaverunt,
1089 2210 1327 2264 humilia
1385 2215 1518 2263 sunt
1557 2216 1776 2277 caetera,
1808 2218 1865 2265 et

265 2317 439 2372 usque
469 2301 543 2354 ad
571 2301 808 2355 vertices
831 2301 1104 2355 montium
1126 2316 1237 2354 non
1266 2299 1664 2370 pertingentia.
1685 2300 1866 2370 Super

267 2388 428 2442 colles
457 2389 740 2442 exaltatus
770 2392 857 2441 est
883 2404 1042 2441 mons
1071 2387 1194 2451 iste,
1229 2387 1360 2457 quia
1385 2386 1863 2441 omniumsancto—

267 2493 385 2531 rum
409 2477 682 2546 gratiam,
706 2493 870 2530 omne
891 2475 1152 2529 meritum
1174 2491 1572 2546 supergressus
1601 2482 1686 2530 est
1697 2477 1864 2530 homo

267 2582 297 2618 a
322 2566 491 2620 verbo
523 2566 626 2619 Dei
668 2570 1012 2635 assumptus.
1047 2565 1189 2627 Quia
1229 2564 1381 2617 enim
1428 2581 1486 2618 se
1546 2565 1864 2619 humiliavit

268 2669 439 2725 usque
469 2655 544 2708 ad
575 2661 832 2718 mortem,
864 2655 1133 2707 exaltavit
1153 2670 1280 2706 eum
1303 2654 1452 2706 Deus
1479 2653 1664 2716 Pater,
1701 2654 1864 2708 etdo-

268 2743 416 2796 navit
444 2742 530 2796 illi
558 2759 766 2796 nomen
798 2742 944 2812 quod
986 2747 1072 2794 est
1110 2757 1279 2812 super
1317 2757 1481 2794 omne
1529 2758 1753 2795 nomen.
1780 2741 1867 2793 Ad

268 2830 411 2885 hunc
440 2838 696 2886 montem
727 2830 1235 2901 congregabuntur,
1258 2830 1342 2882 vel
1373 2831 1460 2895 (ut
1501 2830 1868 2901 Septuaginta

267 2919 476 2975 dicunt)
518 2922 696 2975 ﬂuent
711 2937 906 2974 omnes
930 2924 1146 2990 gentes,
1167 2923 1223 2972 et
1242 2918 1302 2972 in
1327 2934 1543 2972 morem
1569 2919 1864 2973 fluviorum

268 3009 708 3064 innumerabiles
746 3007 938 3080 populi
984 3007 1315 3062 convenient
1354 3007 1668 3062 credentes.
1699 3009 1862 3063 Vide-

270 3113 391 3151 mus
410 3100 537 3168 jam
575 3115 641 3151 ex
679 3097 937 3151 omnibus
981 3095 1259 3166 gentibus,
1289 3112 1429 3166 quas
1482 3097 1863 3151 Romanorum

1943 1765 2111 1818 orbis.
2139 1761 2502 1832 Tropologice
2518 1755 2757 1811 concisio
2776 1753 3092 1823 gladiorum
3107 1755 3165 1802 et
3187 1749 3532 1812 lancearum,

1943 1853 2070 1906 ﬁnis
2100 1858 2185 1905 est
2212 1851 2308 1904 iraa
2337 1855 2394 1902 et
2437 1843 2862 1918 persecutionis,
2910 1857 3021 1911 qua
3065 1838 3222 1909 prius
3260 1833 3535 1889 increduli

1942 1947 2138 1996 contra
2183 1945 2406 1994 sanctos
2454 1935 2846 2007 praedicatores
2887 1927 3206 1984 saeviebant.
3230 1926 3364 1988 Quae
3401 1939 3536 1976 con-

1941 2048 2100 2086 versa
2120 2035 2252 2084 sunt
2277 2029 2333 2082 in
2364 2026 2574 2080 ruralia
2601 2024 2993 2084 instrumenta,
3020 2022 3086 2072 ut
3113 2014 3370 2071 conflatis
3400 2028 3537 2066 con-

1943 2120 2302 2175 tumeliarum
2317 2115 2540 2188 jaculis,
2573 2114 2788 2167 fructus
2799 2108 3080 2180 spiritales
3096 2105 3528 2171 succrescerent.

1945 2211 2075 2264 Haec
2102 2215 2289 2262 autem
2322 2206 2474 2268 ﬁent,
2509 2203 2642 2274 quia
2670 2200 2940 2255 Dominus
2973 2197 3192 2250 locutus
3224 2198 3329 2258 est,
3375 2191 3537 2260 cujus

1945 2299 2135 2352 omnia
2154 2297 2322 2351 verba
2342 2299 2474 2348 sunt
2502 2307 2651 2356 vera,
2681 2294 2738 2343 et
2765 2290 2927 2358 cujus
2953 2285 3176 2348 dixisse,
3208 2282 3404 2336 fecisse
3430 2285 3535 2334 est.

1951 2409 1975 2440 «
2005 2388 2144 2453 Quia
2166 2402 2359 2441 omnes
2393 2382 2584 2454 populi
2632 2378 3019 2440 ambulabunt,
3052 2371 3440 2442 unusquisque
3481 2369 3542 2424 in

1946 2477 2170 2532 nomine
2202 2475 2302 2528 Dei
2323 2472 2426 2536 sui,
2464 2487 2564 2524 nos
2602 2475 2791 2522 autem
2820 2459 3541 2532 ambulabimusinnomine

1947 2566 2053 2620 Dei
2091 2564 2265 2619 nostri
2290 2562 2345 2615 in
2389 2566 2662 2614 aeternum
2691 2563 2748 2609 et
2776 2556 2945 2610 ultra.
2981 2573 3004 2603 ι
3040 2550 3266 2606 Οίθῐεινίε
3314 2549 3538 2619 (inquit)

1945 2654 2206 2724 gentibus
2230 2651 2444 2706 cunctis
2475 2653 2600 2719 post
2626 2661 2873 2700 errorem
2899 2659 3084 2703 suum,
3117 2657 3218 2694 nos
3249 2638 3543 2709 quiascen-

1949 2744 2133 2797 dimus
2161 2743 2231 2796 ad
2265 2743 2513 2794 montem
2542 2734 2767 2789 Domini
2796 2730 3209 2787 ambulabimus
3227 2727 3285 2780 in
3315 2727 3542 2780 nomine

1952 2832 2170 2889 Domini
2200 2829 2298 2886 Dei
2332 2827 2508 2882 nostri
2551 2825 2690 2880 Jesu
2735 2821 2962 2884 Christi,
3023 2818 3156 2890 quia
3205 2816 3324 2886 ipse
3374 2829 3541 2868 verus

1949 2928 2034 2977 est
2063 2937 2223 2975 mons
2253 2924 2310 2973 et
2339 2921 2504 2984 Deus,
2529 2922 2586 2970 et
2615 2931 2679 2969 ex
2705 2914 2827 2983 ejus
2858 2910 3084 2965 nomine
3109 2903 3413 2962 Christiani
3442 2918 3539 2957 vo-

1947 3028 2159 3065 camur.

2022 3029 2067 3064 τι]
2116 3028 2159 3063 r.

2022 3120 2050 3153 α
2073 3028 2145 3154 1Iln
2167 3099 2255 3152 die
2284 3098 2397 3161 illa,
2425 3117 2451 3148 ιι
2482 3096 2588 3148 hoc
2603 3097 2706 3157 est,
2731 3107 2859 3146 cum
2880 3105 3046 3144 verus
3074 3088 3158 3142 sol
3173 3084 3538 3158 splenduerit,

272 3186 822 3256 novitimperium,in
847 3186 1130 3239 Christum
1149 3185 1562 3252 credidissse,et
1578 3203 1678 3256 per
1696 3187 1864 3240 ﬁdem
1952 3211 1973 3241 ι
2006 3189 2142 3243 dicit
2170 3187 2460 3249 Dominus,
2487 3180 2842 3252 congregabo
2859 3178 3353 3243 claudicantem,et
3373 3191 3543 3246 quam

270 3274 334 3327 ad
364 3275 519 3330 hunc
539 3281 790 3329 montem
812 3274 1278 3328 couﬁuxisse.Sed
1309 3275 1442 3344 quid
1474 3275 1758 3329 venientes
1779 3275 1865 3328 di-
1949 3280 2219 3349 ejeceram
2247 3276 2525 3344 colligam,
2558 3278 2615 3326 et
2643 3287 2812 3342 quam
2865 3269 3173 3322 amixeram
3194 3265 3541 3331 consolabor,

272 3363 435 3416 cunt?
463 3383 486 3415 ι
521 3362 905 3416 Ascendamus
926 3363 996 3416 ad
1013 3369 1261 3416 montem
1283 3363 1526 3416 Domini.
1564 3383 1586 3413 ι
1613 3363 1766 3434 Opus
1783 3370 1868 3417 est
1949 3375 2007 3424 et
2032 3384 2237 3440 ponam
2263 3363 2672 3418 claudicantem
2708 3361 2765 3414 in
2778 3359 3064 3429 reliquias,
3099 3362 3154 3410 et
3179 3373 3302 3410 eam
3325 3372 3448 3427 qua;
3467 3355 3547 3408 ιε-

270 3453 612 3516 ascensione,
646 3453 693 3506 si
723 3453 980 3506 volumus
1007 3452 1077 3505 ad
1109 3452 1392 3505 Christum
1417 3451 1624 3517 venire,
1660 3472 1688 3503 ‹‹
1718 3458 1773 3506 et
1795 3454 1865 3507 ad
1951 3460 2261 3519 boraverat,
2280 3455 2334 3507 in
2349 3458 2574 3523 gentem
2602 3450 2910 3502 robustam.
2952 3468 2972 3497 υ
3022 3450 3140 3501 Hoc
3177 3453 3285 3515 est,
3325 3446 3545 3519 plebem

272 3541 497 3597 domum
521 3541 622 3596 Dei
644 3541 871 3604 3800b.»
896 3542 952 3594 id
984 3547 1087 3605 est,
1124 3541 1448 3604 Εοοίοείὶιτην
1483 3558 1606 3610 quae
1635 3547 1721 3595 est
1763 3542 1866 3596 (10-
1947 3549 2237 3604 Judaicam
2270 3541 2586 3604 contritam,
2616 3542 2673 3591 et
2716 3544 2868 3591 recto
2896 3553 3093 3607 gressu
3146 3537 3403 3590 incedere
3431 3551 3544 3590 non

269 3645 386 3684 mus
408 3631 537 3693 Dei,
566 3632 874 3684 secundum
903 3630 1256 3700 Apostolum,
1281 3630 1542 3682 columna
1571 3637 1628 3684 et
1664 3632 1857 3685 ﬁrma—
1938 3637 2236 3697 valentem,
2269 3638 2326 3686 et
2373 3632 2611 3701 ejectam
2649 3643 2712 3683 ac
2747 3629 3124 3701 reprobatam.
3158 3623 3543 3695 Congregabi-

271 3726 520 3774 mentum
551 3719 824 3780 veritatis.
856 3720 1034 3772 Deum
1057 3724 1246 3772 autem
1278 3718 1446 3772 Jacob
1477 3720 1760 3774 Christum
1779 3721 1859 3774 di-
1939 3731 2034 3780 tur
2061 3732 2249 3779 autem
2280 3725 2350 3778 ad
2382 3724 2505 3786 hoc,
2538 3727 2603 3775 ut
2626 3719 2967 3790 suscipiatur
2995 3723 3050 3772 et
3075 3723 3318 3788 ponatur
3341 3717 3398 3770 in
3419 3719 3548 3772 reli-

271 3808 352 3862 cit.
385 3810 577 3873 Quare
609 3809 854 3873 veniant,
885 3807 1132 3862 addunt:
1163 3828 1184 3857 ι
1223 3811 1276 3861 et
1336 3807 1557 3861 docebit
1598 3826 1699 3862 nos
1752 3811 1868 3864 vias
1952 3814 2112 3885 quias
2155 3820 2212 3866 et
2238 3814 2294 3866 in
2324 3819 2549 3882 gentem
2575 3809 2885 3863 robustam.
2920 3809 3038 3862 Hoc
3069 3814 3154 3862 est
3193 3809 3341 3879 quod
3372 3809 3546 3863 Isaias

269 3913 408 3964 suas,
440 3917 467 3949 ι
503 3914 606 3968 per
630 3898 888 3951 doctores
917 3903 974 3950 et
1001 3902 1274 3966 pastores,
1311 3896 1405 3967 qui
1435 3897 1738 3967 praesident
1769 3900 1866 3952 Ec-
1951 3903 2102 3965 dicit,
2135 3902 2243 3954 nisi
2265 3901 2538 3954 Dominus
2555 3899 2790 3952 sabaoth
2808 3897 3125 3967 reliquisset
3142 3898 3302 3951 nobis
3324 3914 3536 3963 semen,

269 3987 462 4054 clesice,
499 4003 640 4057 quos
659 3987 716 4039 in
761 3985 1096 4056 Apocalypsi
1135 3987 1378 4039 Joannes
1417 3987 1646 4055 angelos
1687 3993 1863 4053 vocat,
1951 3989 2110 4061 quasi
2140 3989 2382 4043 Sodoma
2407 3988 2722 4050 fuissemus,
2755 3991 2812 4038 et
2839 3985 2984 4038 sicut
3011 3985 3546 4040 Gomorrhasimiles

271 4075 375 4130 sive
400 4093 509 4147 per
539 4075 878 4146 Scripturas,
903 4091 1026 4145 quae
1045 4075 1351 4128 ostendunt
1381 4075 1523 4128 viam
1558 4075 1868 4141 Domini,id
1951 4093 2223 4132 essemus.
2248 4076 2364 4128 Hoc
2389 4075 2601 4128 factum
2631 4077 2718 4126 est
2761 4073 3196 4143 praedicantibus
3254 4074 3543 4144 apostolis,

274 4170 350 4218 est
375 4164 692 4229 Christum,
723 4163 820 4234 qui
839 4163 1003 4217 dicit:
1047 4185 1068 4212 ι
1103 4164 1218 4232 Ego
1247 4180 1374 4217 sum
1408 4165 1512 4217 via.
1546 4186 1566 4214 ι
1599 4182 1624 4216 α
1659 4165 1727 4218 Et
1752 4181 1870 4218 am-
1951 4166 2175 4237 quando
2206 4165 2262 4218 in
2296 4164 2518 4217 Actibus
2547 4167 2872 4232 apostorum
2893 4161 3136 4231 legitur:
3167 4163 3292 4217 Una
3318 4163 3408 4217 die
3428 4180 3545 4217 cre-

271 4252 583 4307 bulabimus
613 4253 672 4307 in
693 4252 909 4306 semitis
934 4252 1074 4322 ejus,
1108 4270 1134 4304 ιι
1158 4252 1213 4305 id
1235 4258 1647 4322 est,sequemur
1666 4259 1723 4307 et
1745 4255 2215 4336 imi-Ddiderunt
2240 4254 2350 4307 tria
2381 4253 2576 4317 millia,
2620 4251 2798 4305 altera
2833 4251 2924 4304 die
2955 4252 3201 4323 quinque
3249 4251 3444 4319 millia,
3486 4259 3544 4308 et

274 4343 517 4396 tabimur
539 4342 828 4413 apostolos
856 4342 998 4410 ejus,
1026 4341 1121 4411 qui
1173 4348 1304 4394 sunt
1331 4341 1544 4395 semitae
1569 4342 1740 4407 illius,
1771 4361 1870 4413 per
1951 4345 2212 4415 deinceps
2234 4344 2412 4396 multa
2433 4342 2629 4394 millia.
2655 4341 2882 4394 Plenius
2911 4347 3100 4395 autem
3129 4343 3183 4394 in
3211 4342 3322 4395 ﬁne
3356 4342 3544 4396 seaculi

274 4447 404 4500 quos
428 4431 712 4485 credimus
743 4429 802 4482 in
831 4445 1017 4484 eum.)
1049 4429 1194 4492 Quia
1220 4429 1289 4482 de
1321 4429 1510 4491 Sion,»
1547 4430 1650 4482 hoc
1673 4437 1778 4494 est,
1800 4432 1868 4484 de

273 4519 549 4588 primitiva
581 4519 848 4583 Ecclesia,
876 4537 900 4568 «
934 4517 1106 4572 exibit
1132 4519 1218 4571 lex
1252 4537 1276 4569 »
1300 4517 1739 4589 spiritualis,hoc
1761 4525 1865 4586 est,

274 4609 591 4678 evangelica
611 4607 934 4678 priedicatio
956 4607 1025 4660 ad
1055 4612 1272 4675 gentes.
1315 4627 1336 4658 ι
1372 4608 1440 4661 Et
1483 4606 1714 4661 verbum
1755 4609 1890 4662 Do-.

276 4696 426 4762 mini,
461 4718 487 4749 ι)
523 4697 580 4750 id
619 4701 724 4761 est,
776 4695 951 4749 Filius
984 4694 1085 4749 Dei
1132 4695 1337 4762 Patris,
1362 4695 1457 4766 qui
1495 4701 1580 4749 est
1621 4695 1868 4750 Verbum

276 4786 406 4853 ejus,
445 4806 467 4836 ‹
499 4786 570 4840 de
600 4785 974 4851 Hierusalem,
1012 4805 1034 4835 ιι
1069 4785 1173 4837 hoc
1198 4789 1301 4849 est,
1333 4785 1402 4838 de
1431 4785 1642 4850 Judaea,
1669 4785 1737 4839 de
1759 4803 1869 4856 qua

278 4889 497 4928 carnem
529 4873 855 4944 assumpsit.

341 4981 366 5016 ε
389 4965 460 5017 Et
479 4962 758 5032 judicabit
776 4962 924 5014 inter
952 4961 1186 5031 populos
1211 4962 1473 5016 multos.»
1499 4963 1642 5026 Quia
1659 4984 1680 5014 ι
1704 4967 1871 5019 Pater

275 5067 377 5105 non
399 5052 624 5121 judicat
651 5065 1012 5121 quemquam,
1055 5051 1152 5103 sed
1181 5067 1345 5104 omne
1392 5051 1660 5120 judicium
1717 5053 1871 5106 dedit

276 5138 428 5194 Filio.
458 5162 480 5190 ι
527 5159 550 5190 ε
593 5141 661 5194 Et
675 5139 942 5208 corripiet
969 5144 1165 5209 gentes
1178 5139 1350 5194 fortes
1367 5157 1546 5211 usque
1572 5141 1629 5194 in
1655 5141 1871 5210 longin-

279 5245 462 5298 quum,
505 5248 528 5279 ι
553 5228 654 5282 hoc
675 5234 778 5291 est,
811 5228 1090 5298 sapientes
1147 5235 1203 5282 et
1256 5229 1615 5300 philosophos
1657 5233 1864 5296 saeculi,

282 5332 407 5384 quos
436 5316 864 5386 comprehendit
881 5317 938 5370 in
965 5318 1171 5371 astutia
1200 5334 1414 5372 eorum.
1437 5319 1659 5373 Judicat
1680 5328 1868 5375 autem

284 5407 529 5476 populos,
569 5407 932 5461 discernenda
953 5407 1048 5477 qui
1070 5407 1184 5460 sint
1209 5408 1390 5462 salute
1430 5408 1605 5477 digni,
1642 5409 1737 5478 qui
1776 5410 1867 5464 in-

283 5490 444 5562 digni.
484 5514 508 5544 ι
535 5493 607 5550 Et
631 5495 927 5549 concident
951 5496 1168 5565 gladios
1207 5511 1340 5550 suos
1393 5497 1452 5551 in
1508 5513 1780 5564 vomeres,
1813 5505 1872 5554 et

1949 4432 2294 4502 implebitur,
2319 4431 2452 4501 quia
2479 4446 2605 4483 cum
2627 4429 2918 4499 plenitudo
2946 4429 3200 4499 gentium
3230 4429 3541 4497 intraverit,

1952 4528 2087 4575 tunc
2105 4521 2288 4574 omnis
2315 4521 2486 4575 Israel
2508 4520 2694 4573 salvus
2717 4519 2844 4575 erit.
2880 4539 2904 4570 (ι
2950 4521 3017 4573 Et
3055 4521 3312 4590 regnabit
3356 4522 3545 4576 Domi-

1950 4628 2056 4665 nus
2075 4628 2244 4681 super
2263 4627 2377 4674 eos,
2412 4631 2434 4660 ι
2467 4610 2523 4664 id
2555 4615 2638 4664 est
2666 4627 2836 4680 super
2852 4611 3336 4680 congregatos,cin
3355 4615 3544 4664 monte

1955 4701 2110 4767 Sion,
2147 4719 2168 4749 ι
2195 4699 2246 4752 id
2284 4705 2370 4753 est
2399 4699 2456 4752 in
2512 4697 2774 4763 Ecclesia,
2804 4715 2927 4768 qua)
2983 4703 3068 4751 est
3096 4699 3155 4752 in
3193 4699 3543 4769 contempla-

1951 4791 2106 4844 tione
2126 4790 2250 4844 vitze
2279 4789 2636 4860 spiritualisc
2661 4789 2736 4842 Ex
2751 4789 2855 4841 hoc
2872 4804 3020 4841 nunc
3043 4794 3097 4842 et
3114 4805 3292 4858 usque
3312 4788 3367 4842 in
3386 4793 3545 4842 aeter-

1952 4895 2110 4947 num,
2146 4898 2168 4929 »
2203 4878 2258 4932 id
2285 4884 2372 4932 est
2421 4895 2454 4931 a
2491 4877 2690 4931 saeculo
2747 4877 3011 4947 praesenti
3063 4893 3241 4948 usque
3285 4877 3343 4931 in
3398 4876 3546 4932 futu-

1952 4985 2098 5022 rum.

2026 5057 2143 5109 «Et
2168 5055 2437 5118 tu,turris
2462 5055 2649 5124 gregis
2673 5053 3082 5118 nebulosa,ﬁlia
3112 5055 3450 5128 Sion,usque
3474 5056 3546 5111 ad

1951 5150 2006 5198 te
2032 5145 2232 5208 veniet,
2268 5149 2325 5197 et
2368 5143 2550 5196 veniet
2596 5150 2842 5214 potestas
2899 5145 3100 5215 prima,
3134 5161 3368 5214 regnum
3416 5146 3546 5200 ﬁliae

1953 5233 2322 5286 Hierusalem.
2351 5253 2372 5282 ι
2399 5233 2632 5285 Turrem
2653 5235 2841 5303 gregis
2867 5233 3214 5300 nebulosam,
3242 5235 3426 5288 locum
3459 5235 3547 5288 di-

1950 5323 2043 5386 cit,
2076 5321 2170 5391 qui
2193 5320 2262 5373 ob
2292 5326 2626 5375 conventum
2660 5331 2971 5394 pastorum,
3003 5324 3173 5377 adher
3200 5323 3278 5393 (id
3311 5328 3546 5390 est,tur-

1952 5411 2028 5464 ris
2047 5409 2250 5480 gregis)
2277 5410 2498 5464 dicitur.
2525 5413 2709 5467 Distat
2737 5420 2925 5467 autem
2949 5429 3062 5466 uno
3089 5412 3348 5466 milliario
3378 5429 3412 5464 a
3442 5413 3547 5465 Be-

1952 5500 2200 5553 thlehem
2227 5501 2299 5553 ad
2319 5499 2614 5556 orientem.
2649 5503 2712 5556 In
2747 5503 2851 5556 hoc
2875 5503 2994 5556 loco
3019 5500 3198 5555 tribus
3227 5497 3543 5571 pastoribus
