4090 6164
459 300 564 360 155

918 301 1296 359 HAYMONIS
1323 304 1812 361 HALBERSTAT.
1843 307 2063 362 EPISC.
2101 306 2260 363 OPP.
2304 305 2489 360 PARS
2513 305 2557 359 Ι.
2591 334 2656 344 -
2691 303 3065 359 COMMENT.
3095 302 3279 357 BIBL.

3639 299 3742 356 156

455 424 689 494 angelus
717 424 994 495 apparuit,
1024 431 1078 480 et
1101 432 1303 481 natum
1334 432 1504 483 Deum
1519 431 1814 490 nuntiavit,
1838 432 2047 502 quique
2065 437 2105 490 Λ
2132 430 2581 501 populusductus
2603 429 2659 480 in
2680 428 3076 496 captivitatem.
3102 432 3229 497 post
3249 425 3609 495 septuaginta
3640 437 3739 478 an-

458 511 663 566 ibidem
712 513 1104 568 venerabiliter
1151 517 1360 569 conditi
1405 519 1779 588 requiescunt.
1831 521 2054 574 Turrim

458 607 648 656 autem
671 602 1004 657 nebulosam
1035 605 1188 666 dicit,
1220 614 1448 676 propter
1480 607 1876 663 obscuritatem
1929 628 2054 680 my-

2139 535 2240 572 nos
2270 519 2372 571 sub
2399 519 2530 571 Jesu
2561 525 2616 570 et
2645 516 2947 569 Zorobabel
2974 522 3030 569 et
3053 516 3226 568 Esdra
3258 515 3530 567 liberatus
3557 521 3641 566 est
3685 519 3737 566 et

2140 623 2412 661 reversus.
2442 605 2729 658 Moraliter
2755 605 2942 657 anima
2969 611 3197 674 propter
3238 610 3526 673 peccatum
3561 602 3629 654 de
3666 601 3738 654 ci-

458 692 759 746 steriorum
789 692 1117 757 caelestium,
1148 694 1361 764 quaeibi
1376 696 1619 750 revelata
1645 699 2055 752 sunt.Potestas
2137 697 2328 759 vitate,
2379 695 2452 758 (id
2493 700 2579 748 est
2617 693 2882 760 Ecclesia)
2929 694 3109 763 pulsa,
3149 692 3357 745 tradita
3400 691 3627 744 inimico
3684 690 3739 743 in

459 781 864 850 autemprima,
887 781 1124 836 virtutes
1147 785 1573 853 suntangeiicw,
1594 803 1716 856 quae
1743 807 1763 837 ι
1782 788 1976 842 Gloria
1996 788 2055 841 in
2137 784 2430 838 interitum
2462 782 2665 846 carnis,
2689 780 2923 850 jubetur
2951 781 3139 833 venire
3167 780 3238 832 ad
3287 779 3646 850 Babylonem,
3683 778 3742 832 id

461 868 692 923 excelsis
723 872 857 932 Deo,
887 889 913 922 »
951 871 1278 925 exsultando
1303 873 1688 938 concinebant,
1723 881 1782 930 et
1807 876 1927 946 ipsa
1976 883 2062 932 est

462 974 700 1028 regnum
731 959 858 1012 ﬁlim
890 959 1262 1026 Hierusatem,
1291 961 1344 1014 id
1375 968 1479 1026 est,
1508 973 1768 1033 supernae
1797 965 2054 1028 civitatis,

460 1046 557 1100 ubi
583 1047 847 1117 angelicae
871 1048 1107 1102 virtutes
1151 1053 1332 1104 Deum
1387 1051 1622 1106 sabaoth
1675 1055 2050 1123 speculantur.

461 1133 772 1203 Allegorice
801 1137 975 1190 turris
1004 1136 1291 1200 nebulosa,
1319 1139 1480 1208 plebs
1500 1148 1586 1194 est
1614 1142 2059 1203 Israelitica,si\-e

459 1224 733 1293 templum
747 1224 893 1278 Deia
910 1226 1207 1280 Salomone
1221 1235 1601 1282 constructum
1614 1230 1672 1282 in
1688 1231 2056 1285 Hierusalem.

465 1313 543 1367 De
575 1313 681 1366 hac
712 1319 866 1366 turre
889 1315 1030 1367 dicit
1057 1315 1262 1368 Isaias:
1289 1317 1359 1370 Et
1401 1318 1695 1372 mdiﬁcavit
1747 1323 1950 1374 turrim
2002 1322 2059 1375 in

2143 879 2244 939 est,
2271 873 2346 926 ad
2373 871 2758 925 confusionem
2781 869 3043 923 vitiorum
3073 875 3131 932 et
3149 868 3479 938 dejectionis
3509 884 3642 932 suae,
3678 872 3744 920 ut

2142 967 2439 1032 postquam
2469 960 2694 1029 dignam
2727 957 2905 1027 egerit
2955 957 3364 1028 paenitentiam,
3392 956 3662 1010 liberetur
3707 972 3744 1009 a

2141 1050 2463 1120 captivitate
2495 1047 2728 1120 peccati,
2754 1054 2812 1100 et
2831 1063 3054 1100 reversa
3082 1047 3151 1098 ad
3168 1053 3460 1116 paternam
3486 1045 3740 1109 domum,

2144 1145 2428 1193 mereatur
2454 1137 2626 1207 recipi
2657 1153 2692 1190 a
2718 1135 3154 1189 clementissimo
3185 1135 3369 1188 Patre.
3403 1133 3513 1187 Sed
3556 1137 3614 1185 et
3658 1147 3746 1184 se-

2143 1231 2384 1284 cundum
2396 1229 2623 1282 beatum
2643 1227 2975 1296 Gregorium
2994 1241 3138 1295 saepe
3151 1223 3426 1292 contingit
3445 1229 3508 1276 ut
3525 1222 3739 1287 anima,

2144 1337 2266 1390 quae
2299 1319 2413 1372 ﬁlia
2441 1319 2573 1372 Sion
2587 1321 2832 1378 vocatur,
2857 1329 2980 1384 quae
3005 1314 3180 1367 Deum
3204 1312 3475 1366 debuerat
3498 1317 3746 1364 contem-

464 1401 649 1454 medio
676 1404 822 1471 ejus,
849 1403 905 1454 id
928 1409 1032 1468 est,
1065 1404 1257 1459 vineae.
1284 1406 1413 1459 Haec
1436 1407 1630 1468 turris,
1673 1408 1729 1461 id
1778 1416 1864 1462 est
1908 1411 2062 1479 plebs
2148 1408 2309 1479 piari,
2337 1407 2529 1476 aliquo
2555 1404 2835 1474 'spirituali
2857 1409 2915 1456 et
2942 1403 3157 1456 occulto
3181 1401 3314 1454 vitio
3337 1400 3509 1467 (verbi
3533 1399 3739 1468 gratia,

463 1489 716 1555 Judaica,
751 1491 999 1560 quandiu
1027 1491 1224 1546 habuit
1266 1495 1587 1559 maceriam,
1631 1497 1687 1550 id
1726 1502 1810 1551 est
1837 1500 2066 1568 angelo-
2147 1499 2440 1569 superbiae.
2491 1497 2729 1562 invidiae)
2787 1496 3128 1549 devastatur.
3186 1493 3366 1556 Quam
3427 1491 3745 1546 misericors

465 1593 591 1632 rum
614 1579 892 1648 presidia,
924 1587 980 1634 et
1005 1583 1271 1647 torcular,
1301 1583 1462 1636 idest
1485 1585 1682 1650 altare,
1715 1603 1817 1640 nec
1844 1587 2064 1641 diabolo
2147 1590 2297 1643 Deus
2340 1600 2744 1655 nonnunquam
2801 1583 3076 1654 permittit
3125 1581 3326 1636 cadere
3379 1581 3437 1633 in
3486 1586 3744 1650 apertum

473 1667 664 1737 pervia
693 1675 832 1733 erat,
855 1686 962 1724 nec
1003 1671 1294 1733 nebulosa,
1329 1674 1425 1726 sed
1451 1674 1646 1728 civitas
1691 1675 1815 1744 Dei,
1839 1692 1960 1745 quae
2008 1676 2102 1746 in;
2148 1677 2333 1731 carnis
2360 1680 2667 1746 peccatum,
2702 1679 2758 1726 et
2805 1673 2963 1743 quasi
3015 1673 3087 1724 ad
3147 1670 3508 1740 Babylonem,
3555 1669 3610 1721 id
3660 1675 3748 1723 est

389 1763 396 1770 '
467 1761 657 1809 monte
684 1757 814 1822 (hoc
841 1763 928 1812 est
953 1758 1007 1812 in
1037 1761 1368 1815 celsitudine
1400 1762 1692 1830 virtutum)
1734 1737 2126 1818 sita-latereB
2145 1768 2214 1820 ad
2243 1737 2623 1820 confusionem
2650 1737 2859 1826 venire,
2892 1767 2955 1815 ut
2982 1761 3210 1814 confusa
3257 1737 3507 1812 fceditate
3566 1757 3748 1828 aperti

465 1859 579 1898 non
597 1851 838 1915 poterat.
867 1847 949 1900 Ad
965 1855 1266 1919 postquam
1294 1867 1354 1904 se
1383 1853 1655 1920 sanguine
1699 1853 1917 1908 Domini
1956 1854 2061 1907 fee-
2145 1853 2414 1918 criminis,
2446 1852 2714 1906 liberetur
2742 1867 2776 1904 a
2803 1849 3126 1920 captivitate
3159 1848 3277 1901 vitii
3306 1847 3549 1902 latentis,

466 1932 638 1998 davit,
671 1935 939 1990 nebulosa
967 1941 1032 1991 ac
1045 1939 1299 2009 squalida
1323 1941 1750 2010 appellatur.Ad
1773 1943 1916 1996 hanc
1933 1960 2063 2013 per-
2223 1963 2248 1997 α
2273 1945 2341 1998 Et
2361 1953 2509 1997 nunc
2525 1947 2873 2010 congregata;
2900 1944 3216 2008 suntsuper
3235 1942 3290 1991 te
3303 1942 3502 2007 gentes
3531 1935 3746 2000 multa,

467 2022 619 2075 venit
661 2031 908 2092 potestas
960 2026 1162 2095 prima,
1197 2028 1252 2081 id
1301 2035 1405 2092 est,
1438 2029 1695 2082 videlicet
1742 2030 1935 2094 Filius,
1970 2029 2064 2102 qui
2150 2051 2271 2103 qua:
2301 2033 2495 2086 dicunt
2525 2048 2536 2082 :
2571 2029 2892 2095 Lapidetur,
2937 2033 2994 2081 et
3023 2025 3256 2097 aspiciat
3291 2025 3350 2079 in
3376 2025 3510 2079 Sion
3551 2024 3747 2078 oculds

466 2111 720 2180 loquitur
746 2113 804 2165 in
822 2115 1180 2184 Apocalypsi.
1199 2133 1224 2166 «
1249 2117 1362 2185 Ego
1391 2128 1514 2170 sum
1536 2137 1567 2168 α
1597 2123 1652 2171 et
1681 2139 1742 2182 ω,
1767 2119 1988 2173 initium
2008 2129 2064 2174 et
2148 2128 2356 2176 noster.
2383 2142 2409 2170 ιι
2448 2120 2564 2173 Vox
2597 2119 2909 2188 prophetae:
2945 2115 3377 2178 OHierusalem,
3395 2115 3484 2167 cui
3503 2113 3748 2183 praedico

469 2200 617 2264 finis,
653 2218 679 2252 ι
713 2205 770 2253 et
797 2201 893 2271 qui
925 2218 989 2254 ex
1007 2219 1246 2271 persona
1276 2206 1550 2275 assumpti
1607 2206 1852 2261 hominis
1904 2209 2059 2271 dicit,
2147 2210 2534 2264 imminentem
2563 2206 2964 2276 captivitatem,
2988 2203 3212 2256 interim
3236 2201 3521 2256 donecilla
3540 2201 3744 2262 veniat,

471 2306 500 2341 ι(
529 2290 800 2344 Dominus
827 2292 1181 2360 posseditme
1199 2294 1362 2347 initio
1385 2295 1598 2348 viarum
1624 2311 1911 2350 suarum.»
1934 2298 2067 2361 Quae
2144 2299 2262 2368 jam
2293 2301 2643 2365 congregata:
2671 2301 2804 2348 sunt
2843 2310 3012 2363 super
3039 2301 3095 2346 te
3129 2298 3327 2362 gentes
3365 2292 3570 2353 multa),
3624 2307 3749 2362 quae

467 2383 717 2450 potestas
739 2386 832 2433 est
855 2396 1093 2449 regnum
1127 2383 1254 2436 ﬁlim
1286 2384 1830 2439 HierusalemNenit
1857 2404 1990 2455 ergo
2012 2387 2068 2440 in
2151 2387 2312 2457 quasi
2341 2387 2410 2439 de
2453 2385 2711 2438 adultera
2758 2383 2991 2436 muliere
3049 2383 3357 2451 loquuntur
3398 2387 3452 2434 et
3507 2379 3700 2433 dicunt
3729 2398 3742 2433 :

469 2467 617 2521 hunc
641 2468 913 2522 mundum
945 2475 1192 2540 potestas
1213 2473 1414 2541 prima,
1447 2479 1509 2526 ut
1538 2475 1747 2527 faceret
1765 2476 2068 2529 secundam
2154 2475 2472 2546 Lapidetur,
2499 2480 2554 2527 et
2579 2473 2814 2542 aspiciat
2833 2472 3027 2524 oculus
3057 2470 3322 2524 nosterin
3355 2469 3618 2531 Sion,hoc
3637 2473 3743 2530 est,

470 2561 824 2627 potestatem.
860 2560 985 2614 Non
1003 2560 1154 2612 enim
1187 2568 1367 2631 potest
1409 2563 1516 2615 dici
1538 2563 1737 2632 prima,
1770 2564 1872 2617 nisi
1893 2565 1968 2618 sit
1987 2582 2070 2618 se-
2151 2571 2344 2618 contra
2372 2563 2524 2624 Sion,
2560 2569 2622 2616 ut
2648 2562 2984 2614 insultemus
3022 2565 3078 2612 et
3108 2559 3455 2628 gaudeamus
3489 2557 3546 2610 in
3586 2557 3750 2610 malis

470 2645 670 2699 cauda.
693 2647 843 2700 Fecit
862 2664 995 2717 ergo
1016 2649 1316 2702 secundam
1331 2656 1665 2720 potestatem
1684 2651 1741 2704 in
1763 2652 2067 2721 apostolos,
2155 2657 2294 2724 ejus.
2332 2654 2399 2706 Et
2422 2655 2536 2706 inec
2559 2651 2756 2704 dicunt
2779 2663 2790 2697 :

473 2741 538 2789 ut
563 2735 711 2790 sicut
734 2737 1139 2806 appellantura
1160 2739 1280 2791 luce
1304 2739 1526 2792 Christo
1543 2741 1654 2802 lux,
1679 2740 2072 2808 etapanevivo
2232 2762 2255 2793 α
2281 2743 2393 2812 Ipsi
2424 2747 2613 2794 autem
2639 2756 2749 2792 non
2772 2741 3153 2808 cognoverunt
3174 2735 3539 2805 cogitationes
3567 2733 3751 2804 Domi-

478 2824 700 2880 Christo
725 2832 994 2880 vocentur
1018 2827 1202 2896 panis,
1223 2827 1396 2881 Paulo
1416 2827 1636 2882 dicente
1664 2849 1676 2884 :
1705 2847 1734 2879 ‹‹
1750 2830 1904 2883 Unus
1917 2829 2076 2899 panis
2158 2832 2237 2888 ni.
2268 2838 2322 2884 et
2352 2845 2463 2884 non
2489 2829 2884 2882 intellexerunt
2899 2825 3191 2880 consilium
3213 2826 3353 2894 ejus,
3380 2823 3512 2894 quia
3526 2839 3756 2892 congre-

477 2913 640 2967 multi
663 2923 860 2968 sumus
888 2915 944 2968 in
980 2915 1224 2983 Christo,
1255 2933 1284 2969 υ
1311 2916 1390 2970 ita
1419 2933 1453 2970 a
1481 2917 1660 2987 prima
1683 2923 1962 2988 potestate
1983 2933 2077 2987 po-
2157 2923 2311 2992 gavit
2337 2939 2432 2975 eos
2464 2919 2625 2990 quasi
2656 2920 2848 2972 fenum
2901 2933 3063 2970 areae.
3103 2935 3124 2967 ι
3159 2915 3263 2978 Qui
3309 2915 3433 2968 ideo
3462 2913 3591 2968 fecit
3628 2913 3754 2966 illas

477 3005 653 3055 testas
670 3008 726 3056 et
751 3019 987 3071 regnum
1011 3012 1278 3058 vocentur

2097 3030 2142 3089 ρ
2161 3010 2511 3081 congregari,
2543 3015 2608 3063 ut
2627 3014 2690 3062 tu
2722 3009 2846 3061 illas
2875 3011 3130 3060 conteras
3160 3003 3321 3074 quasi
3348 3005 3538 3057 fenum
3568 3009 3626 3056 et
3651 3002 3754 3056 sti-

547 3108 578 3142 α
608 3091 772 3145 Nunc
791 3103 963 3160 quare
983 3109 1220 3147 mcerore
1235 3095 1619 3148 contraheris?
1686 3096 1825 3150 Cum
1847 3097 2070 3166 (inquit)
2154 3101 2344 3172 pulam
2370 3115 2532 3152 areae.

476 3177 546 3231 ad
571 3184 627 3232 te
683 3186 920 3234 ventura
971 3180 1046 3234 sit
1097 3181 1280 3252 prima
1321 3189 1588 3253 potestas,
1622 3201 1794 3253 quare
1835 3197 2073 3238 maerore

473 3268 823 3322 contraheris
850 3275 908 3322 et
936 3270 1292 3324 humiliaris?
1379 3271 1644 3342 Nunquid
1697 3287 1790 3326 rex
1829 3290 1942 3327 non
1989 3279 2076 3327 est

473 3357 596 3422 tibi,
629 3363 730 3411 aut
755 3359 1106 3412 consiliarius
1124 3366 1253 3414 tuus
1276 3361 1459 3431 periit,
1493 3362 1625 3430 quia
1652 3362 2078 3432 comprehendit

474 3453 531 3500 te
559 3447 719 3500 dolor
748 3447 888 3501 sicut
941 3448 1389 3514 parturientem?
1421 3470 1441 3500 ι
1478 3449 1886 3520 Interrogando
1941 3466 2075 3503 con-

473 3537 664 3592 ﬁrmat
686 3538 836 3606 juste
868 3554 992 3591 eam
1014 3538 1202 3591 dolere
1232 3545 1289 3591 et
1316 3555 1570 3601 moerere,
1627 3540 1758 3609 quia
1811 3557 1904 3593 rex
1951 3542 2074 3609 ejus

478 3626 756 3690 Christus,
780 3627 876 3696 qui
909 3635 966 3680 et
984 3627 1338 3682 consiliarius
1361 3635 1418 3681 et
1445 3629 1678 3698 angelus
1725 3629 1911 3698 magni
1939 3645 2077 3682 con-

477 3715 611 3781 silii,
642 3716 810 3785 periit
837 3716 908 3777 ei,
944 3717 1049 3769 hoc
1075 3723 1179 3780 est,
1213 3717 1509 3774 cruciﬁxus
1565 3724 1669 3783 est,
1727 3718 1798 3771 ab
1855 3718 1984 3783 illis,
2017 3724 2073 3771 et

479 3811 751 3873 quantum
769 3805 824 3858 in
856 3805 992 3875 ipsis
1022 3805 1144 3869 fuit,
1183 3805 1364 3875 periit,
1398 3813 1455 3859 et
1483 3807 1577 3876 qui
1614 3808 1776 3879 juxta
1822 3807 2074 3876 Evange-

475 3892 638 3946 licam
663 3893 986 3964 parabolam
1018 3895 1296 3950 haeredem
1327 3897 1565 3965 ejectum
1581 3903 1736 3949 extra
1752 3897 1968 3950 vincam
1989 3912 2079 3950 oc-

475 3982 756 4050 ciderunt,
785 3983 890 4053 ipsi
923 4000 1144 4054 quoque
1190 3985 1259 4038 ab
1287 3985 1531 4038 exercitu
1579 3986 1830 4039 Romano
1881 3986 2079 4039 vastati

481 4080 632 4129 sunt.
666 4074 736 4128 Et
753 4074 900 4128 sicut
928 4075 1246 4143 parturiens
1278 4074 1526 4128 dolorem
1560 4089 1670 4128 non
1720 4080 1904 4146 potest
1933 4076 2075 4129 ellu-

475 4180 629 4232 gere,
645 4163 723 4216 sic
751 4163 846 4215 ille
873 4165 1113 4232 populus
1140 4164 1438 4217 imminens
1468 4165 1777 4235 periculum
1808 4171 1865 4218 et
1889 4174 2074 4218 vasta-

479 4251 690 4304 tionem
721 4267 834 4304 non
863 4251 1049 4320 potuit
1078 4251 1376 4305 declinare.

2232 3209 2255 3237 ι
2280 3189 2457 3257 Surge
2492 3205 2513 3236 ν
2548 3185 2720 3255 igitur
2753 3206 2772 3234 ι
2807 3189 2863 3254 et
2882 3185 3106 3247 tritura,
3123 3182 3236 3236 ﬁlia
3260 3182 3410 3241 Sion,
3437 3182 3568 3252 quia
3584 3197 3756 3236 cornu

2154 3284 2314 3332 tuum
2337 3293 2540 3348 ponam
2559 3276 2887 3337 ferreum,et
2901 3273 3140 3341 ungulas
3161 3278 3288 3324 tuas
3307 3285 3510 3341 ponam
3528 3287 3755 3335 armas,»

2156 3369 2263 3420 hoc
2319 3373 2422 3427 est,
2455 3363 2892 3434 insuperabilem
2951 3361 3354 3414 fortitudinem.
3395 3379 3418 3409 ο
3481 3361 3550 3413 Et
3602 3377 3628 3410 ι)
3678 3359 3761 3412 sic

2163 3478 2184 3508 ι
2215 3456 2563 3509 comminues
2592 3453 2826 3524 pepulos
2855 3451 3076 3510 multos,
3107 3455 3162 3503 et
3187 3450 3491 3503 interﬁcies
3522 3448 3759 3502 Domino

2158 3545 2383 3614 rapinas
2410 3560 2623 3607 eorum,
2655 3548 2710 3594 et
2740 3540 3124 3593 fortitudinem
3154 3551 3346 3592 eorum
3377 3538 3615 3590 Domino
3637 3537 3759 3590 uni-

2158 3651 2327 3686 versae
2357 3638 2541 3690 terrae,
2575 3649 2600 3682 ι
2635 3637 2699 3682 ut
2743 3634 3140 3682 consecrentur
3190 3627 3424 3680 Domino
3482 3627 3596 3679 Deo
3634 3632 3754 3678 tuo.

2153 3721 2274 3774 Tali
2296 3720 2441 3774 enim
2461 3719 2735 3773 sacriﬁcio
2751 3718 3061 3770 delectatur
3082 3715 3380 3769 Dominus:
3408 3714 3554 3784 quod
3568 3719 3758 3766 autem

2159 3825 2330 3863 cornu
2360 3802 2495 3861 dicit
2520 3814 2578 3862 et
2621 3807 2880 3875 ungulas,
2915 3804 3326 3874 metaphoricos
3373 3802 3757 3872 accipiendum

2160 3905 2264 3962 est,
2300 3897 2369 3950 ab
2401 3896 2657 3951 hostibus
2685 3893 3399 3949 triturantibus.Moraliter
3417 3907 3759 3961 congregan-

2160 3993 2253 4040 tur
2281 3987 2547 4040 adversus
2583 3984 2884 4038 Ecclesium
2919 3983 3038 4047 Dei,
3069 3982 3458 4035 multitudines
3487 3980 3756 4051 spiritua-

2156 4075 2292 4129 lium
2323 4075 2720 4145 nequitiarum,
2753 4079 2809 4126 et
2865 4071 3139 4125 insultant
3196 4075 3364 4138 atque
3417 4066 3761 4138 exprobrant

2158 4180 2321 4218 neces
2347 4164 2591 4216 ﬁliorum
2633 4163 2771 4232 ejus,
2821 4160 3135 4214 nescientes
3179 4158 3475 4212 consilium
3534 4155 3758 4209 Domini

2158 4268 2261 4306 nec
2287 4253 2650 4321 cogitationes
2683 4253 2824 4320 ejus.
2861 4250 2991 4320 quia
3013 4249 3080 4302 ad
3109 4249 3211 4301 hoc
3232 4245 3599 4317 permittiteis
3623 4257 3759 4314 prte-

555 4357 580 4391 ι
612 4338 749 4392 Dole
779 4344 836 4392 et
857 4344 1068 4408 satage,
1104 4340 1220 4394 ﬁlia
1241 4339 1391 4404 Sion,
1416 4341 1573 4410 quasi
1601 4341 2342 4438 parturiens,quiaDvalere
2371 4341 2442 4394 ad
2482 4347 2722 4410 tempus,
2756 4345 2819 4392 ut
2848 4347 2904 4392 et
2929 4339 3152 4392 illorum
3187 4335 3459 4407 patientia
3489 4342 3756 4387 remune-

478 4443 628 4482 nunc
655 4427 961 4497 egredieris
989 4427 1059 4482 de
1087 4429 1329 4492 civitate,
1355 4437 1412 4482 et
1441 4429 1720 4484 habitabis
1740 4429 1794 4483 in
1827 4431 2070 4499 regione,

480 4522 537 4571 et
557 4516 744 4572 venies
782 4533 960 4587 usque
998 4517 1068 4570 ad
1103 4518 1435 4588 Babylonem
1463 4538 1474 4572 :
1509 4519 1584 4572 ibi
1616 4519 1965 4585 liberaberis,
1997 4521 2073 4575 ibi

479 4605 720 4660 redimet
749 4614 804 4659 te
825 4605 1098 4660 Dominus
1135 4606 1204 4659 de
1217 4623 1386 4660 manu
1411 4607 1763 4661 inimicorum
1789 4614 2068 4662 tuorum.»

478 4694 808 4766 Praecipitur
836 4697 965 4751 ﬁliae
993 4696 1148 4760 Sion,
1179 4696 1232 4750 id
1266 4702 1371 4754 est.
1408 4713 1553 4766 saepe
1599 4697 1762 4751 dictae
1812 4698 1978 4767 plebi,
2010 4702 2075 4752 ut

479 4783 668 4839 doleat
692 4791 749 4839 et
775 4786 1099 4854 egrediatur
1125 4785 1194 4840 de
1219 4785 1462 4846 civitate,
1482 4796 1536 4839 et
1566 4785 1782 4840 habitet
1809 4787 1867 4841 in
1895 4788 2076 4857 regio.

477 4887 568 4936 ne,
599 4873 732 4943 quia
761 4874 862 4927 Dei
891 4880 977 4927 est
999 4875 1280 4928 sententia
1297 4881 1359 4928 ut
1379 4880 1576 4945 pergat
1593 4874 1649 4928 in
1668 4876 2072 4945 captivitatem,

481 4976 581 5014 nec
611 4967 796 5030 potest
823 4963 1030 5016 mutari
1065 4963 1336 5032 judicium
1367 4965 1505 5034 ejus.
1540 4964 1804 5018 Monetur
1831 4982 1962 5034 ergo
2013 4971 2075 5018 ut

477 5049 756 5118 patienter
785 5051 1076 5114 sustineat,
1101 5058 1156 5104 et
1184 5063 1362 5122 usque
1392 5053 1462 5106 ad
1492 5052 1837 5124 Babylonem
1870 5055 2072 5119 veniat,

476 5137 658 5191 sciens
679 5138 811 5207 quia
829 5139 875 5191 si
901 5138 1120 5192 fortiter
1139 5141 1420 5208 ﬂagellum
1442 5142 1906 5206 sustinuerit,cito
1927 5143 2076 5195 redi-

479 5226 686 5280 menda
714 5227 790 5280 sit
815 5227 884 5280 de
913 5242 1082 5281 manu
1115 5228 1490 5293 inimicorum,
1516 5237 1578 5284 ut
1601 5247 1726 5285 cum
1742 5231 1910 5284 fuerit
1933 5230 2073 5284 libe-

478 5321 625 5382 rata,
657 5315 833 5385 possit
859 5315 1071 5369 dicere:
1105 5338 1124 5365 ι
1165 5318 1246 5370 Ne
1270 5318 1473 5371 laeteris
1503 5319 1731 5372 inimica
1761 5336 1887 5372 mea
1908 5335 2075 5389 super

478 5419 569 5458 me
585 5407 716 5474 quia
727 5404 1258 5475 cecidi,consurgam
1287 5424 1306 5456 ο
1331 5425 1342 5472 ;
1358 5414 1415 5460 et
1431 5424 1556 5461 cum
1580 5409 1878 5462 Psalmista
1893 5426 1938 5460 κε
1951 5408 2073 5462 Non

480 5491 540 5546 in
555 5500 890 5564 perpetuum
920 5493 1193 5555 irascetur
1221 5495 1510 5557 Dominus,
1530 5514 1711 5568 neque
1727 5497 1782 5552 in
1804 5503 2075 5551 aeternum

487 5581 981 5637 comminabitur.)
1001 5582 1165 5638 Patet
1174 5589 1362 5638 autem
1371 5587 1534 5656 juxta
1545 5587 1810 5652 litteram,
1827 5585 2079 5656 quodille

2157 4434 2333 4492 retur,
2367 4436 2424 4482 et
2455 4430 2652 4482 horum
2706 4428 2920 4481 malitia
2969 4427 3253 4497 puniatur.
3287 4427 3607 4494 Congregat
3663 4438 3761 4475 eos

2161 4518 2445 4579 Dominus,
2480 4524 2540 4570 ut
2569 4522 2952 4579 conterantur,
2987 4521 3045 4569 et
3083 4531 3280 4568 eorum
3322 4516 3479 4584 j‘usta
3527 4513 3762 4565 damna-

2155 4608 2233 4661 tio
2289 4607 2544 4676 proﬁciat
2594 4607 2650 4660 in
2696 4606 2923 4659 laudem
2983 4603 3285 4666 Creatoris,
3319 4608 3376 4656 et
3433 4601 3644 4671 rapina
3695 4616 3762 4653 ac

2156 4695 2422 4750 fortitudo
2482 4711 2676 4748 eorum
2733 4694 2790 4748 in
2849 4693 3184 4755 sacriﬁcium
3242 4691 3478 4746 Domino
3536 4697 3764 4743 conver-

2156 4792 2365 4838 tamur.

2787 4872 3028 4926 CAPUT
3066 4871 3131 4924 V.

2233 4985 2254 5015 ι
2292 4967 2451 5019 Nunc
2479 4961 2804 5021 vastaberis,
2841 4962 2957 5014 ﬁlia
2987 4960 3255 5013 latronis:
3290 4957 3640 5012 obsidionem
3668 4973 3766 5025 po-

2160 5060 2396 5108 suerunt
2423 5063 2593 5124 super
2618 5068 2738 5111 nos,
2765 5052 2822 5104 in
2858 5050 3009 5119 virga
3040 5051 3355 5119 percutient
3373 5045 3766 5113 maxillamju-

2158 5143 2295 5196 dicis
2326 5142 2520 5196 Israel.
2571 5161 2590 5190 ι
2625 5140 3000 5194 Promiseram
3053 5137 3153 5191 tibi
3199 5137 3404 5206 (inquit
3462 5132 3764 5205 propheta)

2159 5232 2304 5302 quod
2337 5232 2634 5284 triturares
2667 5237 2724 5283 et
2749 5246 2868 5282 com
2879 5229 3157 5280 minueres
3183 5242 3376 5279 omnes
3399 5230 3613 5294 gentes,
3637 5239 3764 5293 quae

2157 5321 2449 5374 adversum
2482 5328 2538 5374 te
2562 5324 2911 5387 congregatae
2955 5322 3134 5376 erant.
3170 5321 3226 5368 et
3265 5315 3492 5368 offerres
3534 5313 3765 5382 rapinas

2159 5426 2351 5462 eorum
2380 5409 2616 5464 Domino
2643 5409 2754 5460 Deo
2794 5414 2909 5459 tuo.
2945 5406 3052 5459 Sed
3080 5405 3211 5474 quia
3264 5405 3366 5457 hoc
3429 5418 3540 5455 non
3596 5402 3764 5455 modo

2159 5497 2273 5560 ﬁet,
2309 5497 2406 5550 sed
2447 5513 2572 5550 cum
2604 5494 2892 5565 plenitudo
2929 5493 3182 5563 gentium
3207 5491 3512 5546 intrabitin
3539 5492 3649 5542 ﬁne
3670 5505 3770 5544 sm-

2167 5584 2298 5648 culi,
2334 5585 2563 5639 interim
2604 5582 2842 5636 vastaris
2890 5599 2989 5652 pro
3019 5582 3236 5636 meritis
3282 5580 3417 5634 tuis.
3450 5578 3609 5633 Unde
3647 5579 3767 5647 jam
