4062 6168
333 325 427 383 157
1253 327 1670 384 ENARRATIO
1707 309 1787 382 IN
1823 314 2184 381 meum
2220 310 2681 385 PROPHE’I‘AM.
3504 331 3606 389 t58

332 469 440 508 non
470 458 530 507 te
558 470 694 508 voco
724 452 895 509 ﬁliam
935 470 1140 522 meam,
1172 456 1271 533 sed
1298 457 1553 523 latronis,
1586 457 1643 511 id
1672 461 1776 523 est,
1811 455 1925 509 dia-
1944 451 2358 513 ASublimit-ate
2386 456 2632 511 nominis
2662 457 2887 513 Domini
2910 458 3014 513 Dei
3040 458 3147 515 sui.
3178 438 3251 516 Et
3270 466 3604 519 ωηναιωιιέ

330 541 460 605 boli,
494 542 591 612 qui
617 559 842 614 semper
869 550 953 597 est
982 551 1212 615 paratus
1240 546 1310 600 ad
1338 546 1703 616 praedandum
1722 592 1729 599 .
1748 566 1771 596 Ι
1806 544 1920 599 Ob-
2002 546 2113 605 tur,
2168 543 2300 611 quia
2345 560 2493 598 nunc
2522 546 2975 616 magnifieabitur
3000 565 3181 619 usque
3210 549 3284 604 ad
3328 549 3605 605 terminos

330 630 602 684 sidionein
634 640 943 702 posuerunt
968 650 1138 705 super
1161 651 1280 688 nos.
1316 653 1342 686 ι
1372 635 1489 688 Vox
1518 641 1603 688 est
1622 634 1722 688 Dei
1742 632 1921 687 Patris
2002 635 2165 683 terra:
2204 632 2396 697 iCum,
2423 633 2626 704 inquit,
2652 637 3181 706 pepereritpu'iens,
3200 639 3359 693 etsol
3372 639 3608 709 iustitio

326 720 610 791 loquentis
638 720 711 773 ad
738 720 943 775 Filium
967 727 1021 776 et
1048 723 1319 794 Spiritum
1344 729 1620 789 sanctum,
1661 728 1719 777 et
1744 722 1921 776 mani-
2006 717 2263 775 Christus
2288 727 2471 776 totum
2502 725 2779 779 mundum
2807 726 3145 797 impleverit,
3189 734 3325 785 tunc
3350 729 3469 800 ipse
3493 729 3606 784 Do-

326 807 465 863 feste
495 809 816 864 ostenditur
853 811 1101 865 Trinitas
1130 828 1525 882 personarum.
1565 810 1923 866 Obsidionem
2007 807 2214 871 minus,
2243 810 2337 879 qui
2366 811 2520 882 prius
2564 819 2629 867 ut
2662 813 2833 869 homo
2881 814 3207 880 ambulavit,
3254 816 3449 879 dabit.
3474 828 3609 875 ω

326 901 641 967 posuerunt
668 913 839 968 super
861 896 1062 953 Filium
1090 898 1193 954 Dei
1221 897 1424 964 Judaei,
1454 899 1677 970 quando
1698 898 1926 952 insidia—
2002 892 2123 963 jam
2153 896 2303 951 Deus
2341 897 2410 952 ab
2460 899 2721 955 omnibus
2754 902 3017 957 credetur
3060 908 3118 956 et
3142 902 3511 971 adorabitur;
3548 910 3612 959 et

324 984 537 1039 bantur
566 986 618 1039 ei
649 985 899 1040 dicentes
934 984 1260 1057 :Magister,
1287 988 1495 1042 scimus
1512 988 1646 1058 quia
1667 1004 1828 1041 verax
1842 1005 1918 1041 es.

326 1073 498 1138 Quasi
520 1074 672 1128 enim
698 1073 1048 1141 obsidebant,
1076 1076 1174 1147 qui
1217 1092 1416 1147 capere
1444 1076 1783 1147 cogitabant.
1817 1077 1922 1130 Sed

327 1163 459 1233 quia
481 1162 692 1233 injuria
711 1162 839 1216 Filii
860 1163 1069 1234 injuria
1090 1169 1176 1218 est
1188 1164 1371 1218 Patris
1392 1171 1443 1219 et
1466 1164 1707 1235 Spiritus
1723 1165 1921 1230 sancti,

327 1251 534 1307 idcirco
563 1248 862 1323 pluraliter
902 1252 1110 1306 dicitur
1133 1271 1159 1306 α
1192 1270 1363 1324 super
1395 1270 1515 1309 nos.
1544 1273 1570 1307 ι
1604 1253 1763 1317 Quod
1797 1270 1927 1308 vero

325 1342 587 1411 sequitur
632 1359 644 1389 :
703 1359 728 1393 ι
778 1341 842 1395 In
874 1341 1029 1411 virga
1067 1342 1382 1412 percutient
1420 1343 1704 1397 manllam
1721 1343 1927 1413 judicis

325 1428 526 1495 Israel,
538 1429 675 1483 ihoc
690 1429 1110 1501 ostendit,quod
1133 1431 1407 1485 arundine
1425 1431 1813 1501 percutiebant
1827 1432 1929 1486 mi-

325 1519 452 1571 lites
472 1524 643 1588 caput
666 1518 1044 1588 Domini,qu:e
1064 1518 1187 1572 Filii
1210 1519 1552 1573 contumelia
1572 1520 1929 1574 redundabat

323 1608 379 1661 in
410 1614 591 1661 totam
620 1607 976 1661 Trinitatem.
1008 1609 1246 1679 Propter
1280 1608 1397 1664 haec
1421 1626 1553 1679 ergo
1574 1610 1786 1664 scelera
1814 1627 1927 1664 non

2010 989 2203 1052 pascet
2231 1001 2344 1051 eos,
2388 986 2443 1040 id
2478 992 2564 1041 est
2591 989 2904 1051 credentes,
2923 1009 2949 1041 ‹
2982 990 3043 1044 in
3074 989 3405 1047 fortitudine
3420 991 3613 1047 M-

2008 1072 2085 1135 ni,
2120 1073 2223 1126 hoc
2253 1079 2358 1139 est,
2417 1075 2476 1128 in
2517 1076 2824 1131 divinitatis
2866 1077 3149 1148 potentia;
3181 1079 3389 1150 quique
3425 1079 3612 1136 dicere

2011 1168 2277 1230 poterunt
2308 1178 2321 1216 :
2349 1163 2623 1219 Dominus
2652 1166 2833 1235 pascit
2853 1183 2962 1232 me,
2995 1172 3053 1221 et
3079 1167 3218 1221 nihil
3246 1167 3386 1223 mihi
3408 1167 3607 1223 deerit.

2009 1250 2208 1304 Pascet
2235 1251 2407 1305 etiam
2437 1252 2494 1305 in
2525 1253 2873 1309 sublimitate
2901 1256 3145 1311 nominis
3182 1256 3426 1322 Domini,
3448 1257 3612 1327 juxta

2011 1337 2114 1391 hoc
2145 1339 2293 1408 quod
2343 1339 2553 1395 vicinus
2576 1343 2827 1413 passioni
2880 1344 3055 1398 Deum
3111 1345 3338 1399 Patrem
3371 1346 3553 1403 oravit
3592 1364 3605 1401 :

2014 1444 2037 1476 ‹
2078 1426 2246 1481 Pater
2274 1435 2486 1493 sancte,
2518 1447 2677 1484 serva
2698 1448 2793 1486 eos
2821 1432 2878 1486 in
2907 1432 3134 1486 nomine
3161 1438 3288 1490 tuo.
3326 1450 3357 1487 ι
3384 1434 3455 1489 Et
3478 1448 3613 1491 con-

2011 1520 2299 1569 vertentur
2337 1516 2407 1570 ab
2454 1536 2647 1573 amore
2681 1536 2791 1590 quo
2825 1521 3111 1575 Christum
3149 1522 3457 1576 carnaliter
3490 1522 3617 1577 dili-

2005 1603 2236 1672 gebant,
2269 1611 2326 1661 et
2352 1607 2623 1677 incipient
2649 1625 2777 1663 eum
2807 1609 2952 1663 sicut
2984 1610 3164 1664 Deum
3194 1611 3448 1681 diligere.
3486 1610 3613 1667 Sive

325 1696 585 1751 diﬁ'eram
619 1696 863 1767 amplius
888 1696 1176 1763 ultionem,
1209 1703 1267 1751 et
1304 1714 1452 1751 nunc
1482 1704 1539 1751 et
1566 1698 1622 1751 in
1665 1699 1926 1770 praesenti
1946 1762 1988 1770 _
2008 1694 2421 1759 convertentur,
2452 1695 2509 1748 id
2540 1701 2643 1758 est.
2671 1696 2990 1766 spiritualia
3018 1702 3077 1751 et
3103 1702 3315 1752 aeterna
3338 1698 3615 1768 incipient

323 1785 636 1839 vastaberis
662 1784 733 1838 ab
763 1784 1006 1857 Assyriis
1039 1786 1122 1839 vel
1154 1785 1441 1840 Romanis.

401 1894 423 1925 ε
458 1873 530 1928 Et
544 1880 630 1941 tu,
656 1874 985 1928 Bethlehem
1010 1874 1279 1945 Ephrata,
1299 1876 1567 1946 parvulus
1588 1892 1647 1930 es
1685 1875 1743 1929 in
1765 1875 1929 1933 milli-

321 1964 428 2021 bus
452 1964 624 2024 Juda.
656 1980 722 2017 ex
753 1968 809 2018 te
842 1963 977 2016 mihi
1009 1964 1332 2033 egredietur
1360 1964 1457 2035 qui
1488 1965 1564 2018 sit
1607 1965 1931 2019 dominator

323 2053 379 2107 in
398 2052 602 2108 Israel.
615 2070 640 2103 ι
662 2052 938 2124 Loquitur
956 2051 1230 2123 prOpheta
1249 2069 1313 2107 ex
1334 2070 1575 2124 persona
1605 2053 1787 2108 Patris
1806 2053 1925 2118 Dei,

324 2141 716 2212 promittentis
741 2140 1182 2195 incarnationem
1206 2141 1330 2195 Filii
1362 2142 1468 2205 sui,
1501 2148 1559 2195 et
1580 2142 1932 2211 designantis

328 2229 517 2282 locum
543 2227 857 2281 nativitatis
888 2228 1029 2297 ejus.
1056 2228 1123 2282 Et
1153 2235 1235 2288 tu.
1274 2229 1619 2294 Bethlehem,
1651 2246 1772 2300 quae
1802 2234 1932 2282 ante

329 2317 621 2371 vocabaris
651 2316 918 2387 Ephrata,
951 2322 1008 2369 et
1027 2316 1310 2370 intantum
1342 2334 1400 2371 es
1429 2318 1686 2375 minima.
1705 2323 1770 2371 ut
1789 2334 1936 2371 com-

328 2412 529 2477 parata
561 2404 812 2459 millibus
832 2405 859 2457 J
866 2404 995 2470 uda,
1014 2407 1101 2458 vix
1132 2422 1333 2475 parvus
1359 2406 1569 2460 viculus
1586 2404 1936 2471 habearis,ex

327 2495 430 2548 hoc
458 2510 637 2566 parvo
663 2494 929 2565 oppidulo
960 2494 1280 2563 egredietur
1305 2494 1582 2559 Christus,
1616 2494 1710 2565 qui
1736 2494 1811 2548 sit
1843 2494 1938 2548 do-

331 2584 583 2637 minator
610 2583 668 2636 in
688 2583 965 2637 Israel.Ac
990 2599 1061 2636 ne
1090 2583 1299 2652 putetis
1330 2600 1458 2636 eum
1487 2588 1707 2637 tantum
1731 2600 1851 2637 esse
1868 2582 1936 2636 de

327 2689 539 2744 genere
553 2672 1019 2742 David,quoniam
1035 2672 1261 2742 quidem
1283 2678 1346 2725 ut
1366 2690 1527 2726 verus
1558 2673 1725 2725 homo
1755 2671 1937 2726 cerni-

331 2770 479 2819 tum
500 2769 559 2815 et
573 2778 835 2832 egressus
851 2762 973 2830 ejus
993 2760 1062 2813 ab
1082 2761 1242 2813 initio
1263 2777 1294 2813 a
1317 2761 1513 2814 diebus
1535 2761 1889 2816 aeternitatis.
1906 2780 1925 2809 ι

333 2852 481 2905 Ante
503 2851 708 2905 saecula
722 2867 788 2903 ex
819 2867 944 2903 mea
962 2849 1278 2903 substantia
1304 2850 1532 2920 genitus
1561 2849 1806 2920 est,quia
1824 2869 1849 2901 ι
1873 2850 1937 2903 In

334 2939 613 3011 principio
642 2944 767 2993 erat
785 2937 1052 3003 Verbnm,
1074 2944 1132 2992 et
1146 2938 1392 2991 Verbum
1418 2943 1541 2991 erat
1557 2938 1703 3009 apud
1739 2939 1934 3003 Deum,

337 3034 395 3081 et
444 3028 603 3081 Deus
651 3032 776 3081 erat
811 3026 1077 3080 Verbum.
1115 3046 1139 3078 »
1176 3026 1503 3080 Bethlehem
1531 3026 1940 3097 interpretatur

338 3114 542 3187 domus
584 3116 764 3188 panis,
803 3115 932 3186 quia
961 3114 1038 3168 ibi
1082 3120 1250 3168 natus
1279 3120 1365 3168 est
1388 3116 1551 3186 panis
1573 3115 1668 3186 qui
1698 3115 1767 3169 de
1800 3114 1938 3168 coelo

339 3205 911 3275 descenditEphrata
935 3203 1168 3256 vertitur
1182 3204 1239 3257 in
1256 3204 1679 3275 furorem,quod
1700 3207 1944 3276 pertinet

339 3294 407 3348 ad
439 3292 750 3357 Herodem,
767 3292 864 3363 qui
884 3291 1108 3362 cognito
1132 3291 1280 3362 quod
1302 3293 1501 3347 illusus
1519 3299 1668 3347 esset
1687 3310 1721 3346 a
1740 3294 1936 3364 magis,

339 3383 523 3437 iratus
551 3390 640 3436 est
672 3382 849 3436 valde.
1346 3439 1357 3446 ,

412 3492 434 3522 ι
472 3472 716 3542 Propter
744 3472 849 3525 hoc
893 3472 1049 3527 dabit
1082 3495 1103 3519 ι
1139 3471 1411 3526 Dominus
1441 3490 1468 3522 ‹‹
1500 3488 1597 3525 eos
1641 3488 1818 3544 usque
1871 3473 1943 3527 ad

338 3566 586 3631 tempus.
621 3561 680 3613 in
719 3576 829 3630 quo
855 3562 1176 3631 parturiens
1197 3562 1401 3630 pariet,
1447 3566 1506 3615 et
1550 3561 1800 3632 reliquiae
1830 3562 1942 3616 fra-

336 3654 492 3702 trum
526 3648 651 3716 ejus
675 3655 1071 3703 convertentur
1094 3651 1164 3703 ad
1196 3650 1337 3704 tilios
1368 3650 1561 3704 Israel.
1599 3668 1625 3702 υ
1667 3650 1798 3703 Ideo
1825 3651 1941 3722 (in-

340 3738 484 3808 quit)
506 3735 667 3790 dabit
695 3737 873 3802 eos,id
894 3744 996 3801 est,
1019 3737 1260 3803 Judzeos,
1285 3745 1341 3791 et
1362 3739 1652 3809 permittet
1679 3756 1843 3793 suum
1864 3748 1943 3794 te-

338 3843 477 3880 nere
505 3825 821 3878 dominium
852 3842 1029 3897 usque
1058 3826 1128 3880 ad
1157 3833 1378 3896 tempus
1399 3844 1509 3898 quo
1539 3828 1692 3897 virgo
1725 3828 1947 3899 pariens

338 3930 486 3969 novo
498 3914 697 3968 ordine
711 3913 910 3985 pariet.
928 3916 1231 3985 Postquam
1247 3920 1434 3968 autem
1450 3918 1749 3985 pepererit,
1776 3924 1832 3971 et
1843 3934 1945 3971 na-

339 4008 429 4057 tus
441 4002 717 4074 parvulus
738 4010 1009 4074 susceptze
1019 4003 1452 4074 dispensationis
1468 4021 1671 4059 munus
1690 4006 1946 4077 impleve-

342 4092 435 4159 rit,
454 4092 670 4163 populo
688 4091 1014 4146 Judaeorum
1030 4093 1247 4164 captivo
1264 4093 1349 4146 vel
1368 4092 1677 4155 interfecto,
1699 4094 1947 4165 reliquis:

342 4179 584 4234 fratrum
611 4182 753 4249 ejus.
785 4179 842 4232 id
870 4191 955 4235 est
978 4180 1339 4250 apostoli,qui
1362 4186 1495 4234 sunt
1520 4181 1723 4234 fratres
1756 4182 1947 4235 Domi-

345 4269 421 4333 ni,
457 4274 864 4322 convertentur
887 4269 957 4321 ad
981 4269 1431 4340 patriarcharum
1463 4274 1519 4322 et
1547 4269 1947 4341 prophetarum

346 4356 539 4412 ﬁdem.
573 4357 770 4411 Potest
796 4364 854 4411 et
882 4358 960 4412 sic
987 4357 1226 4427 intelligi
1253 4375 1265 4409 :
1294 4357 1458 4411 Dabit
1480 4374 1592 4416 eos.
1626 4357 1678 4411 id
1712 4366 1815 4423 est,
1847 4360 1946 4413 Ju-

347 4446 497 4500 deos
517 4446 813 4518 permittet
833 4445 1090 4500 umbram
1122 4463 1237 4500 suae
1268 4446 1407 4517 legis
1448 4446 1742 4500 observare
1772 4464 1948 4518 usque

348 4534 417 4589 ad
447 4540 678 4606 tempus
702 4535 992 4605 parientis,
1037 4535 1093 4588 id
1127 4542 1233 4599 est,
1275 4535 1452 4589 donec
1492 4536 1734 4589 Ecclesia
1769 4542 1950 4590 mater

347 4624 620 4693 gentilem
640 4624 905 4697 populum
938 4624 1308 4694 spiritualiter
1340 4624 1409 4677 ad
1440 4624 1605 4677 fidem
1635 4631 1951 4693 generet.et

350 4711 531 4766 donec
579 4712 788 4769 sterilis
829 4712 1013 4783 pariat
1040 4712 1335 4783 plurimos,
1367 4719 1423 4765 et
1453 4729 1577 4783 qua).
1611 4714 1815 4768 multos
1844 4714 1950 4767 ha-

339 4798 510 4855 bebat
540 4801 708 4867 ﬁlios,
733 4800 1082 4867 inﬁrmetur;
1117 4807 1173 4855 et
1202 4800 1556 4856 subintrante
1594 4803 1951 4874 plenitudine

339 4890 616 4959 gentium,
643 4890 873 4944 tandem
904 4890 1086 4943 omnis
1120 4891 1288 4946 Israel
1322 4891 1507 4945 salvus
1534 4892 1791 4955 ﬁet,tunc
1814 4893 1946 4946 reli-

342 4978 487 5048 quiae
506 4978 747 5032 fratrum
777 4980 900 5047 ejus
931 4984 1327 5033 convertentur
1370 4980 1440 5034 ad
1484 4980 1631 5034 ﬁlios
1662 4981 1853 5047 Israel,
1892 4986 1949 5035 et

340 5067 682 5136 pradicante
736 5067 872 5130 Elia,
921 5073 1319 5122 convertentur
1346 5069 1513 5122 corda
1537 5077 1757 5139 patrum
1788 5069 1860 5124 ad
1888 5071 1949 5124 ti-

342 5154 470 5219 lios,
513 5162 569 5208 et
604 5153 776 5208 corda
803 5155 1045 5210 filiorum
1106 5156 1175 5210 ad
1204 5163 1393 5227 patres
1421 5174 1634 5217 eorum,
1677 5164 1733 5211 et
1761 5159 1947 5212 novis-

346 5244 526 5297 simus
546 5243 787 5315 populus
822 5245 1094 5315 jungetur
1118 5245 1288 5315 priori
1322 5264 1334 5298 :
1366 5252 1425 5299 et
1451 5252 1585 5299 tunc
1613 5251 1779 5301 erunt
1821 5263 1948 5301 vere

344 5333 445 5386 ﬁlii
472 5332 734 5398 Abrahae,
771 5332 1048 5386 credendo
1074 5333 1132 5386 in
1157 5350 1285 5387 eum
1312 5350 1475 5404 quem
1508 5334 1640 5388 vidit
1662 5333 1948 5391 Abraham

349 5428 402 5473 et
435 5421 659 5474 laetatus
698 5426 802 5475 est.

424 5526 452 5559 ι
482 5507 552 5560 Et
598 5508 788 5573 stabit,
823 5515 880 5563 et
908 5516 1110 5579 pascet,
1125 5512 1184 5565 in
1217 5510 1547 5567 fortitudine
1597 5514 1843 5575 Domini,
1894 5513 1953 5585 in

423 5623 451 5653 ι
479 5611 718 5668 Videtur
742 5614 958 5687 aliquid
974 5616 1187 5673 deesse.

1945 1762 1994 1824 Β
2010 1786 2222 1849 petere,
2251 1783 2347 1853 qui
2367 1790 2533 1837 antea
2564 1762 2787 1838 terrena
2808 1792 2867 1838 et
2896 1786 3234 1856 temporalia
3262 1762 3614 1856 quaerebant.

2012 1867 2155 1935 Quia
2198 1872 2592 1942 magniﬁcatus
2631 1882 2718 1926 est
2765 1873 3022 1927 Christus
3077 1890 3256 1944 usque
3307 1874 3378 1929 ad
3431 1880 3614 1929 extre-

2010 1973 2167 2011 mum
2199 1965 2383 2026 terrae,
2420 1967 2477 2015 et
2496 1961 2617 2030 jam
2648 1977 2820 2016 sonus
2848 1963 2972 2032 ejus
3009 1962 3177 2017 exivit
3203 1962 3264 2017 in
3290 1963 3434 2019 ﬁnes
3458 1962 3614 2021 orbis

2013 2051 2198 2100 terrae.

2089 2155 2111 2186 ι
2161 2136 2228 2191 Et
2258 2137 2366 2190 erit
2389 2138 2498 2193 iste
2518 2155 2647 2210 pax,
2684 2139 2956 2211 Assyrius
2985 2156 3113 2194 cum
3144 2140 3359 2203 venerit
3396 2141 3456 2197 in
3502 2145 3615 2201 ten-

2015 2239 2137 2277 ram
2188 2231 2460 2291 nostram,
2522 2234 2580 2282 et
2631 2230 2858 2300 quando
2910 2228 3205 2284 calcaverit
3248 2229 3308 2283 in
3354 2228 3617 2285 domibus

2016 2314 2240 2367 nostris.
2290 2333 2317 2368 ι
2369 2315 2508 2370 Cum
2548 2318 2764 2372 venerit
2804 2319 3090 2390 Assyrius,
3121 2318 3178 2372 id
3222 2323 3328 2385 est,
3357 2318 3616 2375 diabolus

2018 2417 2188 2471 super
2217 2407 2429 2457 terram
2461 2404 2736 2466 Ecclesiae,
2772 2412 2826 2459 et
2855 2406 3182 2477 religionem
3233 2423 3428 2462 eorum
3474 2424 3618 2479 quos
3700 2438 3707 2441 -

2018 2490 2198 2560 pascit
2243 2491 2537 2555 Dominus,
2570 2494 2810 2549 voluerit
2855 2496 3169 2562 devastare,
3218 2502 3278 2550 et
3320 2497 3620 2552 calcaverit

2019 2574 2213 2632 domos
2246 2587 2487 2639 nostras,
2522 2583 2578 2635 id
2618 2588 2723 2649 est,
2764 2599 3000 2653 corpora
3039 2584 3360 2639 animarum
3402 2584 3620 2641 habita-

2018 2667 2146 2719 cula
2165 2671 2547 2726 ascenderitet
2563 2673 2921 2743 depresserit.
2946 2678 3081 2727 tunc
3096 2674 3233 2743 ipse,
3249 2674 3303 2728 id
3326 2680 3429 2739 est,
3453 2674 3618 2733 Chri-

2019 2763 2140 2809 stus
2169 2759 2278 2812 erit
2307 2776 2412 2830 pax
2443 2761 2501 2815 in
2553 2761 2732 2827 nobis,
2763 2761 2895 2831 quia
2926 2762 3080 2815 nulla
3122 2762 3428 2830 tribulatio,
3460 2764 3619 2823 nulls

2022 2848 2285 2914 angustia
2313 2850 2521 2919 poterit
2547 2850 2755 2905 electos
2798 2867 3064 2921 separare
3093 2867 3127 2904 a
3164 2851 3442 2909 charitate
3474 2853 3613 2922 eius.

2024 2933 2275 3005 Exempli
2292 2953 2461 2991 causa
2475 2957 2485 2991 :
2496 2939 2741 2993 Venerat
2752 2939 3016 3010 Assyrius
3034 2956 3201 3010 super
3212 2944 3421 2994 terram
3433 2941 3615 3005 Pauli.

2022 3026 2079 3073 et
2124 3023 2358 3079 calcavit
2401 3027 2628 3082 domum
2688 3029 2831 3099 ejus,
2875 3044 3005 3082 cum
3053 3033 3203 3083 esset
3244 3029 3305 3083 in
3334 3028 3620 3085 laboribus

2024 3110 2300 3179 plurimis,
2336 3115 2395 3168 in
2425 3116 2721 3178 mortibus,
2754 3122 2811 3171 et
2837 3116 3052 3171 caeteris
3082 3132 3206 3187 quas
3234 3115 3352 3188 ipse
3373 3132 3620 3172 comme-

2024 3206 2226 3253 morat.
2257 3203 2367 3257 Sed
2397 3204 2527 3276 quia
2555 3205 2615 3258 in
2640 3205 2725 3260 his
2744 3204 3006 3260 omnibus
3026 3204 3330 3276 superabat
3358 3222 3460 3276 per
3487 3222 3619 3267 eum

2024 3297 2119 3368 qui
2138 3294 2407 3348 dilexerat
2434 3310 2584 3359 eum,
2616 3299 2672 3348 et
2692 3295 2788 3365 qui
2819 3300 2942 3348 erat
2967 3311 3079 3365 pax
3099 3296 3222 3365 ejus
3252 3301 3327 3352 ⁸.(
3361 3296 3431 3350 Et
3457 3295 3624 3351 susci-

2024 3385 2272 3438 tabimus
2301 3399 2472 3455 super
2508 3399 2637 3437 eum
2667 3391 2882 3451 septem
2922 3390 3196 3454 pastores,
3246 3389 3305 3438 et
3339 3390 3463 3439 octo
3510 3384 3624 3455 pri-

2025 3480 2205 3527 mates
2234 3473 2551 3526 homines.»
2584 3473 2966 3527 Introducitur
2990 3473 3140 3527 enim
3172 3474 3322 3527 Deus
3352 3474 3522 3528 Pater
3546 3474 3623 3529 lo«

2026 3579 2205 3633 quens
2235 3566 2291 3614 et
2318 3559 2463 3614 bona
2510 3561 2862 3630 promittens.
2898 3582 2917 3611 ι
2956 3561 3363 3615 Suscitabimus
3397 3562 3621 3633 (inquit)

2023 3668 2126 3722 ego
2158 3657 2215 3704 et
2261 3650 2435 3704 Filius
2484 3657 2542 3703 et
2581 3650 2825 3720 Spiritus
2854 3657 3084 3704 sanctus
3111 3667 3282 3721 super
3307 3668 3458 3717 eum,
3508 3671 3531 3703 ι
3564 3651 3624 3707 id

2025 3744 2112 3793 est
2154 3738 2469 3809 Assyrium,
2498 3746 2711 3808 septem
2746 3745 3018 3810 pastores,
3049 3739 3105 3793 id
3136 3746 3240 3805 est,
3275 3739 3625 3811 patriarchas

2028 3836 2085 3881 et
2100 3827 2525 3898 prophetas,qui
2544 3828 2927 3897 septenarium
2948 3824 3107 3899 legis,
3121 3828 3177 3882 id
3205 3834 3307 3894 est,
3327 3827 3626 3884 sabbatum

2028 3921 2421 3982 servaverunt;
2474 3933 2501 3966 ιι
2553 3921 2610 3967 et
2628 3922 2753 3969 octo
2782 3915 3069 3985 primates,
3104 3936 3131 3968 η
3157 3916 3215 3971 id
3243 3921 3346 3984 est,
3370 3917 3627 3971 observa-

2028 4010 2179 4057 tores
2212 4002 2352 4056 Novi
2380 4002 2745 4063 Testamenti,
2790 4003 2886 4074 qui
2924 4003 2993 4056 ab
3037 4005 3306 4073 apostolis
3348 4020 3526 4075 usque
3552 4003 3625 4058 ad

2028 4091 2171 4144 hanc
2190 4096 2414 4145 aetatem
2435 4089 2780 4160 suscitantur
2807 4107 2841 4144 a
2862 4091 3099 4146 Domino
3130 4092 3187 4146 in
3214 4092 3627 4163 Ecclesia.Sepa

2028 4180 2282 4234 tenarius
2314 4195 2583 4234 numerus
2622 4179 2866 4250 pertinet
2904 4180 2973 4233 ad
2999 4180 3175 4235 Vetus
3202 4182 3627 4257 Testamentum

2030 4275 2257 4340 propter
2281 4268 2598 4335 sabbatum,
2634 4268 2952 4322 octonarius
2981 4269 3051 4323 ad
3090 4262 3333 4340 gratiam
3369 4270 3508 4325 Novi
3527 4271 3629 4325 Te-

1968 4357 2298 4444 Dstamenti
2330 4363 2559 4428 propter
2582 4357 2932 4411 Dominicam
2981 4359 3470 4424 resurrectionem,
3505 4376 3629 4431 quas

2031 4452 2226 4501 octava
2254 4446 2343 4500 die
2368 4446 2515 4500 facta
2559 4452 2617 4500 et
2646 4446 2877 4517 impleta
2923 4453 3027 4502 est.
3078 4448 3237 4502 Unde
3278 4454 3336 4504 et
3364 4449 3629 4503 Salomon

2030 4536 2112 4589 ait
2142 4553 2152 4588 :
2193 4555 2214 4585 ι
2247 4536 2332 4589 Da
2357 4540 2545 4605 partes
2577 4541 2791 4607 septem
2814 4552 3029 4591 necnon
3056 4542 3115 4590 et
3132 4542 3275 4591 octo.
3314 4558 3338 4589 ι

2108 4642 2133 4676 α
2168 4623 2236 4677 Et
2264 4630 2497 4694 pascent
2515 4629 2726 4678 terram
2755 4626 2933 4678 Assur
2960 4625 3020 4678 in
3048 4624 3632 4695 gladio,»subauditur

2033 4713 2310 4766 sermonis
2341 4713 2463 4778 Dei,
2496 4713 2566 4767 de
2582 4730 2692 4784 quo
2716 4714 3015 4783 Apostolus
3040 4737 3051 4771 ;
3085 4732 3109 4764 ει
3132 4713 3304 4766 Vivus
3330 4718 3417 4767 est
3444 4728 3629 4783 sermo

2036 4801 2137 4854 Dei
2160 4808 2216 4855 et
2240 4801 2454 4867 efﬁcax,
2470 4808 2527 4856 et
2555 4800 2957 4873 penetrabilior
2975 4800 3129 4854 omni
3158 4800 3348 4871 gladio
3374 4800 3628 4873 ancipiti,

2033 4894 2093 4943 et
2111 4891 2438 4961 pertingens
2460 4906 2638 4961 usque
2668 4890 2739 4942 ad
2765 4889 3095 4944 divisionem
3129 4888 3332 4945 animae
3379 4895 3437 4944 et
3462 4890 3630 4961 spiri-

2028 4983 2138 5032 tus;
2167 4998 2191 5031 ι)
2220 4966 2321 5033 llic
2347 4979 2569 5049 gladius
2598 4978 2802 5030 missus
2826 4983 2911 5031 est
2940 4977 3011 5031 ab
3057 4994 3143 5043 eo,
3169 4978 3266 5049 qui
3297 4978 3449 5034 venit
3475 4996 3634 5051 sepa-

2031 5083 2157 5121 rare
2182 5068 2472 5122 hominem
2495 5066 2761 5121 adversus
2789 5073 3007 5137 patrem
3030 5084 3217 5134 suum,
3253 5073 3310 5122 et
3335 5069 3508 5123 ﬁliam
3538 5069 3637 5124 ad-

2031 5172 2225 5209 versus
2252 5161 2490 5210 matrem
2523 5161 2767 5221 suam,et
2787 5154 3272 5227 reliqua.Pascent
3288 5158 3461 5213 etiam
3484 5180 3503 5209 ι
3522 5164 3635 5214 ter-

2030 5264 2152 5301 ram
2175 5247 2421 5301 Nemrod
2451 5246 2509 5300 in
2541 5247 2751 5301 lanceis
2779 5249 2923 5318 ejus,
2956 5254 3014 5301 et
3043 5248 3305 5304 liberabit
3334 5249 3404 5304 ab
3433 5252 3631 5317 Assur,

2030 5353 2157 5390 cum
2189 5336 2403 5389 venerit
2430 5336 2488 5390 in
2520 5342 2728 5390 terram
2748 5341 3022 5399 nostram,
3041 5344 3098 5391 et
3120 5354 3247 5392 cum
3266 5338 3562 5393 calcaverit
3576 5339 3634 5395 in

2033 5424 2291 5479 terminis
2342 5424 2569 5491 nostris,
2601 5443 2628 5477 ι
2653 5425 2708 5479 id
2737 5432 2841 5487 est,
2874 5431 3087 5480 terram
3113 5428 3308 5493 Assur,
3340 5427 3395 5480 in
3418 5441 3529 5495 qua
3541 5441 3633 5478 re-

2032 5513 2227 5583 gnavit
2270 5514 2521 5570 Nemrod
2584 5513 2849 5582 robustus
2906 5519 3141 5570 venator
3183 5530 3370 5579 coram
3397 5509 3637 5574 Domino
