4090 6164
384 190 491 249 159

798 194 1177 253 HAYMON'IS
1218 196 1707 258 HALBERSTAT.
1754 203 1977 260 EPISC.

2070 205 2179 260 PP.
2221 206 2404 261 PARS
2442 206 2487 260 Ι.
2530 236 2599 247 -
2637 205 3011 262 COMMENT.
3053 209 3238 267 BIBL.

3552 208 3664 268 160

385 317 635 407 Nemrod
663 319 1072 392 interpretatur
1111 323 1349 378 tentatio
1384 326 1748 389 descendens,
1789 333 1846 382 et
1883 329 1976 383 de-
1995 330 2241 389 Ationes
2268 336 2451 385 tuas.»
2476 330 2743 385 Auferam
2771 330 2943 384 etiam
2970 348 3169 388 currus
3197 339 3326 389 tuos
3356 339 3415 389 et
3434 335 3659 407 quadri-

387 405 574 477 signat
591 407 897 476 diabolum,
914 410 1009 481 qui
1035 412 1105 465 de
1134 413 1272 467 ccelo
1297 430 1398 484 per
1416 413 1734 485 superbiam
1760 417 1977 471 cecidit.

386 493 561 550 Istius
589 500 822 562 terram,
851 498 908 552 id
936 505 1039 563 est,
1076 499 1330 555 homines
1363 518 1500 572 quos
1535 504 1982 578 possederat,pa-

388 590 549 639 scent
578 585 659 640 illi
689 592 945 657 pastores
975 593 1031 642 et
1058 588 1374 659 optimates,
1396 589 1452 643 id
1479 598 1584 658 est,
1617 594 1904 664 propheta:
1924 601 1982 650 et

388 675 647 746 apostoli.
681 675 748 730 In
768 677 999 741 lanceis,
1029 677 1296 732 subaudis
1326 679 1525 735 divinze
1546 683 1976 752 praedicationis.

388 762 664 834 Superato
692 764 885 836 itaque
907 771 1075 836 atque
1096 767 1350 820 confosso
1381 769 1633 840 Assyrio,
1666 778 1723 826 et
1751 774 1982 828 redacta

386 860 541 906 terra
576 853 823 907 Nemrod
853 853 910 908 in
959 854 1214 915 nihilum;
1258 856 1521 912 liberabit
1565 876 1666 914 nos
1709 862 1983 917 Dominus

387 940 645 995 Christus
665 941 734 995 de
763 959 935 996 manu
964 944 1263 1016 Assur,qui
1282 955 1512 1001 venerat
1527 949 1744 1004 calcare
1771 955 1979 1004 terram

386 1033 659 1084 nostram.

462 1136 488 1169 ε
523 1118 591 1171 Et
626 1119 880 1190 reliquiaz
915 1126 1082 1175 erunt
1122 1122 1292 1175 Jacob
1322 1123 1380 1176 in
1412 1125 1675 1194 gentibus
1700 1126 1759 1180 in
1796 1128 1980 1181 medio

386 1208 721 1277 populorum
747 1210 1076 1274 multorum,
1095 1210 1252 1281 quasi
1269 1228 1361 1265 ros
1390 1229 1424 1266 a
1453 1213 1710 1279 Domino,
1747 1221 1802 1269 et
1822 1216 1982 1286 quasi

386 1295 551 1351 stillae
575 1314 745 1368 super
773 1297 1026 1352 herbam.
1088 1318 1110 1350 ι
1162 1299 1438 1355 Liberatis
1485 1302 1645 1358 nobis
1674 1304 1744 1358 ab
1780 1306 1976 1371 Assur,

387 1383 486 1454 qui
523 1384 772 1456 dirigens
798 1386 1224 1457 interpretatur,
1245 1389 1302 1442 id
1324 1395 1428 1450 est.
1451 1406 1485 1443 a
1503 1391 1847 1463 diabolo,qui
1869 1410 1984 1447 om-

387 1488 488 1526 nes
518 1490 786 1545 sequaces
816 1492 947 1530 suos
977 1476 1170 1547 dirigit
1192 1478 1263 1532 ad
1288 1478 1683 1549 perditionem,
1710 1489 1878 1536 erunt
1893 1499 1983 1537 re-

387 1561 578 1633 liquiae
605 1563 796 1631 Jacob,
819 1564 873 1618 id
898 1570 999 1631 est,
1023 1567 1284 1636 apostoli,
1307 1567 1421 1621 sive
1463 1585 1658 1623 omnes
1686 1569 1983 1640 primitiva

2061 436 2181 489 gas.
2214 420 2269 473 id
2301 420 2646 488 est,scelera,
2669 420 2723 473 in
2759 420 2961 490 quibus
2986 422 3147 491 quasi
3173 426 3529 496 triumphans
3547 425 3664 495 glo-

2063 507 2319 561 riabaris.
2374 509 2440 561 Et
2469 508 2788 578 disperdam
2821 508 3076 563 civitates
3098 514 3263 565 terra;
3296 517 3426 578 tum,
3458 511 3518 565 id
3556 516 3659 577 est,

2063 596 2481 663 conﬁdentiam,
2509 612 2678 667 quam
2701 596 2759 650 in
2788 596 3029 650 terrenis
3068 598 3266 668 opibus
3294 599 3560 666 habebas,
3603 605 3667 653 et

2064 703 2193 741 cum
2224 686 2363 741 Cain
2393 687 2489 757 qui
2519 686 2734 755 primus
2763 685 3056 740 aediﬁcavit
3083 688 3367 742 civitatem
3397 689 3457 743 in
3486 694 3659 754 terra,

2065 792 2222 846 spem
2254 781 2410 830 tuam
2442 774 2709 846 ponebas.
2728 775 2795 829 Et
2822 775 3076 830 auferam
3097 793 3293 832 omnes
3317 775 3675 832 munitiones

2065 869 2212 930 tuas,
2244 863 2402 918 devia
2428 863 2643 917 scilicet
2669 867 2726 915 et
2754 879 2987 934 pompas
3017 864 3223 931 saeculi,
3255 865 3545 919 rhetorum
3573 865 3663 919 fa-

2065 953 2344 1019 cundiam,
2399 952 2817 1006 dialecticorum
2874 952 3254 1024 sophismata;
3306 959 3364 1007 et
3408 955 3661 1010 auferam

2066 1042 2343 1095 maleﬁcia
2372 1041 2442 1095 de
2468 1057 2639 1095 manu
2664 1047 2782 1107 tua,
2813 1047 2868 1093 et
2909 1041 3302 1106 divinationes,
3341 1062 3363 1093 »
3396 1042 3664 1097 subaudis

2061 1131 2436 1197 daemoniacee,
2467 1130 2669 1200 quibus
2715 1131 2946 1202 decepta
2992 1147 3136 1197 eras,
3172 1136 3228 1185 et
3256 1132 3396 1186 alios
3425 1132 3665 1203 decipie-

2066 1222 2180 1274 bas.
2221 1240 2243 1271 ι
2277 1221 2402 1273 Non
2433 1224 2601 1274 erunt
2641 1219 2698 1272 in
2726 1224 2813 1286 te;
2848 1237 2874 1272 ))
2910 1219 3024 1273 sive
3063 1219 3465 1274 divinationem
3495 1228 3656 1277 vocat

2066 1309 2458 1381 imperitorum
2483 1309 2785 1374 doctrinas,
2820 1308 2917 1378 qui
2946 1308 3138 1362 volunt
3169 1308 3367 1363 docere
3399 1325 3521 1380 qua:
3558 1326 3659 1363 ne-

2066 1397 2271 1461 sciunt,
2305 1404 2360 1449 et
2380 1395 2541 1466 quasi
2569 1412 2637 1449 ea
2666 1412 2788 1466 quae
2814 1401 2948 1449 sunt
2971 1395 3186 1450 incerta
3214 1396 3469 1452 divinant
3484 1401 3541 1451 et
3568 1397 3665 1451 do-

2066 1491 2195 1540 cent
2222 1501 2323 1556 pro
2356 1484 2525 1537 certis
2540 1528 2552 1540 .

2141 1594 2168 1626 «
2190 1575 2260 1628 Et
2282 1574 2466 1645 perire
2503 1572 2701 1626 faciam
2726 1572 3009 1643 sculptilia
3038 1577 3155 1637 tua,
3192 1592 3214 1623 ι
3247 1572 3303 1626 id
3329 1579 3435 1637 est,
3468 1587 3663 1627 omnes

388 1650 649 1707 Ecclesiae
671 1653 729 1706 in
758 1654 942 1709 medio
971 1656 1306 1725 populorum
1337 1657 1497 1727 quasi
1537 1674 1627 1712 ros
1668 1674 1703 1711 a
1744 1658 1981 1713 Domino
1999 1646 2045 1704 Β
2064 1664 2234 1718 falsas
2267 1662 2733 1734 praesumptiones
2760 1667 2816 1714 et
2836 1676 3091 1731 perversa
3116 1661 3399 1730 dogmata.
3421 1678 3448 1713 α
3472 1661 3540 1713 Et
3554 1663 3667 1713 sta-

391 1740 617 1807 cadens,
650 1745 706 1794 et
723 1742 1065 1811 refrigerans
1085 1744 1343 1797 ardorem
1360 1745 1761 1817 vitiorum,quo
1787 1763 1980 1801 omnes

383 1833 582 1897 gentes
603 1828 999 1897 exurebantur,
1021 1836 1079 1885 et
1092 1833 1451 1904 exstinguens
1472 1834 1651 1905 ignita
1665 1836 1854 1905 jacula
1865 1836 1981 1890 dia-

386 1914 517 1970 boli.
532 1917 679 1971 Nam
708 1924 765 1972 et
787 1919 1008 1973 camino
1038 1921 1278 1987 ardenti,
1304 1922 1363 1976 in
1383 1940 1492 1994 quo
1511 1929 1627 1977 tres
1646 1925 1804 1994 pueri
1824 1925 1979 1979 missi

384 2005 629 2073 fuerant,
662 2006 867 2062 dicitur
895 2009 1246 2065 descendisse
1275 2012 1530 2082 angelus,
1554 2018 1611 2066 et
1637 2013 1831 2068 fecisse
1860 2031 1979 2067 me-

388 2093 544 2148 dium
558 2095 801 2151 fornacis
813 2097 974 2167 quasi
997 2104 1224 2152 ventum
1247 2101 1391 2154 roris
1429 2102 1681 2156 ﬂantem.
1708 2103 1825 2156 Hoc
1848 2118 1981 2173 ergo

390 2182 545 2250 dicit,
576 2184 708 2256 quia
733 2185 990 2240 doctrina
1018 2188 1401 2258 apostolorum
1423 2190 1532 2243 erit
1559 2191 1618 2243 in
1644 2191 1831 2245 medio
1858 2208 1981 2245 om-

388 2272 545 2327 nium
572 2274 847 2344 gentium,
881 2275 1041 2346 quasi
1064 2293 1157 2331 ros
1186 2293 1221 2331 a
1252 2277 1513 2343 Domino,
1548 2289 1606 2333 et
1631 2279 1791 2349 quasi
1821 2280 1983 2334 stillae

387 2377 558 2433 super
575 2362 1012 2419 herbam.Stillis
1024 2366 1177 2419 enim
1196 2382 1318 2437 quae
1337 2368 1407 2421 de
1427 2367 1588 2422 tectis
1604 2368 1702 2422 cad
1711 2374 1984 2432 unt,com-

388 2454 623 2521 paratur
670 2452 993 2523 praedicatio
1040 2454 1295 2509 ccelestis.
1333 2456 1494 2520 Quod
1522 2461 1712 2510 autem
1753 2457 1978 2523 dicitur,

392 2559 416 2591 α
440 2556 562 2610 quae
582 2556 693 2594 non
714 2547 995 2613 exspectat
1018 2542 1218 2607 virum,
1244 2548 1301 2597 et
1332 2560 1445 2597 non
1469 2545 1824 2615 praestolatur
1840 2546 1983 2600 ﬁlios

391 2627 703 2697 hominum,
725 2648 752 2682 »
776 2631 1057 2702 signiﬁcat
1081 2632 1228 2703 quod
1247 2639 1444 2703 gentes
1464 2634 1682 2687 nullum
1702 2641 1984 2706 exspecta-

390 2716 529 2772 bant
555 2718 839 2774 doctorem
863 2722 949 2775 vel
971 2721 1520 2794 praedicatorem,qui
1536 2738 1632 2776 eos
1658 2722 1982 2778 intunderet

392 2822 520 2861 rore
549 2807 983 2879 praedicationis,
1032 2814 1092 2864 et
1136 2810 1416 2865 excoleret
1462 2827 1682 2866 vomere
1714 2811 1983 2867 doctrinae

390 2896 724 2967 spiritualis.

2064 1759 2191 1808 tuas
2216 1759 2343 1807 tuas
2373 1753 2442 1806 de
2474 1752 2659 1805 medio
2679 1751 2784 1817 tui,
2805 1756 2861 1807 et
2889 1766 2999 1804 non
3028 1749 3287 1804 adorabis
3312 1750 3461 1803 ultra
3492 1764 3664 1820 opera

2063 1859 2331 1897 manuum
2344 1846 2657 1905 tuarum,et
2670 1841 2902 1894 evellam
2923 1840 3078 1893 lucos
3100 1844 3227 1893 tuos
3247 1839 3316 1893 de
3345 1838 3529 1893 medio
3549 1837 3654 1905 tui,

2064 1938 2121 1985 et
2145 1935 2431 1985 conteram
2459 1928 2710 1983 civitates
2739 1932 2887 1994 tuas,
2925 1946 2947 1977 ι
2985 1927 3042 1979 id
3066 1933 3169 1992 est,
3205 1927 3357 1980 falsae
3378 1924 3665 1995 religionis

2064 2023 2121 2073 et
2150 2016 2550 2071 observationis
2573 2014 3216 2086 superstitionem.Unde
3240 2018 3298 2067 et
3321 2013 3379 2067 in
3397 2014 3518 2083 lege
3541 2028 3665 2083 pro-

2064 2107 2290 2160 hibetur
2309 2104 2553 2175 plantari
2575 2104 2733 2158 lucus
2756 2103 2815 2156 in
2835 2102 3046 2174 templo
3068 2102 3389 2156 Domini.Et
3409 2102 3663 2156 civitates

2068 2197 2211 2250 male
2258 2198 2625 2259 constructas,
2672 2209 2812 2263 quas
2845 2193 3009 2263 paulo
3054 2196 3184 2245 ante
3222 2190 3473 2245 civitates
3498 2196 3663 2244 terrae

2064 2285 2300 2348 dixerat,
2333 2283 2582 2336 minatur
2610 2281 2760 2352 quod
2793 2284 3048 2334 conterat
3075 2285 3246 2351 atque
3274 2284 3587 2333 consumat.

2140 2393 2163 2425 ι
2198 2373 2265 2426 Et
2287 2371 2489 2425 faciam
2520 2372 2578 2424 in
2600 2370 2787 2425 furore
2817 2370 2943 2424 etin
2973 2369 3360 2439 indignatione
3385 2367 3661 2422 ultionem

2064 2463 2122 2516 in
2169 2460 2428 2515 omnibus
2464 2459 2745 2530 gentibus,
2782 2475 2905 2529 quae
2944 2474 3056 2512 non
3088 2458 3409 2512 audierunt.
3447 2475 3472 2508 »
3515 2456 3657 2520 Quia

2067 2566 2253 2604 rorem
2276 2548 2552 2602 sermonis
2581 2548 2692 2601 mei
2721 2547 2969 2618 recipere
3009 2547 3331 2611 noluerunt,
3364 2545 3565 2598 faciam
3604 2545 3661 2597 in

2065 2640 2255 2694 furore
2285 2641 2342 2692 et
2370 2637 2456 2691 ira
2487 2636 2757 2690 ultionem
2790 2636 2847 2689 in
2875 2634 3159 2706 gentibus,
3197 2651 3320 2706 quae
3349 2634 3563 2695 audire,
3605 2632 3663 2686 id

2066 2733 2170 2795 est,
2204 2726 2434 2781 obedire
2461 2725 2777 2779 voluerunt.

2678 2812 2921 2869 CAPUT
2951 2810 3049 2866 VI.

2124 2898 2363 2959 «Audite
2377 2920 2499 2975 quae
2509 2902 2782 2958 Dominus
2794 2900 3068 2972 loquitur:
3088 2901 3665 2971 Surge,contendeju-

466 3003 491 3038 α
506 2986 577 3039 Et
601 2987 1030 3057 eruntreliquiae
1052 2964 1221 3041 Jacob
1244 2987 1301 3041 in
1320 2988 1584 3058 gentibus
1604 2989 1662 3044 in
1684 2990 1868 3045 medio
1888 3001 2041 3061 po-CI
2061 2993 2203 3048 dicio
2220 2964 2485 3047 adversus
2507 2964 3059 3057 montes,etaudiant
3076 2964 3246 3044 colles
3265 3005 3455 3043 vocem
3476 2964 3657 3055 tuam,

391 3074 654 3145 pulorum
684 3076 1183 3146 multorum,quasi
1204 3077 1291 3130 leo
1310 3078 1367 3130 in
1389 3078 1664 3147 jumentis
1691 3080 1981 3146 silvarum,

387 3166 445 3216 et
461 3163 623 3233 quasi
653 3163 873 3217 catulus
901 3164 1078 3218 leonis
1096 3165 1323 3235 rugiens
1340 3165 1397 3219 in
1411 3167 1680 3236 gregibus
1696 3185 1980 3239 pecorum,

391 3250 487 3322 qui
515 3267 642 3305 cum
667 3252 957 3307 transierit
982 3258 1040 3307 et
1077 3254 1484 3309 conculcaverit
1512 3261 1570 3310 et
1608 3257 1839 3327 ceperit,
1871 3274 1984 3312 non

391 3345 479 3394 est
495 3339 591 3411 qui
619 3345 798 3395 eruat.
818 3339 893 3395 Et
913 3341 1250 3397 exaltabitur
1264 3360 1466 3398 manus
1485 3349 1583 3400 tua
1606 3362 1774 3415 super
1793 3346 1983 3401 hostes

390 3434 539 3485 tuos.
568 3449 591 3481 ι
624 3430 735 3484 Leo
761 3430 1019 3486 Christus
1048 3437 1152 3496 est,
1185 3439 1251 3487 ut
1278 3433 1334 3486 in
1361 3434 1700 3505 Apocalypsi
1725 3435 1934 3489 dicitur
1967 3455 1977 3490 :

398 3518 576 3594 «Vicit
597 3519 684 3573 leo
704 3520 773 3574 de
792 3521 942 3575 tribu
955 3521 1118 3575 Juda.
1138 3520 1192 3574 »Ι
1204 3539 1298 3593 pse
1329 3529 1415 3576 est
1444 3530 1502 3576 et
1529 3524 1749 3577 catulus
1781 3524 1978 3593 leonis,

390 3607 459 3661 de
479 3624 589 3679 quo
619 3609 678 3663 in
709 3610 908 3667 Genesi
938 3610 1041 3664 sub
1071 3627 1312 3682 persona
1334 3612 1362 3664 J
1369 3611 1491 3665 udae
1511 3612 1715 3666 dicitur
1748 3631 1793 3665 :c
1819 3614 1981 3667 Catu-

392 3695 481 3750 lus
498 3697 674 3752 leonis
698 3699 940 3764 Juda,ad
963 3700 1228 3770 praedam,
1256 3699 1333 3753 ﬁli
1352 3700 1447 3767 mi,
1470 3700 1828 3756 ascendisti.»
1858 3703 1982 3773 Ipse

396 3800 530 3857 ergo
556 3787 653 3858 qui
679 3793 763 3841 est
792 3788 900 3853 leo,
924 3788 1081 3843 dedit
1110 3789 1399 3859 apostolis,
1418 3795 1481 3843 ut
1511 3796 1567 3843 et
1595 3790 1702 3861 ipsi
1730 3790 1845 3844 sint
1876 3792 1984 3845 leo-

389 3889 509 3942 nes,
537 3877 762 3945 quando
791 3876 929 3931 dixit
958 3878 1039 3932 eis
1070 3895 1118 3930 ε(
1153 3879 1254 3943 Ite,
1281 3878 1474 3933 docete
1505 3896 1700 3933 omnes
1726 3886 1978 3950 gentes,»

356 3986 361 3991 ·
391 3970 498 4019 etc.
516 3965 587 4020 Et
611 3966 892 4036 quomodo
922 3983 1088 4022 nemo
1115 3972 1301 4039 potest
1319 3968 1581 4023 resistere
1610 3969 1778 4036 leoni,
1799 3969 1880 4023 ita
1902 3970 1981 4023 illi

390 4052 612 4109 liberati
625 4055 694 4110 de
712 4073 885 4111 manu
909 4056 1633 4127 Assyriorum,acceperunt
1649 4063 1983 4127 potestatem

390 4149 456 4198 ut
480 4149 737 4215 peterent
756 4146 1146 4214 jumenta,hoc
1168 4146 1979 4213 est,hominesirrationabiles,

389 4231 543 4285 verbi
572 4232 673 4286 Dei
702 4233 919 4286 ratione
944 4237 1219 4286 carentes.
1256 4250 1281 4285 α
1315 4234 1495 4286 Homo
1526 4250 1651 4312 cum
1685 4235 1742 4287 in
1771 4235 1984 4288 honore

2067 3083 2298 3138 audiant
2327 3088 2547 3137 montes
2560 3080 2836 3152 judicium
2861 3078 3107 3133 Domini.
3137 3098 3159 3129 ι
3189 3079 3469 3149 Propheta
3487 3078 3665 3148 loqui-

2067 3178 2179 3237 tur,
2214 3179 2270 3226 et
2297 3172 2540 3243 imperat
2554 3176 2619 3225 ut
2633 3170 2928 3224 audiamus
2954 3185 3077 3239 quae
3096 3167 3368 3223 Dominus
3388 3166 3659 3237 loquitur.

2070 3261 2291 3315 Montes
2320 3277 2421 3331 per
2447 3259 2833 3329 metaphoram
2865 3261 3121 3328 potentes
3151 3261 3207 3309 et
3230 3254 3458 3322 divites;
3491 3255 3660 3308 colles

2065 3366 2215 3414 vero,
2260 3348 2540 3419 subjectos
2570 3353 2627 3401 et
2653 3346 2836 3400 minus
2867 3349 3125 3416 potentes
3153 3344 3416 3415 appellat.
3454 3343 3661 3397 Deinde

2064 3437 2183 3507 ipse
2214 3436 2485 3490 Dominus
2505 3435 2753 3506 loquitur
2780 3435 2850 3487 ad
2882 3434 3212 3504 prophetam
3239 3451 3249 3485 :
3275 3452 3296 3485 ι
3325 3433 3664 3502 Surge,con-

2064 3526 2232 3579 tende
2256 3525 2468 3594 judicio
2498 3524 2793 3578 adversum
2835 3528 3075 3587 montes,
3126 3527 3183 3574 et
3230 3521 3465 3574 audiant
3492 3521 3662 3574 colles

2064 3631 2252 3668 vocem
2278 3620 2490 3668 tuam.»
2516 3613 2760 3666 Rursum
2793 3612 3087 3682 propheta,
3107 3610 3251 3664 sicut
3268 3610 3453 3663 fuerat
3472 3609 3523 3662 ei
3548 3608 3658 3662 im-

2064 3701 2597 3773 peratum,loquitur
2614 3700 2685 3753 ad
2707 3706 2927 3753 montes
2947 3698 3139 3760 etiam,
3153 3718 3173 3749 ι
3204 3703 3260 3751 et
3282 3697 3449 3751 fortia
3467 3696 3665 3751 funda-

2064 3796 2257 3845 menta
2283 3796 2466 3852 terrae,
2505 3809 2529 3841 υ
2563 3804 2904 3858 causamque
2929 3787 3131 3847 reddit,
3168 3802 3344 3856 quare
3383 3801 3477 3839 eos
3506 3802 3662 3838 com-

2064 3881 2238 3951 pellat
2265 3879 2483 3943 audire,
2515 3897 2540 3931 «
2573 3878 2706 3948 quia
2720 3877 2998 3947 judicium
3038 3875 3263 3930 Domini
3294 3891 3421 3929 cum
3461 3875 3665 3945 pepulo

2065 3984 2187 4031 suo,
2240 3974 2298 4022 et
2345 3984 2472 4021 cum
2523 3966 2698 4020 Israel
2744 3964 3165 4036 dijudicabitur.
3200 3984 3228 4017 ιι
3285 3967 3523 4019 Possunt
3561 3979 3662 4033 per

2066 4063 2286 4111 montes
2314 4062 2371 4110 et
2400 4056 2569 4110 colles
2619 4053 2805 4124 angeli
2848 4052 3173 4123 signiﬁcari,
3228 4052 3431 4122 quibus
3469 4068 3660 4105 rerum

2066 4146 2440 4200 humanarum
2474 4144 2773 4198 commissa
2794 4147 2880 4196 est
2896 4141 3236 4212 procuratio.
3258 4141 3400 4207 Nam
3432 4141 3667 4210 Aposto-

2066 4235 2153 4288 lus
2172 4235 2401 4303 angelos
2428 4232 2564 4286 dicit
2586 4230 3097 4285 administratorios
3127 4228 3380 4300 spiritus,
3410 4228 3469 4282 in
3496 4228 3661 4281 mini-

385 4327 552 4381 esset,
586 4336 700 4373 non
720 4320 1011 4386 intellexit,
1048 4339 1074 4375 ι›
1107 4326 1212 4374 etc.
1247 4321 1488 4391 Rapient
1516 4326 1705 4376 autem
1735 4339 1848 4391 eos,
1867 4314 2045 4377 nonD
2064 4322 2296 4376 sterium
2333 4321 2533 4375 missos
2552 4327 2778 4391 propter
2793 4335 2887 4373 eos
2900 4319 2994 4389 qui
3026 4318 3410 4372 hrereditatem
3435 4317 3665 4387 capiunt

389 4413 455 4463 ut
472 4407 767 4474 dilanient,
808 4409 907 4462 sed
943 4413 1007 4462 ut
1033 4415 1292 4480 separent
1317 4410 1439 4480 (hoc
1467 4415 1568 4473 est,
1602 4410 1868 4479 dividant)
1913 4413 1982 4466 ab

389 4497 747 4552 inﬁdelibus:
773 4503 831 4553 et
857 4499 1045 4553 nullus
1081 4500 1191 4553 erit
1227 4506 1553 4571 persecutor
1578 4500 1675 4570 qui
1700 4500 1779 4555 eis
1810 4502 1986 4572 possit

389 4586 672 4653 resistere,
716 4593 773 4642 et
813 4588 1149 4643 exaltabitur
1185 4605 1386 4644 manus
1411 4590 1636 4643 Domini
1665 4606 1835 4660 super
1865 4606 1977 4656 eos,

389 4675 485 4747 qui
514 4676 600 4730 vel
640 4675 824 4748 ipsum
867 4677 1169 4731 Dominum
1197 4677 1280 4730 vel
1310 4678 1592 4748 apostolos
1621 4678 1742 4747 ejus
1769 4677 1983 4732 afﬂixe—

389 4770 540 4819 rant.
572 4785 594 4817 ι
630 4767 698 4820 Et
744 4782 939 4820 omnes
980 4766 1192 4821 inimici
1236 4766 1319 4819 tui
1348 4766 1678 4822 interibunt.
1713 4786 1739 4820 ν
1774 4784 1886 4821 non
1921 4773 1985 4822 ut

390 4858 645 4922 pereant,
672 4853 769 4907 sed
798 4857 865 4906 ut
887 4869 953 4907 ex
974 4853 1214 4909 inimicis
1244 4860 1301 4908 et
1319 4854 1637 4909 inﬁdelibus
1657 4856 1793 4910 ﬁant
1815 4857 1984 4910 amici

391 4945 450 4995 et
477 4940 689 4995 ﬁdeles.

465 5045 493 5082 α
520 5028 590 5082 Et
616 5027 724 5082 erit
749 5027 809 5082 in
836 5028 928 5082 die
952 5027 1102 5096 illa,»
1137 5031 1360 5101 quando
1392 5032 1634 5085 exaltata
1665 5031 1837 5086 fuerit
1871 5048 1987 5085 ma-

389 5135 497 5173 nus
516 5123 634 5185 tua,
652 5135 684 5172 o
703 5117 901 5184 Israel,
934 5135 1105 5190 super
1126 5120 1313 5175 hostes
1340 5125 1517 5185 tuos,c
1545 5120 1793 5175 auferam
1810 5138 1984 5192 equos

388 5211 516 5260 tuos
544 5205 614 5259 de
641 5205 824 5260 medio
849 5206 953 5274 tui,
983 5231 1003 5259 ν
1025 5206 1079 5260 id
1104 5212 1207 5271 est,
1229 5223 1423 5261 omnes
1443 5209 1792 5263 lascivientes
1811 5210 1983 5280 impe-

385 5301 478 5350 tus
491 5294 764 5359 animi,de
779 5295 982 5365 quibus
998 5295 1234 5350 dicitur:
1261 5296 1478 5349 «Nolite
1500 5298 1621 5351 ﬁeri
1643 5297 1787 5352 sicut
1802 5314 1979 5367 equus

2065 4411 2279 4465 salutis.
2314 4410 2601 4464 Contende
2633 4408 2855 4478 (inquit)
2880 4406 3094 4477 judicio
3127 4423 3255 4460 cum
3278 4405 3583 4469 montibus,
3607 4405 3664 4458 id

2065 4505 2169 4565 est,
2193 4498 2428 4568 angelis,
2445 4502 2511 4550 ut
2537 4497 2584 4551 si
2605 4496 2810 4567 reperti
2830 4496 3043 4549 fuerint
3069 4511 3181 4549 non
3211 4494 3379 4565 digne
3408 4494 3664 4547 homines

2066 4603 2414 4658 procurasse,
2444 4586 2676 4639 tollatur
2706 4585 2870 4655 culpa
2898 4600 2933 4637 a
2961 4584 3187 4654 populo,
3206 4588 3264 4637 et
3290 4582 3571 4636 referatur
3593 4581 3664 4635 ad

2064 4676 2364 4747 principes,
2394 4675 2479 4729 vel
2501 4672 2573 4727 ad
2599 4690 2706 4739 me,
2731 4673 2829 4744 qui
2858 4673 2999 4726 tales
3020 4671 3340 4726 hominibus
3358 4670 3661 4742 praeposui.

2066 4764 2133 4818 In
2160 4764 2496 4834 Apocalypsi
2527 4762 2763 4832 legimus
2785 4761 2931 4831 quod
2951 4753 3156 4832 angeli,
3189 4760 3247 4814 id
3269 4766 3356 4814 est
3377 4760 3665 4830 praepositi

2066 4853 2465 4921 Ecclesiarum,
2486 4852 2571 4905 vel
2601 4850 2921 4914 laudantur,
2938 4850 3020 4903 vel
3039 4848 3435 4920 vituperantur
3465 4865 3529 4901 ex
3554 4848 3667 4900 vita

2067 4957 2260 4996 eorum
2286 4939 2489 5011 quibus
2510 4943 2780 5009 praesunt.
2806 4938 2955 4992 Deus
2992 4953 3125 5007 ergo
3153 4938 3250 5008 qui
3284 4941 3530 5008 poterat.
3571 4942 3665 4989 ut-

2067 5037 2196 5101 pote
2225 5030 2394 5094 Deus,
2422 5044 2519 5099 pro
2547 5027 2849 5081 sceleribus
2878 5025 3185 5097 peccatoris
3214 5025 3408 5095 populi
3445 5024 3664 5094 suppli-

2064 5118 2152 5172 cia
2175 5118 2399 5183 inferre,
2435 5133 2548 5170 non
2573 5116 2691 5170 vult
2714 5124 2969 5170 exercere
3001 5114 3331 5186 potentiam,
3366 5114 3465 5167 sed
3488 5112 3664 5183 justi-

2062 5208 2220 5273 tiam,
2256 5213 2313 5259 et
2340 5206 2490 5276 cogit
2516 5206 2783 5276 populum
2816 5202 2993 5258 Israel
3038 5201 3406 5273 prmsentibus
3445 5200 3660 5270 angelis

2063 5300 2119 5350 et
2146 5295 2299 5349 omni
2324 5300 2681 5351 creatura.ut
2700 5292 2851 5347 dicat
2868 5292 2916 5345 si
2945 5291 3078 5363 quid
3107 5291 3330 5356 habeat,
3364 5296 3431 5344 ut
3454 5305 3657 5343 secun-

386 5389 443 5439 et
469 5383 674 5438 mulus.
713 5404 735 5435 n
766 5404 785 5435 ι
814 5384 884 5438 Et
913 5385 1214 5455 quadrigas
1242 5389 1369 5438 tuas
1398 5385 1736 5457 disperdam,
1770 5392 1828 5440 et
1855 5402 1978 5457 per-
2059 5384 2191 5438 dum
2236 5384 2590 5437 Psalmistam
2636 5381 2980 5451 justiﬁcetur
3019 5381 3169 5434 Deus
3214 5380 3273 5434 in
3303 5378 3656 5434 sermonibus

384 5471 514 5526 dam
539 5470 792 5526 civitates
813 5476 976 5525 terrae
1005 5475 1135 5535 tum,
1164 5476 1221 5526 et
1248 5471 1535 5527 destruam
1565 5489 1761 5528 omnes
1789 5473 1974 5527 muni-

2057 5472 2195 5538 suis,
2225 5478 2283 5526 et
2311 5472 2497 5526 vincat
2524 5486 2651 5525 cum
2675 5468 2981 5539 judicatur.
