4062 6168
344 317 426 376 161

1241 317 1658 374 ENARRATIO
1698 318 1778 373 IN
1814 284 2175 372 MICHJEAM
2211 315 2673 395 PROPHETAM.

3482 323 3591 390 162

405 463 426 494 σ
472 443 687 515 Popule
715 458 895 511 meus,
929 443 1063 515 quid
1090 442 1197 497 ieci
1226 441 1349 508 tibi,
1383 449 1441 498 et
1484 443 1614 513 quid
1646 440 1986 501 molestusA
2006 440 2059 495 in
2084 441 2380 511 judicium,
2414 443 2511 497 sed
2549 449 2731 500 totum
2758 462 2819 501 se
2845 446 3120 501 convertit
3146 446 3205 501 in
3232 462 3461 517 preces;
3493 449 3593 503 sed

342 532 429 586 tibi
480 532 583 595 fui,
641 532 918 602 responde
966 532 1124 597 mihi,
1172 531 1301 603 quia
1349 532 1514 585 eduxi
1558 537 1616 586 te
1654 533 1723 586 de
1772 542 1922 586 Lena

341 621 576 692 Egypti,
601 625 659 674 et
677 622 747 675 de
768 622 933 675 domo
962 621 1323 674 servientium
1349 620 1580 674 liberavi
1600 626 1676 684 te,
1706 626 1763 675 et
1790 622 1919 675 misi

341 715 457 764 ante
487 709 687 763 faciem
718 717 874 764 tuam
906 710 1157 780 Moysen,
1190 715 1247 763 et
1274 711 1481 773 Aaron,
1515 716 1573 763 et
1599 709 1851 764 Mariam.
1890 730 1915 762 »

339 798 601 868 Loquitur
630 799 781 852 Deus
810 797 882 851 ad
916 796 1111 861 Israel,
1144 802 1201 851 et
1230 814 1358 851 eum
1387 797 1457 851 ad
1482 797 1756 867 judicium
1788 815 1920 869 pro-

328 878 504 949 vocat,
551 892 609 940 et
650 887 748 939 dat
796 886 1084 940 licentiam
1126 886 1420 939 adversum
1451 902 1511 941 se
1549 886 1917 957 disceptandi.

339 975 471 1038 Quid
502 974 719 1044 (inquit)
746 975 849 1029 feci
871 974 1017 1045 quod
1039 991 1151 1028 non
1174 973 1363 1037 debui,
1387 975 1472 1028 vel
1498 975 1632 1045 quid
1654 976 1922 1029 molestus

338 1062 418 1124 fui,
452 1062 740 1117 laboribus
757 1069 816 1117 te
844 1063 1210 1134 opprimendo
1224 1063 1248 1115 ?
1262 1065 1348 1117 An
1368 1062 1641 1117 beneficia
1652 1080 1777 1118 mea
1797 1080 1925 1118 con-

338 1152 589 1205 tumelias
634 1168 759 1205 esse
810 1151 1191 1215 arbitrabaris,
1232 1151 1426 1205 dolens
1482 1153 1630 1222 quod
1668 1152 1923 1206 amiseris

339 1256 573 1311 pepones
603 1245 663 1293 ct
707 1240 848 1294 ollas
886 1239 1219 1311 Egyptias?
1263 1241 1377 1310 Ego
1420 1245 1476 1295 te
1506 1241 1564 1295 in
1592 1258 1765 1296 manu
1794 1241 1924 1295 forti

339 1328 492 1382 eduxi
540 1329 612 1382 de
657 1328 825 1382 domo
873 1328 1176 1395 servitutis,
1210 1329 1338 1383 dedi
1386 1328 1489 1383 tibi
1518 1330 1792 1397 doctores,
1824 1346 1925 1401 per

341 1432 466 1486 quos
512 1432 876 1486 cognosceres
922 1416 1267 1471 voluntatem
1316 1434 1523 1472 meam.
1574 1417 1649 1472 Et
1693 1435 1765 1472 ne
1815 1418 1926 1472 ista

338 1519 498 1574 parva
525 1505 839 1559 videantur.

404 1610 425 1643 (ι
451 1593 666 1662 Popule
687 1610 864 1658 meus,
890 1597 1191 1668 memento,
1216 1610 1421 1664 quaeso,
1443 1593 1576 1664 quid
1597 1594 1928 1663 cogitaverit

2001 547 2105 584 nec
2133 531 2190 583 in
2219 529 2354 600 ipsis
2384 531 2641 601 precibus
2670 533 2841 588 habet
2868 534 3149 597 fiduciam,
3177 535 3311 605 quia
3338 535 3479 589 nihil
3507 540 3594 590 est

2003 619 2151 689 quod
2174 618 2341 688 digne
2361 619 2476 673 Deo
2506 637 2606 690 pro
2628 622 2868 692 peccatis
2891 624 3067 693 possit
3091 623 3296 676 oil‘erri.
3326 624 3596 695 Impossi-

2001 706 2111 760 bile
2127 712 2213 760 est
2233 707 2382 761 enim
2398 709 2671 778 sanguine
2690 710 2974 765 hircorum
2991 716 3049 765 et
3066 711 3369 766 vitulorum
3387 712 3597 768 auferri

2002 799 2247 865 peccata.
2277 814 2299 844 ι
2332 795 2599 866 Nunquid
2630 797 2773 852 dabo
2805 799 3243 870 primogenitum
3274 816 3463 855 meum
3495 818 3596 872 pro

2002 884 2215 937 scelere
2236 883 2401 936 meo?
2422 901 2446 935 ι
2470 884 2626 948 Quod
2656 886 2863 956 legitur
2890 888 2950 941 in
2986 888 3203 959 Regum
3236 888 3380 943 libro
3401 890 3597 945 fecisse

2004 970 2187 1036 Moab,
2202 971 2298 1041 qui
2319 988 2447 1025 cum
2468 972 2819 1029 obsideretur
2837 992 2872 1029 a
2894 976 3122 1043 Iudaeis,
3138 980 3448 1035 ascendens
3470 996 3598 1036 mu-

2005 1077 2131 1114 rum
2189 1059 2501 1114 immolavit
2550 1062 2608 1115 in
2659 1064 2911 1118 omnium
2960 1066 3134 1121 oculis
3178 1068 3359 1122 ﬁlium
3406 1085 3594 1139 suum.

2012 1170 2033 1199 ι
2063 1147 2337 1202 Fructum
2374 1149 2582 1203 ventris
2619 1150 2729 1204 mei
2757 1168 2857 1221 pro
2886 1160 3111 1223 peccato
3141 1155 3343 1211 animae
3374 1174 3532 1213 meae.
3566 1175 3595 1212 ι

2006 1237 2076 1291 Et
2103 1236 2251 1290 sicut
2270 1236 2510 1307 Jephthe
2539 1237 2779 1293 offerens
2807 1240 2981 1294 filiam
3009 1259 3110 1313 pro
3127 1245 3428 1299 temerario
3448 1250 3596 1300 voto.

2007 1325 2114 1379 Sed
2147 1330 2205 1379 et
2232 1341 2335 1378 nos
2364 1330 2596 1396 agentes
2624 1328 3031 1396 paenitentiam,
3057 1330 3300 1386 sciamus
3330 1333 3470 1387 nihil
3498 1350 3600 1389 nos

2005 1411 2239 1482 dignum
2265 1413 2401 1466 dare
2423 1430 2586 1484 posse
2608 1415 2679 1468 ad
2699 1416 3033 1485 placandum
3053 1419 3253 1484 Deum,
3275 1420 3374 1475 sed
3394 1422 3605 1476 solum-

2007 1501 2174 1555 modo
2198 1501 2255 1554 in
2270 1502 2544 1571 sanguine
2564 1503 2914 1559 immaculati
2934 1510 2992 1559 et
3008 1506 3311 1577 singularis
3333 1509 3480 1580 Agni
3500 1526 3603 1565 nos

2006 1606 2170 1660 posse
2199 1590 2421 1651 salvari,
2446 1590 2492 1643 si
2517 1596 2708 1649 tamen
2728 1592 3017 1647 imitemur
3037 1596 3156 1665 ejus
3176 1596 3512 1667 passionem,
3540 1602 3606 1653 ut

338 1679 532 1733 Balach
556 1697 651 1734 rex
668 1680 851 1744 Moab,
868 1687 926 1735 et
945 1681 1079 1752 quid
1097 1681 1449 1751 responderit
1464 1683 1515 1735 ei
1531 1682 1758 1736 Balaam
1776 1683 1925 1737 filius
2009 1694 2108 1747 pro
2136 1678 2234 1730 illo
2266 1678 2408 1732 mori
2436 1679 2619 1749 parati
2646 1681 2843 1735 simus.
2876 1682 3019 1736 Nam
3052 1688 3109 1737 et
3137 1685 3437 1740 Psalmista
3472 1702 3602 1741 cum

340 1768 472 1823 Beor
500 1768 571 1822 de
603 1768 800 1834 Setim,
831 1785 1008 1840 usque
1038 1770 1109 1823 ad
1136 1770 1448 1839 Galgalam,
1474 1777 1537 1824 ut
1564 1786 1926 1840 cognosceres
1943 1791 1990 1849 Β
2008 1765 2411 1835 interrogasset
2435 1785 2445 1821 ε
2477 1787 2498 1819 α
2528 1768 2674 1832 Quid
2689 1768 2998 1824 retribuam
3018 1771 3293 1827 Domino?
3317 1793 3340 1824 ι
3360 1774 3479 1844 ipse
3496 1774 3603 1829 sibi

336 1857 579 1927 justitias
603 1857 850 1911 Domini.
879 1878 900 1907 ι
927 1857 1101 1911 Setim
1131 1858 1288 1912 locus
1314 1863 1400 1911 est
1428 1858 1488 1911 in
1517 1874 1724 1921 eremo,
1748 1858 1927 1913 dictus
2010 1854 2300 1924 respondit
2323 1874 2347 1907 ››
2376 1872 2387 1907 :
2425 1855 2669 1910 Calicem
2702 1858 2967 1912 salutaris
2994 1859 3285 1930 accipiam,
3309 1866 3367 1915 et
3388 1878 3597 1918 nomen

342 1945 405 1999 ab
429 1945 730 2000 arboribus
752 1962 874 2016 quae
903 1946 979 1999 ibi
1011 1946 1265 2016 plurimae
1288 1946 1642 2016 proveniunt.
1670 1947 1814 2021 Sunt
1835 1964 1930 2002 au-
2010 1942 2235 2011 Domini
2272 1942 2560 1997 invocabo.
2598 1964 2624 1997 ν
2658 1945 2717 1998 Si
2758 1945 2904 1998 enim
2936 1946 3030 2000 ille
3061 1947 3157 2017 qui
3184 1947 3335 2003 Deus
3363 1954 3466 2015 est,
3500 1966 3604 2021 pro

340 2039 442 2087 tem
473 2033 694 2087 similes
733 2032 920 2087 arbori
950 2050 1120 2105 quam
1166 2033 1387 2104 spinam
1418 2034 1605 2088 albam
1643 2018 1924 2089 vocamus.
2012 2030 2173 2084 nobis
2195 2031 2317 2084 sine
2346 2036 2573 2102 peccato
2602 2041 2858 2087 mortuus
2879 2039 2985 2103 est,
3012 2036 3070 2089 et
3096 2051 3197 2090 nos
3222 2037 3319 2107 qui
3346 2018 3605 2093 homines

343 2120 570 2192 Galgala
597 2127 789 2176 autem
819 2127 906 2175 est
927 2123 1081 2177 locus
1109 2122 1167 2175 in
1197 2139 1307 2192 quo
1336 2127 1463 2193 post
1490 2127 1729 2177 mortem
1751 2123 1932 2194 Moysi

344 2209 699 2266 circumcisus
725 2214 812 2264 est
839 2211 1078 2281 populus
1116 2226 1149 2263 a
1176 2211 1364 2264 Josue.
1398 2210 1557 2265 Unde
1594 2212 1751 2266 locus
1780 2212 1931 2266 idem

340 2304 560 2353 vocatus
583 2304 672 2352 est
695 2299 948 2368 Galgala,
976 2300 1033 2353 id
1062 2303 1165 2365 est,
1196 2300 1353 2354 collis
1381 2300 1804 2370 praeputiorum.
1830 2301 1933 2355 Per

342 2393 531 2441 cuncta
565 2387 788 2458 (inquit)
820 2388 945 2442 loca
974 2388 1149 2442 eremi
1176 2387 1459 2444 vobiscum
1487 2389 1602 2459 jam
1630 2388 1928 2453 ambulavi,

340 2482 559 2530 mutans
585 2481 795 2541 castra,
819 2481 876 2529 et
902 2493 998 2530 vos
1026 2493 1250 2547 semper
1272 2478 1484 2531 videns.
1509 2478 1589 2532 De
1613 2478 1810 2544 Setim,
1835 2476 1931 2532 ubi

341 2564 646 2619 fornicatus
675 2570 762 2618 est
789 2565 964 2619 Israel
993 2581 1119 2619 cum
1147 2565 1486 2631 Madianitis,
1511 2583 1689 2637 usque
1709 2567 1780 2620 ad
1806 2566 1932 2620 Gal-

342 2654 484 2724 gala,
545 2653 606 2707 id
645 2658 750 2719 est,
793 2653 969 2707 donec
1006 2670 1193 2723 regem
1236 2654 1510 2709 habuistis
1548 2656 1795 2721 Saulem,
1836 2654 1934 2725 qui

340 2742 487 2813 prius
515 2742 579 2796 in
611 2742 866 2812 Galgalis
895 2746 1095 2796 unctus
1124 2748 1227 2805 est,
1253 2760 1354 2813 per
1377 2748 1558 2798 totum
1589 2744 1692 2797 hoc
1720 2744 1846 2811 iter,
1879 2748 1936 2798 et

339 2847 436 2901 per
458 2847 631 2886 omne
676 2835 903 2901 tempus
943 2847 1057 2886 non
1085 2848 1180 2885 vos
1210 2832 1433 2902 reliqui,
1465 2833 1534 2886 Et
1566 2848 1696 2886 cum
1720 2848 1817 2886 vos
1844 2848 1936 2886 me

342 2934 559 2990 semper
600 2918 1089 2990 blasphemaretis,
1130 2935 1232 2989 ego
1275 2936 1388 2974 non
1434 2920 1662 2991 permisi
1689 2924 1754 2974 ut
1782 2919 1936 2973 vobis

343 3007 702 3061 malediceret
732 3008 981 3072 Balaam,
1006 3007 1120 3061 imo
1139 3008 1243 3061 feci
1268 3013 1333 3062 ut
1363 3022 1461 3063 vos
1482 3025 1513 3062 e
1536 3008 1818 3062 contrario
1846 3007 1939 3062 be-

2013 2124 2070 2173 et
2097 2125 2419 2189 peccatores
2448 2136 2665 2186 sumus,
2709 2120 3189 2194 debemusparati
3229 2142 3451 2197 semper
3481 2143 3606 2182 esse

2012 2211 2078 2261 ut
2103 2224 2206 2278 pro
2235 2208 2332 2261 illo
2361 2209 2688 2263 moriamur.

2087 2313 2114 2349 ι
2147 2294 2415 2350 Indicabo
2440 2296 2563 2363 tibi,
2588 2314 2620 2352 ο
2648 2300 2836 2361 homo,
2862 2299 2998 2371 quid
3027 2301 3103 2356 sit
3128 2301 3360 2370 bonum,
3387 2309 3445 2359 et
3472 2305 3609 2376 quid

2013 2385 2286 2441 Dominus
2314 2384 2568 2456 requirat
2594 2403 2629 2440 a
2665 2392 2741 2443 te.
2769 2388 2978 2459 Utique
3004 2390 3188 2445 facere
3224 2392 3519 2462 judicium,
3552 2398 3611 2449 et

2014 2473 2247 2543 diligere
2268 2474 2732 2529 misericordiam.
2759 2498 2782 2528 ι
2816 2477 2934 2531 Hoc
2957 2494 3072 2532 non
3099 2484 3320 2534 tantum
3346 2481 3417 2535 ad
3440 2482 3608 2538 unius

2011 2563 2196 2632 gentis
2223 2563 2514 2634 populum,
2537 2564 2635 2618 sed
2666 2566 3009 2634 generaliter
3030 2567 3101 2621 ad
3129 2584 3324 2623 omnes
3350 2569 3609 2625 homines

2014 2650 2220 2705 dicitur
2253 2669 2264 2703 :
2308 2651 2452 2715 Quia
2477 2652 2720 2717 dubitas,
2752 2654 3061 2709 humanum
3092 2672 3291 2726 genus,
3332 2658 3482 2728 quod
3505 2675 3609 2730 pro

2016 2741 2257 2812 peccatis
2286 2741 2397 2795 tuis
2435 2741 2615 2811 possis
2643 2742 2864 2813 placare
2900 2744 3098 2809 Deum,
3131 2744 3313 2799 dicam
3343 2745 3444 2800 tibi
3474 2748 3610 2818 quid

2017 2833 2231 2899 quaerat
2252 2827 2420 2893 Deus,
2444 2828 2640 2899 utique
2659 2829 2842 2883 facere
2863 2830 3159 2900 judicium,
3183 2837 3289 2886 etc.
3317 2833 3451 2888 Tale
3471 2834 3608 2905 quid

2018 2922 2076 2971 et
2099 2918 2321 2988 Moyses
2349 2916 2407 2970 in
2436 2917 2872 2972 Deuteronomio
2900 2917 3040 2972 dixit
3069 2937 3081 2972 :
3116 2919 3185 2973 Et
3210 2936 3378 2988 nunc,
3412 2922 3609 2989 Israel,

2020 3005 2155 3076 quid
2184 3005 2453 3059 Dominus
2474 3005 2623 3060 Deus
2647 3010 2780 3060 tuus
2805 3005 3005 3077 quaerit
3027 3022 3063 3060 a
3083 3011 3159 3075 te,
3187 3007 3297 3063 nisi
3324 3014 3390 3064 ut
3409 3010 3611 3082 diligas

344 3094 644 3149 nediceret.
690 3095 821 3149 Haec
847 3096 1012 3165 juxta
1039 3094 1306 3161 litteram,
1341 3113 1464 3167 qua:
1493 3098 1665 3151 etiam
1704 3100 1941 3168 possunt
1956 3094 1999 3155 Ο
2020 3094 2323 3148 Dominum
2344 3094 2523 3149 Deum
2543 3099 2727 3161 tuum,
2751 3100 2808 3149 et
2826 3094 3080 3149 ambules
3098 3095 3159 3149 in
3177 3096 3282 3151 viis
3302 3099 3443 3168 ejus,
3458 3104 3514 3154 et
3533 3100 3615 3155 di-

346 3184 636 3238 moraliter
656 3183 727 3237 ad
747 3200 851 3237 nos
870 3183 1082 3249 referri,
1113 3183 1207 3255 qui
1227 3202 1424 3239 sumus
1450 3185 1509 3239 in
1531 3185 1791 3240 Ecclesia.
1819 3185 1940 3240 Dis-

343 3277 500 3341 putat
527 3288 669 3341 ergo
710 3276 907 3325 contra
936 3288 1037 3325 nos
1065 3272 1356 3338 Dominus,
1390 3279 1448 3327 et
1474 3276 1661 3344 arguit
1689 3290 1792 3327 nos
1816 3278 1939 3328 tra-

346 3359 520 3413 dendo
552 3376 659 3430 pro
690 3358 852 3411 nobis
880 3358 1085 3412 Filium
1110 3376 1273 3413 suum
1304 3362 1363 3413 in
1395 3366 1654 3415 mortem.
1686 3362 1756 3415 Et
1787 3362 1941 3416 misit

343 3454 468 3503 ante
496 3448 702 3502 faciem
734 3452 986 3501 nostram
1010 3449 1257 3519 Moysen,
1282 3448 1340 3502 id
1364 3455 1451 3503 est
1472 3450 1676 3519 legem,
1700 3456 1755 3503 et
1785 3449 1941 3504 misit

342 3538 546 3606 Aaron,
582 3536 681 3608 qui
724 3536 1130 3605 interpretatur
1172 3553 1334 3591 mons
1368 3537 1730 3603 fortitudinis,
1767 3538 1826 3592 id
1856 3543 1942 3593 est

343 3625 655 3689 Christum,
674 3625 771 3696 qui
797 3630 885 3679 est
908 3641 1147 3695 magnus
1170 3626 1429 3679 sacerdos
1448 3626 1823 3680 sacerdotum.
1842 3627 1942 3681 Mi—

345 3714 414 3769 sit
430 3721 488 3768 et
506 3715 773 3779 Mariam,
794 3712 850 3766 id
872 3718 976 3772 est.
1001 3712 1263 3766 vaticinia
1282 3714 1700 3785 prophetarum,
1720 3715 1943 3785 quando

343 3803 510 3857 etiam
542 3802 780 3867 Balach,
814 3801 910 3872 qui
940 3801 1343 3871 interpretatur
1371 3801 1603 3871 eligens,
1634 3802 1691 3857 id
1719 3808 1804 3857 est
1832 3802 1946 3856 dia-

342 3890 521 3953 bolus,
542 3891 645 3961 qui
676 3908 869 3944 omnes
890 3891 1088 3961 quaerit
1119 3890 1406 3956 devorare,
1432 3895 1487 3943 et
1518 3894 1601 3944 est
1632 3907 1728 3944 rex
1755 3891 1939 3955 Moab,

345 3979 436 4050 qui
465 3980 884 4050 interpretatur
910 3996 976 4033 ex
1006 3985 1165 4050 patre
1195 3978 1466 4045 omnium,
1502 3979 1715 4033 scilicet
1741 3979 1943 4049 quibus

344 4067 550 4122 dicitur
576 4085 595 4121 :
627 4086 649 4117 ι
690 4067 801 4121 Vox
821 4083 886 4121 ex
908 4072 1067 4137 patre
1095 4066 1317 4121 diabolo
1344 4066 1498 4121 estis.
1528 4086 1552 4117 ι
1576 4066 1830 4132 Quando,
1854 4067 1946 4120 in-

346 4172 533 4227 quam,
563 4156 782 4211 Balach
812 4155 985 4209 voluit
1016 4172 1109 4210 vos
1146 4155 1403 4227 decipere
1431 4172 1533 4226 per
1560 4156 1809 4221 Balaam,
1849 4154 1946 4225 qui

346 4244 757 4317 interpretatur
782 4259 954 4297 vanus
980 4244 1243 4315 p0pulus,
1275 4251 1333 4298 et
1358 4250 1444 4298 est
1472 4245 1621 4298 filius
1650 4244 1812 4309 Beor,
1852 4243 1947 4314 qui

346 4339 532 4404 potest
552 4332 921 4403 interpretari
948 4332 1005 4386 in
1036 4333 1199 4404 pelle,
1229 4348 1325 4387 eos
1354 4332 1655 4403 designans
1678 4333 1772 4403 qui
1802 4348 1949 4386 mor-

2019 3182 2166 3252 ligas
2185 3198 2335 3246 eum,
2351 3186 2457 3235 etc.
2472 3182 2622 3236 Deus
2636 3182 2836 3252 quaerit
2854 3198 2890 3235 a
2909 3182 3071 3237 nobis
3086 3189 3337 3239 nostram
3359 3186 3613 3257 ipsorum

2021 3271 2263 3324 salutem
2290 3269 2474 3324 facere
2496 3269 2794 3339 judicium,
2818 3275 2881 3324 ut
2898 3271 3040 3325 nihil
3069 3271 3279 3343 absque
3303 3274 3537 3330 consilio
3556 3280 3615 3331 et

2021 3359 2240 3413 ratione
2288 3358 2578 3422 faciamus,
2611 3358 2845 3427 diligere
2894 3360 3355 3430 misericordiam,
3396 3368 3462 3418 ut
3501 3380 3616 3419 non

2022 3448 2183 3519 quasi
2213 3463 2280 3501 ex
2302 3446 2635 3501 necessitate
2664 3451 2765 3500 aut
2793 3448 3066 3519 compulsi
3089 3449 3361 3506 faciamus
3393 3453 3616 3508 miseri-

2022 3536 2289 3600 cordiam,
2326 3536 2424 3590 sed
2452 3535 2659 3589 volenti
2689 3536 2895 3599 animo,
2939 3537 3074 3607 quia
3097 3537 3333 3593 hilarem
3360 3539 3617 3596 datorem

2024 3625 2211 3696 diligit
2232 3625 2397 3679 Deus.
2422 3647 2442 3671 ο
2472 3625 2540 3678 Et
2562 3624 2864 3679 sollicitum
2887 3625 3177 3681 ambulare
3196 3644 3323 3682 cum
3342 3629 3479 3695 Deo,
3505 3649 3529 3680 ι
3553 3635 3619 3685 ut

2026 3730 2314 3784 nunquam
2343 3713 2523 3767 securi
2549 3712 2743 3779 simus,
2763 3714 2860 3768 sed
2882 3731 3105 3786 semper
3119 3723 3503 3787 exspectemus
3523 3719 3619 3774 ad-

2027 3807 2252 3856 ventum
2294 3800 2734 3871 patrisfamilias,
2778 3803 2864 3857 vel
2909 3810 3059 3858 certe
3115 3821 3228 3860 non
3274 3806 3555 3862 declinare
3584 3824 3621 3862 a

2024 3890 2304 3943 mandatis
2334 3889 2473 3957 ejus,
2519 3889 2618 3943 sed
2661 3890 2910 3945 studiose
2956 3893 3158 3947 sectari
3201 3895 3615 3967 vestigia‘ejus.

2025 3977 2133 4041 Qui
2160 3976 2308 4030 enim
2337 3976 2473 4030 dicit
2508 3992 2568 4029 se
2615 3977 2674 4030 in
2718 3978 2942 4032 Christo
2975 3996 3224 4049 manere,
3273 3981 3440 4036 debet
3473 3983 3619 4039 sicut

2025 4065 2119 4119 ille
2147 4063 2455 4118 ambulavit
2481 4070 2538 4118 et
2564 4065 2685 4135 ipse
2714 4064 3024 4120 ambulare.

2102 4172 2129 4208 α
2157 4153 2276 4207 Vox
2305 4152 2529 4206 Domini
2558 4153 2629 4207 ad
2657 4152 2939 4208 civitatem
2967 4154 3192 4222 clamat,
3224 4162 3282 4211 et
3320 4158 3474 4214 salus
3510 4160 3621 4216 erit

2027 4239 2355 4295 timentibus
2385 4256 2588 4295 nomen
2617 4246 2799 4296 tuum.
2833 4260 2860 4294 »
2890 4242 3060 4297 Juxta
3084 4243 3382 4300 historiam
3410 4263 3531 4315 vox,
3564 4247 3624 4303 id

2030 4336 2117 4385 est
2144 4329 2312 4384 verba
2334 4329 2592 4395 Michaeaa,
2621 4330 2893 4401 propheta
2915 4331 3269 4388 vaticinante.
3293 4334 3369 4389 Ut
3395 4336 3470 4390 sit
3494 4352 3624 4392 sen-

347 4422 455 4476 tuis
478 4422 672 4477 carnis
706 4420 969 4491 operibus
1007 4421 1181 4475 dediti
1212 4427 1362 4487 sunt,
1393 4437 1506 4475 non
1536 4437 1666 4475 eum
1694 4420 2013 4498 permisitD
2031 4436 2125 4474 sus
2151 4437 2162 4471 :
2198 4417 2572 4473 Comminatio
2608 4418 2833 4472 Domini
2861 4424 3059 4474 contra
3087 4421 3399 4477 Samariam
3425 4429 3529 4494 est,
3560 4429 3626 4479 ut

349 4509 493 4565 Deus
521 4526 733 4565 nocere
760 4509 939 4575 nobis,
967 4510 1199 4580 insuper
1218 4508 1669 4564 maledictionem
1694 4509 1943 4575 Balaam,

345 4597 400 4651 id
429 4607 534 4663 est,
566 4597 704 4652 vani
734 4598 947 4669 populi,
970 4600 1243 4653 convertit
1262 4598 1321 4652 in
1349 4597 1813 4667 benedictionem.
1842 4597 1949 4651 Va-

347 4702 449 4740 nus
468 4694 558 4741 est
587 4686 748 4742 enim
776 4685 1015 4758 populus
1041 4686 1358 4757 gentilium,
1386 4692 1554 4741 natus
1582 4687 1650 4741 de
1679 4703 1746 4741 eo
1772 4686 1869 4758 qui
1892 4686 1951 4740 in

346 4777 486 4849 pelle
514 4782 627 4843 est,
670 4776 778 4830 hoc
808 4780 911 4835 est,
945 4776 1039 4846 qui
1067 4791 1291 4846 semper
1322 4775 1383 4830 in
1423 4776 1540 4831 suis
1571 4775 1952 4847 voluptatibus

346 4871 706 4935 permanent.
727 4864 980 4928 Quorum
1001 4863 1296 4918 maledicta
1318 4870 1375 4919 et
1393 4864 1696 4936 approbria
1713 4864 1772 4919 in
1787 4863 1953 4919 bene-

343 4952 658 5009 dictionem
702 4967 869 5006 versa
897 4956 1049 5016 sunt,
1099 4952 1233 5022 quia
1276 4968 1425 5007 nunc
1467 4952 1785 5023 glorificant
1812 4968 1952 5024 quos

342 5040 844 5111 persequebantur
871 5045 929 5093 et
957 5040 1299 5095 occidebant.

416 5148 443 5180 ς(
476 5129 634 5193 Quid
676 5129 911 5199 dignum
942 5128 1173 5183 offeram
1203 5128 1485 5183 Domino?
1530 5130 1768 5185 Curvem
1805 5147 1955 5200 genu

344 5217 459 5271 Deo
479 5218 749 5272 excelso?
778 5218 1045 5288 Nunquid
1067 5218 1294 5272 olferam
1321 5218 1371 5272 ei
1408 5218 1863 5273 holocautomata
1898 5224 1957 5273 et

344 5305 553 5360 vitulos
586 5306 928 5360 anniculos?
956 5306 1223 5376 Nunquid
1253 5307 1461 5377 placari
1482 5312 1667 5377 potest
1687 5308 1955 5361 Dominus

346 5392 401 5446 in
421 5393 684 5448 millibus
705 5395 972 5459 arietum,
990 5401 1090 5449 aut
1106 5395 1167 5449 in
1191 5395 1383 5449 multis
1404 5395 1651 5450 millibus
1670 5395 1957 5449 hircorum

347 5478 872 5553 pinguium’hDeus
884 5484 1151 5555 populum
1165 5489 1566 5555 provocaverat
1578 5484 1648 5538 ad
1655 5486 1677 5555 j
1688 5485 1931 5540 udicium
1940 5524 1954 5550 ,

2030 4508 2266 4562 audiens
2285 4507 2524 4578 populus
2543 4507 2568 4561 J
2578 4506 2687 4561 uda
2706 4507 2945 4562 istorum
2967 4508 3256 4580 supplicia,
3284 4512 3540 4580 timeant,
3569 4518 3629 4568 et

2031 4595 2414 4667 adipiscantur
2450 4594 2706 4649 salutem.
2750 4594 2858 4650 Sed
2887 4600 2945 4649 et
2971 4602 3291 4666 peccatores
3319 4599 3528 4669 quique
3550 4600 3627 4654 ti-

2032 4689 2251 4738 mentes
2265 4683 2539 4754 supplicia
2567 4700 2690 4754 quae
2704 4684 2893 4738 vident
2905 4683 3044 4737 alios
3056 4684 3190 4754 pati,
3207 4685 3430 4740 illorum
3445 4702 3628 4742 exem-

2032 4773 2123 4843 plo
2154 4772 2532 4843 corriguntur,
2565 4778 2623 4826 et
2648 4773 2916 4843 impletur
2945 4772 3003 4826 in
3029 4772 3142 4826 illis
3172 4773 3322 4844 quod
3353 4774 3628 4846 scriptum
3682 4830 3691 4833 _

2032 4866 2120 4916 est
2150 4880 2162 4916 :
2195 4861 2499 4915 Pestilente
2544 4860 2845 4931 ﬂagellato,
2889 4861 3201 4932 sapientior
3245 4862 3355 4917 erit
3397 4864 3625 4920 stultus.

2038 4970 2062 5004 α
2094 4950 2319 5015 Audite,
2349 4949 2551 5016 tribus,
2584 4953 2642 5002 et
2689 4948 2814 5018 quis
2841 4948 3176 5020 approbabit
3206 4950 3391 5006 illud?
3432 4953 3633 5009 Adhuc

2032 5039 2182 5109 ignis
2204 5038 2267 5092 in-
2283 5038 2449 5093 domo
2471 5036 2648 5107 impii,
2670 5037 2922 5092 thesauri
2941 5038 3274 5109 iniquitatis,
3290 5045 3348 5096 et
3367 5058 3634 5099 mensura

2035 5126 2220 5181 minor
2246 5126 2343 5179 irae
2372 5126 2556 5196 plena.
2590 5145 2618 5177 η
2652 5124 2698 5180 Ο
2729 5124 2924 5180 decem
2952 5126 3151 5194 tribus,
3188 5146 3311 5200 qua;
3354 5131 3633 5186 vocamini

2038 5214 2309 5279 Samaria,
2341 5213 2533 5267 audite
2563 5230 2691 5284 quae
2718 5214 2991 5269 Dominus
3014 5222 3381 5274 contestatur.
3413 5220 3484 5274 Et
3508 5221 3636 5291 quis

2037 5303 2373 5375 approbavit
2400 5302 2559 5369 illud,
2583 5303 2640 5357 id
2664 5308 2750 5358 est
2773 5320 2955 5371 rarus,
2983 5304 3079 5375 qui
3099 5307 3406 5363 secundum
3426 5324 3492 5361 ea
3512 5325 3635 5379 quae
3662 5320 3677 5331 ‘

2041 5392 2314 5450 Dominus
2340 5392 2606 5463 praecipit,
2640 5394 2776 5448 velit
2801 5410 2988 5464 agere.
3033 5394 3231 5448 Adhuc
3257 5396 3424 5467 ignis,
3465 5396 3522 5451 id
3552 5402 3638 5451 est

2041 5481 2311 5551 iniquitas
2338 5481 2395 5535 in
2425 5482 2592 5536 domo
2622 5482 2782 5554 impii
2813 5487 2916 5549 est,
2958 5487 3015 5536 et
3051 5483 3304 5538 thesauri
3330 5484 3636 5554 impietatis

351 5572 449 5624 sed
472 5571 573 5626 ille
594 5572 780 5627 sciens
799 5589 859 5628 se
876 5589 1154 5645 peccasse,
1178 5590 1293 5629 non
1310 5572 1432 5629 vult
1459 5572 1673 5629 intrare
1701 5590 1830 5629 cum
1852 5572 1961 5629 Deo
2045 5575 2179 5628 sunt
2202 5570 2262 5626 in
2288 5569 2455 5626 domo
2475 5570 2651 5646 regia.
2673 5571 2887 5627 Deinde
2915 5572 3241 5647 exsequitur
3265 5588 3368 5644 per
3393 5571 3633 5642 singula,
