4090 6164
424 254 529 333 163
838 255 1220 312 HAYMONIS
1258 256 1748 331 HALBERSTAT.
1768 252 2017 328 Ἔριδας
2060 255 2221 325 opp.
2263 256 2456 321 PARS.
2487 258 2532 312 1.
2576 287 2643 317 -,—.
2680 257 3053 315 COMMENT.
3095 260 3278 315 BIBL.
3587 262 3691 335 164

421 378 625 451 quibus
648 379 810 434 malis
829 380 928 450 illa
950 386 1283 436 vastaretur.
1305 382 1571 437 Mensura
1594 381 1796 445 minor,
1819 380 1877 433 id
1906 386 2012 446 est,
2031 380 2247 458 AQuia
2271 398 2387 443 non,
2413 399 2447 436 a
2475 388 2673 453 sponte
2714 367 3077 438 offerentibus
3118 384 3402 455 accipiunt
3424 403 3695 453 munera,
3763 393 3775 402 '

422 466 724 539 injustitia,
745 468 843 524 ira;
862 470 1047 540 plena,
1070 470 1129 523 id
1155 476 1240 524 est
1257 470 1400 523 iram
1423 469 1523 524 Dei
1545 485 1867 540 provocans.
1892 469 2021 522 Sta-
2102 470 2199 523 sed
2231 477 2441 538 cogunt
2467 471 2601 526 dare
2626 470 2924 540 subjectos.
2957 471 3133 525 Judex
3164 489 3296 544 ergo
3326 474 3385 527 in
3416 476 3699 531 reddendo

421 561 546 611 tera
573 556 768 627 iniqua
808 564 867 612 et
893 557 1113 612 diversa
1146 559 1413 629 pondera,
1450 544 1600 611 utin
1633 558 1747 611 alio
1776 557 2020 631 pondere
2102 562 2205 623 est,
2238 558 2371 627 quia
2413 559 2492 612 sic
2531 560 2703 613 alium
2744 560 2958 627 judicat
3004 561 3283 630 quomodo
3326 563 3447 632 ipse
3478 564 3550 617 ab
3589 564 3699 619 alio

422 645 668 700 vendant
684 646 1066 719 mercimonia,
1084 647 1143 701 in
1159 647 1269 700 alio
1288 652 1497 707 emant,
1516 647 1776 717 quodque
1798 651 2022 715 estgra-
2097 646 2402 716 judicatur,
2432 653 2497 701 ut
2535 656 2729 701 mutuo
2760 649 2946 702 favore
2976 654 3263 704 tueantur.
3301 670 3327 702 α
3362 652 3431 704 Et
3461 669 3700 722 magnus

423 733 570 800 vius,
580 733 686 787 hoc
705 749 815 786 non
828 750 1103 804 pauperes
1122 734 1476 798 necessitate,
1492 734 1589 787 sed
1606 734 1806 787 divites
1822 739 2017 803 agunt,

426 820 550 891 plus
578 820 729 891 pleni
768 821 1069 892 iniquitate
1111 838 1277 892 quam
1310 821 1493 889 rebus.
1529 822 1689 887 Unde
1717 823 1973 892 sequitur
2007 838 2017 874 :

498 929 526 960 α
560 907 827 981 Nunquid
844 910 1165 981 justiticabo
1188 916 1458 965 stateram
1485 911 1718 982 impiam
1751 916 1805 965 et
1834 911 2023 971 sacelli

423 996 674 1068 pondera
703 998 929 1053 dolosa?
957 1000 1015 1052 in
1042 998 1244 1070 quibus
1270 992 1470 1053 divites
1513 1000 1635 1069 ejus
1666 999 1865 1070 repleti
1891 1004 2026 1054 sunt

372 1080 379 1086 ’
422 1085 739 1156 iniquitate,
767 1092 825 1141 et
852 1087 1168 1141 habitantes
1196 1088 1255 1141 in
1287 1103 1353 1141 ea
1381 1087 1756 1159 loquebantur
1785 1089 2023 1142 menda-

423 1171 592 1226 cium.
620 1193 642 1224 ι
663 1174 711 1226 Α
732 1173 941 1227 divitiis
961 1175 1322 1247 subjungitur
1341 1175 1715 1239 mendacium,
1740 1176 1873 1247 quia
1900 1193 2021 1231 ma-

424 1268 766 1316 nusassueta
782 1278 1125 1333 congregare
1142 1264 1386 1329 divitias,
1407 1264 1823 1318 fraudulentam
1852 1265 2024 1335 possi-

422 1349 521 1403 det
539 1350 814 1423 l'inguam.
830 1350 971 1404 Cum
994 1352 1113 1405 hac
1132 1357 1189 1406 et
1207 1352 1318 1406 alia
1337 1353 1587 1407 facerent
1606 1353 1885 1423 principes
1906 1371 2024 1408 ves-

424 1438 519 1500 tri,
538 1438 693 1492 nolui
721 1455 818 1492 vos
847 1440 1040 1492 statim
1071 1441 1277 1506 delere,
1298 1441 1393 1495 sed
1416 1441 1728 1511 exspectavi
1749 1441 1951 1503 adhuc,
1970 1448 2029 1496 et

425 1526 699 1596 paulatim
722 1527 863 1598 ccepi
886 1534 1175 1597 percutere
1196 1529 1395 1599 plagis,
1415 1529 1574 1599 quasi
1597 1545 1832 1583 monens
1849 1537 1912 1584 ut
1929 1547 2026 1584 vos

2106 737 2322 790 locutus
2350 742 2435 791 est
2463 737 2802 792 desiderium
2834 738 3037 791 animae
3067 755 3201 792 suae.
3242 758 3263 789 ι
3300 740 3405 803 Qui
3438 740 3585 797 inter
3611 758 3706 796 eos

2104 840 2341 894 magnus
2383 831 2487 891 est,
2532 831 2588 878 et
2627 826 2681 879 in
2730 827 2853 897 lege
2883 826 3259 888 doctissimus,
3299 845 3412 885 non
3455 829 3574 896 Dei,
3607 830 3707 884 sed

2105 929 2265 966 suam
2321 914 2572 984 loquitur
2627 915 2995 971 voluntatem.
3052 939 3071 960 η
3125 916 3195 970 Et
3232 917 3709 985 conturbaverunt

2104 1017 2255 1071 eam,
2283 1021 2303 1051 i
2331 1002 2386 1055 id
2413 1008 2501 1056 est
2522 1003 2721 1057 urbem
2751 1004 2835 1058 vel
2855 1009 3084 1072 terram,
3108 1004 3177 1058 de
3199 1021 3312 1076 qua
3335 1005 3506 1068 dixit:
3530 1007 3709 1064 Periit

2104 1094 2330 1145 sanctus
2358 1091 2426 1145 de
2457 1097 2631 1145 terra.

2181 1201 2207 1226 «
2230 1179 2337 1242 Qui
2357 1179 2603 1250 optimus
2629 1182 2689 1234 in
2718 1181 2801 1235 eis
2821 1187 2904 1234 est
2926 1180 3087 1253 quasi
3107 1182 3380 1252 paliurus,
3403 1203 3426 1233 ι
3452 1200 3708 1255 pungens

2106 1270 2163 1319 et
2182 1264 2485 1320 vulnerans
2507 1268 3053 1340 appropinquantem
3076 1268 3199 1322 sibi.
3225 1288 3250 1321 (ι
3279 1270 3348 1323 Et
3377 1270 3471 1340 qui
3499 1276 3703 1335 rectus,

2108 1354 2266 1424 quasi
2295 1354 2455 1424 spina
2492 1356 2561 1409 de
2605 1373 2755 1427 sepe,
2794 1375 2819 1408 υ
2854 1362 2917 1410 ut
2958 1356 3034 1413 ibi
3068 1358 3345 1411 sentiatur
3388 1358 3564 1424 dolor,
3610 1358 3710 1413 ubi

2108 1442 2411 1513 putabatur
2429 1444 2719 1499 auxilium.
2750 1464 2774 1495 «
2799 1445 2931 1499 Dies
2952 1447 3349 1517 speculationis
3368 1454 3496 1512 tum,
3520 1449 3710 1503 visita-

2106 1531 2188 1585 tio
2215 1537 2317 1585 tua
2344 1532 2514 1596 venit,
2539 1549 2688 1587 nunc
2717 1533 2826 1587 erit
2860 1535 3092 1588 vastitas
3120 1551 3333 1589 eorum.
3368 1536 3553 1590 Nolite
3584 1553 3710 1591 cre-

426 1614 800 1685 eorrigeretis.
816 1612 945 1670 Misi
967 1617 1024 1670 in
1046 1633 1141 1671 vos
1159 1616 1386 1680 famem,
1410 1618 1838 1684 sitim,morbos,
1866 1619 2029 1673 vasti-
2109 1619 2244 1673 dere
2273 1620 2473 1677 amico.
2509 1644 2529 1669 -
2553 1621 2709 1675 Diem
2733 1622 3148 1692 speculationis,
3172 1625 3542 1679 vastationem
3571 1625 3710 1679 dicit

426 1707 602 1758 tatem
627 1703 893 1758 hostilem
922 1710 1197 1775 segetum,
1240 1712 1297 1759 et
1320 1706 1610 1760 vinearum
1651 1706 2023 1761 sterilitatem.
2051 1728 2091 1785 B
2110 1709 2376 1764 Samaria:
2404 1710 2489 1763 vel
2529 1710 2900 1775 Hierusalem,
2934 1728 3100 1783 quam
3141 1714 3391 1782 praedicit
3431 1714 3704 1768 futuram.

426 1788 538 1844 Vos
558 1797 749 1845 autem
771 1808 997 1862 semper
1015 1793 1236 1847 servitis
1260 1793 1608 1861 idololatriae,
1628 1799 1685 1848 et
1704 1795 2027 1849 custodistis
2104 1795 2293 1867 Ipsam
2326 1798 2691 1852 vastationem
2733 1805 2893 1853 vocat
2942 1800 3341 1857 visitationem.
3398 1804 3560 1856 Nunc
3599 1802 3710 1859 erit

425 1878 785 1932 emremonias
803 1895 942 1950 quas
963 1881 1255 1935 constituit
1272 1882 1429 1935 Amri
1456 1898 1551 1935 rex
1568 1882 2026 1953 impiissimus,et
2105 1887 2336 1940 vastitas
2366 1903 2584 1956 eorum,
2636 1887 2692 1940 id
2739 1892 2823 1941 est
2859 1887 3240 1943 habitatorum
3269 1908 3281 1956 ;
3333 1906 3465 1960 ergo
3498 1890 3708 1946 nullius

425 1980 593 2020 omne
615 1983 761 2038 opus
777 1968 976 2023 domus
997 1968 1190 2022 Achab
1213 1976 1270 2022 et
1297 1970 1538 2035 Jezabel,
1566 1976 1623 2023 et
1643 1971 1849 2026 idcirco
1871 1989 2024 2026 com-

424 2054 619 2125 pulsus
639 2066 704 2109 ut
733 2056 927 2111 darem
956 2073 1050 2111 vos
1078 2057 1137 2111 in
1158 2057 1402 2120 sibilum,
1427 2064 1484 2112 et
1512 2060 1812 2129 portaretis
1831 2077 2031 2131 oppro-

430 2143 614 2197 brium
639 2144 831 2215 populi
857 2145 990 2215 mei,
1010 2146 1143 2200 dum
1165 2146 1354 2200 hostes
1372 2147 1731 2209 insultarent,
1756 2149 1904 2218 quod
1924 2149 2026 2204 Dei

425 2232 667 2302 populus
704 2238 902 2304 captus
924 2238 982 2288 et
1011 2239 1309 2305 superatus
1329 2243 1477 2288 esset
1501 2234 1570 2288 ab
1591 2236 1846 2295 hostibus
1880 2255 1895 2290 :
1922 2253 2026 2291 no-

424 2309 555 2375 men
584 2322 738 2375 enim
764 2338 950 2376 meum
984 2339 1086 2393 per
1113 2339 1209 2377 vos
1240 2322 1679 2394 blasphematur.

497 2426 527 2463 ε
551 2410 623 2465 Et
644 2411 835 2481 lingua
858 2426 1053 2465 eorum
1072 2411 1435 2466 fraudulenta
1455 2413 1512 2466 in
1534 2428 1631 2466 ore
1656 2413 1924 2483 ipsorum.
1954 2413 2023 2468 Et

423 2514 533 2568 ego
548 2514 682 2569 ergo
698 2500 842 2570 ccepi
866 2505 922 2554 te
945 2505 1238 2571 percutere
1260 2500 1571 2571 perditione
1593 2517 1763 2572 super
1782 2502 2022 2572 peccatis

421 2587 555 2640 tuis.
574 2588 660 2642 Tu
686 2588 962 2650 comedes,
999 2593 1056 2642 et
1083 2605 1194 2642 non
1226 2588 1590 2655 saturaberis,
1623 2595 1681 2643 et
1705 2591 2022 2655 humiliatio

422 2681 525 2730 tua
550 2676 613 2729 in
629 2676 815 2731 medio
834 2676 937 2743 tui,
962 2683 1019 2731 et
1046 2678 1452 2749 apprehendes,
1476 2683 1533 2733 et
1552 2694 1660 2731 non
1683 2679 1942 2746 salvabis,
1969 2685 2027 2734 et

2110 1976 2397 2045 prOphetae
2416 1975 2639 2030 vocibus
2661 1976 2922 2039 credatis,
2939 1993 3040 2030 nec
3057 1977 3490 2032 accommodetis
3508 1995 3709 2033 aurem

2108 2062 2397 2117 blanditiis
2426 2064 2855 2135 decipientium..
2893 2063 2951 2119 Si
2980 2065 3131 2119 enim
3169 2065 3227 2119 in
3265 2066 3461 2121 amicis
3488 2072 3545 2121 et
3572 2084 3708 2125 con-

2108 2152 2431 2219 sanguineis
2475 2169 2607 2206 rara
2634 2158 2721 2206 est
2765 2153 2922 2218 ﬁdes,
2955 2161 3165 2224 quanto
3197 2155 3374 2225 magis
3404 2155 3464 2209 in
3492 2156 3580 2209 his
3609 2157 3709 2228 qui

2107 2239 2403 2293 adulantes
2433 2239 2784 2295 mentiuntur
2811 2246 2876 2305 ut,
2903 2241 3123 2311 aliquid
3145 2243 3485 2313 acquirunt?
3514 2244 3705 2299 Nolite

2107 2342 2244 2398 ergo
2275 2328 2503 2381 credere
2543 2328 2742 2393 amico,
2776 2328 2907 2400 quia
2948 2330 3281 2400 AchitOphel
3323 2331 3589 2385 mentitus
3619 2338 3707 2386 est

2099 2416 2279 2473 amico
2309 2432 2409 2470 suo
2441 2416 2634 2477 David,
2667 2422 2725 2471 et
2752 2418 2925 2471 Judas
2953 2418 3187 2479 tradidit
3230 2419 3537 2473 Christum.
3561 2439 3585 2471 ι
3632 2421 3706 2474 Et

2099 2505 2272 2569 nolite
2300 2505 2579 2559 conlidere
2608 2505 2665 2559 in
2695 2505 2854 2571 duce,
2893 2524 2918 2557 »
2951 2506 3096 2565 sicut
3134 2506 3437 2563 Sichimitae
3477 2508 3536 2561 in
3563 2508 3704 2563 Abi-

2108 2594 2342 2658 melech,
2378 2610 2543 2664 quem
2575 2594 2689 2664 ipsi.
2713 2593 2967 2647 fecerunt
2994 2611 3204 2666 regem,
3249 2601 3305 2648 et
3333 2596 3403 2649 ab
3432 2613 3496 2649 eo
3526 2596 3704 2651 inter-

2108 2681 2238 2735 fecti
2269 2687 2418 2736 sunt.

422 2778 563 2835 quos
588 2765 887 2819 salmeris
909 2765 967 2819 in
985 2766 1173 2836 gladio
1195 2766 1361 2822 dabo.
1383 2767 1467 2821 Tu
1489 2766 1810 2827 seminabis,
1835 2778 1892 2821 et
1912 2785 2024 2823 non
2181 2787 2207 2822 α
2237 2770 2323 2824 Ab
2352 2787 2419 2824 ea
2450 2787 2573 2845 quae
2599 2770 2808 2827 dormit
2838 2771 2909 2847 in~
2927 2771 3052 2825 sinu
3081 2776 3199 2837 tuo,
3222 2773 3438 2827 custodi
3461 2775 3708 2828 claustra

421 2857 637 2920 metes;
664 2858 729 2906 tu
757 2853 1000 2907 calcabis
1038 2853 1260 2919 olivam,
1294 2859 1352 2907 et
1381 2869 1492 2908 non
1516 2854 1744 2924 ungeris
1793 2854 1935 2920 oleo,
1968 2859 2026 2909 et
2072 2882 2077 2887 ’
2106 2858 2219 2913 oris
2246 2858 2352 2925 tui,
2384 2877 2405 2908 ι
2429 2874 2499 2911 ne
2528 2858 2763 2928 patiaris
2791 2860 2939 2929 quod
2967 2860 3204 2914 Samson
3227 2878 3261 2914 a
3290 2861 3490 2919 Dalila.
3512 2882 3534 2912 ι
3560 2861 3707 2926 Quia

421 2946 675 2995 mustum
695 2944 753 2994 et
777 2957 890 2995 non
913 2939 1071 2994 bibes
1090 2942 1308 2995 vinum.
1334 2941 1404 2996 Et
1430 2942 1723 2996 custodisti
1746 2948 2024 3013 praecepta
2047 3005 2086 3020 Λ
2109 2947 2258 3000 filius
2271 2946 2667 3001 contumeliam
2686 2946 2819 3001 facit
2833 2948 2999 3018 patri,
3017 2968 3043 3001 »
3059 2949 3207 3003 sicut
3224 2949 3490 3005 Absalom
3504 2951 3705 3020 David,

420 3028 601 3093 Amri,
625 3033 683 3080 et
711 3043 881 3081 omne
905 3044 1045 3099 opus
1075 3028 1277 3083 domus
1304 3029 1515 3095 Achab,
1551 3035 1607 3083 et
1630 3005 1944 3085 ambulasti-
1962 3031 2022 3085 in
2044 3005 2088 3066 Ο
2108 3034 2450 3089 concubinas
2470 3035 2646 3106 patris
2672 3005 2971 3094 incestans.
2989 3005 3018 3088 ἰ
3044 3037 3187 3091 Filia
3206 3039 3496 3109 consurgit
3514 3005 3708 3093 adver:

425 3115 803 3186 voluptatibus
833 3131 1049 3183 eorum,
1072 3122 1137 3170 ut
1164 3117 1355 3170 darem
1390 3124 1444 3172 te
1464 3118 1525 3172 in
1551 3119 1942 3190 perditionem,
1967 3125 2023 3177 et
2104 3139 2200 3176 sus
2232 3129 2469 3177 matrem
2501 3140 2682 3187 suam,
2721 3144 2743 3174 ›
2787 3126 2949 3194 cujus
2980 3125 3069 3178 rei,
3090 3126 3420 3197 quotidiana
3448 3126 3706 3199 exempla

420 3220 628 3259 omnes.
647 3206 964 3259 habitantes
996 3206 1053 3258 in
1084 3223 1147 3259 ea
1181 3207 1237 3260 in
1282 3206 1527 3271 sibilum,
1558 3214 1613 3261 ct
1657 3208 2017 3293 opprobrium
2102 3218 2250 3264 sunt.
2290 3230 2314 3261 «
2347 3213 2537 3265 Nurus
2568 3218 2761 3265 contra
2790 3230 3007 3267 socrum
3042 3231 3222 3277 suam,
3256 3234 3278 3265 »
3305 3221 3365 3281 ut
3395 3232 3535 3268 uxor
3558 3216 3705 3269 Esau

421 3293 621 3365 populi
641 3294 758 3348 mei
780 3294 1093 3377 portabitis.
1128 3315 1150 3346 ι
2101 3304 2299 3352 contra
2328 3298 2652 3352 Rebeccam.
2682 3318 2708 3351 «
2739 3300 2959 3354 Inimici
2993 3302 3238 3381 hominis
3262 3301 3553 3355 domestici
3585 3321 3611 3355 »
3643 3307 3705 3356 et

800 3362 809 3377 ’
1029 3436 1070 3458 η
1086 3437 1104 3458 Α
1124 3435 1265 3458 mm
1299 3437 1401 3458 πη
2101 3386 2408 3441 familiares
2433 3406 2455 3437 α
2482 3388 2621 3457 ejus.
2651 3407 2672 3437 ι
2694 3388 2832 3442 Cum
2861 3388 2976 3441 haec
2996 3368 3076 3442 ita
3096 3389 3228 3454 sint,
3255 3389 3428 3442 nolite
3449 3389 3698 3458 credere,

1028 3435 1269 3494 CAPUT
1299 3437 1421 3492 Ἧι
2101 3435 2335 3528 {Si};
2352 3435 2621 3531 ea};
2652 3435 3700 3547 ”νεζι“ἓίξιῗυ”εξιίπᾘζ’’ξᾼίέίζιζτᾘιῖιῖἑέίὲἶ

496 3582 525 3618 ι
553 3562 653 3618 Va:
678 3560 842 3625 mihi,
876 3562 1009 3635 quia
1036 3562 1218 3616 factus
1246 3578 1383 3629 sum.
1404 3562 1550 3617 sicut
1588 3563 1683 3633 qui
1714 3563 1926 3634 colligit
1961 3564 2021 3619 in
2176 3578 2203 3612 (‹
2236 3563 2351 3632 Ego
2381 3568 2569 3616 autem
2610 3580 2635 3614 »
2679 3579 2789 3616 non
2839 3563 3016 3617 habeo
3060 3565 3320 3618 ﬁduciam
3370 3565 3429 3618 in
3477 3565 3705 3621 illorum

423 3658 698 3707 autumno
719 3668 969 3706 racemos
989 3651 1300 3705 vindemiae.
1322 3651 1444 3704 Non
1466 3657 1553 3705 est
1570 3651 1765 3706 botrus
1784 3653 1855 3707 ad
1875 3669 2023 3707 com-
2102 3649 2257 3703 falsis
2278 3649 2755 3720 promissionibus,
2781 3651 2879 3704 sed
2906 3671 2927 3700 ι
2954 3652 3022 3704 ad
3046 3652 3349 3709 Dominum
3377 3653 3647 3723 aspiciam
3670 3672 3699 3707 ι)

424 3741 723 3803 edendum,
748 3755 1072 3811 praecoquas
1099 3739 1236 3792 licus
1258 3738 1596 3792 desideravit
1615 3740 1805 3793 anima
1828 3756 1968 3794 mea.
1993 3760 2017 3793 »
2104 3744 2163 3801 et
2187 3738 2309 3807 ejus
2338 3737 2796 3798 misericordiam.
2824 3757 2849 3790 (‹
2878 3739 3219 3809 Exspectabo
3250 3741 3429 3795 Deum
3459 3741 3705 3807 salvato-

423 3828 593 3881 Nunc
608 3827 859 3899 praedicit
879 3826 1259 3898 captivitatem
1291 3831 1347 3879 et
1376 3826 1531 3880 Iudae
1552 3832 1610 3880 et
1639 3828 1832 3894 Israel,
1856 3828 1912 3881 id
1938 3834 2024 3882 est
2103 3841 2224 3880 rem
2235 3841 2444 3890 meum,
2464 3846 2488 3879 ι)
2509 3831 2567 3880 et
2580 3833 2765 3880 certus
2777 3844 2901 3882 sum
2918 3828 3051 3898 quia
3071 3848 3092 3875 ιι
3116 3828 3307 3882 audiet
3326 3845 3416 3882 me
3428 3830 3703 3889 Dominus

422 3915 616 3970 decem
631 3913 878 3969 tribuum
898 3922 955 3969 et
974 3915 1313 3987 duarum,‘et
1335 3914 1554 3985 plangit
1572 3915 1720 3985 quod
1740 3916 1928 3970 nullus
1949 3915 2024 3970 sit
2105 3912 2250 3975 Deus
2267 3930 2441 3968 meus.
2466 3915 2551 3969 Ne
2572 3914 2795 3978 laeteris,
2820 3915 3050 3969 inimica
3070 3932 3212 3982 mea,
3239 3932 3409 3988 super
3433 3933 3543 3978 me,
3569 3917 3706 3988 quia

418 4005 608 4075 justus
650 4004 709 4058 in
738 4004 944 4075 populo
973 4004 1100 4067 isto,
1133 4002 1230 4073 qui
1258 4003 1434 4073 possit
1481 3993 1742 4064 resiStere
1771 4004 1866 4058 irae
1898 4004 2016 4059 Dei.
2103 4002 2295 4066 cecidi,
2319 4018 2674 4073 consurgam.
2695 4004 2834 4057 Cum
2850 4004 3046 4059 sedero
3066 4004 3124 4057 in
3148 4003 3412 4071 tenebris,
3428 4005 3703 4061 Dominus

423 4093 659 4147 Frustra
684 4092 902 4168 (inquit)
928 4092 1155 4145 locutus
1169 4086 1315 4157 sum,
1340 4091 1644 4161 praedicens
1670 4093 1818 4145 mala
1834 4092 2021 4147 immi-
2101 4090 2197 4144 lux
2223 4106 2350 4145 mea
2369 4096 2472 4145 est.
2496 4090 2649 4145 Iram
2672 4092 2895 4157 Domini
2918 4092 3457 4163 portabo,quoniam
3480 4094 3703 4163 peccavi

422 4181 637 4239 nenti‘a,
663 4179 872 4233 ﬂustra
892 4179 1043 4233 volui
1068 4195 1132 4233 ex
1158 4179 1379 4250 perdita
1401 4178 1626 4233 civitate
1656 4180 1873 4251 aliquos
1894 4197 2019 4235 con-
2102 4179 2171 4245 ei,
2205 4179 2380 4233 donec
2401 4179 2614 4248 judicet
2636 4196 2876 4243 causam,
2901 4197 3103 4243 meam,
3144 4184 3202 4234 et
3229 4180 3397 4235 faciat
3419 4181 3698 4251 judicium

422 4267 1263 4337 vertere,et-quasiremanentes
1279 4282 1527 4321 racemos
1537 4268 1656 4339 jam
1670 4268 2312 4368 vindemiataanmeum.
2346 4267 2559 4322 Educet
2593 4284 2682 4331 me
2712 4269 2769 4321 in
2794 4269 2994 4335 lucem,
3018 4269 3214 4324 videbo
3237 4269 3518 4339 justitiam
3553 4271 3696 4340 ejus,

422 4356 598 4409 vineae
646 4354 928 4424 colligere.
964 4354 1032 4408 Et
1078 4370 1209 4408 cum
1252 4370 1505 4409 racemos
1548 4370 1661 4410 non
1688 4357 2014 4423 invenirem,
2035 4354 2159 4408 "et
2178 4355 2412 4425 aspiciet
2432 4371 2522 4409 me
2541 4356 2770 4410 inimica
2789 4373 2932 4421 mea,
2956 4363 3013 4410 et
3040 4359 3327 4429 aperietur
3353 4358 3697 4422 confusione,

422 4443 580 4497 volui
595 4443 799 4497 saltem
814 4443 1150 4515 immaturas
1166 4444 1324 4510 ficus,
1341 4443 1403 4497 id'
1419 4449 1506 4497 est
1517 4460 1743 4514 grossos
1761 4446 2016 4510 ﬁcorum,
2102 4458 2226 4512 quae
2246 4442 2380 4496 dicit
2399 4443 2469 4497 ad
2488 4459 2579 4497 me
2606 4444 2746 4509 :Ubi
2767 4451 2853 4498 est
2882 4445 3156 4500 Dominus
3176 4447 3327 4501 Deus
3347 4448 3515 4501 tuus?
3539 4448 3702 4504 Oculi

424 4532 740 4589 comedere.
785 4532 918 4604 quia
961 4531 1136 4588 bonas
1178 4537 1430 4603 maturas
1477 4548 1591 4601 non
1643 4533 2014 4593 inveniebam.

424 4619 589 4684 Quod
614 4618 725 4675 tale
755 4629 859 4686 est,
886 4620 1058 4674 veluti
1097 4619 1146 4674 si
1191 4620 1316 4691 quis
1343 4620 1512 4683 dicat,
1544 4619 1677 4691 quia
1705 4636 1877 4690 panes
1905 4636 2019 4676 non

422 4708 631 4775 inveni,
657 4708 814 4764 volui
833 4708 1169 4781 quisquilias
1189 4715 1247 4763 et
1270 4707 1513 4762 furfures
1536 4708 1876 4769 manducare
1904 4726 2018 4782 prae

420 4797 1024 4869 famis’magnitudine.
1060 4798 1242 4862 Quam
1284 4795 1710 4863 similitudinem
1741 4797 1860 4875 ipse
1888 4815 2020 4869 pro-

422 4887 594 4958 pheta
623 4887 870 4959 eXponit,
906 4886 1096 4940 dicens
1130 4904 1141 4938 :

498 4992 535 5029 αι
554 4974 732 5031 Periit
755 4980 982 5047 sanctus
1009 4974 1078 5028 de
1105 4979 1277 5039 terra,
1310 4979 1368 5027 et
1395 4981 1581 5028 rectus
1606 4972 1666 5027 in
1700 4975 2021 5032 hominibus

423 5077 544 5119 non
556 5069 662 5118 est:
689 5062 899 5119 Omnes
920 5060 1274 5132 insangui‘ne
1293 5060 1664 5133 insidiantur:
1686 5062 1772 5115 vir
1788 5062 2019 5120 fratrem

423 5168 595 5207 suum
620 5156 859 5206 venatur
878 5150 953 5204 ad‘
976 5154 1235 5215 mortem,
1260 5150 1470 5204 malum
1496 5166 1765 5205 manuum
1788 5169 2019 5207 suarum

423 5241 619 5295 dicunt
632 5238 861 5294 bonum.
883 5257 909 5291 ι
927 5238 1049 5291 Non
1072 5238 1253 5292 solum
1274 5238 1488 5292 faciunt
1506 5239 1622 5294 haec
1643 5241 1810 5306 mala,
1830 5258 2019 5295 verum

424 5329 596 5384 etiam
618 5326 947 5390 defendunt,
968 5333 1027 5381 et
1043 5326 1239 5381 ordine
1261 5328 1689 5399 perversorquod
1705 5328 1915 5383 bonum
1935 5336 2022 5385 est

425 5415 881 5482 dicuntmal‘um,
905 5421 965 5468 et
982 5414 1231 5485 quodest
1253 5416 1483 5484 malum,
1502 5416 1696 5472 dicunt
1718 5416 1946 5473 bonum.

447 5577 451 5582 ν
500 5522 532 5558 ι
558 5502 829 5581 Princeps
855 5500 1123 5593 postulat,
1153 5508 1211 5578 et
1238 5503 1414 5595 jzudex
1439 5504 1500 5559 in
1536 5505 1820 5577 reddendo
1848 5511 1952 5563 est.
1991 5527 2015 5562 ι

2100 4531 2212 4585 mei
2240 4531 2507 4585 videbunt
2532 4532 2592 4585 in
2621 4548 2764 4599 eam,
2790 4550 2940 4591 nunc
2967 4534 3073 4588 erit
3096 4535 3154 4589 in
3180 4535 3602 4590 conculcatione
3633 4542 3699 4591 ut

2100 4619 2282 4683 lutum
2307 4620 2639 4692 platearum.
2671 4641 2694 4672 ι
2720 4620 2839 4681 Vox
2864 4622 3217 4676 Hierusalem
3237 4629 3435 4677 contra
3461 4623 3702 4695 Babylo-

2099 4723 2233 4763 nem
2256 4714 2314 4763 et
2342 4714 2571 4763 caeteras
2596 4713 2815 4779 gentes,
2851 4727 2973 4780 quae
3003 4711 3425 4773 exsultaverunt
3448 4712 3507 4766 in
3533 4713 3701 4766 ruina.

2103 4797 2253 4866 ejus:
2278 4797 2324 4860 Ο
2346 4796 2592 4869 Babylon
2613 4797 3004 4865 inimicamea,
3024 4815 3094 4853 ne
3114 4799 3318 4854 laeteris
3324 4816 3428 4869 ,_ne
3447 4801 3700 4872 gaudeas

2101 4900 2272 4956 super
2299 4900 2408 4951 me,
2443 4885 2578 4956 quia
2607 4884 2781 4939 cecidi
2811 4885 3010 4942 merito
3040 4903 3185 4942 meo.
3212 4888 3522 4973 Postquam
3550 4889 3704 4944 enim

2102 4974 2247 5028 iram
2283 4974 2507 5029 Domini
2547 4980 2871 5045 portavero,
2909 4991 3264 5047 consurgam,
3308 4977 3443 5048 quia
3481 4978 3577 5032 ille
3615 4985 3706 5033 est

2102 5063 2295 5117 lumen
2324 5079 2513 5117 meum
2542 5065 2601 5117 in
2630 5064 2879 5119 tenebris
2906 5064 3353 5121 tribulationum.
3380 5065 3525 5133 Novi
3549 5067 3701 5138 quod

2104 5166 2196 5205 me
2217 5151 2291 5205 sit
2311 5152 2581 5206 ducturus
2605 5152 2673 5206 de
2694 5153 2955 5223 angustia
2976 5153 3124 5207 Deus
3140 5169 3319 5219 meus,
3345 5160 3403 5208 et
3419 5155 3566 5209 oculi
3587 5156 3704 5221 mei

2103 5240 2370 5295 videbunt
2384 5240 2663 5311 justitiam
2685 5243 2827 5312 ejus,
2846 5242 2899 5295 id
2926 5247 3009 5295 est
3030 5240 3303 5306 ultionem
3326 5258 3497 5321 quam
3516 5243 3701 5298 factu-

2101 5346 2200 5384 rus
2223 5334 2310 5384 est
2334 5344 2447 5383 non
2466 5330 2633 5400 longo
2654 5335 2781 5399 post
2801 5335 3070 5399 tempore,
3097 5330 3195 5384 sed
3222 5340 3369 5384 nunc
3387 5336 3444 5385 et
3470 5331 3529 5385 in
3553 5348 3700 5403 pra:-

2101 5418 2283 5480 sentia
2313 5433 2508 5475 eorum
2537 5423 2700 5472 erunt
2732 5418 2790 5470 in
2820 5418 3333 5489 conculcationem,
3352 5422 3408 5472 et
3436 5419 3697 5474 devasta-

2099 5507 2312 5564 buntur
2333 5524 2372 5561 α
2386 5506 2564 5563 Medis
2582 5511 2639 5580 et
2657 5506 2863 5560 Persis.
2881 5507 3005 5580 Huc
3022 5523 3201 5593 usque
3220 5505 3694 5577 vox‘Hierusalem
