4062 6168
563 355 662 413 167

973 341 1351 401 HAYMONIS
1389 334 1880 393 HALBERSTAT.
1923 329 2148 386 EPISC.

2232 326 2347 380 ιΡΡ.
2387 325 2572 380 PARS
2610 326 2654 380 Ι.
2703 356 2767 366 -
2806 325 3177 382 ΟΟΜΜΕΝΤ.
3215 327 3391 383 BIBL.

3677 327 3762 386 168

553 482 670 535 rint
689 483 747 533 et
769 472 1154 532 formidabant
1180 484 1292 523 non
1320 464 1620 520 Dominum
1638 461 1818 514 Deum
1840 473 2024 520 suum,
2042 453 2137 507 sed
2158 455 2207 512 Α
2224 449 2462 504 Judaico
2489 451 2715 520 populo,
2750 451 2899 504 sicut
2936 449 3197 520 gentibus
3225 449 3474 504 misertus
3501 455 3594 503 est.
3633 450 3760 503 Deus

554 574 830 628 nostrum,
858 563 990 634 quia
1005 559 1240 614 necdum
1257 571 1384 610 eum
1406 554 1695 605 merentur
1716 546 1921 600 habere
1941 545 2138 598 Deum.

562 677 585 710 ι
600 630 900 712 Dominum
914 651 1091 705 Deum
1114 644 1366 700 nostrum
1380 636 1859 699 desiderabunt,et
1869 630 2148 686 timebunt

558 753 634 801 te.
662 764 688 798 »
723 745 865 798 Cum
894 740 963 793 de
991 735 1158 791 tertia
1189 745 1427 803 persona
1467 727 1812 796 loqueretur,
1834 720 2018 774 subito
2048 735 2148 789 per

557 830 956 904 apostropham
999 819 1270 879 convertit
1307 834 1366 872 se
1413 815 1482 868 ad
1531 812 1838 876 Christum,
1880 815 1938 862 et
1980 807 2142 860 dicit:

565 902 914 975 ci—Timebunt
933 921 1007 978 te,
1040 933 1060 962 ι
1093 910 1298 964 idcirco
1328 904 1735 964 obmutescent,
1766 904 1824 952 et
1837 902 2038 951 caetera
2057 911 2151 965 pa-

558 1010 772 1064 tientur
800 1021 925 1076 quae
957 1003 1106 1056 dicta
1136 994 1603 1061 sunt,uttimeant
1623 995 1698 1055 te,
1720 1005 1751 1042 o
1774 983 2154 1053 Christe,quia

559 1097 783 1152 initium
813 1090 1101 1163 sapientiae
1127 1087 1299 1141 timor
1321 1080 1566 1137 Domini.

633 1201 660 1235 ((
690 1181 844 1246 Quis,
870 1160 1041 1243 Deus,
1075 1171 1275 1227 similis
1303 1169 1408 1232 tui,
1433 1167 1528 1238 qui
1558 1164 1744 1218 aufers
1768 1160 2142 1231 iniquitatem,

557 1277 612 1327 et
631 1269 838 1326 transis
859 1270 1150 1338 peccatum
1181 1257 1545 1328 reliquiarum
1576 1249 1922 1306 haereditatis
1948 1246 2094 1302 tum?
2116 1264 2142 1296 »

558 1335 1167 1428 IntelligensprOpheta
1178 1347 1358 1400 adhoc
1370 1342 1671 1398 Dominum
1687 1339 1848 1392 irasci
1859 1335 2142 1407 gentibus,

558 1455 623 1502 ut
652 1424 1034 1500 easvturbaret
1061 1444 1116 1492 et
1170 1430 1555 1496 confunderet,
1588 1435 1645 1482 et
1700 1433 1762 1481 ut
1802 1424 2044 1480 turbatis
2092 1425 2148 1475 et

559 1534 804 1591 confusis
836 1534 1107 1602 parceret,
1133 1531 1191 1579 et
1239 1527 1466 1595 peccata
1503 1519 1770 1581 auferret,
1803 1515 2149 1580 donaretque

559 1625 821 1685 salutem,
843 1601 1168 1672 admiratur
1183 1617 1239 1666 et
1257 1609 1450 1664 laudat
1463 1607 1770 1660 bonitatem
1795 1603 1916 1665 Dei,
1933 1601 2145 1654 dicens:

2227 537 2379 590 enim
2405 537 2592 590 volens
2618 538 3078 603 misericordiam,
3104 538 3233 607 quia
3273 538 3570 591 misericors
3597 544 3689 602 est,
3716 544 3763 592 et

2228 627 2354 680 ideo
2385 632 2695 680 revertetur
2732 626 3047 680 miserendo
3104 627 3183 678 eis
3227 643 3362 695 quos
3406 624 3678 695 abjecerat.
3707 626 3765 679 Et

2228 713 2456 783 projicit
2482 713 2539 766 in
2569 713 2907 783 profundum
2930 713 3102 767 maris
3123 718 3344 784 peccata
3363 718 3560 780 nostra,
3590 719 3648 766 ut
3667 714 3767 782 jam

2229 817 2340 854 non
2369 806 2696 871 appareant.

2305 908 2332 941 α
2355 889 2524 943 Dabis
2540 890 2828 943 veritatem
2849 889 3475 955 Jacob,misericordiam
3495 888 3768 954 Abraham,

2235 994 2357 1048 quae
2381 979 2585 1048 jurasti
2613 978 2868 1048 patribus
2915 979 3123 1032 nostris
3153 995 3187 1032 a
3229 977 3418 1031 diebus
3468 977 3715 1047 antiquis.
3744 995 3770 1030 ι

2233 1066 2413 1131 Illam,
2437 1067 2638 1136 inquit,
2652 1067 3142 1137 veritatem,quam
3154 1065 3450 1138 promisisti
3469 1064 3622 1119 Iacob
3641 1081 3774 1118 servo

2231 1159 2347 1216 tuo,
2383 1161 2440 1207 et
2465 1154 2906 1208 misericordiam
2931 1171 3100 1224 quam
3133 1155 3410 1225 pollicitus
3421 1169 3479 1207 es
3499 1153 3774 1206 dilectotuo

2228 1241 2694 1305 Abraham,dabis
2707 1242 3062 1296 credentibus
3083 1243 3142 1296 in
3161 1248 3216 1296 te
3233 1259 3298 1296 ex
3314 1247 3544 1310 utroque
3577 1240 3772 1310 populo.

2227 1329 2370 1382 Nam
2401 1346 2501 1399 per
2521 1329 2709 1397 Jacob,
2743 1330 2838 1400 qui
2875 1331 3262 1400 supplantator
3307 1329 3523 1391 dicitur,
3545 1327 3777 1397 antiquus

2228 1417 2547 1472 Iudaeorum
2573 1419 2812 1489 populus
2839 1419 3192 1488 intelligitur,
3213 1418 3307 1488 qui
3333 1417 3390 1470 in
3403 1416 3668 1470 Christum
3682 1431 3779 1468 cre-

2231 1505 2368 1559 dens
2397 1506 2778 1576 supplantavit
2803 1505 3216 1560 inﬁdelitatem.
3252 1504 3371 1558 Illis
3399 1520 3526 1573 ergo
3543 1501 3684 1556 dabit
3700 1517 3778 1554 ve-

2231 1592 2455 1647 ritatem
2481 1592 2860 1664 prwmiorum,
2892 1609 3014 1663 (1υεῦ
3073 1594 3153 1646 eis
3212 1590 3482 1662 pollicitus
3533 1595 3648 1644 est:
3699 1604 3781 1658 per

563 1677 776 1775 aQuis,
810 1677 980 1769 Deus,
1002 1702 1200 1758 similis
1243 1699 1367 1754 tui?
1393 1718 1414 1748 ι
1449 1693 1715 1750 subaudis
1739 1691 1946 1745 nullus.
1984 1706 2009 1737 σ
2043 1685 2149 1750 Qui
2174 1679 2538 1775 “Abraham,
2571 1680 2665 1750 qui
2695 1685 2856 1750 pater
2893 1680 3219 1744 multarum,
3253 1678 3514 1733 subaudis
3537 1677 3780 1747 gentium,

559 1761 754 1855 auger;
767 1761 1134 1866 iniquitatem
1160 1794 1216 1843 et
1245 1785 1452 1841 transis
1482 1787 1768 1854 peccatum
1785 1778 2150 1847 reliquiarum
2174 1761 2221 1818 B
2239 1768 2662 1840 interpretatur,
2695 1768 2999 1823 multitudo
3023 1769 3279 1838 gentium
3326 1767 3650 1836 designatur,
3681 1780 3783 1834 quae

558 1885 904 1944 haereditatis
927 1888 1038 1936 tuae
1060 1878 1084 1932 ?
1109 1899 1134 1930 ))
1168 1877 1324 1935 Sicut
1341 1873 1622 1944 quondam
1639 1871 1696 1922 in
1712 1869 1949 1938 IEgypto
1971 1870 2154 1918 exter-

558 1979 806 2033 minator
821 1972 1054 2042 angelus
1073 1969 1265 2022 videns
1279 1962 1608 2032 sanguinem
1631 1960 1690 2013 in
1699 1957 1914 2013 foribus
1929 1953 2154 2009 Israeli-

558 2077 768 2130 tarum,
802 2057 1181 2134 pertransivit,
1214 2059 1271 2108 et
1299 2069 1412 2106 non
1441 2050 1522 2104 eis
1549 2048 1758 2102 nocuit.

635 2174 657 2204 ι
685 2130 820 2206 Non
847 2147 1117 2202 immittet
1157 2143 1310 2197 ultra
1355 2140 1604 2193 furorem
1659 2134 1847 2200 suum,
1885 2130 2150 2201 quoniam

557 2242 748 2296 volens
777 2233 1213 2292 misericordiam
1244 2229 1687 2284 est.Revertetur
1713 2230 1770 2275 et
1798 2217 2153 2272 miserebitur

561 2329 761 2384 nostri.
787 2327 1041 2396 Deponet
1067 2318 1394 2390 iniquitates
1437 2318 1676 2378 nostras,
1703 2316 1758 2364 et
1804 2307 2061 2379 projiciet
2092 2304 2153 2358 in

559 2416 900 2490 profundum
920 2411 1091 2466 maris
1110 2407 1300 2464 omnia
1329 2409 1557 2476 peccata
1575 2404 1787 2464 nostra,
1813 2418 1840 2451 ι)
1863 2397 1922 2449 id
1943 2399 2028 2448 est
2041 2409 2154 2446 non

560 2482 621 2561 in
654 2511 989 2577 perpetuum
1018 2501 1311 2562 irascetur,
1342 2493 1441 2547 sed
1475 2488 1777 2561 aliquando
1798 2482 2155 2539 miserebitur

2235 1856 2511 1910 credendo
2541 1857 2602 1911 in
2626 1856 2910 1911 Christum
2941 1857 3098 1911 facta:
3123 1863 3257 1911 sunt
3276 1855 3376 1910 ﬁlii
3395 1851 3784 1922 Abraham,qui—

2237 1944 2341 1999 bus
2370 1945 2526 1999 dabit
2557 1945 2992 1999 misericordiam
3017 1945 3361 2015 gratissime,
3393 1948 3448 1998 et
3474 1959 3570 1996 suo
3610 1940 3783 1994 merito

2237 2050 2329 2088 eas
2359 2034 2771 2104 justiﬁcandoa
2799 2033 3059 2104 peccatis.
3093 2033 3227 2097 Quae
3256 2031 3442 2086 omnia
3465 2029 3673 2100 jurati,
3700 2029 3788 2081 hoc

2234 2121 2771 2176 estimmutabiliter
2822 2120 3130 2191 promisisti
3177 2119 3431 2191 patribus
3485 2135 3620 2172 verae
3657 2116 3786 2180 ﬁdei,

2233 2212 2381 2281 quod
2409 2210 2671 2264 videlicet
2698 2227 2764 2263 ex
2796 2214 2917 2263 tota
2936 2208 3257 2274 [hominum
3299 2205 3644 2262 multitudine
3675 2203 3792 2258 alios

2234 2299 2488 2364 veritate,
2523 2297 2662 2351 alios
2725 2297 3110 2351 misericordia
3162 2297 3427 2352 salvares.
3464 2313 3490 2348 α
3544 2293 3790 2349 Universae

2236 2387 2386 2442 enim
2409 2387 2508 2441 viae
2536 2385 2782 2453 Domini,
2814 2385 3198 2441 misericordia
3227 2390 3288 2440 et
3310 2385 3528 2440 veritas.
3557 2401 3582 2436 Β

545 2621 3765 2682 _________________________._

1382 2755 1524 2849 IN
1578 2747 2075 2846 NAHUM
2131 2739 3006 2836 PROPHETAM.

1994 2933 2400 2950 ﬂ

632 3033 857 3091 Nahum
873 3030 1168 3104 propheta,
1189 3025 1333 3081 sicut
1355 3029 1413 3079 et
1429 3017 1914 3083 Jonas,interitum
1937 3013 2151 3068 Ninivae
2168 3011 2212 3071 C
2235 3006 2488 3078 Assyriis
2511 3024 2523 3072 ;
2556 3005 2690 3069 sive,
2726 3003 2911 3058 altiori
2939 3019 3130 3068 sensu,
3163 3003 3315 3072 quod
3341 3001 3534 3056 audiat
3558 2995 3801 3069 gemitum

561 3123 802 3179 civitatis
832 3136 1049 3190 magnae
1078 3117 1408 3171 vaticinatus
1437 3117 1540 3176 est,
1572 3114 1630 3163 et
1652 3106 1956 3162 secundum
1983 3117 2149 3156 suum

561 3211 912 3275 vocabulum,
949 3208 1082 3279 quia
1107 3205 1331 3260 Nahum
1364 3199 1680 3254 consolator
1729 3195 2148 3263 interpretatur,

2233 3101 2572 3159 sanctorum,
2608 3091 2868 3162 quodque
2895 3093 2952 3145 in
2974 3092 3086 3146 ﬁne
3109 3091 3298 3146 saeculi
3315 3092 3489 3161 digna
3504 3084 3802 3142 adversariis

2235 3189 2441 3243 inferat
2482 3184 2781 3256 supplicia.
2830 3183 3145 3237 Emulator
3174 3187 3410 3236 vocatur
3445 3181 3639 3234 zelans.
3671 3175 3806 3230 Zelus

561 3301 883 3358 consolatur
901 3267 1291 3368 captivitatem
1323 3292 1515 3344 decem
1553 3286 1824 3348 tribuum,
1857 3299 1997 3353 quas
2033 3281 2152 3350 jam
2236 3282 2422 3332 autem
2455 3272 2758 3344 aliquando
2776 3272 2833 3325 in
2857 3271 3060 3326 bonam
3091 3276 3308 3343 partem
3336 3270 3581 3341 ponitur,
3612 3267 3806 3320 dicente

561 3389 974 3446 transtulerant
991 3383 1210 3455 Assyrii
1239 3382 1298 3434 in
1325 3371 1944 3445 Niniven,regnantein
1958 3369 2156 3423 Iudaea
2237 3365 2446 3419 Paulo:
2479 3360 2853 3417 jEmulamini
2901 3361 3244 3414 charismata
3299 3360 3571 3425 meliora;
3601 3361 3655 3410 et
3700 3354 3805 3424 ipse

560 3475 798 3533 Ezechia
823 3490 974 3544 rege.
997 3473 1121 3526 Non
1148 3468 1295 3523 enim
1327 3471 1451 3521 erat
1476 3480 1645 3535 parva
1690 3458 1994 3515 consolatio
2038 3462 2157 3509 tam
2237 3452 2511 3507 Dominus
2540 3452 2598 3504 in
2619 3451 2868 3521 psalmo:
2906 3468 2928 3500 ‹
2974 3450 3134 3503 Zelus
3178 3449 3382 3502 domus
3433 3453 3541 3502 tuae
3590 3439 3808 3498 comedit

562 3567 652 3620 his
681 3563 776 3635 qui
801 3563 920 3632 jam
953 3559 1197 3630 Assyriis
1228 3554 1563 3614 serviebant.
1605 3567 1772 3622 quam
1813 3548 1924 3601 illis
1951 3545 2048 3617 qui
2096 3543 2156 3596 in
2241 3558 2350 3595 me.
2388 3561 2410 3591 ι
2444 3541 2668 3594 Zelatur
2696 3539 2846 3592 enim
2877 3539 3026 3592 Deus
3053 3539 3112 3591 in
3142 3537 3385 3590 salutem
3441 3552 3578 3606 quos
3631 3532 3807 3600 dignos

559 3617 751 3708 Iudaea
783 3617 885 3705 sub
913 3617 1146 3704 Ezechia
1172 3643 1588 3708 obsidebantur,
1621 3617 1686 3693 ut
1710 3637 1972 3692 audirent
1989 3636 2156 3703 Assy—
2239 3629 2425 3694 habet,
2451 3635 2515 3683 ut
2535 3643 2673 3699 quos
2703 3645 2814 3681 non
2844 3632 3029 3681 servat
3046 3625 3368 3688 clementia,
3399 3625 3637 3694 corrigat
3657 3617 3806 3675 casti-

563 3743 680 3796 rios
707 3740 965 3794 inimicos
995 3753 1126 3792 suos
1154 3751 1187 3788 a
1213 3731 1488 3788 Chaldzeis
1516 3728 1834 3800 capiendos.
2235 3718 2409 3788 gatio.
2435 3717 2578 3771 Hinc
2608 3717 2678 3770 ad
2697 3716 3068 3776 Hierusalem,
3087 3713 3505 3784 quaeobstinata
3524 3709 3809 3766 intentione

2238 3807 2297 3860 in
2327 3805 2570 3876 peccatis
2599 3804 2986 3875 permanebat,
3020 3807 3198 3857 iratus
3254 3803 3528 3857 Dominus
3582 3798 3810 3870 loquitur

1055 3877 1294 3933 CAPUT
1346 3872 1650 3928 PRIMUM.
2237 3872 2347 3965 per
2367 3872 2708 3948 Ezechielem
2738 3914 2748 3948 :
2806 3912 2829 3943 ι
2859 3893 3020 3946 Zelus
3052 3909 3211 3946 meus
3251 3891 3485 3945 recessit
3533 3907 3565 3944 a
3606 3895 3676 3950 te,
3709 3899 3808 3939 non

637 4011 660 4044 ι
677 3991 831 4047 Onus
848 3983 1253 4044 Ninivaz.Liber
1271 3981 1499 4036 visionis
1520 3979 1744 4034 Nahum
1767 3971 2096 4029 Ηϐιοιὶθεεθί·
2125 3989 2151 4022 ν
2236 3983 2450 4036 irascar
2478 3981 2579 4036 tibi
2598 3982 2764 4035 ultra.
2796 4001 2818 4033 ι
2854 3981 3152 4051 Sequitur:
3192 3999 3214 4030 ι
3246 3980 3533 4034 Ulciscens
3560 3976 3812 4033 Dominus

561 4081 719 4137 Onus
738 4078 883 4150 apud
905 4075 1207 4148 prophetas
1225 4089 1393 4143 grave
1414 4069 1631 4142 pondus
1651 4059 2153 4125 miseriarummbi'
2237 4077 2295 4126 et
2313 4071 2525 4124 habens
2563 4070 2830 4131 furorem,
2861 4069 3138 4122 ulciscens
3198 4067 3477 4123 Dominus
3530 4067 3587 4121 in
3641 4066 3811 4118 hostes

561 4184 782 4238 cunque
805 4167 1053 4237 ponitur,
1084 4163 1347 4230 designat
1376 4159 1525 4229 quod
1577 4174 1706 4211 eum
1742 4158 1937 4209 contra
1985 4165 2152 4238 quell}
2235 4176 2383 4222 suos,
2421 4165 2478 4213 et
2503 4158 2749 4212 irascens
2779 4157 2896 4227 ipse
2927 4156 3170 4210 inimicis
3197 4157 3337 4213 suis.
3362 4177 3387 4209 ι)
3420 4156 3685 4211 Dominus
3704 4151 3814 4206 nul-

562 4255 768 4310 diCitm‘
807 4257 1046 4322 Premat,
1079 4266 1182 4303 nec
1207 4249 1355 4302 Sinat
1407 4247 1623 4299 elevare
1675 4242 1963 4297 ceFVicem-
1990 4237 2152 4303 QuOd
2236 4249 2352 4301 lum
2373 4253 2588 4301 motum
2617 4246 2812 4311 animi,
2845 4246 3063 4299 nullum
3089 4250 3272 4316 potest
3286 4245 3537 4317 recipere
3558 4245 3805 4302 furorem,

559 4347 749 4396 autem
773 4339 997 4401 dicitur,
1030 4337 1254 4390 Nahum
1310 4333 1635 4395 Ilelchesaei,
1694 4330 1908 4383 viculus
1955 4332 2040 4381 est
2093 4323 2177 4380 inl

2235 4336 2330 4406 qui
2350 4336 2407 4388 in
2421 4353 2641 4389 summa
2654 4334 3065 4404 tranquillitate
3077 4334 3227 4388 mitis
3239 4339 3326 4388 est
3363 4340 3419 4388 et
3437 4349 3684 4389 serenus.
3717 4327 3814 4384 Sed

563 4428 813 4492 Galiliﬁa,
839 4427 958 4495 iam
995 4424 1249 4478 funditus
1280 4423 1519 4485 dirutus.
1562 4427 1621 4474 οῖ
1660 4419 1750 4472 Vix
1789 4416 2153 4471 ωάἱίῖοίοΐυῐῐι
2235 4424 2612 4494 metaphorice
2633 4424 2840 4477 dicitur
2868 4422 3074 4476 habere
3102 4423 3369 4486 furorem,
3404 4440 3535 4477 cum
3566 4421 3708 4476 mala
3733 4417 3813 4472 ul-

563 4518 958 4571 demonstrans
1003 4511 1254 4580 vestigia.
1287 4509 1447 4574 Quod
1465 4508 1615 4562 enim
1663 4505 1890 4576 quidam
1939 4504 2148 4568 dicunt,

561 4621 691 4660 eum
711 4603 1094 4658 Helchesazum
1119 4598 1380 4652 habuisse
1402 4608 1638 4668 patrem,
1660 4595 1859 4648 falsum
1877 4591 2152 4647 est.Liber

559 4691 790 4748 visionis
819 4691 887 4745 de
916 4706 981 4744 eo
1012 4687 1235 4752 dicitur,
1269 4686 1402 4756 quia
1429 4700 1543 4738 non
1566 4685 1625 4736 in
1665 4681 1844 4736 extasi
1883 4678 2150 4751 loqueba-

559 4786 674 4846 tur,
706 4786 770 4834 ut
805 4777 1055 4833 haeretici
1092 4775 1371 4840 dixerunt,
1404 4779 1675 4842 tanquam
1717 4769 1970 4824 nesciens
2017 4767 2152 4838 quid

562 4869 773 4922 diceret
810 4885 966 4921 more
1004 4878 1534 4934 energumenorum,
1561 4860 1659 4914 sed
1704 4857 1946 4923 videbat,
1980 4857 2036 4910 id
2069 4862 2155 4910 est

560 4953 913 5024 intelligebat
932 4956 1134 5006 cuncta
1161 4967 1283 5021 quae
1303 4949 1654 5021 loquebatur.
1681 4943 2154 5013 Moraliterloqui-

560 5048 658 5096 tur
683 5042 954 5114 prOpheta
983 5041 1042 5094 in
1074 5039 1452 5094 consolatione
1491 5042 1813 5092 sanctorum
1834 5035 1903 5088 de
1919 5033 2153 5088 interitu

563 5139 621 5188 et
639 5135 749 5187 ﬁne
777 5131 994 5195 mundi,
1019 5146 1184 5201 quem
1213 5129 1471 5198 designat
1493 5126 1710 5194 Ninive,
1735 5124 2153 5195 quaeinterpre—

561 5227 717 5277 tatur
735 5221 967 5292 pulchra
986 5221 1073 5273 vel
1090 5219 1336 5290 speciosa
1347 5260 1356 5270 .
1366 5219 1433 5272 Et
1447 5217 1590 5270 nihil
1600 5216 1851 5269 videmus
1864 5215 2151 5286 pulchrius

562 5311 793 5376 mundo,
813 5315 1060 5380 quatenu
1088 5307 1301 5362 somnia
1313 5307 1522 5361 caduca
1539 5312 1595 5360 et
1616 5306 1899 5359 mundana
1909 5310 2152 5358 contem-

561 5406 720 5466 nant,
754 5405 808 5453 et
840 5399 909 5453 ad
931 5398 1077 5451 diem
1099 5396 1300 5466 judicii
1328 5412 1387 5448 se
1417 5401 1636 5465 parent.

636 5506 661 5540 (ι
695 5489 844 5542 Deus
874 5486 1186 5551 aemulator,
1211 5484 1548 5538 etulciscens
1576 5484 1864 5538 Dominus.
1893 5504 1918 5536 »
1934 5483 2151 5538 Laudat

560 5576 836 5650 propheta
865 5573 1189 5644 Dominum,
1217 5572 1366 5649 quod
1394 5572 1545 5630 ultor
1598 5571 1674 5628 sit
1721 5573 1915 5646 populi
1953 5573 2042 5629 sui
2080 5574 2149 5628 de

2235 4511 2480 4577 ciscitur,
2516 4512 2650 4582 quia
2689 4512 2766 4565 sic
2805 4510 3212 4566 sustinentibus
3268 4511 3506 4566 videtur.
3557 4507 3815 4564 Irascitur

2233 4616 2366 4670 ergo
2389 4599 2679 4663 Dominus,
2704 4605 2768 4654 ut
2781 4600 2944 4653 tollat
2957 4616 2991 4652 a
3010 4599 3169 4653 nobis
3190 4599 3339 4670 quod
3359 4599 3464 4653 sibi
3486 4597 3815 4654 contrarium

2233 4693 2336 4751 est,
2376 4695 2431 4742 et
2457 4687 2690 4742 sublatis
2721 4688 2807 4741 his
2835 4704 2957 4758 quae
2985 4687 3090 4741 sibi
3111 4687 3425 4758 displicent,
3453 4689 3510 4742 in
3533 4687 3816 4757 antiquum

2233 4782 2443 4832 statum
2485 4777 2718 4830 correcti
2744 4777 3005 4831 homines
3015 4777 3420 4831 redeant.Nam
3438 4777 3706 4847 scriptum
3719 4777 3811 4828 est:

2241 4885 2264 4916 (
2296 4865 2568 4936 Flagellat
2592 4881 2816 4918 omnem
2844 4864 3023 4919 ﬁlium
3053 4881 3220 4936 quem
3252 4864 3470 4936 recipit.
3507 4884 3532 4915 ρ

2308 4973 2335 5008 α
2360 4953 2632 5008 Dominus
2657 4954 2876 5024 patiens
2896 4959 2953 5007 et
2975 4970 3212 5024 magnus
3234 4953 3581 5008 fortitudine.
3597 4971 3620 5004 ι
3647 4950 3815 5015 Quem

2235 5059 2407 5114 supra
2433 5043 2706 5096 zelantem
2736 5048 2793 5096 et
2848 5042 3055 5098 habere
3092 5043 3338 5097 furorem
3395 5042 3632 5103 dixerat,
3679 5053 3820 5093 nunc

2234 5133 2539 5204 patientem
2557 5138 2740 5186 vocat:
2757 5131 2855 5185 diu
2875 5132 3024 5185 enim
3041 5131 3399 5202 Assyriorum
3420 5129 3692 5185 sustinuit
3704 5143 3821 5198 pec-

2234 5225 2443 5287 cata,et
2461 5236 2562 5274 sua
2581 5220 3007 5291 longanimitate
3027 5221 3450 5291 provocaviteos
3463 5220 3534 5273 ad
3550 5217 3820 5289 paeniten-

2232 5308 2509 5363 tiam.Sed
2525 5309 2658 5379 quia
2680 5315 3139 5379 contempserunt
3156 5309 3466 5363 bonitatem
3481 5307 3820 5376 Dei,nequa—

2233 5415 2402 5469 quam
2424 5398 2921 5469 quasiinnocentes
2937 5398 3149 5452 inultos
3169 5398 3374 5453 habere
3394 5397 3752 5468 patitur.Hoc
3767 5399 3819 5446 et

2232 5486 2300 5539 de
2331 5486 2490 5541 nobis
2519 5487 2704 5540 dicere
2727 5489 2889 5556 juxta
2920 5488 3191 5542 moralem
3235 5487 3580 5541 intellectum
3626 5499 3823 5556 possu-

2233 5589 2378 5646 mus,
2409 5590 2549 5647 quos
2561 5573 2881 5646 benignitas
2892 5573 2996 5630 Dei
3019 5576 3089 5630 ad
3103 5575 3496 5649 paenitentiam
3515 5575 3816 5644 exspectat.
