  <div class='ocr_page' id='page_1' title='image "/cluster/home/n/w/nwhite01/storage/ocr_20150623/117/hvd.32044054759816/090.png"; bbox 0 0 4062 6168; ppageno 0'>
   <div class='ocr_carea' id='block_1_1' title="bbox 260 289 1877 375">
    <p class='ocr_par' dir='ltr' id='par_1_1' title="bbox 260 307 1874 375">
     <span class='ocr_line' id='line_1_1' title="bbox 260 307 1874 375; baseline -0.009 -1"><span class='ocrx_word' id='word_1_1' title='bbox 260 315 340 375; x_wconf 82' lang='grc'>169</span> <span class='ocrx_word' id='word_1_2' title='bbox 869 336 872 338; x_wconf 47' lang='grc' dir='ltr'><strong>ν</strong></span> <span class='ocrx_word' id='word_1_3' title='bbox 1205 309 1622 367; x_wconf 84' lang='lat' dir='ltr'>ENARRATIO</span> <span class='ocrx_word' id='word_1_4' title='bbox 1660 309 1738 364; x_wconf 89' lang='lat' dir='ltr'>IN</span> <span class='ocrx_word' id='word_1_5' title='bbox 1775 307 1874 361; x_wconf 81' lang='grc' dir='ltr'>ΝΛ</span> 
     </span>
    </p>
   </div>
   <div class='ocr_carea' id='block_1_2' title="bbox 1960 289 3609 375">
    <p class='ocr_par' dir='ltr' id='par_1_2' title="bbox 1960 289 3609 372">
     <span class='ocr_line' id='line_1_2' title="bbox 1960 289 3609 372; baseline 0.007 -12"><span class='ocrx_word' id='word_1_6' title='bbox 1960 306 2038 360; x_wconf 77' lang='lat' dir='ltr'>IM</span> <span class='ocrx_word' id='word_1_7' title='bbox 2075 307 2536 363; x_wconf 84' lang='lat' dir='ltr'>PROPHETAM.</span> <span class='ocrx_word' id='word_1_8' title='bbox 2878 349 2880 352; x_wconf 79' lang='grc'>.</span> <span class='ocrx_word' id='word_1_9' title='bbox 3017 334 3024 342; x_wconf 58' lang='grc' dir='ltr'><em>κ</em></span> <span class='ocrx_word' id='word_1_10' title='bbox 3406 313 3512 372; x_wconf 77' lang='grc'>170</span> <span class='ocrx_word' id='word_1_11' title='bbox 3601 289 3609 301; x_wconf 86' lang='grc'><em>’</em></span> 
     </span>
    </p>
   </div>
   <div class='ocr_carea' id='block_1_3' title="bbox 255 429 3510 510">
    <p class='ocr_par' dir='ltr' id='par_1_3' title="bbox 255 429 3510 510">
     <span class='ocr_line' id='line_1_3' title="bbox 255 429 3510 510; baseline 0 -15"><span class='ocrx_word' id='word_1_12' title='bbox 255 443 358 496; x_wconf 84' lang='grc' dir='ltr'>Νοη</span> <span class='ocrx_word' id='word_1_13' title='bbox 403 455 537 510; x_wconf 86' lang='lat' dir='ltr'>ergo</span> <span class='ocrx_word' id='word_1_14' title='bbox 570 444 999 494; x_wconf 82' lang='lat' dir='ltr'>contemnamus</span> <span class='ocrx_word' id='word_1_15' title='bbox 1027 435 1250 491; x_wconf 81' lang='lat' dir='ltr'>divitias</span> <span class='ocrx_word' id='word_1_16' title='bbox 1295 435 1563 489; x_wconf 79' lang='lat' dir='ltr'>bonitatis</span> <span class='ocrx_word' id='word_1_17' title='bbox 1611 435 1733 503; x_wconf 90' lang='lat' dir='ltr'>ejus</span> <span class='ocrx_word' id='word_1_18' title='bbox 1771 430 2220 496; x_wconf 84' lang='lat' dir='ltr'>etAhominum,</span> <span class='ocrx_word' id='word_1_19' title='bbox 2253 436 2353 485; x_wconf 90' lang='lat' dir='ltr'>aut</span> <span class='ocrx_word' id='word_1_20' title='bbox 2379 429 2472 484; x_wconf 85' lang='lat' dir='ltr'>hic.</span> <span class='ocrx_word' id='word_1_21' title='bbox 2496 448 2596 502; x_wconf 90' lang='lat' dir='ltr'>per</span> <span class='ocrx_word' id='word_1_22' title='bbox 2622 433 3030 503; x_wconf 81' lang='lat' dir='ltr'>pcenitentiam,</span> <span class='ocrx_word' id='word_1_23' title='bbox 3058 441 3156 492; x_wconf 89' lang='lat' dir='ltr'>aut</span> <span class='ocrx_word' id='word_1_24' title='bbox 3203 437 3260 491; x_wconf 90' lang='lat' dir='ltr'>in</span> <span class='ocrx_word' id='word_1_25' title='bbox 3300 439 3510 508; x_wconf 88' lang='lat' dir='ltr'>judicio</span> 
     </span>
    </p>
   </div>
   <div class='ocr_carea' id='block_1_4' title="bbox 255 519 3171 600">
    <p class='ocr_par' dir='ltr' id='par_1_4' title="bbox 255 519 3171 600">
     <span class='ocr_line' id='line_1_4' title="bbox 255 519 3171 600; baseline -0.002 -17"><span class='ocrx_word' id='word_1_26' title='bbox 255 529 676 600; x_wconf 87' lang='lat' dir='ltr'>longanimitatis</span> <span class='ocrx_word' id='word_1_27' title='bbox 705 529 844 597; x_wconf 86' lang='lat' dir='ltr'>ejus,</span> <span class='ocrx_word' id='word_1_28' title='bbox 879 544 948 581; x_wconf 88' lang='lat' dir='ltr'>ne</span> <span class='ocrx_word' id='word_1_29' title='bbox 984 526 1150 596; x_wconf 86' lang='lat' dir='ltr'>(quod</span> <span class='ocrx_word' id='word_1_30' title='bbox 1182 524 1352 590; x_wconf 87' lang='lat' dir='ltr'>absit)</span> <span class='ocrx_word' id='word_1_31' title='bbox 1390 524 1831 577; x_wconf 88' lang='lat' dir='ltr'>thesaurizemus</span> <span class='ocrx_word' id='word_1_32' title='bbox 1914 536 2013 588; x_wconf 91' lang='lat' dir='ltr'>per</span> <span class='ocrx_word' id='word_1_33' title='bbox 2040 519 2348 573; x_wconf 89' lang='lat' dir='ltr'>districtam</span> <span class='ocrx_word' id='word_1_34' title='bbox 2377 521 2729 575; x_wconf 77' lang='lat' dir='ltr'>severitatem</span> <span class='ocrx_word' id='word_1_35' title='bbox 2761 530 3171 594; x_wconf 82' lang='lat' dir='ltr'>prosternatur.</span> 
     </span>
    </p>
   </div>
   <div class='ocr_carea' id='block_1_5' title="bbox 254 608 3515 685">
    <p class='ocr_par' dir='ltr' id='par_1_5' title="bbox 254 608 3515 685">
     <span class='ocr_line' id='line_1_5' title="bbox 254 608 3515 685; baseline 0.001 -14"><span class='ocrx_word' id='word_1_36' title='bbox 254 617 391 672; x_wconf 87' lang='lat' dir='ltr'>nobis</span> <span class='ocrx_word' id='word_1_37' title='bbox 410 617 553 670; x_wconf 89' lang='lat' dir='ltr'>iram</span> <span class='ocrx_word' id='word_1_38' title='bbox 578 617 636 669; x_wconf 94' lang='lat' dir='ltr'>in</span> <span class='ocrx_word' id='word_1_39' title='bbox 659 615 864 670; x_wconf 77' lang='lat' dir='ltr'>dieirae</span> <span class='ocrx_word' id='word_1_40' title='bbox 883 620 939 668; x_wconf 89' lang='lat' dir='ltr'>et</span> <span class='ocrx_word' id='word_1_41' title='bbox 957 612 1312 667; x_wconf 83' lang='lat' dir='ltr'>revelationis</span> <span class='ocrx_word' id='word_1_42' title='bbox 1328 611 1467 680; x_wconf 90' lang='lat' dir='ltr'>justi</span> <span class='ocrx_word' id='word_1_43' title='bbox 1479 611 1678 680; x_wconf 89' lang='lat' dir='ltr'>judicii</span> <span class='ocrx_word' id='word_1_44' title='bbox 1708 610 1828 664; x_wconf 90' lang='lat' dir='ltr'>Dei.</span> <span class='ocrx_word' id='word_1_45' title='bbox 1991 630 2012 655; x_wconf 79' lang='grc' dir='ltr'>ιι</span> <span class='ocrx_word' id='word_1_46' title='bbox 2047 609 2192 661; x_wconf 81' lang='lat' dir='ltr'>Ante</span> <span class='ocrx_word' id='word_1_47' title='bbox 2234 608 2429 662; x_wconf 86' lang='lat' dir='ltr'>faciem</span> <span class='ocrx_word' id='word_1_48' title='bbox 2462 610 2863 680; x_wconf 83' lang='lat' dir='ltr'>indignationis</span> <span class='ocrx_word' id='word_1_49' title='bbox 2892 614 3016 682; x_wconf 83' lang='lat' dir='ltr'>ejus</span> <span class='ocrx_word' id='word_1_50' title='bbox 3046 615 3172 685; x_wconf 88' lang='lat' dir='ltr'>quis</span> <span class='ocrx_word' id='word_1_51' title='bbox 3212 616 3428 673; x_wconf 82' lang='lat' dir='ltr'>stabit?</span> <span class='ocrx_word' id='word_1_52' title='bbox 3457 624 3515 674; x_wconf 88' lang='lat' dir='ltr'>et</span> 
     </span>
    </p>
   </div>
   <div class='ocr_carea' id='block_1_6' title="bbox 261 697 3510 776">
    <p class='ocr_par' dir='ltr' id='par_1_6' title="bbox 261 697 3510 776">
     <span class='ocr_line' id='line_1_6' title="bbox 261 697 3510 776; baseline 0.002 -18"><span class='ocrx_word' id='word_1_53' title='bbox 261 728 278 758; x_wconf 73' lang='grc' dir='ltr'>α</span> <span class='ocrx_word' id='word_1_54' title='bbox 301 708 359 760; x_wconf 87' lang='lat' dir='ltr'>Et</span> <span class='ocrx_word' id='word_1_55' title='bbox 383 706 664 759; x_wconf 89' lang='lat' dir='ltr'>mundans</span> <span class='ocrx_word' id='word_1_56' title='bbox 692 721 805 757; x_wconf 92' lang='lat' dir='ltr'>non</span> <span class='ocrx_word' id='word_1_57' title='bbox 835 704 999 757; x_wconf 82' lang='lat' dir='ltr'>faciet</span> <span class='ocrx_word' id='word_1_58' title='bbox 1028 703 1404 756; x_wconf 84' lang='lat' dir='ltr'>innocentem.</span> <span class='ocrx_word' id='word_1_59' title='bbox 1442 718 1467 751; x_wconf 74' lang='grc' dir='ltr'><strong>ι)</strong></span> <span class='ocrx_word' id='word_1_60' title='bbox 1500 700 1590 754; x_wconf 90' lang='lat' dir='ltr'>Sic</span> <span class='ocrx_word' id='word_1_61' title='bbox 1611 699 1758 752; x_wconf 90' lang='lat' dir='ltr'>enim</span> <span class='ocrx_word' id='word_1_62' title='bbox 1800 715 1835 751; x_wconf 91' lang='lat' dir='ltr'>a</span> <span class='ocrx_word' id='word_1_63' title='bbox 1917 697 2042 766; x_wconf 85' lang='lat' dir='ltr'>quis</span> <span class='ocrx_word' id='word_1_64' title='bbox 2063 697 2286 750; x_wconf 88' lang='lat' dir='ltr'>resistet</span> <span class='ocrx_word' id='word_1_65' title='bbox 2311 698 2404 751; x_wconf 65' lang='lat' dir='ltr'>irae</span> <span class='ocrx_word' id='word_1_66' title='bbox 2432 698 2640 752; x_wconf 77' lang='lat' dir='ltr'>furoris</span> <span class='ocrx_word' id='word_1_67' title='bbox 2667 703 2788 770; x_wconf 90' lang='lat' dir='ltr'>ejus</span> <span class='ocrx_word' id='word_1_68' title='bbox 2805 703 2828 754; x_wconf 64' lang='grc' dir='ltr'>’ἲ</span> <span class='ocrx_word' id='word_1_69' title='bbox 2851 723 2871 752; x_wconf 80' lang='grc' dir='ltr'><strong><em>ι</em></strong></span> <span class='ocrx_word' id='word_1_70' title='bbox 2903 703 3182 758; x_wconf 91' lang='lat' dir='ltr'>Subaudis</span> <span class='ocrx_word' id='word_1_71' title='bbox 3210 713 3310 760; x_wconf 88' lang='lat' dir='ltr'>aut</span> <span class='ocrx_word' id='word_1_72' title='bbox 3329 724 3510 776; x_wconf 85' lang='lat' dir='ltr'>rarus,</span> 
     </span>
    </p>
   </div>
   <div class='ocr_carea' id='block_1_7' title="bbox 257 785 3536 867">
    <p class='ocr_par' dir='ltr' id='par_1_7' title="bbox 257 785 3536 867">
     <span class='ocr_line' id='line_1_7' title="bbox 257 785 3536 867; baseline -0 -18"><span class='ocrx_word' id='word_1_73' title='bbox 257 795 474 867; x_wconf 87' lang='lat' dir='ltr'>peccatis</span> <span class='ocrx_word' id='word_1_74' title='bbox 495 795 802 847; x_wconf 85' lang='lat' dir='ltr'>clementer</span> <span class='ocrx_word' id='word_1_75' title='bbox 821 791 1107 845; x_wconf 77' lang='lat' dir='ltr'>smundat.</span> <span class='ocrx_word' id='word_1_76' title='bbox 1132 797 1198 844; x_wconf 87' lang='lat' dir='ltr'>ut</span> <span class='ocrx_word' id='word_1_77' title='bbox 1209 791 1360 860; x_wconf 89' lang='lat' dir='ltr'>juste</span> <span class='ocrx_word' id='word_1_78' title='bbox 1382 789 1529 858; x_wconf 91' lang='lat' dir='ltr'>quod</span> <span class='ocrx_word' id='word_1_79' title='bbox 1550 789 1694 842; x_wconf 87' lang='lat' dir='ltr'>male</span> <span class='ocrx_word' id='word_1_80' title='bbox 1704 805 1835 858; x_wconf 88' lang='lat' dir='ltr'>ges-</span> <span class='ocrx_word' id='word_1_81' title='bbox 1917 791 2017 839; x_wconf 89' lang='lat' dir='ltr'>aut</span> <span class='ocrx_word' id='word_1_82' title='bbox 2033 785 2236 839; x_wconf 90' lang='lat' dir='ltr'>nullus.</span> <span class='ocrx_word' id='word_1_83' title='bbox 2257 787 2424 840; x_wconf 87' lang='lat' dir='ltr'>Nulla</span> <span class='ocrx_word' id='word_1_84' title='bbox 2440 789 2586 841; x_wconf 88' lang='lat' dir='ltr'>enim</span> <span class='ocrx_word' id='word_1_85' title='bbox 2609 789 2719 855; x_wconf 76' lang='lat' dir='ltr'>erit</span> <span class='ocrx_word' id='word_1_86' title='bbox 2735 791 2942 854; x_wconf 88' lang='lat' dir='ltr'>anima,</span> <span class='ocrx_word' id='word_1_87' title='bbox 2962 809 3085 862; x_wconf 70' lang='lat' dir='ltr'>quae</span> <span class='ocrx_word' id='word_1_88' title='bbox 3105 810 3214 848; x_wconf 90' lang='lat' dir='ltr'>non</span> <span class='ocrx_word' id='word_1_89' title='bbox 3237 803 3438 866; x_wconf 82' lang='lat' dir='ltr'>paveat</span> <span class='ocrx_word' id='word_1_90' title='bbox 3454 798 3514 852; x_wconf 91' lang='lat' dir='ltr'>in</span> <span class='ocrx_word' id='word_1_91' title='bbox 3533 845 3536 848; x_wconf 83' lang='lat'>.</span> 
     </span>
    </p>
   </div>
   <div class='ocr_carea' id='block_1_8' title="bbox 258 873 3514 954">
    <p class='ocr_par' dir='ltr' id='par_1_8' title="bbox 258 873 3514 954">
     <span class='ocr_line' id='line_1_8' title="bbox 258 873 3514 954; baseline 0.002 -17"><span class='ocrx_word' id='word_1_92' title='bbox 258 889 429 939; x_wconf 89' lang='lat' dir='ltr'>serunt</span> <span class='ocrx_word' id='word_1_93' title='bbox 451 882 670 954; x_wconf 88' lang='lat' dir='ltr'>puniat.</span> <span class='ocrx_word' id='word_1_94' title='bbox 696 883 838 935; x_wconf 85' lang='lat' dir='ltr'>Nam</span> <span class='ocrx_word' id='word_1_95' title='bbox 855 880 1150 934; x_wconf 90' lang='lat' dir='ltr'>sicutnihil</span> <span class='ocrx_word' id='word_1_96' title='bbox 1173 878 1302 931; x_wconf 92' lang='lat' dir='ltr'>boni</span> <span class='ocrx_word' id='word_1_97' title='bbox 1325 878 1538 931; x_wconf 86' lang='lat' dir='ltr'>deserit</span> <span class='ocrx_word' id='word_1_98' title='bbox 1560 877 1706 946; x_wconf 91' lang='lat' dir='ltr'>quod</span> <span class='ocrx_word' id='word_1_99' title='bbox 1722 892 1835 930; x_wconf 89' lang='lat' dir='ltr'>non</span> <span class='ocrx_word' id='word_1_100' title='bbox 1913 874 2124 943; x_wconf 89' lang='lat' dir='ltr'>judicio</span> <span class='ocrx_word' id='word_1_101' title='bbox 2148 873 2268 940; x_wconf 87' lang='lat' dir='ltr'>Dei,</span> <span class='ocrx_word' id='word_1_102' title='bbox 2302 892 2427 929; x_wconf 90' lang='lat' dir='ltr'>cum</span> <span class='ocrx_word' id='word_1_103' title='bbox 2459 883 2610 930; x_wconf 84' lang='lat' dir='ltr'>astra</span> <span class='ocrx_word' id='word_1_104' title='bbox 2644 895 2866 949; x_wconf 89' lang='lat' dir='ltr'>quoque</span> <span class='ocrx_word' id='word_1_105' title='bbox 2897 897 3008 934; x_wconf 89' lang='lat' dir='ltr'>non</span> <span class='ocrx_word' id='word_1_106' title='bbox 3049 882 3163 936; x_wconf 89' lang='lat' dir='ltr'>sint</span> <span class='ocrx_word' id='word_1_107' title='bbox 3199 886 3408 940; x_wconf 89' lang='lat' dir='ltr'>munda</span> <span class='ocrx_word' id='word_1_108' title='bbox 3454 887 3514 942; x_wconf 88' lang='lat' dir='ltr'>in</span> 
     </span>
    </p>
   </div>
   <div class='ocr_carea' id='block_1_9' title="bbox 257 964 3512 1045">
    <p class='ocr_par' dir='ltr' id='par_1_9' title="bbox 257 964 3512 1045">
     <span class='ocr_line' id='line_1_9' title="bbox 257 964 3512 1045; baseline 0.001 -17"><span class='ocrx_word' id='word_1_109' title='bbox 257 977 582 1028; x_wconf 84' lang='lat' dir='ltr'>remuneret.</span> <span class='ocrx_word' id='word_1_110' title='bbox 615 971 696 1024; x_wconf 89' lang='lat' dir='ltr'>ita</span> <span class='ocrx_word' id='word_1_111' title='bbox 727 969 862 1023; x_wconf 88' lang='lat' dir='ltr'>nihil</span> <span class='ocrx_word' id='word_1_112' title='bbox 895 968 1107 1039; x_wconf 85' lang='lat' dir='ltr'>peccati</span> <span class='ocrx_word' id='word_1_113' title='bbox 1137 967 1406 1037; x_wconf 87' lang='lat' dir='ltr'>relinquit</span> <span class='ocrx_word' id='word_1_114' title='bbox 1434 967 1581 1036; x_wconf 89' lang='lat' dir='ltr'>quod</span> <span class='ocrx_word' id='word_1_115' title='bbox 1605 982 1716 1020; x_wconf 91' lang='lat' dir='ltr'>non</span> <span class='ocrx_word' id='word_1_116' title='bbox 1737 965 1831 1018; x_wconf 90' lang='lat' dir='ltr'>da-</span> <span class='ocrx_word' id='word_1_117' title='bbox 1919 968 2216 1032; x_wconf 87' lang='lat' dir='ltr'>conspectu</span> <span class='ocrx_word' id='word_1_118' title='bbox 2254 964 2374 1031; x_wconf 87' lang='lat' dir='ltr'>ejus</span> <span class='ocrx_word' id='word_1_119' title='bbox 2400 982 2448 1017; x_wconf 70' lang='grc' dir='ltr'>ια</span> <span class='ocrx_word' id='word_1_120' title='bbox 2466 964 2780 1034; x_wconf 84' lang='lat' dir='ltr'>Indignatio</span> <span class='ocrx_word' id='word_1_121' title='bbox 2807 969 2934 1036; x_wconf 82' lang='lat' dir='ltr'>ejus</span> <span class='ocrx_word' id='word_1_122' title='bbox 2963 970 3138 1024; x_wconf 70' lang='lat' dir='ltr'>effusa</span> <span class='ocrx_word' id='word_1_123' title='bbox 3159 978 3248 1027; x_wconf 86' lang='lat' dir='ltr'>est</span> <span class='ocrx_word' id='word_1_124' title='bbox 3269 974 3512 1045; x_wconf 82' lang='lat' dir='ltr'>utignis,</span> 
     </span>
    </p>
   </div>
   <div class='ocr_carea' id='block_1_10' title="bbox 260 1051 3519 1127">
    <p class='ocr_par' dir='ltr' id='par_1_10' title="bbox 260 1051 3519 1127">
     <span class='ocr_line' id='line_1_10' title="bbox 260 1051 3519 1127; baseline 0.001 -11"><span class='ocrx_word' id='word_1_125' title='bbox 260 1067 412 1116; x_wconf 88' lang='lat' dir='ltr'>mnet.</span> <span class='ocrx_word' id='word_1_126' title='bbox 440 1059 884 1127; x_wconf 84' lang='lat' dir='ltr'>Mundansergo</span> <span class='ocrx_word' id='word_1_127' title='bbox 912 1057 1045 1110; x_wconf 82' lang='lat' dir='ltr'>facit</span> <span class='ocrx_word' id='word_1_128' title='bbox 1073 1055 1588 1124; x_wconf 86' lang='lat' dir='ltr'>innocentem,quia</span> <span class='ocrx_word' id='word_1_129' title='bbox 1613 1071 1711 1124; x_wconf 89' lang='lat' dir='ltr'>per</span> <span class='ocrx_word' id='word_1_130' title='bbox 1733 1056 1837 1107; x_wconf 83' lang='lat' dir='ltr'>ﬂa-</span> <span class='ocrx_word' id='word_1_131' title='bbox 1921 1056 1978 1104; x_wconf 87' lang='lat' dir='ltr'>et</span> <span class='ocrx_word' id='word_1_132' title='bbox 2029 1057 2199 1121; x_wconf 61' lang='lat' dir='ltr'>petrae</span> <span class='ocrx_word' id='word_1_133' title='bbox 2237 1051 2523 1106; x_wconf 66' lang='lat' dir='ltr'>dissolutm</span> <span class='ocrx_word' id='word_1_134' title='bbox 2552 1060 2683 1107; x_wconf 90' lang='lat' dir='ltr'>sunt</span> <span class='ocrx_word' id='word_1_135' title='bbox 2705 1055 2776 1108; x_wconf 86' lang='lat' dir='ltr'>ab</span> <span class='ocrx_word' id='word_1_136' title='bbox 2801 1073 2884 1110; x_wconf 89' lang='lat' dir='ltr'>eo.</span> <span class='ocrx_word' id='word_1_137' title='bbox 2929 1080 2944 1103; x_wconf 75' lang='grc' dir='ltr'>ι</span> <span class='ocrx_word' id='word_1_138' title='bbox 2978 1058 3064 1112; x_wconf 85' lang='lat' dir='ltr'>Ad</span> <span class='ocrx_word' id='word_1_139' title='bbox 3091 1059 3197 1114; x_wconf 90' lang='lat' dir='ltr'>hoc</span> <span class='ocrx_word' id='word_1_140' title='bbox 3224 1063 3401 1116; x_wconf 73' lang='lat' dir='ltr'>effusa</span> <span class='ocrx_word' id='word_1_141' title='bbox 3431 1073 3519 1120; x_wconf 86' lang='lat' dir='ltr'>est</span> 
     </span>
    </p>
   </div>
   <div class='ocr_carea' id='block_1_11' title="bbox 256 1138 3521 1224">
    <p class='ocr_par' dir='ltr' id='par_1_11' title="bbox 256 1138 3521 1224">
     <span class='ocr_line' id='line_1_11' title="bbox 256 1138 3521 1224; baseline 0.001 -20"><span class='ocrx_word' id='word_1_142' title='bbox 256 1152 385 1224; x_wconf 72' lang='lat' dir='ltr'>galla</span> <span class='ocrx_word' id='word_1_143' title='bbox 415 1149 671 1211; x_wconf 89' lang='lat' dir='ltr'>mundat,</span> <span class='ocrx_word' id='word_1_144' title='bbox 690 1164 761 1201; x_wconf 91' lang='lat' dir='ltr'>ne</span> <span class='ocrx_word' id='word_1_145' title='bbox 782 1163 841 1200; x_wconf 89' lang='lat' dir='ltr'>se</span> <span class='ocrx_word' id='word_1_146' title='bbox 857 1146 1164 1199; x_wconf 86' lang='lat' dir='ltr'>arbitretur</span> <span class='ocrx_word' id='word_1_147' title='bbox 1184 1145 1538 1197; x_wconf 85' lang='lat' dir='ltr'>innocentem</span> <span class='ocrx_word' id='word_1_148' title='bbox 1561 1144 1653 1196; x_wconf 90' lang='lat' dir='ltr'>ille</span> <span class='ocrx_word' id='word_1_149' title='bbox 1675 1159 1841 1213; x_wconf 88' lang='lat' dir='ltr'>quem</span> <span class='ocrx_word' id='word_1_150' title='bbox 1925 1138 2239 1209; x_wconf 79' lang='lat' dir='ltr'>indignatio</span> <span class='ocrx_word' id='word_1_151' title='bbox 2269 1141 2406 1210; x_wconf 83' lang='lat' dir='ltr'>ejus,</span> <span class='ocrx_word' id='word_1_152' title='bbox 2440 1147 2504 1193; x_wconf 91' lang='lat' dir='ltr'>ut</span> <span class='ocrx_word' id='word_1_153' title='bbox 2532 1142 2837 1210; x_wconf 70' lang='lat' dir='ltr'>petraalhoc</span> <span class='ocrx_word' id='word_1_154' title='bbox 2860 1147 3121 1211; x_wconf 84' lang='lat' dir='ltr'>est,du~ra</span> <span class='ocrx_word' id='word_1_155' title='bbox 3148 1151 3317 1204; x_wconf 89' lang='lat' dir='ltr'>corda</span> <span class='ocrx_word' id='word_1_156' title='bbox 3333 1152 3521 1207; x_wconf 76' lang='lat' dir='ltr'>homi-</span> 
     </span>
    </p>
   </div>
   <div class='ocr_carea' id='block_1_12' title="bbox 260 1230 3547 1309">
    <p class='ocr_par' dir='ltr' id='par_1_12' title="bbox 260 1230 3547 1309">
     <span class='ocr_line' id='line_1_12' title="bbox 260 1230 3547 1309; baseline 0 -14"><span class='ocrx_word' id='word_1_157' title='bbox 260 1240 497 1295; x_wconf 89' lang='lat' dir='ltr'>mundat.</span> <span class='ocrx_word' id='word_1_158' title='bbox 537 1259 559 1290; x_wconf 72' lang='grc'><strong>(</strong></span> <span class='ocrx_word' id='word_1_159' title='bbox 605 1240 878 1294; x_wconf 85' lang='lat' dir='ltr'>Dominus</span> <span class='ocrx_word' id='word_1_160' title='bbox 922 1239 1003 1292; x_wconf 91' lang='lat' dir='ltr'>in-</span> <span class='ocrx_word' id='word_1_161' title='bbox 1028 1240 1358 1307; x_wconf 85' lang='lat' dir='ltr'>tempestate</span> <span class='ocrx_word' id='word_1_162' title='bbox 1396 1239 1453 1287; x_wconf 89' lang='lat' dir='ltr'>et</span> <span class='ocrx_word' id='word_1_163' title='bbox 1479 1232 1706 1286; x_wconf 87' lang='lat' dir='ltr'>turbine</span> <span class='ocrx_word' id='word_1_164' title='bbox 1745 1230 1846 1284; x_wconf 77' lang='lat' dir='ltr'>viae</span> <span class='ocrx_word' id='word_1_165' title='bbox 1927 1230 2082 1294; x_wconf 90' lang='lat' dir='ltr'>num)</span> <span class='ocrx_word' id='word_1_166' title='bbox 2107 1234 2549 1293; x_wconf 88' lang='lat' dir='ltr'>contererentur,</span> <span class='ocrx_word' id='word_1_167' title='bbox 2574 1237 2630 1284; x_wconf 92' lang='lat' dir='ltr'>et</span> <span class='ocrx_word' id='word_1_168' title='bbox 2651 1231 2997 1287; x_wconf 83' lang='lat' dir='ltr'>solverentur</span> <span class='ocrx_word' id='word_1_169' title='bbox 3015 1237 3084 1288; x_wconf 90' lang='lat' dir='ltr'>ad</span> <span class='ocrx_word' id='word_1_170' title='bbox 3107 1238 3547 1309; x_wconf 56' lang='lat' dir='ltr'>penitentiam,-</span> 
     </span>
    </p>
   </div>
   <div class='ocr_carea' id='block_1_13' title="bbox 261 1317 3520 1399">
    <p class='ocr_par' dir='ltr' id='par_1_13' title="bbox 261 1317 3520 1399">
     <span class='ocr_line' id='line_1_13' title="bbox 261 1317 3520 1399; baseline 0 -15"><span class='ocrx_word' id='word_1_171' title='bbox 261 1331 380 1399; x_wconf 85' lang='lat' dir='ltr'>ejus,</span> <span class='ocrx_word' id='word_1_172' title='bbox 411 1334 472 1382; x_wconf 89' lang='lat' dir='ltr'>et</span> <span class='ocrx_word' id='word_1_173' title='bbox 491 1327 708 1382; x_wconf 73' lang='lat' dir='ltr'>nebulae</span> <span class='ocrx_word' id='word_1_174' title='bbox 735 1328 916 1399; x_wconf 86' lang='lat' dir='ltr'>pulvis</span> <span class='ocrx_word' id='word_1_175' title='bbox 949 1328 1151 1398; x_wconf 90' lang='lat' dir='ltr'>pedum</span> <span class='ocrx_word' id='word_1_176' title='bbox 1189 1327 1331 1394; x_wconf 87' lang='lat' dir='ltr'>ejus.</span> <span class='ocrx_word' id='word_1_177' title='bbox 1372 1342 1398 1375; x_wconf 70' lang='grc' dir='ltr'><strong><em>ι</em></strong></span> <span class='ocrx_word' id='word_1_178' title='bbox 1422 1321 1844 1384; x_wconf 73' lang='lat' dir='ltr'>Miraculorum,</span> <span class='ocrx_word' id='word_1_179' title='bbox 1931 1323 1987 1370; x_wconf 88' lang='lat' dir='ltr'>et</span> <span class='ocrx_word' id='word_1_180' title='bbox 2014 1318 2323 1388; x_wconf 83' lang='lat' dir='ltr'>inciperent</span> <span class='ocrx_word' id='word_1_181' title='bbox 2343 1317 2547 1372; x_wconf 89' lang='lat' dir='ltr'>habere</span> <span class='ocrx_word' id='word_1_182' title='bbox 2569 1335 2664 1372; x_wconf 91' lang='lat' dir='ltr'>cor</span> <span class='ocrx_word' id='word_1_183' title='bbox 2699 1322 3002 1376; x_wconf 83' lang='lat' dir='ltr'>contritum</span> <span class='ocrx_word' id='word_1_184' title='bbox 3033 1330 3089 1377; x_wconf 89' lang='lat' dir='ltr'>et</span> <span class='ocrx_word' id='word_1_185' title='bbox 3111 1325 3520 1399; x_wconf 74' lang='lat' dir='ltr'>humilitatum,</span> 
     </span>
    </p>
   </div>
   <div class='ocr_carea' id='block_1_14' title="bbox 263 1405 3524 1488">
    <p class='ocr_par' dir='ltr' id='par_1_14' title="bbox 263 1405 3524 1488">
     <span class='ocr_line' id='line_1_14' title="bbox 263 1405 3524 1488; baseline 0.001 -16"><span class='ocrx_word' id='word_1_186' title='bbox 263 1417 443 1488; x_wconf 87' lang='lat' dir='ltr'>quibus</span> <span class='ocrx_word' id='word_1_187' title='bbox 474 1418 646 1471; x_wconf 87' lang='lat' dir='ltr'>corda</span> <span class='ocrx_word' id='word_1_188' title='bbox 686 1418 976 1471; x_wconf 86' lang='lat' dir='ltr'>hominum</span> <span class='ocrx_word' id='word_1_189' title='bbox 1010 1415 1185 1470; x_wconf 84' lang='lat' dir='ltr'>veluti</span> <span class='ocrx_word' id='word_1_190' title='bbox 1205 1413 1448 1468; x_wconf 85' lang='lat' dir='ltr'>turbinis</span> <span class='ocrx_word' id='word_1_191' title='bbox 1469 1417 1683 1465; x_wconf 92' lang='lat' dir='ltr'>terrore</span> <span class='ocrx_word' id='word_1_192' title='bbox 1715 1425 1851 1477; x_wconf 85' lang='lat' dir='ltr'>qua-</span> <span class='ocrx_word' id='word_1_193' title='bbox 1931 1411 1988 1459; x_wconf 90' lang='lat' dir='ltr'>et</span> <span class='ocrx_word' id='word_1_194' title='bbox 2010 1405 2366 1460; x_wconf 81' lang='lat' dir='ltr'>efﬁcerentur</span> <span class='ocrx_word' id='word_1_195' title='bbox 2407 1407 2501 1461; x_wconf 84' lang='lat' dir='ltr'>Dei</span> <span class='ocrx_word' id='word_1_196' title='bbox 2527 1409 3026 1480; x_wconf 80' lang='lat' dir='ltr'>sacrificium,quia</span> <span class='ocrx_word' id='word_1_197' title='bbox 3052 1415 3390 1472; x_wconf 82' lang='lat' dir='ltr'>sacriﬁcium</span> <span class='ocrx_word' id='word_1_198' title='bbox 3409 1420 3524 1474; x_wconf 93' lang='lat' dir='ltr'>Deo</span> 
     </span>
    </p>
   </div>
   <div class='ocr_carea' id='block_1_15' title="bbox 263 1495 2722 1577">
    <p class='ocr_par' dir='ltr' id='par_1_15' title="bbox 263 1495 2722 1577">
     <span class='ocr_line' id='line_1_15' title="bbox 263 1495 2722 1577; baseline -0.004 -17"><span class='ocrx_word' id='word_1_199' title='bbox 263 1507 553 1570; x_wconf 85' lang='lat' dir='ltr'>tiebantur,</span> <span class='ocrx_word' id='word_1_200' title='bbox 590 1507 959 1577; x_wconf 83' lang='lat' dir='ltr'>Septuaginta</span> <span class='ocrx_word' id='word_1_201' title='bbox 999 1503 1342 1573; x_wconf 80' lang='lat' dir='ltr'>signatius,«.</span> <span class='ocrx_word' id='word_1_202' title='bbox 1361 1499 1795 1556; x_wconf 87' lang='lat' dir='ltr'>commotionem</span> <span class='ocrx_word' id='word_1_203' title='bbox 1821 1515 1842 1546; x_wconf 75' lang='grc' dir='ltr'><strong>ι</strong></span> <span class='ocrx_word' id='word_1_204' title='bbox 1931 1500 2017 1549; x_wconf 92' lang='lat' dir='ltr'>est</span> <span class='ocrx_word' id='word_1_205' title='bbox 2043 1495 2276 1565; x_wconf 90' lang='lat' dir='ltr'>spiritus</span> <span class='ocrx_word' id='word_1_206' title='bbox 2297 1496 2722 1551; x_wconf 85' lang='lat' dir='ltr'>contribulatus.</span> 
     </span>
    </p>
   </div>
   <div class='ocr_carea' id='block_1_16' title="bbox 263 1585 3553 1667">
    <p class='ocr_par' dir='ltr' id='par_1_16' title="bbox 263 1585 3553 1667">
     <span class='ocr_line' id='line_1_16' title="bbox 263 1585 3553 1667; baseline 0.001 -18"><span class='ocrx_word' id='word_1_207' title='bbox 263 1612 348 1667; x_wconf 90' lang='lat' dir='ltr'>pro</span> <span class='ocrx_word' id='word_1_208' title='bbox 369 1616 392 1647; x_wconf 71' lang='grc' dir='ltr'>(ί</span> <span class='ocrx_word' id='word_1_209' title='bbox 421 1594 655 1649; x_wconf 88' lang='lat' dir='ltr'>turbine</span> <span class='ocrx_word' id='word_1_210' title='bbox 685 1615 706 1644; x_wconf 77' lang='grc' dir='ltr'><strong>ι</strong></span> <span class='ocrx_word' id='word_1_211' title='bbox 732 1599 1058 1665; x_wconf 86' lang='lat' dir='ltr'>posuerunt,</span> <span class='ocrx_word' id='word_1_212' title='bbox 1078 1599 1141 1646; x_wconf 91' lang='lat' dir='ltr'>ut</span> <span class='ocrx_word' id='word_1_213' title='bbox 1161 1591 1522 1645; x_wconf 83' lang='lat' dir='ltr'>ostenderent</span> <span class='ocrx_word' id='word_1_214' title='bbox 1541 1591 1848 1641; x_wconf 89' lang='lat' dir='ltr'>commotas</span> <span class='ocrx_word' id='word_1_215' title='bbox 2005 1585 2227 1639; x_wconf 75' lang='lat' dir='ltr'>«Bonus</span> <span class='ocrx_word' id='word_1_216' title='bbox 2248 1585 2519 1638; x_wconf 89' lang='lat' dir='ltr'>Dominus</span> <span class='ocrx_word' id='word_1_217' title='bbox 2539 1592 2593 1640; x_wconf 91' lang='lat' dir='ltr'>et</span> <span class='ocrx_word' id='word_1_218' title='bbox 2607 1587 2928 1643; x_wconf 85' lang='lat' dir='ltr'>confortans</span> <span class='ocrx_word' id='word_1_219' title='bbox 2947 1589 3006 1644; x_wconf 90' lang='lat' dir='ltr'>in</span> <span class='ocrx_word' id='word_1_220' title='bbox 3016 1591 3107 1646; x_wconf 88' lang='lat' dir='ltr'>die</span> <span class='ocrx_word' id='word_1_221' title='bbox 3122 1593 3525 1664; x_wconf 84' lang='lat' dir='ltr'>tribulationis,</span> <span class='ocrx_word' id='word_1_222' title='bbox 3551 1633 3553 1636; x_wconf 66' lang='grc'>‹</span> 
     </span>
    </p>
   </div>
   <div class='ocr_carea' id='block_1_17' title="bbox 263 1673 3525 1753">
    <p class='ocr_par' dir='ltr' id='par_1_17' title="bbox 263 1673 3525 1753">
     <span class='ocr_line' id='line_1_17' title="bbox 263 1673 3525 1753; baseline -0 -14"><span class='ocrx_word' id='word_1_223' title='bbox 263 1686 418 1739; x_wconf 88' lang='lat' dir='ltr'>fuisse</span> <span class='ocrx_word' id='word_1_224' title='bbox 443 1694 666 1738; x_wconf 77' lang='lat' dir='ltr'>mentes</span> <span class='ocrx_word' id='word_1_225' title='bbox 689 1683 978 1737; x_wconf 90' lang='lat' dir='ltr'>hominum</span> <span class='ocrx_word' id='word_1_226' title='bbox 993 1681 1065 1734; x_wconf 89' lang='lat' dir='ltr'>ad</span> <span class='ocrx_word' id='word_1_227' title='bbox 1085 1681 1310 1734; x_wconf 90' lang='lat' dir='ltr'>insolita</span> <span class='ocrx_word' id='word_1_228' title='bbox 1335 1686 1392 1734; x_wconf 89' lang='lat' dir='ltr'>et</span> <span class='ocrx_word' id='word_1_229' title='bbox 1408 1677 1663 1732; x_wconf 86' lang='lat' dir='ltr'>inaudita</span> <span class='ocrx_word' id='word_1_230' title='bbox 1685 1676 1852 1728; x_wconf 87' lang='lat' dir='ltr'>mira-</span> <span class='ocrx_word' id='word_1_231' title='bbox 1877 1740 1914 1753; x_wconf 76' lang='lat'>__</span> <span class='ocrx_word' id='word_1_232' title='bbox 1933 1679 1990 1727; x_wconf 91' lang='lat' dir='ltr'>et</span> <span class='ocrx_word' id='word_1_233' title='bbox 2011 1673 2190 1727; x_wconf 89' lang='lat' dir='ltr'>sciens</span> <span class='ocrx_word' id='word_1_234' title='bbox 2227 1680 2518 1744; x_wconf 86' lang='lat' dir='ltr'>sperantes</span> <span class='ocrx_word' id='word_1_235' title='bbox 2543 1674 2601 1728; x_wconf 90' lang='lat' dir='ltr'>in</span> <span class='ocrx_word' id='word_1_236' title='bbox 2621 1693 2699 1730; x_wconf 91' lang='lat' dir='ltr'>se.</span> <span class='ocrx_word' id='word_1_237' title='bbox 2729 1697 2754 1727; x_wconf 85' lang='lat'>»</span> <span class='ocrx_word' id='word_1_238' title='bbox 2789 1679 2905 1731; x_wconf 85' lang='lat' dir='ltr'>Hoc</span> <span class='ocrx_word' id='word_1_239' title='bbox 2953 1681 3186 1736; x_wconf 89' lang='lat' dir='ltr'>ultimus</span> <span class='ocrx_word' id='word_1_240' title='bbox 3216 1678 3315 1736; x_wconf 82' lang='grc' dir='ltr'>οἱπό</span> <span class='ocrx_word' id='word_1_241' title='bbox 3331 1692 3525 1753; x_wconf 73' lang='grc' dir='ltr'>κοινοῦ,</span> 
     </span>
    </p>
   </div>
   <div class='ocr_carea' id='block_1_18' title="bbox 266 1740 3531 1844">
    <p class='ocr_par' dir='ltr' id='par_1_18' title="bbox 266 1740 3531 1844">
     <span class='ocr_line' id='line_1_18' title="bbox 266 1740 3531 1844; baseline -0.003 -16"><span class='ocrx_word' id='word_1_242' title='bbox 266 1775 390 1829; x_wconf 88' lang='lat' dir='ltr'>cula.</span> <span class='ocrx_word' id='word_1_243' title='bbox 412 1773 484 1827; x_wconf 89' lang='lat' dir='ltr'>In</span> <span class='ocrx_word' id='word_1_244' title='bbox 506 1773 742 1844; x_wconf 87' lang='lat' dir='ltr'>pedibus</span> <span class='ocrx_word' id='word_1_245' title='bbox 767 1771 1298 1834; x_wconf 89' lang='lat' dir='ltr'>Domini,adventus</span> <span class='ocrx_word' id='word_1_246' title='bbox 1319 1769 1442 1837; x_wconf 86' lang='lat' dir='ltr'>ejus</span> <span class='ocrx_word' id='word_1_247' title='bbox 1471 1767 1540 1821; x_wconf 92' lang='lat' dir='ltr'>ad</span> <span class='ocrx_word' id='word_1_248' title='bbox 1559 1765 1852 1834; x_wconf 86' lang='lat' dir='ltr'>judicium:</span> <span class='ocrx_word' id='word_1_249' title='bbox 1872 1740 1916 1798; x_wconf 76' lang='grc' dir='ltr'><strong>Β</strong></span> <span class='ocrx_word' id='word_1_250' title='bbox 1936 1755 2101 1816; x_wconf 86' lang='lat' dir='ltr'>idest</span> <span class='ocrx_word' id='word_1_251' title='bbox 2129 1740 2432 1826; x_wconf 81' lang='lat' dir='ltr'>communi,</span> <span class='ocrx_word' id='word_1_252' title='bbox 2455 1763 2623 1817; x_wconf 88' lang='lat' dir='ltr'>etiam</span> <span class='ocrx_word' id='word_1_253' title='bbox 2655 1766 2722 1818; x_wconf 89' lang='lat' dir='ltr'>ad</span> <span class='ocrx_word' id='word_1_254' title='bbox 2755 1767 3047 1836; x_wconf 83' lang='lat' dir='ltr'>superiora</span> <span class='ocrx_word' id='word_1_255' title='bbox 3055 1771 3331 1840; x_wconf 74' lang='lat' dir='ltr'>jungitur.</span> <span class='ocrx_word' id='word_1_256' title='bbox 3344 1740 3531 1830; x_wconf 54' lang='lat' dir='ltr'>Bona;</span> 
     </span>
    </p>
   </div>
   <div class='ocr_carea' id='block_1_19' title="bbox 267 1851 3528 1931">
    <p class='ocr_par' dir='ltr' id='par_1_19' title="bbox 267 1851 3528 1931">
     <span class='ocr_line' id='line_1_19' title="bbox 267 1851 3528 1931; baseline -0 -14"><span class='ocrx_word' id='word_1_257' title='bbox 267 1862 470 1918; x_wconf 63' lang='lat' dir='ltr'>nebulae</span> <span class='ocrx_word' id='word_1_258' title='bbox 504 1868 563 1915; x_wconf 90' lang='lat' dir='ltr'>et</span> <span class='ocrx_word' id='word_1_259' title='bbox 591 1862 790 1931; x_wconf 88' lang='lat' dir='ltr'>pulvis,</span> <span class='ocrx_word' id='word_1_260' title='bbox 825 1861 1043 1915; x_wconf 89' lang='lat' dir='ltr'>occulta</span> <span class='ocrx_word' id='word_1_261' title='bbox 1068 1865 1125 1913; x_wconf 89' lang='lat' dir='ltr'>et</span> <span class='ocrx_word' id='word_1_262' title='bbox 1155 1856 1543 1918; x_wconf 85' lang='lat' dir='ltr'>inscrutabilia</span> <span class='ocrx_word' id='word_1_263' title='bbox 1581 1858 1718 1908; x_wconf 90' lang='lat' dir='ltr'>sunt</span> <span class='ocrx_word' id='word_1_264' title='bbox 1755 1853 1856 1906; x_wconf 89' lang='lat' dir='ltr'>Dei</span> <span class='ocrx_word' id='word_1_265' title='bbox 1938 1856 2021 1904; x_wconf 86' lang='lat' dir='ltr'>est</span> <span class='ocrx_word' id='word_1_266' title='bbox 2046 1851 2316 1904; x_wconf 89' lang='lat' dir='ltr'>Dominus</span> <span class='ocrx_word' id='word_1_267' title='bbox 2331 1852 2706 1921; x_wconf 85' lang='lat' dir='ltr'>sperantibus,</span> <span class='ocrx_word' id='word_1_268' title='bbox 2728 1855 3048 1910; x_wconf 85' lang='lat' dir='ltr'>confortans</span> <span class='ocrx_word' id='word_1_269' title='bbox 3065 1861 3428 1928; x_wconf 87' lang='lat' dir='ltr'>sperantesin</span> <span class='ocrx_word' id='word_1_270' title='bbox 3446 1879 3528 1928; x_wconf 87' lang='lat' dir='ltr'>se,</span> 
     </span>
    </p>
   </div>
   <div class='ocr_carea' id='block_1_20' title="bbox 265 1940 3532 2022">
    <p class='ocr_par' dir='ltr' id='par_1_20' title="bbox 265 1940 3532 2022">
     <span class='ocr_line' id='line_1_20' title="bbox 265 1940 3532 2022; baseline 0 -17"><span class='ocrx_word' id='word_1_271' title='bbox 265 1952 480 2022; x_wconf 87' lang='lat' dir='ltr'>judicia.</span> <span class='ocrx_word' id='word_1_272' title='bbox 513 1951 715 2020; x_wconf 87' lang='lat' dir='ltr'>quibus</span> <span class='ocrx_word' id='word_1_273' title='bbox 742 1948 929 2004; x_wconf 87' lang='lat' dir='ltr'>orbem</span> <span class='ocrx_word' id='word_1_274' title='bbox 947 1943 1311 2018; x_wconf 86' lang='lat' dir='ltr'>judicaturus</span> <span class='ocrx_word' id='word_1_275' title='bbox 1336 1950 1439 2000; x_wconf 89' lang='lat' dir='ltr'>est.</span> <span class='ocrx_word' id='word_1_276' title='bbox 1466 1943 1694 1998; x_wconf 79' lang='lat' dir='ltr'>Nebulae</span> <span class='ocrx_word' id='word_1_277' title='bbox 1723 1959 1856 2011; x_wconf 90' lang='lat' dir='ltr'>ergo</span> <span class='ocrx_word' id='word_1_278' title='bbox 1938 1946 1996 1994; x_wconf 92' lang='lat' dir='ltr'>et</span> <span class='ocrx_word' id='word_1_279' title='bbox 2022 1940 2202 1993; x_wconf 90' lang='lat' dir='ltr'>sciens</span> <span class='ocrx_word' id='word_1_280' title='bbox 2225 1947 2515 2021; x_wconf 79' lang='lat' dir='ltr'>sperantes</span> <span class='ocrx_word' id='word_1_281' title='bbox 2544 1941 2602 1994; x_wconf 89' lang='lat' dir='ltr'>in</span> <span class='ocrx_word' id='word_1_282' title='bbox 2635 1958 2715 1995; x_wconf 91' lang='lat' dir='ltr'>se.</span> <span class='ocrx_word' id='word_1_283' title='bbox 2759 1944 2895 1996; x_wconf 91' lang='lat' dir='ltr'>Cum</span> <span class='ocrx_word' id='word_1_284' title='bbox 2925 1945 3072 1998; x_wconf 92' lang='lat' dir='ltr'>enim</span> <span class='ocrx_word' id='word_1_285' title='bbox 3105 1949 3337 2018; x_wconf 69' lang='lat' dir='ltr'>cmperit</span> <span class='ocrx_word' id='word_1_286' title='bbox 3365 1950 3532 2005; x_wconf 85' lang='lat' dir='ltr'>irasci</span> 
     </span>
    </p>
   </div>
   <div class='ocr_carea' id='block_1_21' title="bbox 271 2028 3538 2109">
    <p class='ocr_par' dir='ltr' id='par_1_21' title="bbox 271 2028 3538 2109">
     <span class='ocr_line' id='line_1_21' title="bbox 271 2028 3538 2109; baseline 0 -17"><span class='ocrx_word' id='word_1_287' title='bbox 271 2039 433 2109; x_wconf 83' lang='lat' dir='ltr'>pulvis</span> <span class='ocrx_word' id='word_1_288' title='bbox 460 2045 600 2090; x_wconf 89' lang='lat' dir='ltr'>sunt</span> <span class='ocrx_word' id='word_1_289' title='bbox 630 2037 835 2107; x_wconf 87' lang='lat' dir='ltr'>pedum</span> <span class='ocrx_word' id='word_1_290' title='bbox 868 2035 1109 2098; x_wconf 89' lang='lat' dir='ltr'>Domini,</span> <span class='ocrx_word' id='word_1_291' title='bbox 1153 2034 1285 2104; x_wconf 85' lang='lat' dir='ltr'>quia</span> <span class='ocrx_word' id='word_1_292' title='bbox 1311 2050 1433 2102; x_wconf 72' lang='lat' dir='ltr'>quae</span> <span class='ocrx_word' id='word_1_293' title='bbox 1463 2048 1612 2085; x_wconf 84' lang='lat' dir='ltr'>nunc</span> <span class='ocrx_word' id='word_1_294' title='bbox 1641 2031 1858 2083; x_wconf 87' lang='lat' dir='ltr'>occulta</span> <span class='ocrx_word' id='word_1_295' title='bbox 1939 2028 2219 2098; x_wconf 88' lang='lat' dir='ltr'>gentibus,</span> <span class='ocrx_word' id='word_1_296' title='bbox 2239 2036 2296 2082; x_wconf 93' lang='lat' dir='ltr'>et</span> <span class='ocrx_word' id='word_1_297' title='bbox 2317 2030 2705 2099; x_wconf 88' lang='lat' dir='ltr'>potentissima</span> <span class='ocrx_word' id='word_1_298' title='bbox 2726 2048 2900 2101; x_wconf 86' lang='lat' dir='ltr'>regna</span> <span class='ocrx_word' id='word_1_299' title='bbox 2920 2037 3304 2092; x_wconf 58' lang='lat' dir='ltr'>vastaresciet</span> <span class='ocrx_word' id='word_1_300' title='bbox 3323 2055 3420 2093; x_wconf 84' lang='lat' dir='ltr'>eos</span> <span class='ocrx_word' id='word_1_301' title='bbox 3440 2039 3538 2109; x_wconf 87' lang='lat' dir='ltr'>qui</span> 
     </span>
    </p>
   </div>
   <div class='ocr_carea' id='block_1_22' title="bbox 273 2116 3536 2196">
    <p class='ocr_par' dir='ltr' id='par_1_22' title="bbox 273 2116 3536 2196">
     <span class='ocr_line' id='line_1_22' title="bbox 273 2116 3536 2196; baseline 0.001 -15"><span class='ocrx_word' id='word_1_302' title='bbox 273 2135 320 2182; x_wconf 87' lang='lat' dir='ltr'>et</span> <span class='ocrx_word' id='word_1_303' title='bbox 341 2126 681 2180; x_wconf 88' lang='lat' dir='ltr'>densissima</span> <span class='ocrx_word' id='word_1_304' title='bbox 706 2125 955 2178; x_wconf 83' lang='lat' dir='ltr'>involuta</span> <span class='ocrx_word' id='word_1_305' title='bbox 984 2134 1136 2189; x_wconf 88' lang='lat' dir='ltr'>sunt,</span> <span class='ocrx_word' id='word_1_306' title='bbox 1159 2129 1291 2176; x_wconf 89' lang='lat' dir='ltr'>tunc</span> <span class='ocrx_word' id='word_1_307' title='bbox 1311 2122 1575 2174; x_wconf 81' lang='lat' dir='ltr'>fatiscent</span> <span class='ocrx_word' id='word_1_308' title='bbox 1603 2125 1660 2173; x_wconf 91' lang='lat' dir='ltr'>et</span> <span class='ocrx_word' id='word_1_309' title='bbox 1685 2119 1861 2172; x_wconf 90' lang='lat' dir='ltr'>resol-</span> <span class='ocrx_word' id='word_1_310' title='bbox 1944 2116 2029 2169; x_wconf 90' lang='lat' dir='ltr'>sui</span> <span class='ocrx_word' id='word_1_311' title='bbox 2061 2124 2211 2181; x_wconf 86' lang='lat' dir='ltr'>sunt,</span> <span class='ocrx_word' id='word_1_312' title='bbox 2240 2118 2343 2171; x_wconf 90' lang='lat' dir='ltr'>hoc</span> <span class='ocrx_word' id='word_1_313' title='bbox 2370 2123 2454 2172; x_wconf 89' lang='lat' dir='ltr'>est</span> <span class='ocrx_word' id='word_1_314' title='bbox 2501 2119 2858 2174; x_wconf 87' lang='lat' dir='ltr'>miserebitur</span> <span class='ocrx_word' id='word_1_315' title='bbox 2885 2121 3016 2176; x_wconf 84' lang='lat' dir='ltr'>illis.</span> <span class='ocrx_word' id='word_1_316' title='bbox 3051 2124 3382 2186; x_wconf 84' lang='lat' dir='ltr'>Scireenim</span> <span class='ocrx_word' id='word_1_317' title='bbox 3413 2129 3536 2196; x_wconf 85' lang='lat' dir='ltr'>Dei,</span> 
     </span>
    </p>
   </div>
   <div class='ocr_carea' id='block_1_23' title="bbox 274 2207 3545 2284">
    <p class='ocr_par' dir='ltr' id='par_1_23' title="bbox 274 2207 3545 2284">
     <span class='ocr_line' id='line_1_23' title="bbox 274 2207 3545 2284; baseline 0.001 -17"><span class='ocrx_word' id='word_1_318' title='bbox 274 2223 458 2269; x_wconf 85' lang='lat' dir='ltr'>ventur</span> <span class='ocrx_word' id='word_1_319' title='bbox 489 2216 549 2268; x_wconf 88' lang='lat' dir='ltr'>in</span> <span class='ocrx_word' id='word_1_320' title='bbox 581 2215 890 2284; x_wconf 85' lang='lat' dir='ltr'>pulverem,</span> <span class='ocrx_word' id='word_1_321' title='bbox 916 2218 980 2268; x_wconf 90' lang='lat' dir='ltr'>ut</span> <span class='ocrx_word' id='word_1_322' title='bbox 1003 2217 1235 2282; x_wconf 88' lang='lat' dir='ltr'>pateant</span> <span class='ocrx_word' id='word_1_323' title='bbox 1263 2209 1539 2264; x_wconf 91' lang='lat' dir='ltr'>omnibus.</span> <span class='ocrx_word' id='word_1_324' title='bbox 1944 2207 2150 2275; x_wconf 85' lang='lat' dir='ltr'>eligere</span> <span class='ocrx_word' id='word_1_325' title='bbox 2167 2208 2253 2260; x_wconf 86' lang='lat' dir='ltr'>vel</span> <span class='ocrx_word' id='word_1_326' title='bbox 2271 2207 2524 2263; x_wconf 90' lang='lat' dir='ltr'>misereri</span> <span class='ocrx_word' id='word_1_327' title='bbox 2549 2209 2818 2264; x_wconf 89' lang='lat' dir='ltr'>est.Diem</span> <span class='ocrx_word' id='word_1_328' title='bbox 2837 2228 2964 2265; x_wconf 89' lang='lat' dir='ltr'>vero</span> <span class='ocrx_word' id='word_1_329' title='bbox 2985 2211 3545 2280; x_wconf 85' lang='lat' dir='ltr'>tribulationis,diem</span> 
     </span>
    </p>
   </div>
   <div class='ocr_carea' id='block_1_24' title="bbox 337 2295 2320 2372">
    <p class='ocr_par' dir='ltr' id='par_1_24' title="bbox 337 2295 2320 2372">
     <span class='ocr_line' id='line_1_24' title="bbox 337 2295 2320 2372; baseline -0.003 -18"><span class='ocrx_word' id='word_1_330' title='bbox 337 2325 357 2354; x_wconf 75' lang='grc' dir='ltr'><strong>ε</strong></span> <span class='ocrx_word' id='word_1_331' title='bbox 393 2305 704 2372; x_wconf 86' lang='lat' dir='ltr'>Increpans</span> <span class='ocrx_word' id='word_1_332' title='bbox 723 2319 893 2365; x_wconf 90' lang='lat' dir='ltr'>mare,</span> <span class='ocrx_word' id='word_1_333' title='bbox 917 2307 972 2356; x_wconf 88' lang='lat' dir='ltr'>et</span> <span class='ocrx_word' id='word_1_334' title='bbox 993 2301 1273 2355; x_wconf 85' lang='lat' dir='ltr'>exsiccans</span> <span class='ocrx_word' id='word_1_335' title='bbox 1294 2299 1451 2363; x_wconf 88' lang='lat' dir='ltr'>illud,</span> <span class='ocrx_word' id='word_1_336' title='bbox 1475 2303 1532 2351; x_wconf 91' lang='lat' dir='ltr'>et</span> <span class='ocrx_word' id='word_1_337' title='bbox 1551 2297 1741 2350; x_wconf 91' lang='lat' dir='ltr'>omnia</span> <span class='ocrx_word' id='word_1_338' title='bbox 1755 2297 1862 2350; x_wconf 81' lang='lat' dir='ltr'>ﬂu-</span> <span class='ocrx_word' id='word_1_339' title='bbox 1943 2295 2082 2350; x_wconf 91' lang='lat' dir='ltr'>dicit</span> <span class='ocrx_word' id='word_1_340' title='bbox 2101 2296 2320 2365; x_wconf 87' lang='lat' dir='ltr'>judicii.</span> 
     </span>
    </p>
   </div>
   <div class='ocr_carea' id='block_1_25' title="bbox 274 2385 3546 2456">
    <p class='ocr_par' dir='ltr' id='par_1_25' title="bbox 274 2385 3546 2456">
     <span class='ocr_line' id='line_1_25' title="bbox 274 2385 3546 2456; baseline 0.001 -10"><span class='ocrx_word' id='word_1_341' title='bbox 274 2394 410 2446; x_wconf 89' lang='lat' dir='ltr'>mina</span> <span class='ocrx_word' id='word_1_342' title='bbox 428 2393 507 2446; x_wconf 90' lang='lat' dir='ltr'>ad</span> <span class='ocrx_word' id='word_1_343' title='bbox 520 2392 806 2445; x_wconf 87' lang='lat' dir='ltr'>desertum</span> <span class='ocrx_word' id='word_1_344' title='bbox 827 2385 1865 2443; x_wconf 64' lang='lat' dir='ltr'>deducens.vJuxtalitteramdescribi-</span> <span class='ocrx_word' id='word_1_345' title='bbox 2020 2402 2044 2433; x_wconf 85' lang='lat'>«</span> <span class='ocrx_word' id='word_1_346' title='bbox 2083 2385 2150 2437; x_wconf 78' lang='lat' dir='ltr'>Et</span> <span class='ocrx_word' id='word_1_347' title='bbox 2180 2385 2238 2438; x_wconf 91' lang='lat' dir='ltr'>in</span> <span class='ocrx_word' id='word_1_348' title='bbox 2268 2385 2474 2438; x_wconf 88' lang='lat' dir='ltr'>diluvio</span> <span class='ocrx_word' id='word_1_349' title='bbox 2507 2392 2880 2456; x_wconf 67' lang='lat' dir='ltr'>praetereunte</span> <span class='ocrx_word' id='word_1_350' title='bbox 2901 2393 3442 2448; x_wconf 86' lang='lat' dir='ltr'>consummationem</span> <span class='ocrx_word' id='word_1_351' title='bbox 3459 2394 3546 2449; x_wconf 82' lang='lat' dir='ltr'>fa-</span> 
     </span>
    </p>
   </div>
   <div class='ocr_carea' id='block_1_26' title="bbox 272 2473 3544 2552">
    <p class='ocr_par' dir='ltr' id='par_1_26' title="bbox 272 2473 3544 2552">
     <span class='ocr_line' id='line_1_26' title="bbox 272 2473 3544 2552; baseline -0 -17"><span class='ocrx_word' id='word_1_352' title='bbox 272 2487 354 2536; x_wconf 90' lang='lat' dir='ltr'>tur</span> <span class='ocrx_word' id='word_1_353' title='bbox 379 2481 637 2552; x_wconf 88' lang='lat' dir='ltr'>potentia</span> <span class='ocrx_word' id='word_1_354' title='bbox 660 2479 777 2541; x_wconf 90' lang='lat' dir='ltr'>Dei,</span> <span class='ocrx_word' id='word_1_355' title='bbox 811 2484 869 2531; x_wconf 92' lang='lat' dir='ltr'>et</span> <span class='ocrx_word' id='word_1_356' title='bbox 891 2478 1206 2532; x_wconf 89' lang='lat' dir='ltr'>ostenditur</span> <span class='ocrx_word' id='word_1_357' title='bbox 1234 2493 1367 2547; x_wconf 80' lang='lat' dir='ltr'>quia</span> <span class='ocrx_word' id='word_1_358' title='bbox 1394 2493 1506 2530; x_wconf 92' lang='lat' dir='ltr'>non</span> <span class='ocrx_word' id='word_1_359' title='bbox 1535 2491 1633 2545; x_wconf 91' lang='lat' dir='ltr'>pro</span> <span class='ocrx_word' id='word_1_360' title='bbox 1664 2490 1866 2544; x_wconf 84' lang='lat' dir='ltr'>magno</span> <span class='ocrx_word' id='word_1_361' title='bbox 1949 2473 2057 2526; x_wconf 91' lang='lat' dir='ltr'>ciet</span> <span class='ocrx_word' id='word_1_362' title='bbox 2077 2473 2182 2526; x_wconf 92' lang='lat' dir='ltr'>loci</span> <span class='ocrx_word' id='word_1_363' title='bbox 2204 2474 2678 2542; x_wconf 88' lang='lat' dir='ltr'>ejus,etinimicos</span> <span class='ocrx_word' id='word_1_364' title='bbox 2691 2477 2814 2546; x_wconf 89' lang='lat' dir='ltr'>ejus</span> <span class='ocrx_word' id='word_1_365' title='bbox 2828 2483 3544 2549; x_wconf 64' lang='lat' dir='ltr'>persequenturte-nebrae.)</span> 
     </span>
    </p>
   </div>
   <div class='ocr_carea' id='block_1_27' title="bbox 273 2562 3543 2640">
    <p class='ocr_par' dir='ltr' id='par_1_27' title="bbox 273 2562 3543 2640">
     <span class='ocr_line' id='line_1_27' title="bbox 273 2562 3543 2640; baseline 0.001 -16"><span class='ocrx_word' id='word_1_366' title='bbox 273 2572 336 2624; x_wconf 90' lang='lat' dir='ltr'>sit</span> <span class='ocrx_word' id='word_1_367' title='bbox 355 2572 432 2624; x_wconf 90' lang='lat' dir='ltr'>illi</span> <span class='ocrx_word' id='word_1_368' title='bbox 454 2569 726 2640; x_wconf 77' lang='lat' dir='ltr'>Assyrios</span> <span class='ocrx_word' id='word_1_369' title='bbox 738 2567 1046 2635; x_wconf 87' lang='lat' dir='ltr'>delere,qui</span> <span class='ocrx_word' id='word_1_370' title='bbox 1068 2572 1250 2637; x_wconf 90' lang='lat' dir='ltr'>potest</span> <span class='ocrx_word' id='word_1_371' title='bbox 1266 2571 1322 2619; x_wconf 88' lang='lat' dir='ltr'>et</span> <span class='ocrx_word' id='word_1_372' title='bbox 1333 2565 1610 2619; x_wconf 89' lang='lat' dir='ltr'>elementa</span> <span class='ocrx_word' id='word_1_373' title='bbox 1627 2569 1864 2616; x_wconf 87' lang='lat' dir='ltr'>mutare.</span> <span class='ocrx_word' id='word_1_374' title='bbox 1951 2562 2102 2615; x_wconf 84' lang='lat' dir='ltr'>Deus</span> <span class='ocrx_word' id='word_1_375' title='bbox 2123 2569 2325 2614; x_wconf 85' lang='lat' dir='ltr'>natura</span> <span class='ocrx_word' id='word_1_376' title='bbox 2343 2562 2522 2616; x_wconf 89' lang='lat' dir='ltr'>bonus</span> <span class='ocrx_word' id='word_1_377' title='bbox 2541 2569 2598 2616; x_wconf 90' lang='lat' dir='ltr'>et</span> <span class='ocrx_word' id='word_1_378' title='bbox 2618 2564 2742 2634; x_wconf 85' lang='lat' dir='ltr'>ipsa</span> <span class='ocrx_word' id='word_1_379' title='bbox 2769 2573 2856 2618; x_wconf 88' lang='lat' dir='ltr'>est</span> <span class='ocrx_word' id='word_1_380' title='bbox 2882 2565 3122 2623; x_wconf 82' lang='lat' dir='ltr'>bonitas.</span> <span class='ocrx_word' id='word_1_381' title='bbox 3150 2587 3253 2623; x_wconf 90' lang='lat' dir='ltr'>nec</span> <span class='ocrx_word' id='word_1_382' title='bbox 3275 2571 3334 2624; x_wconf 91' lang='lat' dir='ltr'>in</span> <span class='ocrx_word' id='word_1_383' title='bbox 3355 2573 3543 2640; x_wconf 85' lang='lat' dir='ltr'>ﬁnem,</span> 
     </span>
    </p>
   </div>
   <div class='ocr_carea' id='block_1_28' title="bbox 270 2650 3552 2729">
    <p class='ocr_par' dir='ltr' id='par_1_28' title="bbox 270 2650 3552 2729">
     <span class='ocr_line' id='line_1_28' title="bbox 270 2650 3552 2729; baseline 0.002 -18"><span class='ocrx_word' id='word_1_384' title='bbox 270 2658 452 2711; x_wconf 85' lang='lat' dir='ltr'>Potest</span> <span class='ocrx_word' id='word_1_385' title='bbox 476 2662 536 2710; x_wconf 91' lang='lat' dir='ltr'>et</span> <span class='ocrx_word' id='word_1_386' title='bbox 565 2656 636 2709; x_wconf 89' lang='lat' dir='ltr'>ad</span> <span class='ocrx_word' id='word_1_387' title='bbox 661 2655 851 2708; x_wconf 89' lang='lat' dir='ltr'>mundi</span> <span class='ocrx_word' id='word_1_388' title='bbox 884 2656 1052 2708; x_wconf 79' lang='lat' dir='ltr'>finem</span> <span class='ocrx_word' id='word_1_389' title='bbox 1090 2653 1304 2717; x_wconf 87' lang='lat' dir='ltr'>reterri,</span> <span class='ocrx_word' id='word_1_390' title='bbox 1339 2653 1473 2722; x_wconf 86' lang='lat' dir='ltr'>quia</span> <span class='ocrx_word' id='word_1_391' title='bbox 1500 2669 1625 2705; x_wconf 90' lang='lat' dir='ltr'>cum</span> <span class='ocrx_word' id='word_1_392' title='bbox 1658 2650 1872 2704; x_wconf 87' lang='lat' dir='ltr'>venerit</span> <span class='ocrx_word' id='word_1_393' title='bbox 1953 2651 2260 2716; x_wconf 87' lang='lat' dir='ltr'>irascetur;</span> <span class='ocrx_word' id='word_1_394' title='bbox 2321 2651 2418 2704; x_wconf 85' lang='lat' dir='ltr'>sed</span> <span class='ocrx_word' id='word_1_395' title='bbox 2455 2651 2558 2704; x_wconf 88' lang='lat' dir='ltr'>etsi</span> <span class='ocrx_word' id='word_1_396' title='bbox 2607 2652 2896 2708; x_wconf 87' lang='lat' dir='ltr'>hominum</span> <span class='ocrx_word' id='word_1_397' title='bbox 2933 2657 3148 2710; x_wconf 89' lang='lat' dir='ltr'>malitia</span> <span class='ocrx_word' id='word_1_398' title='bbox 3194 2661 3455 2729; x_wconf 88' lang='lat' dir='ltr'>creverit,</span> <span class='ocrx_word' id='word_1_399' title='bbox 3493 2667 3552 2716; x_wconf 87' lang='lat' dir='ltr'>et</span> 
     </span>
    </p>
   </div>
   <div class='ocr_carea' id='block_1_29' title="bbox 270 2739 3550 2814">
    <p class='ocr_par' dir='ltr' id='par_1_29' title="bbox 270 2739 3550 2814">
     <span class='ocr_line' id='line_1_29' title="bbox 270 2739 3550 2814; baseline 0.002 -15"><span class='ocrx_word' id='word_1_400' title='bbox 270 2746 538 2799; x_wconf 89' lang='lat' dir='ltr'>Dominus</span> <span class='ocrx_word' id='word_1_401' title='bbox 556 2745 630 2797; x_wconf 87' lang='lat' dir='ltr'>ad</span> <span class='ocrx_word' id='word_1_402' title='bbox 641 2741 1188 2814; x_wconf 82' lang='lat' dir='ltr'>jud.icium,siccabit</span> <span class='ocrx_word' id='word_1_403' title='bbox 1205 2758 1358 2795; x_wconf 89' lang='lat' dir='ltr'>mare</span> <span class='ocrx_word' id='word_1_404' title='bbox 1381 2747 1437 2794; x_wconf 89' lang='lat' dir='ltr'>et</span> <span class='ocrx_word' id='word_1_405' title='bbox 1456 2740 1874 2808; x_wconf 85' lang='lat' dir='ltr'>ﬂumina.juxta</span> <span class='ocrx_word' id='word_1_406' title='bbox 1954 2739 2138 2797; x_wconf 83' lang='lat' dir='ltr'>omnis</span> <span class='ocrx_word' id='word_1_407' title='bbox 2193 2756 2323 2793; x_wconf 88' lang='lat' dir='ltr'>caro</span> <span class='ocrx_word' id='word_1_408' title='bbox 2376 2741 2691 2811; x_wconf 87' lang='lat' dir='ltr'>corruperit</span> <span class='ocrx_word' id='word_1_409' title='bbox 2727 2742 2874 2796; x_wconf 84' lang='lat' dir='ltr'>viam</span> <span class='ocrx_word' id='word_1_410' title='bbox 2912 2761 3092 2809; x_wconf 88' lang='lat' dir='ltr'>suam,</span> <span class='ocrx_word' id='word_1_411' title='bbox 3135 2746 3364 2802; x_wconf 88' lang='lat' dir='ltr'>inducet</span> <span class='ocrx_word' id='word_1_412' title='bbox 3397 2750 3550 2805; x_wconf 88' lang='lat' dir='ltr'>dilu-</span> 
     </span>
    </p>
   </div>
   <div class='ocr_carea' id='block_1_30' title="bbox 267 2828 3552 2904">
    <p class='ocr_par' dir='ltr' id='par_1_30' title="bbox 267 2828 3552 2904">
     <span class='ocr_line' id='line_1_30' title="bbox 267 2828 3552 2904; baseline 0.002 -16"><span class='ocrx_word' id='word_1_413' title='bbox 267 2834 396 2889; x_wconf 89' lang='lat' dir='ltr'>illud</span> <span class='ocrx_word' id='word_1_414' title='bbox 438 2854 449 2888; x_wconf 91' lang='lat'>:</span> <span class='ocrx_word' id='word_1_415' title='bbox 497 2855 520 2884; x_wconf 75' lang='grc' dir='ltr'>ι</span> <span class='ocrx_word' id='word_1_416' title='bbox 555 2835 630 2888; x_wconf 87' lang='lat' dir='ltr'>Et</span> <span class='ocrx_word' id='word_1_417' title='bbox 660 2849 813 2899; x_wconf 88' lang='lat' dir='ltr'>mare</span> <span class='ocrx_word' id='word_1_418' title='bbox 832 2835 951 2902; x_wconf 88' lang='lat' dir='ltr'>jam</span> <span class='ocrx_word' id='word_1_419' title='bbox 983 2848 1094 2885; x_wconf 92' lang='lat' dir='ltr'>non</span> <span class='ocrx_word' id='word_1_420' title='bbox 1126 2831 1251 2884; x_wconf 90' lang='lat' dir='ltr'>erit.</span> <span class='ocrx_word' id='word_1_421' title='bbox 1287 2855 1310 2878; x_wconf 72' lang='grc' dir='ltr'><strong><em>υ</em></strong></span> <span class='ocrx_word' id='word_1_422' title='bbox 1337 2829 1537 2884; x_wconf 85' lang='lat' dir='ltr'>Altiori</span> <span class='ocrx_word' id='word_1_423' title='bbox 1567 2845 1756 2887; x_wconf 81' lang='lat' dir='ltr'>sensu,</span> <span class='ocrx_word' id='word_1_424' title='bbox 1781 2829 1870 2880; x_wconf 86' lang='lat' dir='ltr'>in-</span> <span class='ocrx_word' id='word_1_425' title='bbox 1955 2828 2122 2892; x_wconf 87' lang='lat' dir='ltr'>vium,</span> <span class='ocrx_word' id='word_1_426' title='bbox 2175 2828 2231 2881; x_wconf 91' lang='lat' dir='ltr'>id</span> <span class='ocrx_word' id='word_1_427' title='bbox 2278 2834 2362 2882; x_wconf 89' lang='lat' dir='ltr'>est</span> <span class='ocrx_word' id='word_1_428' title='bbox 2406 2830 2712 2900; x_wconf 87' lang='lat' dir='ltr'>ﬂagellum,</span> <span class='ocrx_word' id='word_1_429' title='bbox 2743 2834 3032 2903; x_wconf 89' lang='lat' dir='ltr'>nonquod</span> <span class='ocrx_word' id='word_1_430' title='bbox 3066 2844 3410 2904; x_wconf 83' lang='lat' dir='ltr'>permaneat,</span> <span class='ocrx_word' id='word_1_431' title='bbox 3451 2840 3552 2894; x_wconf 86' lang='lat' dir='ltr'>sed</span> 
     </span>
    </p>
   </div>
   <div class='ocr_carea' id='block_1_31' title="bbox 267 2904 3555 2993">
    <p class='ocr_par' dir='ltr' id='par_1_31' title="bbox 267 2904 3555 2993">
     <span class='ocr_line' id='line_1_31' title="bbox 267 2904 3555 2993; baseline 0.002 -16"><span class='ocrx_word' id='word_1_432' title='bbox 267 2931 451 2993; x_wconf 84' lang='lat' dir='ltr'>crepat</span> <span class='ocrx_word' id='word_1_433' title='bbox 476 2922 754 2977; x_wconf 90' lang='lat' dir='ltr'>Dominus</span> <span class='ocrx_word' id='word_1_434' title='bbox 781 2937 955 2982; x_wconf 86' lang='lat' dir='ltr'>mare,</span> <span class='ocrx_word' id='word_1_435' title='bbox 988 2926 1045 2974; x_wconf 91' lang='lat' dir='ltr'>et</span> <span class='ocrx_word' id='word_1_436' title='bbox 1069 2919 1307 2974; x_wconf 87' lang='lat' dir='ltr'>exsiccat</span> <span class='ocrx_word' id='word_1_437' title='bbox 1333 2918 1488 2977; x_wconf 85' lang='lat' dir='ltr'>illud.</span> <span class='ocrx_word' id='word_1_438' title='bbox 1523 2917 1607 2970; x_wconf 87' lang='lat' dir='ltr'>vel</span> <span class='ocrx_word' id='word_1_439' title='bbox 1648 2904 1870 2970; x_wconf 86' lang='lat' dir='ltr'>omnem</span> <span class='ocrx_word' id='word_1_440' title='bbox 1954 2917 2100 2986; x_wconf 91' lang='lat' dir='ltr'>quod</span> <span class='ocrx_word' id='word_1_441' title='bbox 2124 2923 2492 2987; x_wconf 86' lang='lat' dir='ltr'>pertranseat.</span> <span class='ocrx_word' id='word_1_442' title='bbox 2522 2918 2592 2971; x_wconf 88' lang='lat' dir='ltr'>Et</span> <span class='ocrx_word' id='word_1_443' title='bbox 2608 2918 2728 2988; x_wconf 90' lang='lat' dir='ltr'>ipse</span> <span class='ocrx_word' id='word_1_444' title='bbox 2746 2920 2916 2974; x_wconf 76' lang='lat' dir='ltr'>faciet</span> <span class='ocrx_word' id='word_1_445' title='bbox 2932 2926 3475 2982; x_wconf 84' lang='lat' dir='ltr'>consummationem</span> <span class='ocrx_word' id='word_1_446' title='bbox 3495 2932 3555 2983; x_wconf 85' lang='lat' dir='ltr'>et</span> 
     </span>
    </p>
   </div>
   <div class='ocr_carea' id='block_1_32' title="bbox 267 3005 3553 3082">
    <p class='ocr_par' dir='ltr' id='par_1_32' title="bbox 267 3005 3553 3082">
     <span class='ocr_line' id='line_1_32' title="bbox 267 3005 3553 3082; baseline 0.002 -18"><span class='ocrx_word' id='word_1_447' title='bbox 267 3011 707 3066; x_wconf 86' lang='lat' dir='ltr'>amaritudinem</span> <span class='ocrx_word' id='word_1_448' title='bbox 725 3015 783 3063; x_wconf 89' lang='lat' dir='ltr'>et</span> <span class='ocrx_word' id='word_1_449' title='bbox 796 3007 1499 3078; x_wconf 85' lang='lat' dir='ltr'>salsugineminﬁdelitatis</span> <span class='ocrx_word' id='word_1_450' title='bbox 1516 3022 1874 3060; x_wconf 85' lang='lat' dir='ltr'>suacommu-</span> <span class='ocrx_word' id='word_1_451' title='bbox 1891 3054 1930 3082; x_wconf 50' lang='grc' dir='ltr'>ι,</span> <span class='ocrx_word' id='word_1_452' title='bbox 1955 3006 2123 3058; x_wconf 85' lang='lat' dir='ltr'>ﬁnem</span> <span class='ocrx_word' id='word_1_453' title='bbox 2149 3005 2255 3059; x_wconf 91' lang='lat' dir='ltr'>loci</span> <span class='ocrx_word' id='word_1_454' title='bbox 2277 3007 2418 3075; x_wconf 88' lang='lat' dir='ltr'>ejus,</span> <span class='ocrx_word' id='word_1_455' title='bbox 2451 3006 2507 3060; x_wconf 94' lang='lat' dir='ltr'>id</span> <span class='ocrx_word' id='word_1_456' title='bbox 2529 3014 2614 3062; x_wconf 89' lang='lat' dir='ltr'>est</span> <span class='ocrx_word' id='word_1_457' title='bbox 2643 3008 2856 3074; x_wconf 89' lang='lat' dir='ltr'>diluvii,</span> <span class='ocrx_word' id='word_1_458' title='bbox 2880 3017 2948 3063; x_wconf 89' lang='lat' dir='ltr'>ut</span> <span class='ocrx_word' id='word_1_459' title='bbox 2965 3018 3316 3082; x_wconf 87' lang='lat' dir='ltr'>pertranseat</span> <span class='ocrx_word' id='word_1_460' title='bbox 3343 3015 3553 3070; x_wconf 89' lang='lat' dir='ltr'>iraDo-</span> 
     </span>
    </p>
   </div>
   <div class='ocr_carea' id='block_1_33' title="bbox 265 3094 3564 3175">
    <p class='ocr_par' dir='ltr' id='par_1_33' title="bbox 265 3094 3564 3175">
     <span class='ocr_line' id='line_1_33' title="bbox 265 3094 3564 3175; baseline 0.002 -21"><span class='ocrx_word' id='word_1_461' title='bbox 265 3102 472 3167; x_wconf 84' lang='lat' dir='ltr'>tatione</span> <span class='ocrx_word' id='word_1_462' title='bbox 485 3098 1050 3154; x_wconf 81' lang='lat' dir='ltr'>destruxit.Exsiccat</span> <span class='ocrx_word' id='word_1_463' title='bbox 1066 3095 1382 3150; x_wconf 81' lang='lat' dir='ltr'>tlumina.id</span> <span class='ocrx_word' id='word_1_464' title='bbox 1395 3094 1616 3149; x_wconf 89' lang='lat' dir='ltr'>estfalsi</span> <span class='ocrx_word' id='word_1_465' title='bbox 1631 3094 1875 3147; x_wconf 88' lang='lat' dir='ltr'>nominis</span> <span class='ocrx_word' id='word_1_466' title='bbox 1891 3094 1933 3112; x_wconf 69' lang='grc' dir='ltr'>υ</span> <span class='ocrx_word' id='word_1_467' title='bbox 1958 3094 2117 3157; x_wconf 92' lang='lat' dir='ltr'>mini,</span> <span class='ocrx_word' id='word_1_468' title='bbox 2143 3100 2202 3148; x_wconf 91' lang='lat' dir='ltr'>et</span> <span class='ocrx_word' id='word_1_469' title='bbox 2227 3095 2346 3148; x_wconf 91' lang='lat' dir='ltr'>sola</span> <span class='ocrx_word' id='word_1_470' title='bbox 2375 3102 2646 3166; x_wconf 87' lang='lat' dir='ltr'>appareat</span> <span class='ocrx_word' id='word_1_471' title='bbox 2668 3097 2983 3152; x_wconf 86' lang='lat' dir='ltr'>clementia.</span> <span class='ocrx_word' id='word_1_472' title='bbox 3016 3102 3207 3156; x_wconf 87' lang='lat' dir='ltr'>Potest</span> <span class='ocrx_word' id='word_1_473' title='bbox 3225 3103 3330 3159; x_wconf 90' lang='lat' dir='ltr'>hoc</span> <span class='ocrx_word' id='word_1_474' title='bbox 3347 3105 3564 3175; x_wconf 63' lang='lat' dir='ltr'>specie.</span> 
     </span>
    </p>
   </div>
   <div class='ocr_carea' id='block_1_34' title="bbox 268 3182 3553 3262">
    <p class='ocr_par' dir='ltr' id='par_1_34' title="bbox 268 3182 3553 3262">
     <span class='ocr_line' id='line_1_34' title="bbox 268 3182 3553 3262; baseline 0.002 -20"><span class='ocrx_word' id='word_1_475' title='bbox 268 3189 584 3246; x_wconf 86' lang='lat' dir='ltr'>scientiam.</span> <span class='ocrx_word' id='word_1_476' title='bbox 619 3188 978 3242; x_wconf 85' lang='lat' dir='ltr'>extollentem</span> <span class='ocrx_word' id='word_1_477' title='bbox 1009 3203 1070 3238; x_wconf 90' lang='lat' dir='ltr'>se</span> <span class='ocrx_word' id='word_1_478' title='bbox 1098 3191 1294 3238; x_wconf 88' lang='lat' dir='ltr'>contra</span> <span class='ocrx_word' id='word_1_479' title='bbox 1324 3184 1639 3245; x_wconf 83' lang='lat' dir='ltr'>veritatem,</span> <span class='ocrx_word' id='word_1_480' title='bbox 1686 3183 1756 3236; x_wconf 88' lang='lat' dir='ltr'>ad</span> <span class='ocrx_word' id='word_1_481' title='bbox 1787 3183 1875 3235; x_wconf 88' lang='lat' dir='ltr'>ni-</span> <span class='ocrx_word' id='word_1_482' title='bbox 1958 3182 2088 3235; x_wconf 84' lang='lat' dir='ltr'>liter</span> <span class='ocrx_word' id='word_1_483' title='bbox 2108 3182 2302 3236; x_wconf 88' lang='lat' dir='ltr'>referri</span> <span class='ocrx_word' id='word_1_484' title='bbox 2325 3184 2395 3237; x_wconf 89' lang='lat' dir='ltr'>ad</span> <span class='ocrx_word' id='word_1_485' title='bbox 2417 3183 2616 3247; x_wconf 77' lang='lat' dir='ltr'>Israel,</span> <span class='ocrx_word' id='word_1_486' title='bbox 2642 3202 2808 3255; x_wconf 90' lang='lat' dir='ltr'>quem</span> <span class='ocrx_word' id='word_1_487' title='bbox 2831 3204 2956 3242; x_wconf 88' lang='lat' dir='ltr'>cum</span> <span class='ocrx_word' id='word_1_488' title='bbox 2980 3189 3168 3244; x_wconf 88' lang='lat' dir='ltr'>hostes</span> <span class='ocrx_word' id='word_1_489' title='bbox 3193 3194 3553 3262; x_wconf 76' lang='lat' dir='ltr'>vastaverint,</span> 
     </span>
    </p>
   </div>
   <div class='ocr_carea' id='block_1_35' title="bbox 268 3272 3561 3346">
    <p class='ocr_par' dir='ltr' id='par_1_35' title="bbox 268 3272 3561 3346">
     <span class='ocr_line' id='line_1_35' title="bbox 268 3272 3561 3346; baseline 0.002 -16"><span class='ocrx_word' id='word_1_490' title='bbox 268 3278 439 3332; x_wconf 90' lang='lat' dir='ltr'>hilum</span> <span class='ocrx_word' id='word_1_491' title='bbox 474 3277 743 3346; x_wconf 14' lang='lat' dir='ltr'>redigit’a</span> <span class='ocrx_word' id='word_1_492' title='bbox 770 3277 1094 3329; x_wconf 86' lang='lat' dir='ltr'>lnﬁrmatus</span> <span class='ocrx_word' id='word_1_493' title='bbox 1124 3279 1209 3338; x_wconf 88' lang='lat' dir='ltr'>est</span> <span class='ocrx_word' id='word_1_494' title='bbox 1226 3274 1404 3326; x_wconf 90' lang='lat' dir='ltr'>Basan</span> <span class='ocrx_word' id='word_1_495' title='bbox 1428 3278 1484 3326; x_wconf 90' lang='lat' dir='ltr'>et</span> <span class='ocrx_word' id='word_1_496' title='bbox 1503 3272 1878 3330; x_wconf 81' lang='lat' dir='ltr'>Carmelus.et</span> <span class='ocrx_word' id='word_1_497' title='bbox 1959 3278 2014 3324; x_wconf 91' lang='lat' dir='ltr'>et</span> <span class='ocrx_word' id='word_1_498' title='bbox 2044 3275 2221 3324; x_wconf 84' lang='lat' dir='ltr'>totam</span> <span class='ocrx_word' id='word_1_499' title='bbox 2252 3275 2462 3324; x_wconf 84' lang='lat' dir='ltr'>terram</span> <span class='ocrx_word' id='word_1_500' title='bbox 2497 3272 2657 3341; x_wconf 89' lang='lat' dir='ltr'>quasi</span> <span class='ocrx_word' id='word_1_501' title='bbox 2682 3273 2890 3328; x_wconf 90' lang='lat' dir='ltr'>diluvio</span> <span class='ocrx_word' id='word_1_502' title='bbox 2930 3276 3342 3342; x_wconf 88' lang='lat' dir='ltr'>inundaverint,</span> <span class='ocrx_word' id='word_1_503' title='bbox 3385 3282 3561 3337; x_wconf 13' lang='lat' dir='ltr'>ﬁnem.</span> 
     </span>
    </p>
   </div>
   <div class='ocr_carea' id='block_1_36' title="bbox 268 3359 3560 3440">
    <p class='ocr_par' dir='ltr' id='par_1_36' title="bbox 268 3359 3560 3440">
     <span class='ocr_line' id='line_1_36' title="bbox 268 3359 3560 3440; baseline 0.002 -20"><span class='ocrx_word' id='word_1_504' title='bbox 268 3367 362 3420; x_wconf 87' lang='lat' dir='ltr'>ﬂos</span> <span class='ocrx_word' id='word_1_505' title='bbox 376 3366 594 3434; x_wconf 80' lang='lat' dir='ltr'>Libani</span> <span class='ocrx_word' id='word_1_506' title='bbox 613 3364 883 3434; x_wconf 80' lang='lat' dir='ltr'>elanguit.</span> <span class='ocrx_word' id='word_1_507' title='bbox 903 3383 928 3415; x_wconf 67' lang='grc' dir='ltr'><strong><em>ι»</em></strong></span> <span class='ocrx_word' id='word_1_508' title='bbox 945 3362 1341 3432; x_wconf 83' lang='lat' dir='ltr'>Metaphorice,</span> <span class='ocrx_word' id='word_1_509' title='bbox 1366 3377 1466 3430; x_wconf 84' lang='lat' dir='ltr'>per</span> <span class='ocrx_word' id='word_1_510' title='bbox 1486 3359 1874 3413; x_wconf 79' lang='lat' dir='ltr'>infirmitatem</span> <span class='ocrx_word' id='word_1_511' title='bbox 1957 3359 2208 3413; x_wconf 84' lang='lat' dir='ltr'>facturus</span> <span class='ocrx_word' id='word_1_512' title='bbox 2236 3359 2308 3413; x_wconf 87' lang='lat' dir='ltr'>sit</span> <span class='ocrx_word' id='word_1_513' title='bbox 2323 3360 2678 3430; x_wconf 86' lang='lat' dir='ltr'>captivitatis,</span> <span class='ocrx_word' id='word_1_514' title='bbox 2695 3368 2752 3415; x_wconf 91' lang='lat' dir='ltr'>et</span> <span class='ocrx_word' id='word_1_515' title='bbox 2777 3380 2903 3418; x_wconf 90' lang='lat' dir='ltr'>eum</span> <span class='ocrx_word' id='word_1_516' title='bbox 2930 3366 3002 3420; x_wconf 85' lang='lat' dir='ltr'>ad</span> <span class='ocrx_word' id='word_1_517' title='bbox 3025 3367 3187 3421; x_wconf 90' lang='lat' dir='ltr'>sedes</span> <span class='ocrx_word' id='word_1_518' title='bbox 3200 3370 3453 3440; x_wconf 86' lang='lat' dir='ltr'>proprias</span> <span class='ocrx_word' id='word_1_519' title='bbox 3472 3388 3560 3427; x_wconf 79' lang='lat' dir='ltr'>re-</span> 
     </span>
    </p>
   </div>
   <div class='ocr_carea' id='block_1_37' title="bbox 264 3449 3555 3522">
    <p class='ocr_par' dir='ltr' id='par_1_37' title="bbox 264 3449 3555 3522">
     <span class='ocr_line' id='line_1_37' title="bbox 264 3449 3555 3522; baseline 0.002 -14"><span class='ocrx_word' id='word_1_520' title='bbox 264 3455 443 3510; x_wconf 88' lang='lat' dir='ltr'>Basan</span> <span class='ocrx_word' id='word_1_521' title='bbox 473 3461 539 3509; x_wconf 89' lang='lat' dir='ltr'>et</span> <span class='ocrx_word' id='word_1_522' title='bbox 567 3452 834 3516; x_wconf 89' lang='lat' dir='ltr'>Carmeli,</span> <span class='ocrx_word' id='word_1_523' title='bbox 867 3469 990 3522; x_wconf 81' lang='lat' dir='ltr'>quae</span> <span class='ocrx_word' id='word_1_524' title='bbox 1027 3457 1160 3505; x_wconf 91' lang='lat' dir='ltr'>sunt</span> <span class='ocrx_word' id='word_1_525' title='bbox 1188 3450 1444 3520; x_wconf 85' lang='lat' dir='ltr'>regiones</span> <span class='ocrx_word' id='word_1_526' title='bbox 1478 3449 1792 3509; x_wconf 70' lang='lat' dir='ltr'>uberrimae,</span> <span class='ocrx_word' id='word_1_527' title='bbox 1819 3454 1877 3502; x_wconf 92' lang='lat' dir='ltr'>et</span> <span class='ocrx_word' id='word_1_528' title='bbox 1957 3449 2248 3516; x_wconf 74' lang='lat' dir='ltr'>ducturus,</span> <span class='ocrx_word' id='word_1_529' title='bbox 2282 3449 2544 3520; x_wconf 84' lang='lat' dir='ltr'>Assyrios</span> <span class='ocrx_word' id='word_1_530' title='bbox 2575 3467 2702 3504; x_wconf 88' lang='lat' dir='ltr'>vero</span> <span class='ocrx_word' id='word_1_531' title='bbox 2732 3452 2990 3508; x_wconf 85' lang='lat' dir='ltr'>inimicos</span> <span class='ocrx_word' id='word_1_532' title='bbox 3013 3456 3089 3510; x_wconf 88' lang='lat' dir='ltr'>sit</span> <span class='ocrx_word' id='word_1_533' title='bbox 3131 3457 3444 3515; x_wconf 85' lang='lat' dir='ltr'>afﬂicturus</span> <span class='ocrx_word' id='word_1_534' title='bbox 3467 3465 3555 3516; x_wconf 85' lang='lat' dir='ltr'>te-</span> 
     </span>
    </p>
   </div>
   <div class='ocr_carea' id='block_1_38' title="bbox 266 3537 3555 3619">
    <p class='ocr_par' dir='ltr' id='par_1_38' title="bbox 266 3537 3555 3619">
     <span class='ocr_line' id='line_1_38' title="bbox 266 3537 3555 3619; baseline 0.002 -22"><span class='ocrx_word' id='word_1_535' title='bbox 266 3561 360 3614; x_wconf 89' lang='lat' dir='ltr'>per</span> <span class='ocrx_word' id='word_1_536' title='bbox 385 3544 696 3599; x_wconf 82' lang='lat' dir='ltr'>Libanum</span> <span class='ocrx_word' id='word_1_537' title='bbox 743 3548 1016 3606; x_wconf 86' lang='lat' dir='ltr'>montem,</span> <span class='ocrx_word' id='word_1_538' title='bbox 1048 3540 1262 3602; x_wconf 90' lang='lat' dir='ltr'>cedros,</span> <span class='ocrx_word' id='word_1_539' title='bbox 1294 3539 1598 3592; x_wconf 86' lang='lat' dir='ltr'>altissimas</span> <span class='ocrx_word' id='word_1_540' title='bbox 1623 3537 1870 3601; x_wconf 86' lang='lat' dir='ltr'>arbores,</span> <span class='ocrx_word' id='word_1_541' title='bbox 1956 3537 2162 3592; x_wconf 85' lang='lat' dir='ltr'>nebris.</span> <span class='ocrx_word' id='word_1_542' title='bbox 2191 3538 2306 3609; x_wconf 83' lang='lat' dir='ltr'>Hoc</span> <span class='ocrx_word' id='word_1_543' title='bbox 2330 3538 2513 3608; x_wconf 90' lang='lat' dir='ltr'>ipsum</span> <span class='ocrx_word' id='word_1_544' title='bbox 2545 3547 2601 3593; x_wconf 90' lang='lat' dir='ltr'>et</span> <span class='ocrx_word' id='word_1_545' title='bbox 2629 3540 2698 3594; x_wconf 91' lang='lat' dir='ltr'>de</span> <span class='ocrx_word' id='word_1_546' title='bbox 2715 3543 2943 3606; x_wconf 87' lang='lat' dir='ltr'>sanctis,</span> <span class='ocrx_word' id='word_1_547' title='bbox 2976 3550 3032 3598; x_wconf 92' lang='lat' dir='ltr'>et</span> <span class='ocrx_word' id='word_1_548' title='bbox 3051 3545 3122 3600; x_wconf 91' lang='lat' dir='ltr'>de</span> <span class='ocrx_word' id='word_1_549' title='bbox 3151 3563 3345 3602; x_wconf 83' lang='lat' dir='ltr'>eorum</span> <span class='ocrx_word' id='word_1_550' title='bbox 3368 3565 3555 3619; x_wconf 81' lang='lat' dir='ltr'>perse-</span> 
     </span>
    </p>
   </div>
   <div class='ocr_carea' id='block_1_39' title="bbox 266 3625 3556 3709">
    <p class='ocr_par' dir='ltr' id='par_1_39' title="bbox 266 3625 3556 3709">
     <span class='ocr_line' id='line_1_39' title="bbox 266 3625 3556 3709; baseline 0.003 -24"><span class='ocrx_word' id='word_1_551' title='bbox 266 3632 997 3688; x_wconf 73' lang='lat' dir='ltr'>ferentemdemonstratur</span> <span class='ocrx_word' id='word_1_552' title='bbox 1012 3629 1158 3700; x_wconf 87' lang='lat' dir='ltr'>quod</span> <span class='ocrx_word' id='word_1_553' title='bbox 1171 3628 1874 3698; x_wconf 79' lang='lat' dir='ltr'>gensAssyriorum,quon-</span> <span class='ocrx_word' id='word_1_554' title='bbox 1956 3625 2260 3680; x_wconf 90' lang='lat' dir='ltr'>cutoribus.</span> <span class='ocrx_word' id='word_1_555' title='bbox 2285 3627 2573 3682; x_wconf 89' lang='lat' dir='ltr'>sciendum</span> <span class='ocrx_word' id='word_1_556' title='bbox 2615 3636 2719 3693; x_wconf 85' lang='lat' dir='ltr'>est,</span> <span class='ocrx_word' id='word_1_557' title='bbox 2757 3631 2901 3700; x_wconf 89' lang='lat' dir='ltr'>quod</span> <span class='ocrx_word' id='word_1_558' title='bbox 2938 3632 3192 3689; x_wconf 90' lang='lat' dir='ltr'>videlicet</span> <span class='ocrx_word' id='word_1_559' title='bbox 3211 3636 3361 3691; x_wconf 91' lang='lat' dir='ltr'>Deus</span> <span class='ocrx_word' id='word_1_560' title='bbox 3398 3644 3556 3709; x_wconf 85' lang='lat' dir='ltr'>post-</span> 
     </span>
    </p>
   </div>
   <div class='ocr_carea' id='block_1_40' title="bbox 266 3715 3556 3793">
    <p class='ocr_par' dir='ltr' id='par_1_40' title="bbox 266 3715 3556 3793">
     <span class='ocr_line' id='line_1_40' title="bbox 266 3715 3556 3793; baseline 0.003 -17"><span class='ocrx_word' id='word_1_561' title='bbox 266 3722 390 3775; x_wconf 85' lang='lat' dir='ltr'>dam</span> <span class='ocrx_word' id='word_1_562' title='bbox 413 3721 836 3793; x_wconf 86' lang='lat' dir='ltr'>potentissima,</span> <span class='ocrx_word' id='word_1_563' title='bbox 862 3724 918 3772; x_wconf 91' lang='lat' dir='ltr'>et</span> <span class='ocrx_word' id='word_1_564' title='bbox 939 3718 1194 3788; x_wconf 84' lang='lat' dir='ltr'>plurimis</span> <span class='ocrx_word' id='word_1_565' title='bbox 1215 3717 1534 3770; x_wconf 88' lang='lat' dir='ltr'>nationibus</span> <span class='ocrx_word' id='word_1_566' title='bbox 1566 3715 1872 3784; x_wconf 81' lang='lat' dir='ltr'>imperans,</span> <span class='ocrx_word' id='word_1_567' title='bbox 1959 3732 2126 3786; x_wconf 89' lang='lat' dir='ltr'>quam</span> <span class='ocrx_word' id='word_1_568' title='bbox 2157 3722 2380 3769; x_wconf 87' lang='lat' dir='ltr'>sanctos</span> <span class='ocrx_word' id='word_1_569' title='bbox 2407 3717 2463 3769; x_wconf 92' lang='lat' dir='ltr'>in</span> <span class='ocrx_word' id='word_1_570' title='bbox 2502 3719 2760 3786; x_wconf 85' lang='lat' dir='ltr'>praesenti</span> <span class='ocrx_word' id='word_1_571' title='bbox 2803 3720 3080 3789; x_wconf 81' lang='lat' dir='ltr'>afﬂixerit,</span> <span class='ocrx_word' id='word_1_572' title='bbox 3118 3725 3460 3783; x_wconf 86' lang='lat' dir='ltr'>misereatur</span> <span class='ocrx_word' id='word_1_573' title='bbox 3483 3729 3556 3785; x_wconf 88' lang='lat' dir='ltr'>il-</span> 
     </span>
    </p>
   </div>
   <div class='ocr_carea' id='block_1_41' title="bbox 266 3802 3554 3887">
    <p class='ocr_par' dir='ltr' id='par_1_41' title="bbox 266 3802 3554 3887">
     <span class='ocr_line' id='line_1_41' title="bbox 266 3802 3554 3887; baseline 0.007 -36"><span class='ocrx_word' id='word_1_574' title='bbox 266 3810 374 3865; x_wconf 73' lang='lat' dir='ltr'>Deo</span> <span class='ocrx_word' id='word_1_575' title='bbox 396 3808 1037 3879; x_wconf 71' lang='lat' dir='ltr'>irascente,populanda</span> <span class='ocrx_word' id='word_1_576' title='bbox 1057 3807 1148 3860; x_wconf 91' lang='lat' dir='ltr'>sit.</span> <span class='ocrx_word' id='word_1_577' title='bbox 1176 3806 1261 3859; x_wconf 82' lang='lat' dir='ltr'>Ad</span> <span class='ocrx_word' id='word_1_578' title='bbox 1282 3806 1427 3858; x_wconf 89' lang='lat' dir='ltr'>diem</span> <span class='ocrx_word' id='word_1_579' title='bbox 1453 3821 1674 3874; x_wconf 88' lang='lat' dir='ltr'>quoque</span> <span class='ocrx_word' id='word_1_580' title='bbox 1696 3802 1874 3857; x_wconf 82' lang='lat' dir='ltr'>novis—</span> <span class='ocrx_word' id='word_1_581' title='bbox 1959 3805 2140 3858; x_wconf 91' lang='lat' dir='ltr'>lorum</span> <span class='ocrx_word' id='word_1_582' title='bbox 2190 3805 2246 3858; x_wconf 90' lang='lat' dir='ltr'>in</span> <span class='ocrx_word' id='word_1_583' title='bbox 2298 3805 2504 3868; x_wconf 79' lang='lat' dir='ltr'>futuro,</span> <span class='ocrx_word' id='word_1_584' title='bbox 2530 3813 2922 3876; x_wconf 76' lang='lat' dir='ltr'>persecutores</span> <span class='ocrx_word' id='word_1_585' title='bbox 2957 3827 3084 3866; x_wconf 91' lang='lat' dir='ltr'>vero</span> <span class='ocrx_word' id='word_1_586' title='bbox 3123 3817 3554 3887; x_wconf 86' lang='lat' dir='ltr'>apprehendant</span> 
     </span>
    </p>
   </div>
   <div class='ocr_carea' id='block_1_42' title="bbox 267 3891 3556 3970">
    <p class='ocr_par' dir='ltr' id='par_1_42' title="bbox 267 3891 3556 3970">
     <span class='ocr_line' id='line_1_42' title="bbox 267 3891 3556 3970; baseline 0.001 -19"><span class='ocrx_word' id='word_1_587' title='bbox 267 3900 468 3954; x_wconf 87' lang='lat' dir='ltr'>simum</span> <span class='ocrx_word' id='word_1_588' title='bbox 492 3903 610 3953; x_wconf 86' lang='lat' dir='ltr'>ista</span> <span class='ocrx_word' id='word_1_589' title='bbox 625 3902 864 3968; x_wconf 88' lang='lat' dir='ltr'>possunt</span> <span class='ocrx_word' id='word_1_590' title='bbox 883 3895 1328 3965; x_wconf 87' lang='lat' dir='ltr'>referri,quando</span> <span class='ocrx_word' id='word_1_591' title='bbox 1351 3898 1608 3964; x_wconf 87' lang='lat' dir='ltr'>potentes</span> <span class='ocrx_word' id='word_1_592' title='bbox 1629 3899 1684 3946; x_wconf 89' lang='lat' dir='ltr'>et</span> <span class='ocrx_word' id='word_1_593' title='bbox 1714 3891 1876 3946; x_wconf 88' lang='lat' dir='ltr'>nobi-</span> <span class='ocrx_word' id='word_1_594' title='bbox 1957 3892 2220 3953; x_wconf 67' lang='lat' dir='ltr'>tenebrae,</span> <span class='ocrx_word' id='word_1_595' title='bbox 2256 3910 2396 3963; x_wconf 90' lang='lat' dir='ltr'>quas</span> <span class='ocrx_word' id='word_1_596' title='bbox 2425 3895 2736 3963; x_wconf 90' lang='lat' dir='ltr'>elegerunt,</span> <span class='ocrx_word' id='word_1_597' title='bbox 2770 3897 2865 3950; x_wconf 90' lang='lat' dir='ltr'>ubi</span> <span class='ocrx_word' id='word_1_598' title='bbox 2897 3906 3233 3970; x_wconf 68' lang='lat' dir='ltr'>perpetuuss</span> <span class='ocrx_word' id='word_1_599' title='bbox 3255 3905 3365 3959; x_wconf 84' lang='lat' dir='ltr'>erit</span> <span class='ocrx_word' id='word_1_600' title='bbox 3389 3907 3556 3962; x_wconf 77' lang='lat' dir='ltr'>ﬂetus</span> 
     </span>
    </p>
   </div>
   <div class='ocr_carea' id='block_1_43' title="bbox 266 3980 2972 4051">
    <p class='ocr_par' dir='ltr' id='par_1_43' title="bbox 266 3980 2972 4051">
     <span class='ocr_line' id='line_1_43' title="bbox 266 3980 2972 4051; baseline -0.003 -11"><span class='ocrx_word' id='word_1_601' title='bbox 266 3987 340 4041; x_wconf 88' lang='lat' dir='ltr'>les</span> <span class='ocrx_word' id='word_1_602' title='bbox 369 3995 426 4042; x_wconf 83' lang='lat' dir='ltr'>et</span> <span class='ocrx_word' id='word_1_603' title='bbox 445 3986 672 4042; x_wconf 80' lang='lat' dir='ltr'>divitiis</span> <span class='ocrx_word' id='word_1_604' title='bbox 686 3983 1041 4038; x_wconf 88' lang='lat' dir='ltr'>abundantes</span> <span class='ocrx_word' id='word_1_605' title='bbox 1062 3981 1497 4036; x_wconf 85' lang='lat' dir='ltr'>intirmahuntur</span> <span class='ocrx_word' id='word_1_606' title='bbox 1515 3987 1572 4034; x_wconf 90' lang='lat' dir='ltr'>et</span> <span class='ocrx_word' id='word_1_607' title='bbox 1593 3980 1872 4051; x_wconf 77' lang='lat' dir='ltr'>peribunt.</span> <span class='ocrx_word' id='word_1_608' title='bbox 1959 3987 2016 4034; x_wconf 91' lang='lat' dir='ltr'>et</span> <span class='ocrx_word' id='word_1_609' title='bbox 2038 3981 2248 4034; x_wconf 88' lang='lat' dir='ltr'>stridor</span> <span class='ocrx_word' id='word_1_610' title='bbox 2267 3981 2537 4035; x_wconf 91' lang='lat' dir='ltr'>dentium.</span> <span class='ocrx_word' id='word_1_611' title='bbox 2568 4000 2594 4033; x_wconf 73' lang='grc' dir='ltr'>ι)</span> <span class='ocrx_word' id='word_1_612' title='bbox 2701 4032 2703 4034; x_wconf 77' lang='grc'><em>,</em></span> <span class='ocrx_word' id='word_1_613' title='bbox 2967 4026 2972 4032; x_wconf 95' lang='grc'>.</span> 
     </span>
    </p>
   </div>
   <div class='ocr_carea' id='block_1_44' title="bbox 265 4069 3554 4147">
    <p class='ocr_par' dir='ltr' id='par_1_44' title="bbox 265 4069 3554 4147">
     <span class='ocr_line' id='line_1_44' title="bbox 265 4069 3554 4147; baseline 0.003 -18"><span class='ocrx_word' id='word_1_614' title='bbox 265 4074 692 4147; x_wconf 84' lang='lat' dir='ltr'>Interpretatur</span> <span class='ocrx_word' id='word_1_615' title='bbox 716 4079 907 4127; x_wconf 89' lang='lat' dir='ltr'>autem</span> <span class='ocrx_word' id='word_1_616' title='bbox 931 4071 1119 4126; x_wconf 91' lang='lat' dir='ltr'>Basan</span> <span class='ocrx_word' id='word_1_617' title='bbox 1138 4073 1388 4137; x_wconf 71' lang='lat' dir='ltr'>confusio</span> <span class='ocrx_word' id='word_1_618' title='bbox 1410 4071 1524 4123; x_wconf 91' lang='lat' dir='ltr'>sive</span> <span class='ocrx_word' id='word_1_619' title='bbox 1542 4072 1874 4136; x_wconf 74' lang='lat' dir='ltr'>ignominia,</span> <span class='ocrx_word' id='word_1_620' title='bbox 2035 4088 2059 4119; x_wconf 76' lang='grc' dir='ltr'>α</span> <span class='ocrx_word' id='word_1_621' title='bbox 2082 4069 2222 4133; x_wconf 89' lang='lat' dir='ltr'>Quid</span> <span class='ocrx_word' id='word_1_622' title='bbox 2246 4070 2508 4139; x_wconf 83' lang='lat' dir='ltr'>cogitatis</span> <span class='ocrx_word' id='word_1_623' title='bbox 2520 4076 2713 4124; x_wconf 86' lang='lat' dir='ltr'>contra</span> <span class='ocrx_word' id='word_1_624' title='bbox 2732 4071 3037 4132; x_wconf 85' lang='lat' dir='ltr'>Dominum</span> <span class='ocrx_word' id='word_1_625' title='bbox 3052 4075 3078 4129; x_wconf 76' lang='lat'><strong>7</strong></span> <span class='ocrx_word' id='word_1_626' title='bbox 3108 4078 3554 4138; x_wconf 77' lang='lat' dir='ltr'>Consummatio-</span> 
     </span>
    </p>
   </div>
   <div class='ocr_carea' id='block_1_45' title="bbox 268 4157 3568 4234">
    <p class='ocr_par' dir='ltr' id='par_1_45' title="bbox 268 4157 3568 4234">
     <span class='ocr_line' id='line_1_45' title="bbox 268 4157 3568 4234; baseline 0.001 -16"><span class='ocrx_word' id='word_1_627' title='bbox 268 4163 564 4219; x_wconf 87' lang='lat' dir='ltr'>Carmelus</span> <span class='ocrx_word' id='word_1_628' title='bbox 596 4164 836 4230; x_wconf 74' lang='lat' dir='ltr'>cognitio</span> <span class='ocrx_word' id='word_1_629' title='bbox 863 4162 1321 4220; x_wconf 74' lang='lat' dir='ltr'>circumcisiom&#39;s.</span> <span class='ocrx_word' id='word_1_630' title='bbox 1345 4157 1542 4212; x_wconf 89' lang='lat' dir='ltr'>Innuit</span> <span class='ocrx_word' id='word_1_631' title='bbox 1569 4174 1701 4227; x_wconf 88' lang='lat' dir='ltr'>ergo</span> <span class='ocrx_word' id='word_1_632' title='bbox 1728 4157 1875 4227; x_wconf 90' lang='lat' dir='ltr'>quod</span> <span class='ocrx_word' id='word_1_633' title='bbox 1959 4174 2087 4212; x_wconf 91' lang='lat' dir='ltr'>nem</span> <span class='ocrx_word' id='word_1_634' title='bbox 2109 4158 2227 4229; x_wconf 91' lang='lat' dir='ltr'>ipse</span> <span class='ocrx_word' id='word_1_635' title='bbox 2241 4158 3568 4234; x_wconf 72' lang='lat' dir='ltr'>faciet.Nonconsurgetduplextribulatio.nHe..</span> 
     </span>
    </p>
   </div>
   <div class='ocr_carea' id='block_1_46' title="bbox 268 4246 3547 4329">
    <p class='ocr_par' dir='ltr' id='par_1_46' title="bbox 268 4246 3547 4329">
     <span class='ocr_line' id='line_1_46' title="bbox 268 4246 3547 4329; baseline 0.004 -23"><span class='ocrx_word' id='word_1_636' title='bbox 268 4255 454 4308; x_wconf 88' lang='lat' dir='ltr'>omnia</span> <span class='ocrx_word' id='word_1_637' title='bbox 484 4269 620 4324; x_wconf 63' lang='lat' dir='ltr'>qua;</span> <span class='ocrx_word' id='word_1_638' title='bbox 647 4249 974 4304; x_wconf 88' lang='lat' dir='ltr'>confusione</span> <span class='ocrx_word' id='word_1_639' title='bbox 1013 4255 1070 4302; x_wconf 92' lang='lat' dir='ltr'>et</span> <span class='ocrx_word' id='word_1_640' title='bbox 1093 4247 1404 4319; x_wconf 87' lang='lat' dir='ltr'>ignominia</span> <span class='ocrx_word' id='word_1_641' title='bbox 1433 4248 1606 4317; x_wconf 90' lang='lat' dir='ltr'>digna</span> <span class='ocrx_word' id='word_1_642' title='bbox 1633 4252 1781 4311; x_wconf 90' lang='lat' dir='ltr'>sunt,</span> <span class='ocrx_word' id='word_1_643' title='bbox 1815 4246 1874 4300; x_wconf 91' lang='lat' dir='ltr'>in</span> <span class='ocrx_word' id='word_1_644' title='bbox 1957 4247 2089 4302; x_wconf 63' lang='lat' dir='ltr'>brmi</span> <span class='ocrx_word' id='word_1_645' title='bbox 2105 4248 2270 4318; x_wconf 82' lang='lat' dir='ltr'>juxta</span> <span class='ocrx_word' id='word_1_646' title='bbox 2298 4249 2543 4302; x_wconf 73' lang='lat' dir='ltr'>litteram</span> <span class='ocrx_word' id='word_1_647' title='bbox 2566 4249 2715 4304; x_wconf 89' lang='lat' dir='ltr'>hunc</span> <span class='ocrx_word' id='word_1_648' title='bbox 2735 4251 2918 4306; x_wconf 92' lang='lat' dir='ltr'>locum</span> <span class='ocrx_word' id='word_1_649' title='bbox 2944 4266 3261 4324; x_wconf 80' lang='lat' dir='ltr'>exponunt:</span> <span class='ocrx_word' id='word_1_650' title='bbox 3283 4258 3328 4314; x_wconf 94' lang='grc' dir='ltr'><strong>Ο</strong></span> <span class='ocrx_word' id='word_1_651' title='bbox 3349 4261 3547 4329; x_wconf 69' lang='lat' dir='ltr'>Judaei,</span> 
     </span>
    </p>
   </div>
   <div class='ocr_carea' id='block_1_47' title="bbox 270 4335 3551 4431">
    <p class='ocr_par' dir='ltr' id='par_1_47' title="bbox 270 4335 3551 4431">
     <span class='ocr_line' id='line_1_47' title="bbox 270 4335 3551 4431; baseline 0.004 -37"><span class='ocrx_word' id='word_1_652' title='bbox 270 4341 354 4395; x_wconf 88' lang='lat' dir='ltr'>die</span> <span class='ocrx_word' id='word_1_653' title='bbox 362 4341 572 4412; x_wconf 89' lang='lat' dir='ltr'>judicii</span> <span class='ocrx_word' id='word_1_654' title='bbox 594 4337 1072 4393; x_wconf 86' lang='lat' dir='ltr'>inﬁrmentur.Illi</span> <span class='ocrx_word' id='word_1_655' title='bbox 1090 4337 1260 4391; x_wconf 90' lang='lat' dir='ltr'>etiam</span> <span class='ocrx_word' id='word_1_656' title='bbox 1279 4337 1375 4407; x_wconf 92' lang='lat' dir='ltr'>qui</span> <span class='ocrx_word' id='word_1_657' title='bbox 1393 4337 1651 4391; x_wconf 88' lang='lat' dir='ltr'>videntur</span> <span class='ocrx_word' id='word_1_658' title='bbox 1668 4335 1874 4390; x_wconf 89' lang='lat' dir='ltr'>habere</span> <span class='ocrx_word' id='word_1_659' title='bbox 1891 4374 1939 4431; x_wconf 69' lang='grc' dir='ltr'>Β</span> <span class='ocrx_word' id='word_1_660' title='bbox 1959 4337 2092 4407; x_wconf 89' lang='lat' dir='ltr'>quid</span> <span class='ocrx_word' id='word_1_661' title='bbox 2117 4336 2376 4405; x_wconf 88' lang='lat' dir='ltr'>cogitatis</span> <span class='ocrx_word' id='word_1_662' title='bbox 2405 4337 2635 4401; x_wconf 87' lang='lat' dir='ltr'>malum,</span> <span class='ocrx_word' id='word_1_663' title='bbox 2674 4339 2834 4408; x_wconf 90' lang='lat' dir='ltr'>quasi</span> <span class='ocrx_word' id='word_1_664' title='bbox 2865 4339 2945 4394; x_wconf 90' lang='lat' dir='ltr'>sic</span> <span class='ocrx_word' id='word_1_665' title='bbox 2968 4342 3257 4410; x_wconf 76' lang='lat' dir='ltr'>capiendae</span> <span class='ocrx_word' id='word_1_666' title='bbox 3289 4347 3404 4402; x_wconf 87' lang='lat' dir='ltr'>sint</span> <span class='ocrx_word' id='word_1_667' title='bbox 3426 4349 3551 4407; x_wconf 65' lang='lat' dir='ltr'>dua:</span> 
     </span>
    </p>
   </div>
   <div class='ocr_carea' id='block_1_48' title="bbox 267 4425 3555 4508">
    <p class='ocr_par' dir='ltr' id='par_1_48' title="bbox 267 4425 3555 4508">
     <span class='ocr_line' id='line_1_48' title="bbox 267 4425 3555 4508; baseline 0.004 -25"><span class='ocrx_word' id='word_1_668' title='bbox 267 4432 537 4485; x_wconf 86' lang='lat' dir='ltr'>notitiam</span> <span class='ocrx_word' id='word_1_669' title='bbox 601 4445 746 4483; x_wconf 73' lang='lat' dir='ltr'>vera:</span> <span class='ocrx_word' id='word_1_670' title='bbox 803 4425 1262 4488; x_wconf 85' lang='lat' dir='ltr'>circumcisionis,</span> <span class='ocrx_word' id='word_1_671' title='bbox 1313 4431 1370 4478; x_wconf 90' lang='lat' dir='ltr'>et</span> <span class='ocrx_word' id='word_1_672' title='bbox 1421 4431 1770 4494; x_wconf 64' lang='lat' dir='ltr'>praesumunt</span> <span class='ocrx_word' id='word_1_673' title='bbox 1805 4425 1875 4478; x_wconf 90' lang='lat' dir='ltr'>de</span> <span class='ocrx_word' id='word_1_674' title='bbox 1897 4425 1931 4431; x_wconf 80' lang='grc'><em>”</em></span> <span class='ocrx_word' id='word_1_675' title='bbox 1959 4425 2156 4488; x_wconf 88' lang='lat' dir='ltr'>tribus,</span> <span class='ocrx_word' id='word_1_676' title='bbox 2190 4426 2332 4480; x_wconf 90' lang='lat' dir='ltr'>sicut</span> <span class='ocrx_word' id='word_1_677' title='bbox 2359 4433 2535 4497; x_wconf 70' lang='lat' dir='ltr'>captaa</span> <span class='ocrx_word' id='word_1_678' title='bbox 2563 4432 2698 4481; x_wconf 89' lang='lat' dir='ltr'>sunt</span> <span class='ocrx_word' id='word_1_679' title='bbox 2724 4428 2935 4483; x_wconf 85' lang='lat' dir='ltr'>decem.</span> <span class='ocrx_word' id='word_1_680' title='bbox 2971 4431 3096 4486; x_wconf 89' lang='lat' dir='ltr'>Non</span> <span class='ocrx_word' id='word_1_681' title='bbox 3126 4444 3426 4508; x_wconf 82' lang='lat' dir='ltr'>consurget</span> <span class='ocrx_word' id='word_1_682' title='bbox 3452 4440 3555 4496; x_wconf 92' lang='lat' dir='ltr'>du-</span> 
     </span>
    </p>
   </div>
   <div class='ocr_carea' id='block_1_49' title="bbox 267 4513 3550 4593">
    <p class='ocr_par' dir='ltr' id='par_1_49' title="bbox 267 4513 3550 4593">
     <span class='ocr_line' id='line_1_49' title="bbox 267 4513 3550 4593; baseline 0.008 -35"><span class='ocrx_word' id='word_1_683' title='bbox 267 4519 506 4573; x_wconf 68' lang='lat' dir='ltr'>sciemia</span> <span class='ocrx_word' id='word_1_684' title='bbox 537 4516 829 4586; x_wconf 72' lang='lat' dir='ltr'>Deilegis,</span> <span class='ocrx_word' id='word_1_685' title='bbox 856 4517 1078 4586; x_wconf 84' lang='lat' dir='ltr'>jactant</span> <span class='ocrx_word' id='word_1_686' title='bbox 1097 4531 1320 4585; x_wconf 91' lang='lat' dir='ltr'>quoque</span> <span class='ocrx_word' id='word_1_687' title='bbox 1351 4531 1410 4567; x_wconf 89' lang='lat' dir='ltr'>se</span> <span class='ocrx_word' id='word_1_688' title='bbox 1437 4513 1726 4567; x_wconf 88' lang='lat' dir='ltr'>dealbatos</span> <span class='ocrx_word' id='word_1_689' title='bbox 1745 4531 1876 4568; x_wconf 89' lang='lat' dir='ltr'>san-</span> <span class='ocrx_word' id='word_1_690' title='bbox 1958 4515 2082 4583; x_wconf 87' lang='lat' dir='ltr'>plex</span> <span class='ocrx_word' id='word_1_691' title='bbox 2106 4513 2414 4578; x_wconf 88' lang='lat' dir='ltr'>tribulatio,</span> <span class='ocrx_word' id='word_1_692' title='bbox 2456 4514 2616 4569; x_wconf 87' lang='lat' dir='ltr'>utsic</span> <span class='ocrx_word' id='word_1_693' title='bbox 2654 4517 2950 4588; x_wconf 90' lang='lat' dir='ltr'>capiantur</span> <span class='ocrx_word' id='word_1_694' title='bbox 2986 4519 3080 4574; x_wconf 90' lang='lat' dir='ltr'>isti</span> <span class='ocrx_word' id='word_1_695' title='bbox 3111 4526 3391 4593; x_wconf 87' lang='lat' dir='ltr'>quomodo</span> <span class='ocrx_word' id='word_1_696' title='bbox 3421 4529 3505 4584; x_wconf 83' lang='lat' dir='ltr'>illi</span> <span class='ocrx_word' id='word_1_697' title='bbox 3531 4549 3550 4585; x_wconf 68' lang='grc' dir='ltr'><strong>ς</strong></span> 
     </span>
    </p>
   </div>
   <div class='ocr_carea' id='block_1_50' title="bbox 265 4602 1874 4673">
    <p class='ocr_par' dir='ltr' id='par_1_50' title="bbox 265 4602 1874 4673">
     <span class='ocr_line' id='line_1_50' title="bbox 265 4602 1874 4673; baseline -0.001 -13"><span class='ocrx_word' id='word_1_698' title='bbox 265 4609 460 4661; x_wconf 88' lang='lat' dir='ltr'>ctitate</span> <span class='ocrx_word' id='word_1_699' title='bbox 481 4614 546 4660; x_wconf 89' lang='lat' dir='ltr'>et</span> <span class='ocrx_word' id='word_1_700' title='bbox 567 4608 835 4660; x_wconf 86' lang='lat' dir='ltr'>ﬂorentes</span> <span class='ocrx_word' id='word_1_701' title='bbox 848 4604 1315 4673; x_wconf 88' lang='lat' dir='ltr'>virtutibus,quos</span> <span class='ocrx_word' id='word_1_702' title='bbox 1333 4602 1595 4672; x_wconf 85' lang='lat' dir='ltr'>designat</span> <span class='ocrx_word' id='word_1_703' title='bbox 1607 4603 1874 4668; x_wconf 90' lang='lat' dir='ltr'>Libanus,</span> 
     </span>
    </p>
   </div>
   <div class='ocr_carea' id='block_1_51' title="bbox 266 4691 1876 4765">
    <p class='ocr_par' dir='ltr' id='par_1_51' title="bbox 266 4691 1876 4765">
     <span class='ocr_line' id='line_1_51' title="bbox 266 4691 1876 4765; baseline -0.002 -16"><span class='ocrx_word' id='word_1_704' title='bbox 266 4696 357 4765; x_wconf 88' lang='lat' dir='ltr'>qui</span> <span class='ocrx_word' id='word_1_705' title='bbox 386 4697 814 4765; x_wconf 86' lang='lat' dir='ltr'>interpretatur</span> <span class='ocrx_word' id='word_1_706' title='bbox 840 4695 1131 4755; x_wconf 78' lang='lat' dir='ltr'>dealbatio,</span> <span class='ocrx_word' id='word_1_707' title='bbox 1165 4691 1530 4762; x_wconf 88' lang='lat' dir='ltr'>trepidabunt</span> <span class='ocrx_word' id='word_1_708' title='bbox 1558 4696 1615 4745; x_wconf 92' lang='lat' dir='ltr'>et</span> <span class='ocrx_word' id='word_1_709' title='bbox 1640 4691 1876 4762; x_wconf 82' lang='lat' dir='ltr'>langue-</span> 
     </span>
    </p>
   </div>
   <div class='ocr_carea' id='block_1_52' title="bbox 262 4781 1435 4851">
    <p class='ocr_par' dir='ltr' id='par_1_52' title="bbox 262 4781 1435 4851">
     <span class='ocr_line' id='line_1_52' title="bbox 262 4781 1435 4851; baseline -0.003 -13"><span class='ocrx_word' id='word_1_710' title='bbox 262 4791 441 4845; x_wconf 83' lang='lat' dir='ltr'>scent,</span> <span class='ocrx_word' id='word_1_711' title='bbox 476 4784 748 4838; x_wconf 83' lang='lat' dir='ltr'>veniente</span> <span class='ocrx_word' id='word_1_712' title='bbox 776 4781 1012 4836; x_wconf 88' lang='lat' dir='ltr'>Domino</span> <span class='ocrx_word' id='word_1_713' title='bbox 1051 4782 1121 4834; x_wconf 85' lang='lat' dir='ltr'>ad</span> <span class='ocrx_word' id='word_1_714' title='bbox 1139 4781 1435 4851; x_wconf 84' lang='lat' dir='ltr'>judicium.</span> 
     </span>
    </p>
   </div>
   <div class='ocr_carea' id='block_1_53' title="bbox 335 4869 1878 4932">
    <p class='ocr_par' dir='ltr' id='par_1_53' title="bbox 335 4869 1878 4932">
     <span class='ocr_line' id='line_1_53' title="bbox 335 4869 1878 4932; baseline 0.001 -9"><span class='ocrx_word' id='word_1_715' title='bbox 335 4892 360 4923; x_wconf 74' lang='grc' dir='ltr'>ε</span> <span class='ocrx_word' id='word_1_716' title='bbox 390 4874 628 4927; x_wconf 80' lang='lat' dir='ltr'>Montes</span> <span class='ocrx_word' id='word_1_717' title='bbox 656 4870 922 4924; x_wconf 89' lang='lat' dir='ltr'>commoti</span> <span class='ocrx_word' id='word_1_718' title='bbox 953 4877 1086 4926; x_wconf 86' lang='lat' dir='ltr'>sunt</span> <span class='ocrx_word' id='word_1_719' title='bbox 1123 4870 1194 4923; x_wconf 87' lang='lat' dir='ltr'>ab</span> <span class='ocrx_word' id='word_1_720' title='bbox 1219 4887 1306 4932; x_wconf 88' lang='lat' dir='ltr'>eo,</span> <span class='ocrx_word' id='word_1_721' title='bbox 1347 4875 1404 4924; x_wconf 91' lang='lat' dir='ltr'>et</span> <span class='ocrx_word' id='word_1_722' title='bbox 1431 4869 1600 4924; x_wconf 90' lang='lat' dir='ltr'>colles</span> <span class='ocrx_word' id='word_1_723' title='bbox 1641 4869 1878 4924; x_wconf 89' lang='lat' dir='ltr'>desolati</span> 
     </span>
    </p>
   </div>
   <div class='ocr_carea' id='block_1_54' title="bbox 261 4958 1881 5028">
    <p class='ocr_par' dir='ltr' id='par_1_54' title="bbox 261 4958 1881 5028">
     <span class='ocr_line' id='line_1_54' title="bbox 261 4958 1881 5028; baseline -0.002 -12"><span class='ocrx_word' id='word_1_724' title='bbox 261 4969 393 5018; x_wconf 77' lang='lat' dir='ltr'>sunt</span> <span class='ocrx_word' id='word_1_725' title='bbox 461 4964 534 5016; x_wconf 85' lang='lat' dir='ltr'>Et</span> <span class='ocrx_word' id='word_1_726' title='bbox 569 4960 918 5019; x_wconf 88' lang='lat' dir='ltr'>contremuit</span> <span class='ocrx_word' id='word_1_727' title='bbox 938 4965 1091 5013; x_wconf 89' lang='lat' dir='ltr'>terra</span> <span class='ocrx_word' id='word_1_728' title='bbox 1118 4976 1151 5013; x_wconf 88' lang='lat' dir='ltr'>a</span> <span class='ocrx_word' id='word_1_729' title='bbox 1181 4959 1320 5012; x_wconf 91' lang='lat' dir='ltr'>facie</span> <span class='ocrx_word' id='word_1_730' title='bbox 1350 4960 1494 5028; x_wconf 83' lang='lat' dir='ltr'>ejus,</span> <span class='ocrx_word' id='word_1_731' title='bbox 1527 4965 1584 5013; x_wconf 89' lang='lat' dir='ltr'>et</span> <span class='ocrx_word' id='word_1_732' title='bbox 1611 4958 1781 5020; x_wconf 89' lang='lat' dir='ltr'>orbis,</span> <span class='ocrx_word' id='word_1_733' title='bbox 1823 4964 1881 5012; x_wconf 92' lang='lat' dir='ltr'>et</span> 
     </span>
    </p>
   </div>
   <div class='ocr_carea' id='block_1_55' title="bbox 262 5046 1877 5117">
    <p class='ocr_par' dir='ltr' id='par_1_55' title="bbox 262 5046 1877 5117">
     <span class='ocr_line' id='line_1_55' title="bbox 262 5046 1877 5117; baseline -0.002 -16"><span class='ocrx_word' id='word_1_734' title='bbox 262 5065 462 5103; x_wconf 82' lang='lat' dir='ltr'>omnes</span> <span class='ocrx_word' id='word_1_735' title='bbox 488 5047 824 5114; x_wconf 87' lang='lat' dir='ltr'>habitantes</span> <span class='ocrx_word' id='word_1_736' title='bbox 846 5047 901 5100; x_wconf 94' lang='lat' dir='ltr'>in</span> <span class='ocrx_word' id='word_1_737' title='bbox 931 5062 1016 5099; x_wconf 91' lang='lat' dir='ltr'>eo.</span> <span class='ocrx_word' id='word_1_738' title='bbox 1053 5067 1074 5094; x_wconf 76' lang='grc' dir='ltr'><strong>ο</strong></span> <span class='ocrx_word' id='word_1_739' title='bbox 1104 5047 1297 5100; x_wconf 89' lang='lat' dir='ltr'>Potest</span> <span class='ocrx_word' id='word_1_740' title='bbox 1335 5046 1666 5117; x_wconf 89' lang='lat' dir='ltr'>simpliciter</span> <span class='ocrx_word' id='word_1_741' title='bbox 1700 5046 1877 5117; x_wconf 89' lang='lat' dir='ltr'>accipi</span> 
     </span>
    </p>
   </div>
   <div class='ocr_carea' id='block_1_56' title="bbox 263 5134 1876 5209">
    <p class='ocr_par' dir='ltr' id='par_1_56' title="bbox 263 5134 1876 5209">
     <span class='ocr_line' id='line_1_56' title="bbox 263 5134 1876 5209; baseline -0.002 -17"><span class='ocrx_word' id='word_1_742' title='bbox 263 5140 407 5209; x_wconf 90' lang='lat' dir='ltr'>quod</span> <span class='ocrx_word' id='word_1_743' title='bbox 440 5138 506 5192; x_wconf 90' lang='lat' dir='ltr'>in</span> <span class='ocrx_word' id='word_1_744' title='bbox 540 5135 1031 5190; x_wconf 89' lang='lat' dir='ltr'>consummatione</span> <span class='ocrx_word' id='word_1_745' title='bbox 1051 5134 1248 5188; x_wconf 89' lang='lat' dir='ltr'>mundi</span> <span class='ocrx_word' id='word_1_746' title='bbox 1273 5141 1331 5188; x_wconf 90' lang='lat' dir='ltr'>et</span> <span class='ocrx_word' id='word_1_747' title='bbox 1360 5141 1577 5188; x_wconf 89' lang='lat' dir='ltr'>montes</span> <span class='ocrx_word' id='word_1_748' title='bbox 1598 5141 1655 5188; x_wconf 89' lang='lat' dir='ltr'>et</span> <span class='ocrx_word' id='word_1_749' title='bbox 1683 5135 1876 5203; x_wconf 85' lang='lat' dir='ltr'>colles,</span> 
     </span>
    </p>
   </div>
   <div class='ocr_carea' id='block_1_57' title="bbox 261 5223 1878 5288">
    <p class='ocr_par' dir='ltr' id='par_1_57' title="bbox 261 5223 1878 5288">
     <span class='ocr_line' id='line_1_57' title="bbox 261 5223 1878 5288; baseline 0.001 -12"><span class='ocrx_word' id='word_1_750' title='bbox 261 5228 531 5281; x_wconf 80' lang='lat' dir='ltr'>veniente</span> <span class='ocrx_word' id='word_1_751' title='bbox 545 5224 1286 5288; x_wconf 87' lang='lat' dir='ltr'>Domino,commoveantur.</span> <span class='ocrx_word' id='word_1_752' title='bbox 1299 5223 1356 5277; x_wconf 91' lang='lat' dir='ltr'>Si</span> <span class='ocrx_word' id='word_1_753' title='bbox 1376 5223 1525 5276; x_wconf 90' lang='lat' dir='ltr'>enim</span> <span class='ocrx_word' id='word_1_754' title='bbox 1541 5223 1598 5276; x_wconf 92' lang='lat' dir='ltr'>in</span> <span class='ocrx_word' id='word_1_755' title='bbox 1622 5224 1878 5287; x_wconf 82' lang='lat' dir='ltr'>passione</span> 
     </span>
    </p>
   </div>
   <div class='ocr_carea' id='block_1_58' title="bbox 263 5311 1879 5386">
    <p class='ocr_par' dir='ltr' id='par_1_58' title="bbox 263 5311 1879 5386">
     <span class='ocr_line' id='line_1_58' title="bbox 263 5311 1879 5386; baseline -0.001 -17"><span class='ocrx_word' id='word_1_756' title='bbox 263 5316 382 5386; x_wconf 87' lang='lat' dir='ltr'>ejus</span> <span class='ocrx_word' id='word_1_757' title='bbox 400 5317 494 5370; x_wconf 91' lang='lat' dir='ltr'>sol</span> <span class='ocrx_word' id='word_1_758' title='bbox 522 5313 866 5368; x_wconf 88' lang='lat' dir='ltr'>obscuratus</span> <span class='ocrx_word' id='word_1_759' title='bbox 887 5318 973 5365; x_wconf 90' lang='lat' dir='ltr'>est</span> <span class='ocrx_word' id='word_1_760' title='bbox 993 5317 1048 5365; x_wconf 89' lang='lat' dir='ltr'>et</span> <span class='ocrx_word' id='word_1_761' title='bbox 1065 5317 1218 5366; x_wconf 88' lang='lat' dir='ltr'>terra</span> <span class='ocrx_word' id='word_1_762' title='bbox 1231 5311 1482 5373; x_wconf 91' lang='lat' dir='ltr'>tremuit,</span> <span class='ocrx_word' id='word_1_763' title='bbox 1503 5313 1678 5365; x_wconf 89' lang='lat' dir='ltr'>multo</span> <span class='ocrx_word' id='word_1_764' title='bbox 1701 5313 1879 5383; x_wconf 88' lang='lat' dir='ltr'>magis</span> 
     </span>
    </p>
   </div>
   <div class='ocr_carea' id='block_1_59' title="bbox 263 5399 1878 5471">
    <p class='ocr_par' dir='ltr' id='par_1_59' title="bbox 263 5399 1878 5471">
     <span class='ocr_line' id='line_1_59' title="bbox 263 5399 1878 5471; baseline 0 -15"><span class='ocrx_word' id='word_1_765' title='bbox 263 5420 388 5459; x_wconf 91' lang='lat' dir='ltr'>cum</span> <span class='ocrx_word' id='word_1_766' title='bbox 421 5406 485 5458; x_wconf 92' lang='lat' dir='ltr'>in</span> <span class='ocrx_word' id='word_1_767' title='bbox 519 5418 636 5457; x_wconf 85' lang='lat' dir='ltr'>sua</span> <span class='ocrx_word' id='word_1_768' title='bbox 665 5403 960 5471; x_wconf 89' lang='lat' dir='ltr'>majestate</span> <span class='ocrx_word' id='word_1_769' title='bbox 990 5401 1222 5464; x_wconf 87' lang='lat' dir='ltr'>venerit,</span> <span class='ocrx_word' id='word_1_770' title='bbox 1245 5399 1626 5454; x_wconf 90' lang='lat' dir='ltr'>turbabuntur</span> <span class='ocrx_word' id='word_1_771' title='bbox 1645 5407 1701 5454; x_wconf 90' lang='lat' dir='ltr'>et</span> <span class='ocrx_word' id='word_1_772' title='bbox 1724 5418 1878 5456; x_wconf 88' lang='lat' dir='ltr'>com-</span> 
     </span>
    </p>
   </div>
   <div class='ocr_carea' id='block_1_60' title="bbox 263 5489 1877 5561">
    <p class='ocr_par' dir='ltr' id='par_1_60' title="bbox 263 5489 1877 5561">
     <span class='ocr_line' id='line_1_60' title="bbox 263 5489 1877 5561; baseline -0.002 -13"><span class='ocrx_word' id='word_1_773' title='bbox 263 5493 660 5548; x_wconf 84' lang='lat' dir='ltr'>movebuntur</span> <span class='ocrx_word' id='word_1_774' title='bbox 687 5490 894 5545; x_wconf 85' lang='lat' dir='ltr'>omnia.</span> <span class='ocrx_word' id='word_1_775' title='bbox 937 5490 1200 5560; x_wconf 83' lang='lat' dir='ltr'>Figurate</span> <span class='ocrx_word' id='word_1_776' title='bbox 1229 5507 1378 5551; x_wconf 90' lang='lat' dir='ltr'>vero,</span> <span class='ocrx_word' id='word_1_777' title='bbox 1407 5489 1704 5544; x_wconf 88' lang='lat' dir='ltr'>denuntiat</span> <span class='ocrx_word' id='word_1_778' title='bbox 1729 5491 1877 5561; x_wconf 91' lang='lat' dir='ltr'>quod</span> 
     </span>
    </p>
   </div>
   <div class='ocr_carea' id='block_1_61' title="bbox 264 5577 1879 5655">
    <p class='ocr_par' dir='ltr' id='par_1_61' title="bbox 264 5577 1879 5655">
     <span class='ocr_line' id='line_1_61' title="bbox 264 5577 1879 5655; baseline -0.001 -20"><span class='ocrx_word' id='word_1_779' title='bbox 264 5583 447 5638; x_wconf 84' lang='lat' dir='ltr'>omnis</span> <span class='ocrx_word' id='word_1_780' title='bbox 472 5586 816 5655; x_wconf 84' lang='lat' dir='ltr'>potentatus</span> <span class='ocrx_word' id='word_1_781' title='bbox 845 5585 948 5635; x_wconf 90' lang='lat' dir='ltr'>aut</span> <span class='ocrx_word' id='word_1_782' title='bbox 965 5579 1341 5635; x_wconf 87' lang='lat' dir='ltr'>sublimitates</span> <span class='ocrx_word' id='word_1_783' title='bbox 1370 5578 1669 5644; x_wconf 86' lang='lat' dir='ltr'>montium,</span> <span class='ocrx_word' id='word_1_784' title='bbox 1696 5577 1752 5633; x_wconf 78' lang='lat' dir='ltr'>id</span> <span class='ocrx_word' id='word_1_785' title='bbox 1792 5585 1879 5634; x_wconf 84' lang='lat' dir='ltr'>est</span> 
     </span>
    </p>
   </div>
   <div class='ocr_carea' id='block_1_62' title="bbox 520 5678 1065 5743">
    <p class='ocr_par' dir='ltr' id='par_1_62' title="bbox 520 5678 1065 5743">
     <span class='ocr_line' id='line_1_62' title="bbox 520 5678 1065 5743; baseline 0 -1"><span class='ocrx_word' id='word_1_786' title='bbox 520 5679 797 5743; x_wconf 74' lang='grc' dir='ltr'>ΡΑ-ηοι.</span> <span class='ocrx_word' id='word_1_787' title='bbox 827 5678 1065 5742; x_wconf 81' lang='lat' dir='ltr'>CXVII.</span> 
     </span>
    </p>
   </div>
   <div class='ocr_carea' id='block_1_63' title="bbox 1958 4602 3548 4684">
    <p class='ocr_par' dir='ltr' id='par_1_63' title="bbox 1958 4602 3548 4684">
     <span class='ocr_line' id='line_1_63' title="bbox 1958 4602 3548 4684; baseline 0.01 -28"><span class='ocrx_word' id='word_1_788' title='bbox 1958 4602 2436 4673; x_wconf 85' lang='lat' dir='ltr'>quiaAssyrii,qui</span> <span class='ocrx_word' id='word_1_789' title='bbox 2452 4605 2616 4658; x_wconf 91' lang='lat' dir='ltr'>modo</span> <span class='ocrx_word' id='word_1_790' title='bbox 2637 4606 2799 4676; x_wconf 90' lang='lat' dir='ltr'>quasi</span> <span class='ocrx_word' id='word_1_791' title='bbox 2813 4608 2986 4677; x_wconf 76' lang='lat' dir='ltr'>spinae</span> <span class='ocrx_word' id='word_1_792' title='bbox 3004 4626 3063 4663; x_wconf 90' lang='lat' dir='ltr'>se</span> <span class='ocrx_word' id='word_1_793' title='bbox 3082 4614 3548 4684; x_wconf 89' lang='lat' dir='ltr'>complectuntur,</span> 
     </span>
    </p>
   </div>
   <div class='ocr_carea' id='block_1_64' title="bbox 1961 4691 3554 4774">
    <p class='ocr_par' dir='ltr' id='par_1_64' title="bbox 1961 4691 3554 4774">
     <span class='ocr_line' id='line_1_64' title="bbox 1961 4691 3554 4774; baseline 0.01 -30"><span class='ocrx_word' id='word_1_794' title='bbox 1961 4691 2427 4762; x_wconf 89' lang='lat' dir='ltr'>percutienturab</span> <span class='ocrx_word' id='word_1_795' title='bbox 2448 4695 2646 4763; x_wconf 85' lang='lat' dir='ltr'>angelo</span> <span class='ocrx_word' id='word_1_796' title='bbox 2659 4696 3030 4751; x_wconf 85' lang='lat' dir='ltr'>Domini.Hoc</span> <span class='ocrx_word' id='word_1_797' title='bbox 3049 4699 3256 4754; x_wconf 87' lang='lat' dir='ltr'>factum</span> <span class='ocrx_word' id='word_1_798' title='bbox 3279 4708 3554 4774; x_wconf 82' lang='lat' dir='ltr'>estquan-</span> 
     </span>
    </p>
   </div>
   <div class='ocr_carea' id='block_1_65' title="bbox 1960 4781 3554 4854">
    <p class='ocr_par' dir='ltr' id='par_1_65' title="bbox 1960 4781 3554 4854">
     <span class='ocr_line' id='line_1_65' title="bbox 1960 4781 3554 4854; baseline 0.009 -19"><span class='ocrx_word' id='word_1_799' title='bbox 1960 4781 2032 4835; x_wconf 92' lang='lat' dir='ltr'>do</span> <span class='ocrx_word' id='word_1_800' title='bbox 2061 4798 2172 4835; x_wconf 89' lang='lat' dir='ltr'>una</span> <span class='ocrx_word' id='word_1_801' title='bbox 2201 4787 2365 4835; x_wconf 88' lang='lat' dir='ltr'>nocte</span> <span class='ocrx_word' id='word_1_802' title='bbox 2391 4784 2669 4852; x_wconf 65' lang='lat' dir='ltr'>percussit</span> <span class='ocrx_word' id='word_1_803' title='bbox 2693 4802 2758 4837; x_wconf 89' lang='lat' dir='ltr'>ex</span> <span class='ocrx_word' id='word_1_804' title='bbox 2787 4785 2866 4838; x_wconf 91' lang='lat' dir='ltr'>eis</span> <span class='ocrx_word' id='word_1_805' title='bbox 2896 4787 3128 4854; x_wconf 86' lang='lat' dir='ltr'>angelus</span> <span class='ocrx_word' id='word_1_806' title='bbox 3148 4795 3374 4845; x_wconf 88' lang='lat' dir='ltr'>centum</span> <span class='ocrx_word' id='word_1_807' title='bbox 3395 4800 3554 4849; x_wconf 90' lang='lat' dir='ltr'>octo-</span> 
     </span>
    </p>
   </div>
   <div class='ocr_carea' id='block_1_66' title="bbox 1961 4870 3568 4946">
    <p class='ocr_par' dir='ltr' id='par_1_66' title="bbox 1961 4870 3568 4946">
     <span class='ocr_line' id='line_1_66' title="bbox 1961 4870 3568 4946; baseline 0.011 -23"><span class='ocrx_word' id='word_1_808' title='bbox 1961 4870 2120 4940; x_wconf 84' lang='lat' dir='ltr'>ginta</span> <span class='ocrx_word' id='word_1_809' title='bbox 2139 4870 2384 4941; x_wconf 90' lang='lat' dir='ltr'>quinque</span> <span class='ocrx_word' id='word_1_810' title='bbox 2413 4871 2608 4925; x_wconf 90' lang='lat' dir='ltr'>millia.</span> <span class='ocrx_word' id='word_1_811' title='bbox 2643 4870 2802 4936; x_wconf 86' lang='lat' dir='ltr'>Quod</span> <span class='ocrx_word' id='word_1_812' title='bbox 2829 4879 3018 4928; x_wconf 86' lang='lat' dir='ltr'>autem</span> <span class='ocrx_word' id='word_1_813' title='bbox 3049 4877 3370 4946; x_wconf 67' lang='lat' dir='ltr'>sequiturn</span> <span class='ocrx_word' id='word_1_814' title='bbox 3389 4882 3466 4937; x_wconf 85' lang='lat' dir='ltr'>Ex</span> <span class='ocrx_word' id='word_1_815' title='bbox 3495 4889 3568 4941; x_wconf 24' lang='lat' dir='ltr'>te.</span> 
     </span>
    </p>
   </div>
   <div class='ocr_carea' id='block_1_67' title="bbox 1961 4959 3556 5032">
    <p class='ocr_par' dir='ltr' id='par_1_67' title="bbox 1961 4959 3556 5032">
     <span class='ocr_line' id='line_1_67' title="bbox 1961 4959 3556 5032; baseline 0.004 -20"><span class='ocrx_word' id='word_1_816' title='bbox 1961 4959 2128 5013; x_wconf 84' lang='lat' dir='ltr'>exibit</span> <span class='ocrx_word' id='word_1_817' title='bbox 2159 4959 2412 5030; x_wconf 90' lang='lat' dir='ltr'>cogitans</span> <span class='ocrx_word' id='word_1_818' title='bbox 2441 4966 2639 5013; x_wconf 89' lang='lat' dir='ltr'>contra</span> <span class='ocrx_word' id='word_1_819' title='bbox 2668 4960 2967 5015; x_wconf 88' lang='lat' dir='ltr'>Dominum</span> <span class='ocrx_word' id='word_1_820' title='bbox 2987 4964 3320 5032; x_wconf 61' lang='lat' dir='ltr'>malitiam,»</span> <span class='ocrx_word' id='word_1_821' title='bbox 3340 4970 3410 5026; x_wconf 90' lang='lat' dir='ltr'>de</span> <span class='ocrx_word' id='word_1_822' title='bbox 3439 4973 3556 5029; x_wconf 82' lang='lat' dir='ltr'>Ra-</span> 
     </span>
    </p>
   </div>
   <div class='ocr_carea' id='block_1_68' title="bbox 1959 5048 3555 5126">
    <p class='ocr_par' dir='ltr' id='par_1_68' title="bbox 1959 5048 3555 5126">
     <span class='ocr_line' id='line_1_68' title="bbox 1959 5048 3555 5126; baseline 0.009 -25"><span class='ocrx_word' id='word_1_823' title='bbox 1959 5064 2122 5118; x_wconf 88' lang='lat' dir='ltr'>psace</span> <span class='ocrx_word' id='word_1_824' title='bbox 2147 5049 2337 5103; x_wconf 89' lang='lat' dir='ltr'>volunt</span> <span class='ocrx_word' id='word_1_825' title='bbox 2366 5048 2796 5120; x_wconf 88' lang='lat' dir='ltr'>intelligi,quem</span> <span class='ocrx_word' id='word_1_826' title='bbox 2816 5050 2966 5105; x_wconf 88' lang='lat' dir='ltr'>misit</span> <span class='ocrx_word' id='word_1_827' title='bbox 2985 5069 3080 5106; x_wconf 88' lang='lat' dir='ltr'>rex</span> <span class='ocrx_word' id='word_1_828' title='bbox 3099 5055 3462 5126; x_wconf 88' lang='lat' dir='ltr'>Assyriorum</span> <span class='ocrx_word' id='word_1_829' title='bbox 3481 5065 3555 5120; x_wconf 88' lang='lat' dir='ltr'>ad</span> 
     </span>
    </p>
   </div>
   <div class='ocr_carea' id='block_1_69' title="bbox 1957 5135 3558 5221">
    <p class='ocr_par' dir='ltr' id='par_1_69' title="bbox 1957 5135 3558 5221">
     <span class='ocr_line' id='line_1_69' title="bbox 1957 5135 3558 5221; baseline 0.012 -31"><span class='ocrx_word' id='word_1_830' title='bbox 1957 5135 2457 5207; x_wconf 88' lang='lat' dir='ltr'>blasphemandum</span> <span class='ocrx_word' id='word_1_831' title='bbox 2485 5138 2661 5191; x_wconf 91' lang='lat' dir='ltr'>Deum</span> <span class='ocrx_word' id='word_1_832' title='bbox 2692 5138 2986 5194; x_wconf 88' lang='lat' dir='ltr'>viventem.</span> <span class='ocrx_word' id='word_1_833' title='bbox 3021 5143 3171 5198; x_wconf 90' lang='lat' dir='ltr'>Sane</span> <span class='ocrx_word' id='word_1_834' title='bbox 3193 5145 3467 5221; x_wconf 80' lang='lat' dir='ltr'>hocquod</span> <span class='ocrx_word' id='word_1_835' title='bbox 3497 5155 3558 5210; x_wconf 89' lang='lat' dir='ltr'>in</span> 
     </span>
    </p>
   </div>
   <div class='ocr_carea' id='block_1_70' title="bbox 1961 5225 3558 5308">
    <p class='ocr_par' dir='ltr' id='par_1_70' title="bbox 1961 5225 3558 5308">
     <span class='ocr_line' id='line_1_70' title="bbox 1961 5225 3558 5308; baseline 0.011 -29"><span class='ocrx_word' id='word_1_836' title='bbox 1961 5225 2233 5279; x_wconf 81' lang='lat' dir='ltr'>Ilebraica</span> <span class='ocrx_word' id='word_1_837' title='bbox 2246 5226 2477 5278; x_wconf 87' lang='lat' dir='ltr'>veritate</span> <span class='ocrx_word' id='word_1_838' title='bbox 2489 5225 2744 5281; x_wconf 83' lang='lat' dir='ltr'>habetur:</span> <span class='ocrx_word' id='word_1_839' title='bbox 2760 5229 2838 5282; x_wconf 76' lang='lat' dir='ltr'>IN</span> <span class='ocrx_word' id='word_1_840' title='bbox 2843 5246 2915 5284; x_wconf 93' lang='lat' dir='ltr'>on</span> <span class='ocrx_word' id='word_1_841' title='bbox 2925 5241 3229 5304; x_wconf 84' lang='lat' dir='ltr'>consurget</span> <span class='ocrx_word' id='word_1_842' title='bbox 3241 5236 3444 5308; x_wconf 89' lang='lat' dir='ltr'>duplex</span> <span class='ocrx_word' id='word_1_843' title='bbox 3461 5243 3558 5297; x_wconf 88' lang='lat' dir='ltr'>tri-</span> 
     </span>
    </p>
   </div>
   <div class='ocr_carea' id='block_1_71' title="bbox 1960 5313 3559 5392">
    <p class='ocr_par' dir='ltr' id='par_1_71' title="bbox 1960 5313 3559 5392">
     <span class='ocr_line' id='line_1_71' title="bbox 1960 5313 3559 5392; baseline 0.013 -27"><span class='ocrx_word' id='word_1_844' title='bbox 1960 5313 2189 5373; x_wconf 82' lang='lat' dir='ltr'>bulatio,</span> <span class='ocrx_word' id='word_1_845' title='bbox 2203 5313 2602 5384; x_wconf 68' lang='lat' dir='ltr'>nSeptuaginta</span> <span class='ocrx_word' id='word_1_846' title='bbox 2619 5318 2868 5386; x_wconf 90' lang='lat' dir='ltr'>apertius</span> <span class='ocrx_word' id='word_1_847' title='bbox 2881 5321 3038 5389; x_wconf 90' lang='lat' dir='ltr'>quasi</span> <span class='ocrx_word' id='word_1_848' title='bbox 3055 5334 3396 5392; x_wconf 85' lang='lat' dir='ltr'>exponentes</span> <span class='ocrx_word' id='word_1_849' title='bbox 3408 5330 3559 5386; x_wconf 88' lang='lat' dir='ltr'>dixe-</span> 
     </span>
    </p>
   </div>
   <div class='ocr_carea' id='block_1_72' title="bbox 1961 5403 3556 5483">
    <p class='ocr_par' dir='ltr' id='par_1_72' title="bbox 1961 5403 3556 5483">
     <span class='ocr_line' id='line_1_72' title="bbox 1961 5403 3556 5483; baseline 0.014 -28"><span class='ocrx_word' id='word_1_850' title='bbox 1961 5407 2094 5456; x_wconf 90' lang='lat' dir='ltr'>runt</span> <span class='ocrx_word' id='word_1_851' title='bbox 2114 5420 2163 5455; x_wconf 70' lang='grc' dir='ltr'>ια</span> <span class='ocrx_word' id='word_1_852' title='bbox 2187 5403 2308 5456; x_wconf 88' lang='lat' dir='ltr'>Non</span> <span class='ocrx_word' id='word_1_853' title='bbox 2319 5403 2598 5472; x_wconf 88' lang='lat' dir='ltr'>judicabit</span> <span class='ocrx_word' id='word_1_854' title='bbox 2617 5406 2888 5461; x_wconf 90' lang='lat' dir='ltr'>Dominus</span> <span class='ocrx_word' id='word_1_855' title='bbox 2907 5407 2992 5463; x_wconf 91' lang='lat' dir='ltr'>bis</span> <span class='ocrx_word' id='word_1_856' title='bbox 3013 5409 3071 5464; x_wconf 93' lang='lat' dir='ltr'>in</span> <span class='ocrx_word' id='word_1_857' title='bbox 3091 5411 3390 5483; x_wconf 83' lang='lat' dir='ltr'>idipsum.»</span> <span class='ocrx_word' id='word_1_858' title='bbox 3404 5425 3461 5474; x_wconf 89' lang='lat' dir='ltr'>et</span> <span class='ocrx_word' id='word_1_859' title='bbox 3475 5422 3556 5477; x_wconf 89' lang='lat' dir='ltr'>sic</span> 
     </span>
    </p>
   </div>
   <div class='ocr_carea' id='block_1_73' title="bbox 1961 5490 3550 5576">
    <p class='ocr_par' dir='ltr' id='par_1_73' title="bbox 1961 5490 3550 5576">
     <span class='ocr_line' id='line_1_73' title="bbox 1961 5490 3550 5576; baseline 0.012 -32"><span class='ocrx_word' id='word_1_860' title='bbox 1961 5490 2228 5545; x_wconf 89' lang='lat' dir='ltr'>usitatum</span> <span class='ocrx_word' id='word_1_861' title='bbox 2243 5498 2498 5546; x_wconf 84' lang='lat' dir='ltr'>versatur</span> <span class='ocrx_word' id='word_1_862' title='bbox 2512 5510 2612 5564; x_wconf 90' lang='lat' dir='ltr'>per</span> <span class='ocrx_word' id='word_1_863' title='bbox 2621 5512 2719 5549; x_wconf 87' lang='lat' dir='ltr'>ora</span> <span class='ocrx_word' id='word_1_864' title='bbox 2728 5496 3245 5573; x_wconf 83' lang='lat' dir='ltr'>omnium.Aitergo</span> <span class='ocrx_word' id='word_1_865' title='bbox 3260 5508 3550 5576; x_wconf 84' lang='lat' dir='ltr'>propheta:</span> 
     </span>
    </p>
   </div>
   <div class='ocr_carea' id='block_1_74' title="bbox 1965 5579 3553 5651">
    <p class='ocr_par' dir='ltr' id='par_1_74' title="bbox 1965 5579 3553 5651">
     <span class='ocr_line' id='line_1_74' title="bbox 1965 5579 3553 5651; baseline 0.011 -19"><span class='ocrx_word' id='word_1_866' title='bbox 1965 5601 1985 5630; x_wconf 77' lang='grc' dir='ltr'><strong><em>α</em></strong></span> <span class='ocrx_word' id='word_1_867' title='bbox 1995 5579 2141 5643; x_wconf 88' lang='lat' dir='ltr'>Quid</span> <span class='ocrx_word' id='word_1_868' title='bbox 2151 5580 2410 5651; x_wconf 85' lang='lat' dir='ltr'>cogitatis</span> <span class='ocrx_word' id='word_1_869' title='bbox 2420 5589 2618 5638; x_wconf 83' lang='lat' dir='ltr'>contra</span> <span class='ocrx_word' id='word_1_870' title='bbox 2629 5584 2865 5642; x_wconf 90' lang='lat' dir='ltr'>Dominu</span> <span class='ocrx_word' id='word_1_871' title='bbox 2873 5586 3243 5646; x_wconf 65' lang='lat' dir='ltr'>mbMarcion</span> <span class='ocrx_word' id='word_1_872' title='bbox 3257 5593 3553 5650; x_wconf 63' lang='lat' dir='ltr'>hereticus</span> 
     </span>
    </p>
   </div>
   <div class='ocr_carea' id='block_1_75' title="bbox 3282 5688 3325 5752">
    <p class='ocr_par' dir='ltr' id='par_1_75' title="bbox 3282 5688 3325 5752">
     <span class='ocr_line' id='line_1_75' title="bbox 3282 5688 3325 5752; baseline 0 0"><span class='ocrx_word' id='word_1_873' title='bbox 3282 5688 3325 5752; x_wconf 86' lang='lat'><strong>6</strong></span> 
     </span>
    </p>
   </div>
  </div>
