4062 6168
495 321 592 382 171

904 321 1281 377 ΗΑΥΜΟΝ18
1320 318 1806 374 HALBERB’I’AT.
1851 317 2066 373 EPlSC.

2152 317 2278 371 lPP.
2321 314 2505 373 PARS
2543 318 2588 372 Ι.
2633 349 2696 359 -
2735 320 3107 375 ΟΟΜΜΕΝΤ.
3152 321 3334 378 BIBL.

3691 317 3783 377 172

488 435 774 500 duosdeos
785 434 1833 509 adinvenit,unumVeteris’l‘estamenti
1852 443 2082 505 malum.
2103 443 2153 501 A
2170 440 2313 495 liber
2340 440 2499 495 Isaiae
2518 442 2787 507 declarat,
2811 445 3004 497 statim
3025 450 3088 499 ut
3108 444 3488 499 Sennaeherib
3524 460 3782 500 reversus

486 536 788 599 crudelem,
813 541 870 588 et
886 534 977 604 qui
1008 534 1185 604 poenis
1216 534 1503 587 hominum
1531 534 1876 585 delectetur:
1906 531 2077 585 alium

452 658 457 659 ί
489 620 695 678 bonum
714 623 852 677 Novi
870 622 1234 677 Testamenti.
1267 638 1430 692 quem
1449 620 2081 675 dicuntconsummatio-

488 729 616 767 nem
658 712 852 766 mundi
888 711 1194 768 Facturum.
1230 712 1435 764 Contra
1467 711 1567 763 hos
1595 711 1730 764 dicit
1760 710 2032 780 propheta
2065 725 2076 759 :

494 825 511 849 ι
542 802 688 865 Quid
717 799 973 871 cogitatis
993 805 1189 853 contra
1206 799 1588 853 Dominum?»
1615 798 1741 869 Ipse
1767 799 1859 869 qui
1878 797 2087 851 creavit

483 890 779 953 mundum,
814 890 935 957 ejus
964 902 1186 957 quoque
1215 887 1383 941 faciet
1410 886 2084 941 consummationem.Ve-

482 989 802 1033 tamtamen
830 976 1028 1029 scitote
1052 975 1184 1045 quia
1211 991 1324 1028 non
1355 982 1657 1045 consurget
1675 975 1880 1046 duplex
1910 974 2085 1028 tribu-

479 1065 745 1131 latio,nec
764 1064 850 1118 bis
872 1058 1438 1134 judiéabuntur,quia
1456 1064 1513 1117 in
1539 1065 1649 1117 illis
1671 1080 1810 1134 quos
1840 1080 2082 1134 praesens

477 1154 771 1208 tribulatio
790 1154 1008 1223 afﬂigit,
1041 1152 1290 1206 futuram
1312 1153 1732 1206 damnationem
1746 1169 2082 1223 consurgere

475 1256 589 1296 non
615 1243 767 1296 sinit.
802 1242 871 1295 Et
894 1241 1289 1312 peccatoribus
1316 1240 1525 1295 idcirco
1556 1242 1707 1296 Deus
1737 1241 1808 1295 ad
1839 1257 2081 1312 przesens

474 1331 646 1387 infert
665 1331 958 1401 supplicia,
992 1346 1062 1382 ne
1089 1329 1147 1382 in
1178 1335 1447 1383 aeternum
1480 1336 1729 1399 pereant.

551 1440 574 1471 ι
610 1419 757 1483 Quia
782 1418 928 1472 sicut
956 1418 1131 1488 spina
1156 1434 1216 1471 se
1246 1418 1479 1471 invicem
1510 1419 1977 1488 complectuntur,
2001 1417 2082 1471 sic

440 1502 447 1507 ’
475 1508 790 1563 convivium
818 1522 1011 1560 eorum
1045 1506 1254 1576 pariter
1293 1506 1627 1576 potentium.
1663 1508 2082 1561 Consumentur

476 1597 636 1668 quasi
666 1592 881 1666 stipula
908 1595 1171 1649 ariditate
1210 1596 1393 1665 plena.
1419 1614 1443 1647 υ
1460 1597 1539 1650 De
1566 1596 1843 1650 haereticis
1876 1594 2085 1665 specia-

472 1686 608 1756 liter
637 1686 904 1756 loquitur,
937 1700 1176 1755 quorum
1208 1685 1540 1749 convivium,
1572 1685 1628 1738 id
1660 1692 1744 1739 est
1760 1684 1997 1738 societas
2028 1690 2083 1736 et

2165 537 2251 584 est
2282 531 2536 595 Niniven,
2567 532 2789 601 fugiens
2824 534 3043 603 plagam
3073 551 3240 604 quam
3281 536 3515 605 angelus
3555 534 3781 589 Domini

2165 619 2310 672 circa
2339 637 2465 673 eum
2515 620 2740 683 fecerat,
2773 623 3100 677 interfectus
3139 629 3225 677 est
3253 640 3288 676 a
3314 624 3444 677 ﬁliis
3476 623 3614 687 suis,
3649 639 3776 676 cum

2166 708 2427 762 adoraret
2456 710 2511 762 in
2543 711 2753 779 templo
2787 712 3029 765 Nesroth
3050 713 3219 765 deum
3241 728 3433 766 suum.
3460 713 3530 766 Et
3559 712 3665 765 hoc
3697 716 3779 766 est

2168 797 2316 865 quod
2345 799 2600 868 sequitur
2626 816 2674 850 εα
2694 799 2765 852 de
2789 799 2957 853 domo
2980 801 3079 853 Dei
3101 802 3182 854 tui
3209 801 3679 860 interﬁciamaut
3699 800 3774 854 ibi

2166 885 2421 955 puniaris
2445 887 2597 940 unde
2617 887 2884 957 sperabas
2909 888 3195 943 auxilium.
3227 910 3247 940 ι
3275 889 3546 959 Sculptile
3564 895 3622 944 et
3640 904 3777 943 con-

2166 973 2341 1028 ﬂatile
2369 991 2570 1045 ponam
2594 977 2910 1046 sepulcrum
2924 978 3243 1048 tuum,qula
3266 978 3637 1031 inhonoratos
3659 994 3770 1043 es,n

2166 1066 2230 1115 ut
2279 1061 2428 1117 inter
2458 1080 2586 1119 aras
2616 1070 2674 1119 et
2701 1064 2852 1119 idola
2889 1083 2954 1120 ac
2990 1067 3323 1136 pulvinaria,
3359 1067 3610 1121 nefarius
3641 1083 3772 1120 saa-

2162 1151 2291 1220 guis
2322 1159 2453 1207 tuus
2484 1154 2826 1209 effundatur.
2862 1155 3191 1209 Referamus
3223 1156 3340 1210 haec
3370 1156 3667 1209 moraliter
3702 1157 3773 1210 ad

2164 1240 2684 1311 hmreticos,quibus
2716 1243 3054 1313 praedicitur,
3078 1245 3229 1315 quod
3249 1262 3375 1299 cum
3399 1261 3467 1298 ea
3487 1243 3639 1315 passi
3660 1245 3775 1299 fus-

2163 1328 2277 1381 rint
2305 1345 2429 1399 quae
2460 1331 2609 1384 dicta
2626 1339 3145 1404 sunt,nequaquam
3171 1326 3769 1404 animusdecsptorum

2163 1432 2229 1469 ex
2260 1433 2455 1471 eorum
2496 1420 2781 1474 erroribus
2806 1421 3085 1491 accipient
3111 1423 3335 1475 nomina
3364 1422 3627 1493 amplius,
3669 1440 3771 1479 nec

2161 1511 2433 1575 spargant
2458 1508 2608 1561 ultra
2635 1510 2854 1563 semina
2872 1510 3227 1565 falsitatis.Et
3243 1511 3313 1565 de
3338 1512 3507 1569 domo
3535 1510 3635 1566 Dei
3658 1512 3764 1578 tui,

2164 1594 2220 1647 id
2253 1600 2341 1648 est
2379 1598 2624 1651 ecclesiis
2660 1599 3091 1668 malignantium
3131 1600 3464 1656 interficiam
3503 1602 3768 1672 sculptile

2167 1688 2225 1735 et
2252 1686 2551 1747 conﬂatile,
2585 1686 2641 1739 id
2673 1692 2760 1740 est
2788 1704 3011 1741 omnem
3038 1688 3193 1759 pravi
3219 1689 3498 1759 dogmatis
3526 1690 3769 1745 idolola-

470 1773 915 1829 nseessitudlnes
943 1772 1201 1828 amicitiae
1230 1773 1309 1827 sic
1336 1780 1488 1835 sunt,
1507 1774 1666 1844 quasi
1694 1773 1871 1851 spinae
1899 1789 1960 1825 se
1989 1772 2077 1825 in-
2108 1759 2356 1826 Btriam.
2390 1774 2449 1828 Si
2480 1775 2629 1829 enim
2658 1792 2826 1830 avaro
2855 1777 3096 1847 pecunia
3142 1777 3280 1831 deus
3316 1783 3420 1842 est,
3473 1786 3531 1834 et
3563 1780 3768 1849 guloso

469 1863 646 1917 vicem
683 1862 1131 1933 complectentes.
1169 1863 1274 1916 Vel
1312 1862 1621 1916 convivium
1662 1878 1857 1916 eorum
1898 1863 2076 1915 altare

466 1952 600 2006 dicit
624 1958 681 2006 et
704 1962 958 2006 mensam
982 1951 1401 2021 Domini,quam
1421 1952 1515 2005 ille
1536 1969 1595 2005 se
1614 1951 1822 2005 habere
1834 1951 2072 2020 jactant,

466 2042 567 2099 sed
599 2056 793 2095 eorum
823 2046 1177 2094 sacramenta
1204 2040 1453 2094 animam
1484 2041 1757 2104 lacerant,
1792 2041 1936 2093 sicut
1962 2038 2070 2109 spi-

465 2144 821 2200 meeorpera.
839 2128 982 2183 Cum
1012 2129 1160 2183 enim
1191 2136 1385 2182 contra
1410 2130 1710 2183 Dominum
1738 2129 2068 2199 loquuntur,

465 2225 524 2274 et
552 2220 680 2273 vino
708 2218 916 2273 erroris
946 2234 1006 2272 se
1034 2217 1334 2279 inebriant,
1376 2219 1573 2288 utique
1604 2217 1816 2288 pariter
1845 2221 2063 2291 potant,

463 2314 523 2364 et
549 2308 754 2362 idcirco
782 2313 1192 2362 consumuntur
1210 2313 1418 2361 aeterno
1450 2307 1566 2376 igni
1592 2307 1886 2377 gehennae,
1907 2305 2067 2377 quasi

462 2397 673 2469 stipula
700 2396 962 2451 ariditate
989 2396 1176 2466 plena.

536 2504 562 2539 α
598 2488 667 2541 Et
692 2498 756 2540 ex
776 2491 838 2539 te
865 2485 1041 2539 exibit
1066 2484 1320 2555 cogitans
1342 2489 1538 2538 contra
1564 2484 1862 2538 Dominum
1896 2483 2063 2536 mali-

458 2575 617 2641 tiam,
647 2581 838 2629 mente
862 2579 1215 2645 peﬂractaus
1245 2572 1777 2644 praevaricationem.
1824 2593 1845 2623 ι
1886 2574 2063 2643 Aper-

458 2663 675 2719 tissime
714 2681 909 2719 omnes
939 2662 1184 2718 haeretici
1214 2668 1409 2717 contra
1459 2662 1753 2716 Dominum
1786 2661 2063 2715 malitiam

458 2755 725 2825 cogitant,
749 2770 876 2808 eum
895 2753 1059 2806 Arius
1075 2752 1211 2805 dicit
1231 2752 1434 2806 Filium
1456 2751 1559 2805 Dei
1582 2744 1900 2805 creaturam
1919 2766 2059 2815 esse,

457 2858 571 2899 non
599 2844 851 2913 genitum
886 2856 954 2896 ex
981 2841 1297 2897 substantia
1339 2840 1543 2902 Patris,
1578 2840 1677 2894 sed
1699 2840 1928 2894 factum.
1965 2840 2061 2894 Sa-

358 2982 371 2993 .
457 2932 660 2986 bsilius’
687 2931 824 2985 dicit
848 2944 1021 2985 unam
1068 2930 1127 2982 in
1176 2929 1448 2983 Trinitate
1494 2945 1824 2999 personam;
1886 2928 2061 2981 Mani-

459 3022 647 3075 ciueus
668 3019 955 3073 Christum
984 3033 1097 3072 non
1132 3034 1344 3082 verum,
1371 3017 1467 3071 sed
1495 3017 1910 3087 phantasticum
1942 3034 2060 3070 cor-

459 3122 566 3180 pus
588 3106 849 3165 habuisse
870 3106 1095 3161 delirat.

2158 1859 2297 1915 deus
2336 1868 2530 1916 venter
2558 1869 2662 1929 est,
2710 1881 2843 1935 ergo
2873 1870 2930 1919 et
2958 1865 3237 1920 haereticis
3265 1867 3384 1937 ipse
3412 1884 3548 1923 suus
3576 1885 3757 1935 error,

2157 1965 2322 2019 quem
2372 1953 2763 2007 conﬁnxerunt
2810 1954 2881 2008 de
2931 1946 3219 2009 cordibus.
3249 1956 3386 2018 suis,
3440 1957 3653 2012 idolum
3702 1964 3763 2012 et

2155 2038 2413 2107 sculptile
2446 2046 2629 2109 potest
2659 2041 2789 2094 dici.

2227 2145 2249 2175 ι
2284 2125 2427 2181 Ecce
2456 2145 2626 2198 super
2655 2135 2873 2184 montes
2920 2130 3094 2200 pedes
3120 2133 3552 2202 evangelizantis
3580 2139 3639 2189 et
3663 2152 3763 2190 an-

2151 2214 2465 2269 nuntiantis
2492 2233 2686 2286 pacem
2721 2236 2733 2271 :
2781 2218 3033 2285 Celebre,
3057 2220 3221 2277 Juda,
3248 2220 3575 2277 festivitates
3602 2228 3754 2291 tuas,

2149 2306 2207 2354 et
2234 2303 2405 2358 redde
2435 2309 2564 2358 vota
2601 2296 2717 2371 tua,
2752 2306 2885 2376 quia
2922 2323 3035 2361 non
3063 2307 3293 2378 adjiciat
3330 2309 3482 2363 ultra
3522 2316 3585 2365 ut
3631 2328 3761 2382 per-

2149 2395 2401 2446 transeat
2428 2394 2486 2447 in
2515 2399 2590 2460 te,
2626 2395 2802 2449 Belial
2833 2396 3125 2450 universus
3152 2396 3387 2453 interiit.
3427 2418 3449 2448 ι

2780 2538 3014 2607 CAPUT
3048 2536 3122 2595 ΙΙ·

2225 2676 2246 2706 α
2276 2658 2542 2713 Ascendit
2569 2660 2664 2729 qui
2695 2661 2983 2731 dispergat
3011 2678 3200 2716 coram
3230 2667 3308 2725 te,
3343 2664 3438 2735 qui
3469 2666 3755 2721 custodiat

2146 2744 2549 2800 obsidionem.»
2569 2749 2831 2819 Legimus
2852 2750 2909 2803 in
2927 2750 3069 2805 libro
3086 2752 3554 2823 Paralipomenon
3574 2755 3749 2824 quod,

2145 2832 2435 2889 obsidente
2465 2836 2843 2892 Sennacherib
2883 2840 3255 2905 Hierusalem,
3297 2858 3407 2895 non
3444 2849 3754 2912 potuerunt

2144 2922 2588 2995 Hierosolymitae
2621 2927 2802 2996 primo
2854 2945 3045 2983 mense
3079 2930 3153 2997 (id
3185 2936 3271 2983 est
3307 2931 3500 3001 Aprili)
3535 2932 3752 2986 Pascha

2141 3010 2337 3065 facere.
2374 3014 2529 3067 Czeso
2577 3020 2765 3068 autem
2795 3017 3041 3071 exercitu
3068 3019 3191 3087 ejus
3222 3035 3326 3089 per
3362 3020 3646 3090 angelum,
3691 3029 3753 3076 et

2142 3106 2321 3154 morte
2348 3102 2728 3157 Sennachvrib
2759 3105 3038 3171 nuntiata,
3070 3108 3315 3161 secundo
3346 3123 3557 3172 mense,
3581 3110 3638 3163 id
3662 3115 3753 3165 est

532 3218 557 3248 ι
593 3197 726 3250 Hdie
752 3196 889 3250 dicit
916 3195 1189 3250 Dominus
1220 3212 1233 3248 :
1264 3195 1327 3250 Si
1356 3194 1585 3266 perfecti
1613 3193 1842 3258 fuerint,
1878 3200 1935 3248 et
1972 3190 2118 3253 itaC
2139 3188 2305 3250 Maio,
2338 3189 2591 3245 fecerunt
2620 3181 2795 3263 phase
2826 3194 2885 3245 in
2908 3192 3242 3248 laetitiaAit
3268 3211 3401 3265 ergo
3433 3198 3744 3267 prspheta:

458 3286 668 3359 plures,
691 3287 771 3339 sic
797 3300 1020 3356 quoque
1039 3284 1424 3346 attondentur,
1448 3288 1505 3337 et
1532 3270 1951 3353 pertransibit.»
1968 3284 2053 3338 De

457 3375 890 3447 Assyriis’juxta
935 3373 1184 3427 litteram
1212 3372 1392 3426 dicit:
1438 3370 1600 3435 Quod
1651 3371 1697 3424 si
1728 3372 1956 3442 pentecti
1998 3378 2055 3427 et

457 3464 675 3520 robusti
696 3464 931 3523 «fuerint,
962 3468 1280 3533 augeantur
1302 3477 1538 3514 numero
1567 3467 1886 3513 sanctarum
1915 3478 2054 3531 gon-

456 3556 622 3617 tiam,
646 3554 727 3609 sie
747 3568 973 3625 quoque
992 3556 1242 3605 vastante
1271 3549 1471 3620 angelo
1488 3547 1708 3602 Domini
1730 3550 2061 3604 attondean-

459 3652 572 3709 tur,
602 3644 660 3699 id
695 3650 781 3699 est
806 3643 1157 3703 minuantur,
1181 3639 1350 3692 veluti
1368 3637 1554 3709 capilli
1570 3637 1778 3708 forcipe
1796 3638 2059 3694 facillime

458 3733 859 3805 preeiduntur.
898 3731 968 3784 Et
998 3726 1384 3800 pertransibit,
1430 3725 1697 3779 subaudis
1729 3727 1924 3790 Assur,
1956 3727 2061 3780 hoc

459 3828 563 3888 est,
596 3838 719 3876 esse
741 3819 979 3884 desinet,
1013 3818 1098 3871 vel
1137 3821 1353 3869 vastato
1403 3831 1504 3869 suo
1537 3814 1781 3889 exercitu
1824 3821 2060 3870 reverte-

457 3918 553 3967 tur
575 3912 639 3966 in
662 3915 873 3965 terram
901 3916 1083 3963 Suam.
1122 3925 1149 3957 ι
1175 3904 1361 3959 Afﬂixi
1393 3910 1469 3966 te,
1496 3909 1553 3959 et
1582 3920 1693 3957 non
1719 3902 1965 3974 aﬂligam
2004 3910 2061 3959 te

457 4004 627 4059 ultra.
656 4021 684 4056 ι
718 3998 1065 4054 Subauditur
1088 3997 1194 4049 hoc
1220 4001 1472 4066 tempore
1502 4010 1603 4069 per
1638 3993 1743 4046 hos
1774 3993 1980 4059 hostes,
2023 4010 2057 4047 a

458 4091 662 4165 quibus
718 4105 866 4143 nunc
917 4084 1207 4141 obsideris.
1240 4084 1383 4137 Nam
1429 4082 1735 4153 saepissime
1782 4098 1881 4152 per
1914 4082 2056 4136 alios

455 4180 812 4255 postmodum
841 4175 1031 4229 amicti
1057 4179 1208 4227 sunt.
1239 4174 1400 4228 Unde
1431 4173 1612 4226 adhuc
1641 4172 1868 4225 additur
1899 4190 1910 4224 :

534 4289 557 4320 ι
581 4269 655 4322 Et
678 4273 813 4318 tunc
832 4271 1118 4316 conteram
1146 4260 1365 4330 virgam
1398 4261 1518 4328 ejus
1548 4261 1617 4313 de
1646 4261 1811 4313 dorso
1841 4266 1957 4324 tuo,
2002 4264 2059 4313 et

454 4356 675 4412 vincula
701 4359 803 4407 tua
828 4352 1233 4419 disrumpam,»
1268 4349 1323 4401 id
1355 4354 1441 4401 est
1466 4364 1688 4401 omnem
1718 4352 2053 4418 potestatem

2136 3276 2181 3331 Ο
2210 3278 2372 3341 Juda,
2408 3295 2478 3333 ne
2498 3280 2573 3333 sis
2595 3281 2888 3345 sollicitus,
2920 3287 2973 3335 et
3004 3299 3074 3336 ne
3102 3284 3325 3349 timeas,
3351 3286 3483 3355 quia
3510 3286 3751 3343 interfe-

2136 3370 2258 3419 ctus
2300 3372 2387 3421 est
2416 3368 2591 3422 hostis
2624 3374 2775 3423 tuus.
2806 3370 2940 3424 Ecce
2982 3372 3136 3425 venit
3160 3371 3262 3425 tibi
3307 3374 3563 3442 nuntius,
3593 3393 3753 3432 mon-

2139 3460 2224 3508 tes
2242 3460 2300 3508 et
2319 3456 2487 3510 colles
2504 3458 2865 3513 velocissimis
2886 3465 3299 3522 transcurrunt,
3324 3468 3382 3516 et
3404 3465 3755 3521 annuntiant

2140 3543 2241 3596 tibi
2269 3561 2460 3614 pacem
2493 3551 2547 3599 et
2573 3547 2961 3601 liberationem
2989 3548 3144 3602 urbis
3173 3550 3242 3603 de
3266 3550 3504 3621 imperio
3528 3552 3752 3609 Senna-

2143 3633 2357 3691 cherib.
2418 3635 2562 3705 Ergo
2613 3636 2833 3691 celebra
2862 3635 3212 3703 festivitates,
3260 3639 3434 3693 redde
3464 3646 3591 3696 vota
3611 3660 3752 3713 gau~

2143 3721 2438 3792 dens,quia
2451 3724 2683 3777 salvavit
2702 3730 2757 3777 te
2790 3725 3080 3789 Dominus,
3107 3732 3163 3779 et
3188 3726 3364 3780 Belial
3393 3733 3547 3781 totus
3571 3729 3754 3783 inter-

2142 3810 2227 3873 iit,
2260 3810 2312 3863 id
2345 3816 2432 3864 est
2458 3812 2639 3865 omnis
2667 3812 2940 3867 exercitus
2971 3830 3098 3867 cum
3139 3831 3270 3884 rege
3299 3832 3421 3869 suo.
3466 3817 3754 3888 Interpre-

2142 3903 2297 3952 tatur
2314 3906 2501 3953 autem
2529 3900 2725 3963 Belial,
2751 3901 2961 3973 absque
2976 3904 3133 3972 jugo.
3160 3904 3396 3975 Mystice
3424 3906 3753 3977 praecipitur

2142 3989 2412 4054 Ecclesiae,
2431 4006 2598 4059 quam
2631 3989 2886 4043 diabolus
2906 3991 3238 4061 gravissimo
3253 3994 3392 4062 jugo
3412 3993 3751 4051 idololath

2137 4078 2447 4146 premebat,
2481 4084 2544 4131 ut
2570 4078 2807 4132 liberata
2832 4096 2933 4149 per
2979 4079 3201 4133 Domini
3232 4069 3568 4150 passionem,
3603 4084 3750 4138 cele-

2139 4164 2627 4229 bret-festivitates,
2652 4175 2707 4221 et
2727 4167 2926 4221 reddat
2955 4169 3331 4223 Dominovota
3350 4171 3747 4227 laudationum

2137 4270 2263 4307 cum
2303 4256 2519 4325 angelis
2548 4256 2886 4327 interempto
2938 4258 3114 4311 Belial
3141 4276 3153 4324 ;
3182 4275 3210 4311 ε
3253 4274 3377 4328 qua;
3407 4259 3556 4313 enim
3589 4278 3746 4316 com-

2136 4343 2441 4397 municatio
2472 4345 2677 4399 Christi
2697 4346 2766 4399 ad
2782 4332 3001 4400 Belial?
3031 4368 3051 4393 ι
3079 4347 3195 4400 Hoc
3221 4346 3406 4417 ipsum
3437 4334 3741 4406 dicendum

455 4462 623 4519 quam
651 4441 841 4506 habet,
872 4444 929 4494 et
944 4439 1012 4492 in
1043 4454 1151 4507 qua
1197 4436 1489 4506 gloriatur,
1541 4437 1655 4489 sive
1683 4437 1905 4490 vincula
1931 4454 2053 4508 quae
2073 4467 2121 4524 Β
2140 4437 2245 4495 est,
2274 4432 2322 4485 si
2353 4434 2576 4502 quando
2605 4434 2907 4489 Ecclesium
2930 4452 2963 4489 a
2989 4436 3440 4505 persecutoribus
3466 4444 3525 4491 et
3544 4440 3744 4494 adver-

453 4530 826 4608 praeparabat,
856 4534 923 4583 ut
952 4532 1146 4597 captos
1173 4525 1394 4596 ligaret.
1417 4524 1629 4577 Altiore
1657 4541 1845 4589 sensu,
1865 4525 1912 4577 si
1935 4542 2053 4595 per-
2075 4520 2111 4524 “
2137 4520 2302 4574 sariis
2330 4521 2549 4589 liberat,
2583 4529 2647 4576 ut
2697 4523 2942 4578 celebret
2990 4524 3302 4594 spiritualis
3331 4526 3537 4581 laetitiae
3569 4524 3737 4591 festa,

451 4624 582 4680 fecti
606 4619 822 4676 fuerint
845 4615 1003 4687 impii
1031 4615 1089 4668 in
1131 4612 1366 4672 malitia,
1401 4617 1458 4664 et
1487 4611 1679 4681 plures
1709 4611 1767 4665 in
1796 4627 2051 4676 numero,
2137 4614 2190 4663 et
2214 4615 2403 4663 votum
2429 4611 2742 4680 gratiarum
2776 4613 2974 4667 reddat
3002 4613 3261 4669 Domino.
3282 4633 3307 4665 α
3340 4614 3741 4687 Contemplare

451 4713 819 4770 attondentur
841 4724 943 4780 per
964 4707 1294 4767 mortem,et
1322 4699 1748 4771 pertransibunt
1777 4701 2054 4770 atquede-
2136 4698 2303 4764 viam,
2351 4700 2603 4754 contorta
2652 4701 2889 4767 lumbos,
2950 4701 3151 4756 robora
3214 4702 3480 4757 virtutem
3549 4693 3736 4772 valde,

450 4804 659 4865 ﬁcient,
680 4801 769 4854 ita
790 4803 856 4853 ut
883 4811 991 4850 non
1020 4795 1151 4849 sint.
1199 4791 1360 4856 Quod
1385 4804 1515 4843 vero
1546 4788 1833 4858 sequitur:
1867 4790 2050 4844 Atilixi
2134 4788 2267 4858 quia
2325 4791 2570 4844 reddidit
2626 4791 2897 4846 Dominus
2953 4792 3274 4862 superbiam
3310 4792 3500 4857 Jacob,
3536 4794 3616 4850 sic
3646 4812 3741 4851 su-

448 4898 526 4957 te,
553 4891 624 4943 ad
655 4887 954 4943 Ecclesiam
985 4883 1208 4947 dicitur,
1254 4878 1645 4952 promittitque
1671 4877 1720 4930 ei
1752 4878 1897 4948 quod
1925 4885 2052 4950 post

447 4978 812 5035 atﬂictionem
830 4972 1118 5045 praesentis
1147 4972 1268 5025 vita:
1288 4973 1559 5040 sequatur
1578 4966 1887 5021 consolatio
1906 4982 2049 5021 sem-

447 5056 680 5139 piternae
701 5061 1044 5117 felicitatis.«
1076 5061 1147 5113 Et
1170 5059 1455 5129 praecipiet
1480 5073 1651 5128 super
1677 5061 1733 5110 te
1753 5055 2043 5120 Dominus,

446 5162 644 5212 etnon
674 5149 1046 5206 seminabitur
1068 5164 1133 5201 ex
1160 5147 1387 5201 nomine
1413 5153 1512 5201 tuo
1540 5144 1801 5217 amplius.
1830 5165 1851 5194 ι
1875 5144 1921 5199 Θ
1939 5146 2046 5199 As-

445 5232 559 5306 sur,
582 5246 831 5312 nepu’tes
847 5237 1083 5292 fortuitu
1106 5236 1330 5290 evenire
1350 5236 1499 5306 quod
1514 5253 1678 5305 passu
1688 5251 1781 5287 rus
1799 5249 1879 5296 es,
1900 5250 2041 5304 prae-

2131 4877 2384 4948 perbiam
2433 4879 2768 4949 lsraeLquia
2808 4884 3117 4933 vastatores
3170 4879 3585 4951 dissipaverunt
3615 4899 3734 4951 eos,

2132 4971 2189 5020 et
2228 4967 2563 5039 propagines
2614 4984 2810 5022 eorum
2865 4973 3252 5040 corruperunt,
3287 4988 3312 5021 »
3371 4969 3453 5024 Ad
3490 4970 3737 5027 Niniven

2130 5072 2353 5109 rursum
2411 5056 2695 5126 prophetae
2742 5074 2926 5111 sermo
2971 5058 3257 5127 dirigitur,
3291 5063 3348 5112 et
3377 5058 3588 5113 dicitur
3628 5061 3683 5115 ei
3717 5080 3733 5116 :

2128 5144 2353 5216 Absque
2407 5145 2577 5199 dubio
2623 5146 2809 5200 veniet
2852 5145 3397 5221 Nabuchodonosor,
3424 5147 3520 5218 qui
3548 5152 3609 5202 te
3637 5150 3735 5204 de-

2127 5238 2326 5297 struat,
2344 5240 2380 5287 ‘o
2409 5234 2628 5300 Ninive,
2649 5240 2706 5289 et
2725 5251 2891 5305 agros
2911 5236 3038 5289 tuos
3058 5235 3327 5289 devastet.
3353 5234 3494 5298 Quia
3524 5235 3734 5307 igitur?

443 5320 609 5405 cipiet
635 5328 904 5386 Dominus
933 5330 1131 5380 contra
1158 5325 1374 5394 te,quia
1409 5326 1531 5395 ipso
1555 5326 1789 5395 jubente
1805 5327 2042 5379 sustine-
2125 5323 2447 5377 inevitabile
2475 5322 2575 5375 tibi
2608 5322 2866 5377 imminet
2896 5324 3128 5383 bellum,
3170 5324 3408 5395 praedico
3440 5324 3564 5391 tibi,
3600 5343 3733 5382 con.

440 5424 526 5477 bis
544 5422 831 5489 malaqum
848 5414 1114 5487 praedicta
1138 5414 1463 5466 ςιιηΜΝοη
1483 5414 2039 5487 seminabiturcxno-
2121 5412 2399 5495 templare
2423 5412 2719 5482 diligenter
2748 5412 2890 5465 viam
2921 5420 2976 5467 et
3000 5413 3116 5468 iter
3139 5430 3241 5483 per
3266 5414 3418 5483 quod
3451 5420 3730 5472 venturus

442 5514 590 5568 miue
610 5517 730 5572 tuo,
758 5534 785 5561 ,ιο
817 5507 873 5559 id
907 5512 992 5557 est
1021 5503 1206 5556 nullus
1234 5507 1497 5579 nascetur
1520 5518 1580 5554 ex
1613 5510 1690 5567 te,
1718 5504 1813 5573 qui
1844 5519 1909 5555 ex
1936 5510 2035 5577 tuo
2118 5507 2203 5555 est
2227 5505 2424 5563 tortor,
2460 5506 2517 5554 et
2541 5501 2766 5570 accinge
2811 5501 3053 5569 lumbos,
3086 5502 3289 5557 robora
3318 5510 3375 5556 et
3422 5503 3727 5562 exhortare

443 5596 926 5658 Véeetﬂl'mnine.
959 5599 1016 5647 et
1045 5592 1221 5646 hﬂer’es
1249 5592 1372 5651 eius
1393 5590 1726 5660 appelletur.
1769 5591 1844 5646 Ut
1881 5592 2031 5645 enim
2117 5590 2674 5644 virtutem‘exercitus
2696 5590 2943 5661 tui,quia
2966 5592 3112 5646 sient
3141 5592 3296 5647 ultus
3319 5597 3405 5647 est
3443 5590 3724 5652 Dominus
