4062 6168
242 349 323 408 173

1209 340 1630 398 ENARRATIO
1662 342 1736 395 ΙΝ
1764 338 2026 399 NAHUM
2056 336 2515 401 ΡΒΟΡΗΕΤΑΜ.

3381 342 3492 406 ω

237 471 519 536 Judam,id
539 476 628 525 est
645 470 787 523 duas
806 444 987 522 tribus
1017 467 1089 521 de
1125 466 1387 537 superbia
1409 463 2063 527 Sennacherib,Aurbes
2109 466 2191 523 vel
2232 466 2461 541 castella
2513 470 2568 521 et
2619 464 2845 530 viculos,
2896 466 3013 525 sive
3052 466 3336 533 mulieres,
3368 487 3492 541 qum

236 562 302 615 sic
316 559 817 622 ulrisceturlsrael,
838 558 894 610 id
914 562 1000 625 est
1019 557 1214 610 decem
1239 556 1437 615 tribus,
1475 572 1596 625 quze
1628 555 1683 608 in
1712 553 1813 607 Ni,-

215 715 218 719 ἢ
238 650 341 703 nive
357 647 588 718 captivae
606 653 892 702 tenentur.
911 646 1026 699 Hoc
1043 651 1129 698 est
1145 644 1293 698 enim
1315 644 1463 714 quod
1478 643 1636 697 dicit:
1659 643 1816 697 Sicut

238 735 457 792 reddidit
488 735 764 799 Dominus
804 733 1125 804 superbiam
1168 732 1354 795 Jacob,
1404 732 1464 785 id
1503 738 1589 786 est
1616 747 1814 800 super-

240 826 366 879 biam
382 840 555 894 quam
572 828 940 877 exercuerant
955 821 1171 893 Assyrii
1201 826 1396 875 contra
1426 819 1614 883 Jacob,
1646 819 1706 874 id
1732 824 1818 873 est

240 914 441 979 ludam,
468 913 553 965 sic
575 912 774 966 reddet
809 909 1131 981 superbiam
1176 909 1371 971 Israel,
1412 909 1469 963 id
1518 915 1605 962 est
1646 924 1815 979 quam

240 1004 472 1057 fecerunt
499 1001 605 1070 ipsi
628 1000 847 1071 Assyrii
861 1005 1059 1065 contra
1080 999 1276 1059 Israel,
1308 998 1365 1052 id
1386 1004 1473 1051 est
1492 997 1683 1051 decem
1712 996 1816 1050 tri-

242 1092 342 1145 bus.
365 1089 603 1160 Mystico
627 1104 816 1153 sensu,
849 1087 1169 1159 praecipitur
1196 1086 1356 1140 nobis
1393 1092 1459 1140 ut
1473 1092 1692 1140 contem
1703 1085 1820 1154 ple-

240 1196 349 1234 mur
369 1177 515 1231 viam
541 1194 645 1247 per
679 1194 849 1246 quam
886 1176 1230 1231 ambulaturi
1267 1190 1481 1235 sumus,
1515 1176 1618 1228 hoc
1647 1180 1735 1229 est
1757 1178 1822 1227 ut

241 1270 443 1323 oculum
474 1266 684 1320 mentis
702 1266 1008 1335 dirigamus
1021 1266 1080 1327 in
1097 1266 1242 1319 viam
1266 1265 1508 1328 fidelem,
1536 1280 1637 1334 per
1654 1279 1822 1333 quam

239 1356 514 1411 veniamus
529 1356 599 1410 ad
621 1371 751 1408 eum
774 1354 869 1425 qui
889 1354 1026 1408 dicit
1050 1372 1061 1406 :
1088 1374 1110 1404 ι
1140 1354 1254 1423 Ego
1275 1370 1399 1407 sum
1426 1353 1533 1408 via.
1561 1374 1585 1403 »
1609 1352 1824 1406 Deinde

242 1444 538 1499 videbimur
566 1444 632 1513 [Γ.
657 1443 945 1513 jubemur]
985 1449 1178 1496 tenere
1220 1441 1460 1503 lumbos,
1491 1447 1555 1495 ut
1580 1441 1822 1494 mortiﬁ-

241 1533 485 1589 cemusin
506 1532 667 1586 nobis
686 1548 881 1585 omnes
899 1531 1124 1585 illicitos
1153 1531 1438 1601 appetitus
1466 1531 1668 1584 carnis.
1693 1530 1824 1584 Ter-

241 1623 307 1676 tio
346 1620 674 1692 pracipitur
714 1625 781 1674 ut
822 1620 1151 1673 roboremus
1189 1620 1471 1684 virtutem,
1504 1635 1614 1689 quo
1641 1618 1825 1689 possi-

239 1728 347 1765 mus
370 1725 630 1781 pugnare
659 1709 929 1762 adversus
959 1708 1291 1768 diabolum.

305 1819 325 1849 ι
364 1799 614 1869 Clypeus
656 1797 888 1851 fortium
939 1797 1062 1866 ejus
1108 1796 1338 1865 ignitus,
1391 1795 1495 1849 viri
1548 1793 1826 1849 exercitus

242 1887 422 1958 ejusin
444 1887 743 1952 coccineis,
773 1885 951 1956 ignea;
994 1885 1223 1939 habena:
1251 1901 1449 1938 currus
1479 1885 1539 1937 in
1563 1884 1653 1937 die
1684 1898 1828 1953 prae-

240 1973 540 2044 parationis
552 1974 694 2042 ejus,
711 1978 770 2026 et
788 1972 1092 2042 agitatores
1112 1971 1385 2041 consopiti
1406 1976 1557 2039 sunt,
1580 1971 1639 2025 in
1656 1972 1826 2025 itine-

246 2062 378 2117 ribus
404 2061 736 2115 contunbati
766 2065 916 2115 sunt.
953 2077 979 2112 υ
1012 2061 1330 2123 Secundum
1370 2060 1660 2114 historiam
1692 2076 1826 2113 con—

241 2151 494 2205 scribitur
508 2150 786 2204 exercitus
805 2148 1216 2215 Chaldaeorum,
1246 2149 1473 2203 veniens
1501 2154 1698 2203 contra
1723 2149 1826 2202 Ni-

243 2240 408 2303 niven,
454 2246 520 2293 et
549 2244 816 2293 narratur
834 2254 1041 2309 pompa
1070 2238 1510 2309 praeparantium
1536 2255 1599 2291 se
1628 2238 1685 2291 in
1715 2237 1828 2291 bel-

239 2330 361 2383 lum.
394 2349 414 2379 ι
470 2328 719 2398 Clypeus
766 2327 982 2397 (inquit)
1024 2326 1257 2388 fortium
1294 2326 1527 2398 ignitus,
1575 2346 1600 2378 »
1634 2326 1689 2379 id
1740 2331 1828 2379 est

238 2417 444 2472 vibrans
478 2424 541 2471 et
564 2416 728 2487 quasi
767 2416 1082 2485 fulgurans.
1122 2434 1147 2467 (ί
1188 2416 1308 2469 Viri
1356 2416 1413 2469 in
1460 2414 1749 2475 coccineis,
1797 2433 1821 2466 ι

238 2506 285 2560 id
306 2514 387 2564 est
406 2505 665 2561 vestibus
682 2504 886 2559 coloris
907 2503 1168 2567 coccinei,
1183 2511 1248 2558 ut
1261 2504 1382 2575 ipsa
1403 2505 1639 2573 vestium
1666 2502 1826 2557 simi-

235 2594 400 2650 litudo
428 2600 714 2650 terrorem
744 2593 893 2665 ignis
915 2598 974 2648 et
999 2593 1293 2663 sanguinis
1319 2592 1559 2663 speciem
1592 2608 1831 2662 praesen-

233 2689 387 2739 mret.
424 2702 452 2736 ι
488 2683 680 2754 Ignea:
710 2682 958 2748 habenae,
997 2702 1019 2733 ι
1054 2682 1124 2736 ob
1152 2670 1397 2747 nimiam,
1414 2681 1828 2747 festinationem

232 2772 669 2843 praeparantium
695 2788 755 2825 se
772 2771 832 2835 in
861 2770 1133 2842 praelium.
1161 2790 1182 2821 σ
1210 2769 1531 2839 Agitatores
1557 2768 1834 2838 consepiti

230 2867 369 2916 sunt.
399 2882 424 2913 ι
446 2862 583 2917 Non
605 2867 692 2914 est
707 2860 940 2931 (inquit)
966 2861 1193 2927 mirum,
1231 2858 1278 2911 si
1307 2863 1423 2911 tam
1451 2858 1717 2910 velociter
1742 2873 1834 2909 ve-

233 2950 407 3014 niunt,
432 2966 571 3004 cum
597 2948 923 3018 agitatores,
949 2948 1005 3002 id
1036 2953 1124 3001 est
1159 2953 1404 3011 rectores
1432 2946 1517 3000 vel
1547 2946 1721 3000 Israel
1751 2946 1834 3000 vel

234 3039 604 3109 Assyriorum
632 3036 905 3107 consopiti
916 3041 1068 3090 sunt.
1088 3035 1301 3089 Mistim
1323 3036 1472 3102 enim
1502 3051 1689 3089 sermo
1710 3051 1838 3101 eone

236 3127 481 3181 texitur:
526 3132 591 3192 et
630 3141 785 3179 nunc
828 3124 1036 3178 dicitur
1080 3124 1231 3195 quod
1276 3122 1453 3189 lsrael
1501 3140 1698 3193 passus
1738 3123 1831 3189 sit,

235 3230 378 3269 nunc
419 3215 563 3286 quid
616 3212 834 3284 Assyrii
879 3212 1130 3275 fecerint,
1167 3228 1317 3266 nunc
1361 3211 1494 3282 quid
1542 3211 1836 3284 Babylonii

233 3310 416 3359 contra
436 3304 710 3375 Assyrios
731 3303 903 3356 velint
921 3318 1105 3372 agere.
1120 3320 1145 3352 (ι
1168 3301 1468 3371 Quadrigae
1489 3302 1610 3370 ejus
1631 3301 1837 3355 collisa;

234 3398 358 3447 sunt
385 3394 446 3446 in
466 3391 699 3464 plateis.
738 3411 760 3441 ι
785 3392 965 3445 Tanta
987 3390 1219 3460 (inquit)
1251 3396 1339 3444 est
1359 3390 1660 3459 multitudo
1689 3407 1838 3443 com-

406 3480 685 3551 agminis,
733 3484 797 3533 ut
833 3477 1121 3548 quadrigae
1160 3477 1219 3532 in
1264 3478 1486 3548 plateis,
1527 3478 1661 3532 dum
1693 3478 1838 3531 viam

232 3574 519 3640 nequeunt
549 3584 669 3639 pm
701 3566 1061 3621 multitudine
1091 3566 1360 3636 reperire.
1386 3566 1536 3619 inter
1578 3582 1638 3619 se
1678 3565 1837 3619 colli-

229 3655 447 3724 dantur.
483 3676 508 3709 ι
542 3658 829 3725 Aspectus
850 3670 1067 3717 eorum,
1124 3674 1147 3705 ι
1181 3654 1239 3708 id
1265 3664 1352 3707 est
1384 3651 1838 3723 Babyloniorum,

233 3762 256 3797 ι
286 3748 445 3816 quasi
474 3744 799 3815 lampades,
831 3745 991 3815 quasi
1036 3744 1264 3813 fulgura
1310 3742 1685 3797 discurrentia
1720 3762 1741 3793 ι
1778 3746 1842 3797 ut

230 3845 351 3889 ante
378 3838 504 3889 solo
538 3835 668 3888 visu
702 3832 1050 3887 adversarios
1082 3838 1337 3898 terreant
1374 3848 1543 3902 quam
1576 3848 1842 3886 mucrone

230 3921 447 3977 feriant.

296 4031 317 4061 ¢
350 4009 783 4065 Recordabitur
808 4009 1040 4075 fortium
1064 4024 1319 4075 suorum,
1336 4012 1508 4063 ruent
1533 4008 1593 4062 in
1628 4006 1841 4077 itineri-

232 4096 324 4152 bus
351 4100 498 4153 suis.
516 4099 810 4152 Velociter
828 4098 1131 4151 ascendant
1153 4113 1342 4163 muros
1371 4099 1511 4167 ejus,
1539 4102 1598 4150 et
1627 4112 1840 4167 praepa-

228 4186 441 4242 rabitur
469 4187 901 4255 umbraculum.
938 4205 965 4238 ι
994 4187 1150 4246 Tunc
1181 4185 1411 4256 (inquit)
1458 4185 1843 4240 recordabitur

227 4279 463 4348 papulas
493 4275 871 4346 Assyriorum
899 4275 1129 4329 fortium
1157 4291 1409 4339 suorum,
1434 4280 1491 4328 et
1519 4279 1733 4345 quaeret.
1749 4290 1845 4327 eos

1894 557 2123 627 captivae
2153 557 2518 613 ducebantur.
2554 557 2715 621 Quod
2754 575 2883 615 vero
2913 560 3052 615 dicit
3079 578 3090 613 :
3135 580 3159 614 ι
3191 562 3494 632 Gemeuteq

1897 652 1961 700 ut
1988 646 2280 714 columbae,
2321 665 2343 699 ι
2368 647 2615 702 ostendit
2640 647 2789 717 quod
2819 654 3011 703 tantus
3042 655 3167 704 erat
3196 657 3397 718 terror,
3430 658 3496 719 ut

1898 750 1967 788 ne
1997 735 2219 804 quidem
2241 735 2298 788 in
2320 735 2601 804 singultus
2621 735 2710 791 vel
2724 736 2970 805 gemitus
2992 745 3385 810 prorumperet
3401 742 3497 799 do-

1898 823 2003 887 ler,
2036 823 2134 877 sed
2154 823 2301 879 inter
2321 840 2382 879 se
2409 824 2580 893 tacite
2620 824 2969 895 plangerent,
3000 826 3288 896 imitantes
3312 830 3496 899 gemi-

1899 915 2019 965 tum
2065 910 2470 965 columbarum.
2524 913 2765 966 Possunt
2815 914 2932 968 haec
2974 916 3164 969 omnia
3206 917 3280 972 ad
3324 919 3497 974 ﬁnem

1903 999 2099 1056 mundi
2114 999 2329 1060 referri,
2348 1000 2572 1070 quando
2592 999 2847 1057 interibit
2865 1003 3048 1060 omnis
3074 1012 3364 1077 armatura
3381 1007 3500 1061 dia-

1900 1087 2033 1142 boli.
2067 1088 2221 1144 Tunc
2252 1088 2558 1155 allidentur
2584 1106 2783 1145 currus
2824 1090 2882 1161 in
2933 1092 3152 1162 plateis,
3192 1094 3299 1149 hoc
3327 1096 3499 1151 estin

1902 1176 2031 1231 latis
2059 1177 2245 1233 saeculi
2261 1177 2555 1233 itineribus
2573 1179 2841 1235 coarctati
2863 1182 3125 1250 augustia
3142 1184 3413 1254 temporis
3442 1190 3501 1241 et

1906 1264 2167 1322 instantis
2218 1264 2436 1335 judicii.
2497 1265 2834 1335 Aperientur
2888 1274 3060 1337 portae
3117 1286 3242 1342 qum
3296 1272 3501 1331 clam

1906 1359 2084 1417 erant,
2116 1353 2176 1427 id
2229 1360 2315 1409 est
2358 1352 2754 1411 revelabuntur
2795 1356 2985 1411 omnia
3031 1371 3154 1427 quae
3194 1358 3497 1430 latuerant.

1904 1442 2060 1497 Tunc
2089 1442 2270 1505 miles,
2307 1441 2366 1499 id
2397 1447 2485 1499 est
2511 1441 2768 1499 diabolus
2807 1444 3064 1514 princeps
3094 1445 3287 1500 mundi
3308 1447 3501 1517 hujus,

1905 1547 2029 1585 cum
2052 1530 2292 1597 ancillis,
2310 1530 2364 1588 id
2385 1536 2473 1584 est
2491 1546 2617 1603 cum
2637 1530 2935 1587 animabus
2958 1532 3064 1588 sibi
3081 1550 3188 1605 per
3211 1543 3507 1608 peccatum

1905 1617 2160 1683 subditis,
2189 1619 2259 1675 ad
2298 1618 2581 1675 infernum
2615 1619 2872 1689 captivus
2902 1620 3239 1695 impelletur.
3260 1624 3509 1683 Possunt

1906 1723 2127 1777 quoque
2158 1722 2259 1776 per
2285 1706 2517 1763 ancillas
2539 1706 2601 1777 in
2626 1707 2829 1766 bonam
2852 1715 3070 1781 partem
3091 1710 3267 1783 accipi
3292 1714 3510 1785 simpli.

1848 1778 1998 1849 Bces
2027 1795 2230 1850 animae
2255 1800 2313 1849 et
2338 1794 2551 1861 ﬁdeles,
2598 1812 2724 1865 quae
2768 1778 3046 1855 ducentur
3086 1778 3425 1869 gaudentes;
3451 1809 3510 1860 et

1908 1882 2227 1940 columbino
2257 1900 2549 1939 murmure
2576 1884 2940 1942 confessionis
2978 1886 3158 1945 Deum
3186 1888 3508 1949 laudantes.

1985 1991 2007 2022 ι
2041 1972 2111 2025 Et
2129 1970 2327 2027 Ninive
2353 1971 2512 2042 quasi
2544 1972 2757 2043 piscina
2781 1991 3055 2044 aquarum
3069 1992 3228 2047 aqua;
3247 1977 3512 2051 θέωςῄρὰ

1910 2076 2038 2119 Vero
2066 2059 2350 2129 fugerunt.
2375 2060 2552 2124 State,
2576 2067 2744 2128 state,
2770 2068 2828 2116 et
2865 2079 2978 2119 non
3023 2070 3112 2137 est
3147 2066 3243 2136 qui
3267 2073 3514 2139 revertne

1906 2153 2019 2207 tur.
2058 2164 2081 2195 ι
2114 2148 2373 2205 Ostendit
2403 2149 2551 2219 quod
2584 2149 2763 2218 captis
2810 2150 3122 2208 minoribus
3160 2154 3511 2225 civitatibus,

1910 2253 2049 2308 quas
2070 2253 2241 2306 supra
2271 2237 2416 2293 ﬁlias
2448 2243 2756 2303 vocaverat,
2784 2238 2910 2315 ipsa
2951 2239 3152 2315 Ninive
3185 2247 3514 2316 metropolis

1909 2341 2033 2394 quae
2060 2330 2249 2383 tantos
2281 2323 2523 2384 habebat
2552 2326 2811 2395 populos,
2847 2332 2910 2383 ut
2940 2328 3102 2398 aquis
3127 2329 3355 2400 piscina!
3383 2344 3516 2404 pose

1909 2413 2022 2468 sint
2045 2412 2379 2483 comparari,
2413 2414 2688 2490 remansit
2718 2417 3122 2485 expugnanda,
3138 2424 3197 2478 et
3222 2420 3351 2479 sine;

1908 2506 2026 2561 tate
2056 2507 2272 2559 tantam
2303 2500 2563 2559 habuerit
2586 2502 3027 2567 multitudinem,
3051 2505 3186 2564 dum
3213 2509 3402 2582 nullus
3433 2528 3518 2569 δερ

1913 2596 1998 2645 set
2025 2590 2120 2660 qui
2151 2589 2405 2647 hostibus
2437 2591 2745 2650 resisteret.
2779 2592 2849 2649 Et
2886 2594 3167 2667 clamante
3210 2597 3334 2668 ipsa
3384 2600 3519 2671 civic-

1913 2684 2086 2745 tate,c
2113 2679 2460 2751 Statc,s_tate,
2491 2685 2715 2750 nportas
2735 2681 2997 2746 claudite,
3015 2699 3237 2757 murum
3258 2702 3521 2753 conscen-

1916 2768 2051 2833 dite,
2075 2768 2265 2821 nullus
2294 2773 2443 2821 esset
2470 2768 2565 2838 qui
2595 2769 2837 2835 audiret,
2862 2770 2962 2842 sed
2991 2787 3190 2829 omnes
3214 2780 3377 2845 terga
3402 2793 3523 2832 vere.-

1916 2861 2121 2922 terant,
2153 2860 2211 2910 et
2239 2855 2435 2911 urbem
2476 2856 2552 2913 ad
2602 2857 2963 2926 praedandam
3010 2859 3376 2932 dimitterent.
3426 2865 3522 2920 Di-

1918 2945 2067 3000 citur
2103 2961 2236 3015 ergo
2284 2944 2355 3001 ad
2393 2944 2750 3019 Babylonios,
2802 2946 2933 3017 quia
2978 2948 3063 3019 illi
3102 2948 3391 3021 fugerunt,
3423 2970 3521 3010 vos

1925 3056 1946 3082 ι
1982 3033 2222 3103 Diripite
2266 3039 2587 3103 argentum,
2633 3034 2862 3107 diripite
2905 3052 3128 3103 aurum,
3173 3044 3231 3093 et
3275 3056 3389 3096 non
3436 3047 3524 3099 est

1918 3121 2048 3177 ﬁnis
2075 3120 2398 3179 divitiarum
2435 3141 2456 3174 ι
2492 3126 2550 3177 et
2577 3138 2747 3192 opum
2778 3141 2803 3178 «
2834 3140 2900 3178 ex
2924 3125 3187 3182 omnibus
3200 3129 3350 3200 vasis
3378 3131 3526 3186 desis

1919 3210 2279 3285 derabilibus,
2316 3231 2338 3262 ι
2372 3227 2495 3281 quae
2525 3217 2685 3277 tanto
2714 3217 2966 3285 tempore
2986 3224 3339 3288 congregata;
3363 3226 3522 3290 sunt,

1919 3317 2021 3357 nec
2032 3305 2250 3357 tantum
2268 3299 2347 3354 illi
2371 3300 2737 3371 sufﬁciebant
2760 3303 3018 3373 praedari,
3038 3312 3312 3375 quantum
3337 3310 3529 3380 praeda

1919 3404 1979 3443 se
2004 3388 2399 3458 diripientibus
2430 3388 2726 3447 oﬂerebat.
2762 3392 2997 3462 Mystice
3022 3393 3221 3468 Nipive
3247 3398 3527 3467 mundum

1919 3476 2161 3533 diximus
2187 3477 2441 3546 ﬁgurari,
2481 3479 2642 3548 cujus
2684 3495 2843 3549 aquae
2894 3497 3004 3537 non
3049 3483 3246 3550 maris,
3270 3501 3390 3557 non
3413 3486 3526 3541 tiu,-

1922 3564 2160 3637 miuum,
2184 3582 2297 3620 non
2322 3566 2580 3629 fontium,
2597 3568 2695 3623 sed
2719 3568 2881 3639 aquis
2907 3569 3139 3639 piscina
3158 3572 3377 3629 similes
3401 3591 3525 3631 esse

1922 3654 2206 3721 dicuntur,
2240 3672 2363 3725 quae
2393 3672 2506 3711 non
2524 3655 2737 3711 habent
2763 3673 2939 3728 aquas
2962 3660 3177 3730 jugiter
3196 3667 3523 3725 manantes,

1924 3743 2021 3797 sed
2052 3743 2344 3812 pluviales,
2380 3750 2436 3798 et
2467 3744 2617 3798 brevi
2649 3746 2759 3800 ﬁne
2790 3748 3100 3813 conclusas,
3147 3749 3282 3819 quia
3308 3751 3528 3821 limati-

1924 3848 2118 3887 corum
2151 3832 2419 3902 dogmata
2449 3834 2607 3902 quasi
2639 3834 2708 3888 de
2740 3836 2878 3888 coelo
2910 3836 3085 3906 lapsa,
3117 3844 3176 3893 et
3216 3844 3374 3910 extra
3399 3840 3527 3898 fon»

1923 3925 2037 3975 tem
2069 3920 2324 3975 Ecclesiae
2354 3929 2504 3986 sunt,
2537 3923 2792 3991 quamvis
2832 3940 3038 3993 magna
3069 3933 3126 3981 et
3165 3928 3414 3995 caleatia
3441 3931 3526 3984 Vin

1922 4009 2165 4079 deantur
2195 4010 2543 4079 promittere.
2576 4010 2689 4079 Ipsi
2717 4010 2987 4080 fugerunt
3009 4015 3333 4085 recedentes
3352 4033 3388 4071 a
3410 4018 3524 4072 Ποες

1923 4096 2095 4157 mino,
2112 4113 2214 4150 nec
2237 4114 2337 4167 per
2358 4097 2745 4167 paenitentiam
2777 4099 2961 4153 redire
2981 4101 3248 4167 volentes,
3281 4104 3413 4159 licet
3428 4122 3525 4160 eos

1924 4187 2185 4239 hortetur
2212 4185 2483 4240 Dominus
2513 4186 2581 4239 ad
2611 4186 3020 4256 paenitentiam,
3057 4196 3114 4244 et
3143 4190 3294 4247 dicat
3323 4209 3335 4244 :
3363 4213 3389 4247 α
3422 4195 3526 4250 Re-

1926 4274 2228 4337 vertimini,
2261 4274 2382 4337 filii,
2420 4260 2783 4338 revertentes,
2818 4281 2873 4330 et
2906 4262 3121 4333 isanabo
3161 4282 3526 4340 contritiones

231 4365 319 4436 qui
339 4367 462 4437 jam
495 4367 566 4420 in
594 4364 896 4418 itineribus
938 4367 1295 4421 corruerunt.
1334 4363 1613 4417 Velociter
1650 4378 1845 4417 ascen-
1927 4369 2158 4417 vestras.
2198 4381 2221 4413 ι
2239 4363 2453 4417 Horum
2488 4364 2715 4425 divitiae,
2741 4364 2847 4418 hoc
2875 4371 2962 4432 est
2990 4368 3238 4424 scientia
3263 4370 3527 4440 gloriatio

229 4454 357 4508 dent
397 4470 648 4508 murum
699 4451 912 4505 Ninivze
956 4452 1027 4512 ad
1071 4451 1504 4512 defendendum,
1535 4456 1591 4505 et
1616 4456 1845 4520 prOpter
1866 4441 1909 4498 Ι)
1926 4449 2224 4521 diripietur
2250 4454 2308 4517 et
2329 4451 2401 4505 ad
2426 4451 2664 4507 nihilum
2695 4453 3005 4523 redigetur.

230 4543 448 4614 longam
479 4540 855 4596 obsidionem
900 4539 1295 4610 praeparabunt
1320 4539 1429 4593 sibi
1454 4538 1846 4603 umbraculum

229 4632 295 4685 ad
318 4638 499 4699 aestus
530 4629 855 4702 pellendos.

295 4740 324 4772 ι
360 4723 560 4777 Porta
592 4720 898 4775 ﬂuviorum
924 4723 1133 4789 aperta:
1163 4722 1313 4779 sunt,
1358 4722 1416 4771 et
1461 4716 1735 4788 templum
1775 4715 1848 4770 ad

229 4811 403 4865 solum
431 4811 729 4870 dirutum,
764 4812 823 4862 et
847 4807 1010 4875 miles
1046 4807 1297 4877 captivus
1324 4806 1599 4865 abductus
1643 4812 1746 4867 est,
1794 4811 1851 4860 et

228 4899 435 4954 ancilla:
494 4901 637 4969 ejus
694 4896 1061 4951 minabantur
1107 4900 1399 4967 gementes
1444 4901 1511 4949 ut
1555 4894 1843 4955 columba,

229 4994 668 5043 murmurantes
696 4986 755 5040 in
785 4985 1046 5040 cordibus
1076 4984 1211 5049 suis.
1248 5003 1275 5037 ι
1308 4982 1450 5049 Quid
1478 4983 1687 5054 (inquit
1714 4999 1847 5053 pro-

229 5077 419 5148 pheta)
446 5078 589 5143 fuit,
629 5075 766 5146 quia
804 5076 924 5129 haec
960 5074 1233 5137 fecerunt,
1278 5089 1402 5127 cum
1442 5073 1630 5126 nullus
1671 5072 1853 5142 possit

228 5165 320 5221 Dei
338 5169 631 5231 resistere
649 5162 1034 5235 dispositioni?
1054 5163 1199 5216 Nam
1219 5168 1386 5231 capta
1405 5162 1622 5225 Ninive,
1640 5167 1851 5231 aperta;

231 5263 352 5310 sunt
380 5261 574 5328 porte
602 5253 931 5313 ﬂuviorum,
956 5251 1014 5305 id
1038 5256 1123 5305 est
1153 5250 1457 5303 multorum
1491 5250 1844 5321 populorum,

232 5347 354 5414 quia
390 5347 497 5400 illa
538 5342 750 5397 civitas
796 5342 978 5395 instar
1023 5340 1319 5394 ﬂuminum
1363 5339 1607 5393 habebat
1646 5339 1850 5404 civium

234 5435 696 5497 multitudinem.
727 5430 1045 5500 Templum,
1076 5446 1313 5499 regnum
1363 5429 1516 5495 dicit,
1555 5428 1703 5499 quod
1751 5429 1850 5483 de-

234 5525 577 5590 struendum
615 5526 728 5575 est.
758 5519 920 5579 Miles
965 5518 1237 5588 captivus,
1270 5535 1466 5572 omnes
1512 5517 1855 5588 generaliter

237 5613 325 5682 qui
346 5614 409 5668 in
434 5609 811 5682 Babylonem
852 5606 1081 5662 abducti
1120 5613 1275 5675 sunt,
1324 5606 1575 5675 ancillas,
1608 5605 1854 5672 minores

2004 4559 2026 4591 ι
2068 4539 2353 4609 Dissipata
2380 4545 2437 4593 et
2465 4540 2638 4595 scissa
2666 4547 2724 4595 et
2751 4541 3054 4599 dilacerata
3081 4550 3185 4611 est,
3214 4552 3281 4617 ,et
3304 4565 3402 4604 cor
3446 4560 3530 4606 ta-

1927 4627 2177 4693 bescens,
2217 4634 2274 4683 et
2301 4628 2596 4683 dissolutio
2645 4631 3057 4705 geniculorum,
3100 4639 3159 4689 et
3202 4636 3437 4693 defectio
3464 4640 3528 4695 in'

1930 4717 2145 4771 cunctis
2188 4715 2437 4783 renibus,
2492 4722 2549 4772 et
2590 4716 2759 4773 facies
2803 4719 3055 4775 omnium
3102 4721 3250 4791 sicut.
3289 4725 3529 4795 nigredo

1932 4805 2072 4861 ollae.
2109 4822 2135 4858 ι
2160 4804 2274 4859 Sub
2300 4806 2483 4875 ﬁgura
2507 4806 2761 4861 mulieris
2790 4806 3073 4877 dissipatae
3102 4815 3161 4865 et
3185 4811 3527 4884 dilacerate,

1930 4893 2267 4950 describitur
2278 4894 2460 4966 qualis
2480 4894 2652 4961 fuerit
2666 4894 2869 4968 Ninive
2888 4901 3144 4967 tempore
3162 4902 3528 4975 captivitatis,

1928 4982 2219 5037 tabescens
2248 4983 2433 5048 corde,
2455 4983 2743 5037 dissolutis
2778 4984 3033 5054 genibus,
3069 4990 3127 5041 et
3154 5006 3269 5060 pra
3293 4996 3532 5053 terroris

1930 5072 2319 5141 magnitudine
2354 5071 2524 5126 facies
2568 5088 2775 5126 eorum
2806 5073 3019 5143 pallore
3058 5076 3356 5149 deformes,
3406 5086 3531 5143 olle

1931 5160 2235 5215 combustae
2280 5160 2706 5225 similitudinem
2756 5162 3090 5233 videbantur
3127 5166 3355 5235 habere.
3394 5175 3533 5239 Qum

1932 5251 2121 5305 omnia
2149 5248 2575 5320 juxtalitteram
2599 5250 2732 5305 licet
2777 5250 2835 5305 in
2863 5252 3065 5319 Ninive
3088 5256 3206 5311 sint
3231 5262 3530 5334 completa,

1934 5339 2157 5410 quando
2190 5354 2223 5391 a
2247 5337 2765 5395 Nabuchodonosor
2794 5348 2960 5411 capta
2997 5349 3101 5406 est,
3133 5351 3324 5404 tamen
3354 5352 3412 5407 in
3439 5354 3531 5410 fu-

1934 5434 2062 5482 turo
2086 5427 2300 5497 judicio
2329 5444 2497 5497 super
2525 5428 2728 5500 impios
2754 5436 2991 5485 ventura
3013 5435 3339 5500 creduntur.

2010 5533 2036 5567 α
2078 5516 2181 5569 Ubi
2211 5522 2298 5570 est
2315 5517 2702 5573 habitaculum
2734 5520 2980 5584 leonum,
3010 5527 3073 5581 et,
3092 5541 3298 5594 pascua
3319 5531 3539 5588 catulo-
3594 5520 3603 5523 ﬁ

1937 5620 2064 5659 rum
2103 5605 2376 5661 leonum?
2405 5626 2432 5658 ι
2470 5608 2867 5672 Ηεῲίιαουιιιω
2892 5609 3144 5681 leonum,
3180 5615 3418 5671 Niniven
3446 5617 3538 5672 di-
