4090 6164
561 322 670 393 175

974 324 1353 380 HAYMONIS
1393 324 1880 378 HALBERSTAT.
1923 322 2148 378 EPISC.
2192 319 2350 375 OPP.
2396 322 2583 378 PARS
2621 324 2668 382 Ι.
2710 354 2772 365 -
2817 323 3190 379 COMMENT.
3231 322 3415 378 BIBL.

3734 324 3825 380 176

558 448 654 514 cit,
686 448 967 519 quondam
996 450 1184 504 aulam
1216 450 1448 519 regiam,
1468 455 1525 503 et
1542 449 1599 502 in
1622 466 1733 520 qua
1762 450 1969 512 leones,
1989 449 2044 501 id
2063 453 2150 502 est
2168 449 2215 506 A
2231 453 2493 501 corruent
2514 447 2570 501 in
2593 448 2918 519 corporibus
2940 448 3073 502 suis.
3104 448 3236 500 »νει
3256 447 3312 501 in
3328 464 3431 502 sua
3450 448 3824 515 multitudine,

556 537 932 607 potentismmi
964 545 1020 591 et
1064 538 1438 591 crudelissimi
1484 538 1684 591 morati
1721 537 1962 592 fuerant.
2002 554 2027 588 α
2068 538 2152 591 Ad
2232 535 2532 589 duminter
2548 555 2607 590 se
2629 538 2865 591 nimium
2902 536 3309 607 constipantur,
3356 538 3439 590 vel
3466 538 3521 591 in
3560 538 3830 591 cadaveri-

559 642 728 696 quam
754 626 857 703 ivit
884 627 991 689 leo,
1007 633 1073 681 ut
1092 626 1632 696 ingredereturilluc
1654 628 1873 680 catulus
1902 627 2095 682 leonis.
2121 644 2147 679 ν

2234 622 2335 676 bus
2357 624 2799 680 interfectorum.
2831 645 2853 677 α
2880 627 3115 695 Propter
3148 626 3565 679 multitudinem
3594 627 3830 679 fornica-

556 714 676 769 Rex
690 715 988 787 Babylonis
1003 713 1515 770 Nabuchodonosor
1530 714 1639 780 l'eo,
1663 723 1720 769 et
1736 713 2152 770 catulu'sleonis
2233 712 2452 766 tionum
2484 715 2793 768 meretricis
2812 714 3074 783 speciosae
3093 720 3149 766 et
3161 719 3339 783 gratae
3352 719 3422 789 “et
3450 715 3707 768 habentis
3723 731 3833 769 ma-

554 803 1056 875 subregulusejus.
1094 807 1118 856 ἀ
1150 805 1219 859 Et
1244 820 1358 858 non
1405 812 1491 859 est
1513 804 1633 875 “qui
1662 808 1961 871 exterreat,
1998 825 2019 856 ι
2054 805 2150 876 qui
2232 799 2432 864 leﬁcia,
2471 819 2594 871 quae
2623 803 3095 872 vendidit’gentes
3117 803 3176 855 in
3206 803 3666 858 fornicationibus
3695 804 3827 871 suis,

557 893 608 948 ei
631 893 878 948 resistat.
954 907 965 913 “

618 983 656 1035 ’ὰ
686 983 798 1037 Leo
830 983 979 1053 cepit
996 982 1340 1036 sufﬁcienter
1365 981 1567 1036 catulis
1606 979 1751 1049 suis,
1776 994 1801 1031 ς
1830 979 1889 1036 id
1918 980 2005 1037 est
2029 984 2143 1037 Na-

549 1069 978 1124 buchodonosor
1001 1070 1177 1124 vietor
1194 1067 1341 1141 'jure'
1356 1076 1558 1124 cuncta
1588 1068 1871 1141 possedit:
1893 1090 1918 1122 «
1940 1069 2021 1125 'Et
2042 1067 2145 1125 'nei

546 1159 907 1214 cavit'leaenis
934 1160 1077 1224 suis;
1117 1179 1138 1210 ι
1160 1159 1251 1212 id
1276 1154 1630 1213 est"urbibu"s
1656 1156 1947 1226 'suis,"vel‘
1986 1156 2146 1215 certe

543 1246 823 1302 uxoribus
834 1249 1086 1318 captivas
1106 1248 1163 1301 in
1183 1246 1506 1302 servitutem
1526 1243 1779 1302 'tradidi't:
1802 1248 1823 1299 ἑ
1848 1244 1921 1303 Et
1946 1247 2141 1319 imple;

542 1336 625 1389 vit
644 1337 840 1406 vpraada
862 1334 1339 1407 speluncassuas,
1372 1342 1427 1390 et
1456 1330 1638 1391 cubile
1660 1348 1825 1391 suum
1855 1338 2086 1409 rapina,
2109 1354 2134 1388 ν)

541 1424 600 1476 id
622 1424 979 1478 est’civitates
1000 1430 1057 1478 et
1075 1426 1304 1478 castella
1326 1439 1429 1478 sua
1462 1426 1581 1479 sive
1599 1426 1841 1491 Scrinia,
1860 1436 2139 1490 auro,'-ar-

542 1517 731 1582 gente,
781 1513 1046 1583 omnique
1102 1514 1348 1584 pretiosa
1388 1510 1754 1584 supellectile
1818 1510 2125 1584 complevit.

542 1600 1096 1672 Juxtatropologiam
1107 1641 1120 1664 ,
1134 1597 1143 1606 ”
1157 1597 1293 1655 αιιηί
1305 1603 1537 1657 "Ninive'
1551 1598 1780 1656 vastata
1792 1598 1798 1609 ’
1810 1600 2015 1666 fuerit,
2034 1604 2138 1657 hoc

540 1696 637 1745 est
653 1690 1062 1745 cu'm'mundus
1104 1691 1198 1761 qui
1238 1686 1592 1761 in'maligno
1639 1686 1861 1761 positus
1878 1698 1979 1749 est.
2014 1708 2137 1761 per-

2229 892 2287 940 et
2311 888 2550 942 familias
2576 892 2633 944 in
2667 892 2956 944 maleﬁciis
2984 891 3103 945 suis
3136 911 3156 940 ι
3191 891 3539 945 Meretricem
3569 891 3823 956 Niniven,

2228 977 2310 1029 vel
2338 983 2567 1047 propter
2594 978 2990 1043 idololatriam,
3024 980 3110 1031 vel
3131 979 3265 1049 quia
3292 980 3544 1033 omnium
3574 980 3825 1049 gentium

2225 1067 2717 1136 erat-emporium,
2753 1074 2810 1120 et
2837 1067 3248 1136 negotiationes
3276 1067 3359 1120 vel
3386 1083 3823 1138 merces‘earum

2224 1154 2601 1224 suscipiebant
2629 1174 2639 1208 :
2669 1163 2725 1209 et
2754 1156 2962 1209 idcirco
2992 1172 3117 1209 cum
3151 1154 3413 1209 omnibus
3438 1156 3703 1225 gentibus
3718 1155 3822 1210 for-

2221 1241 2574 1307 nirabantur,
2619 1248 2676 1297 et
2716 1244 2967 1298 omnium
2997 1243 3251 1313 gentium
3293 1244 3457 1298 idolis
3484 1245 3816 1300 serviebant.

2224 1330 2291 1383 Et
2314 1331 2525 1385 idcirco
2558 1338 2788 1386 vocatur
2816 1333 3081 1386 meretrix
3109 1334 3361 1401 speciosa
3382 1340 3439 1386 et
3450 1339 3616 1403 grata
3640 1340 3697 1387 et
3717 1334 3817 1388 ha-

2219 1417 2356 1471 bens
2386 1421 2678 1474 maleﬁcia.
2722 1421 3036 1475 Studebant
3064 1421 3296 1491 magicis
3325 1422 3563 1486 artibus,
3584 1428 3640 1476 et
3669 1424 3817 1477 mul-

2219 1512 2307 1560 tas
2327 1511 2526 1577 gentes
2555 1510 2658 1563 sub
2690 1525 2793 1563 sua
2817 1510 3029 1564 ditione’
3073 1510 3357 1563 tenebant.
3396 1511 3595 1565 Altiori
3625 1528 3813 1579 sensu,

2219 1597 2417 1650 Ninive
2439 1603 2708 1652 mundum
2731 1599 3014 1667 designat,
3035 1599 3094 1651 in
3114 1615 3224 1667 quo
3247 1600 3817 1669 plurimusjustorum

2217 1685 2470 1739 funditur
2497 1687 2747 1756 sanguis.
2782 1688 2834 1739 in
2862 1691 2971 1756 quo
2988 1687 3235 1740 haeretici
3263 1688 3452 1757 gladio
3472 1688 3676 1758 linguae
3708 1706 3819 1744 suae

537 1778 848 1844 transierit,
879 1759 1274 1833 dicent'sancti
1301 1759 1687 1832 exsultantes:
1720 1779 1825 1833 Ubi
1854 1786 1939 1833 est
1968 1759 2134 1833 habi-
2154 1759 2197 1816 Β
2216 1774 2472 1827 homines
2496 1775 3276 1830 interﬁciunt.Audiu‘nturin
3306 1792 3371 1830 eo
3397 1793 3556 1831 voces
3568 1778 3817 1847 ﬂagello-

535 1867 787 1922 taculum
810 1869 1079 1931 leonum,
1108 1864 1293 1920 idest
1342 1867 1683 1930 daemonum,
1701 1872 1772 1921 et
1799 1863 1908 1921 ubi'
1928 1882 2133 1938 pascua

535 1957 1248 2026 Catulorummaiignorum
1274 1952 1595 2025 Spii'ituum,
1631 1956 1726 2026 qui
1756 1954 2040 2027 rugientes
2070 1965 2135 2012 ut

533 2045 781 2116 rapiant,
806 2044 895 2099 'et'
930 2048 1185 2115 quaerant
1214 2057 1247 2095 a
1276 2044 1390 2096 Deo
1418 2048 1599 2097 escam
1645 2043 1795 2097 sibi?
1836 2045 1917 2098 Ad
1963 2061 2129 2115 quam

531 2134 774 2191 Niniven
799 2134 901 2186 ivit
926 2132 1143 2197 =leo,‘°id‘
1164 2141 1247 2186 est
1278 2132 1552 2195 diabolus,
1595 2139 1653 2185 et
1692 2135 1911 2187 catulus
1950 2135 2130 2189 leonis‘

530 2222 1018 2284 Antichtlstusﬁe
1038 2217 1149 2293 quo
1162 2223 1463 2292 Apostolus
1478 2236 1535 2274 τι
1559 2222 1925 2276 Adversarius
1948 2230 2130 2279 vester

532 2311 1093 2380 diabodu‘stanquam‘
1118 2311 1204 2363 leo
1234 2310 1483 2379 rugiens,
1517 2313 1543 2362 ὑ
1576 2316 1681 2364 etc.
1700 2311 1879 2364 Hunc
1908 2313 2127 2366 leonem

530 2398 671 2455 ante
692 2400 995 2454 adventum
1025 2398 1375 2453 Christi‘non'
1404 2399 1527 2452 fuit"
1541 2400 1633 2469 qui
1667 2406 1990 2461 exterreret,
2026 2402 2127 2455 do-

529 2504 633 2543 nec
650 2485 983 2559 supervenit
1024 2486 1224 2540 fortior
1260 2482 1378 2547 illo,
1428 2484 1775 2556 etallig'avit
1818 2488 2037 2545 fortem.
2067 2495 2125 2542 et

526 2576 823 2649 speluncas
852 2577 994 2646 ejus,
1020 2575 1108 2642 '(id
1138 2570 1799 2643 est‘abdita'inferorum)
1839 2574 2121 2630 scrutatus

523 2672 630 2731 est,
659 2671 717 2721 et
736 2666 964 2737 rapinas
993 2666 1117 2735 ejus
1150 2660 1223 2729 (id
1266 2658 1354 2717 est
1385 2663 1646 2718 homines
1695 2678 1834 2735 quos
1874 2664 2119 2735 tenebat)

522 2754 602 2810 ab
622 2756 1053 2826 ejus'potestate
1083 2748 1331 2823 eripuit’
1942 2766 1947 2769 -

524 2876 533 2881 -
595 2860 623 2896 α
664 2844 802 2897 Ecce
831 2858 933 2912 ego
961 2840 1035 2895 a'd
1076 2846 1150 2902 te;
1180 2838 1337 2894 'dicit
1365 2836 1642 2894 Dominus
1671 2841 2040 2911 exercituum,
2067 2847 2123 2896 et

2218 1880 2362 1927 rum,
2396 1864 2526 1933 quia
2555 1865 2752 1917 multae
2776 1864 3169 1918 tribulationes
3211 1867 3514 1934 justorum.
3558 1867 3702 1936 Ergo
3731 1883 3817 1920 ca-

2216 1953 2348 2006 dent
2369 1952 2425 2005 in
2457 1952 2784 2023 corporibus
2812 1954 2946 2018 suis,
2985 1968 3110 2007 cum
3143 1970 3243 2024 per
3270 1954 3501 2007 nimiam
3530 1954 3811 2009 libidinem

2215 2056 2373 2093 suam
2393 2040 2690 2094 debilitant
2706 2058 2958 2111 corpora,
2983 2042 3066 2095 vel
3088 2043 3257 2095 etiam
3276 2042 3334 2095 in
3351 2043 3468 2095 suis
3478 2044 3686 2097 cadunt
3699 2048 3816 2098 cOr-

2212 2129 2460 2199 poribus,
2490 2131 2640 2200 quia,
2656 2136 2721 2184 ut
2739 2131 2820 2184 ait
2838 2132 3139 2201 Apostolus
3160 2150 3208 2183 τε
3244 2132 3351 2195 Qui
3366 2132 3732 2199 fornicantur,
3754 2134 3809 2188 in

2211 2234 2412 2288 corpus
2449 2236 2614 2272 suum
2643 2220 2895 2288 peccant.
2934 2239 2958 2271 »
2984 2220 3066 2273 Ibi
3095 2221 3322 2283 cadunt,
3374 2220 3450 2274 ibi
3498 2221 3812 2276 damnatio-

2210 2322 2341 2359 nem
2373 2312 2595 2361 aeternae
2617 2308 2815 2361 mortis
2842 2309 3164 2378 ac'quirunt.
3802 2318 3805 2321 '

2283 2413 2307 2445 α
2346 2395 2481 2449 Ecce
2503 2413 2604 2465 ego
2626 2396 2698 2449 ad
2721 2399 2777 2449 te
2796 2396 2933 2449 dicit
2981 2397 3254 2451 Dominus
3274 2399 3638 2463 exercituum,
3655 2406 3712 2454 et
3732 2417 3813 2453 re-

2210 2485 2400 2538 velabo
2432 2487 2694 2555 pudenda
2723 2492 2822 2539 tua
2851 2487 2909 2539 in
2938 2487 3207 2551 facietua,
3232 2493 3289 2540 et
3314 2489 3605 2542 ostendam
3631 2491 3811 2560 genti-

2207 2570 2310 2625 bus
2341 2574 2654 2626 nuditatem
2680 2582 2857 2637 tuam,
2892 2580 2949 2627 et
2976 2575 3204 2643 regibus
3231 2574 3597 2644 ignominiam
3627 2580 3803 2643 tuam,

2207 2667 2263 2713 et
2289 2662 2578 2730 projiciam
2609 2679 2779 2732 super
2798 2669 2854 2716 te
2883 2662 3348 2728 abominationes,
3367 2670 3425 2718 et
3451 2667 3809 2720 contumeliis

2099 2748 2106 2763 '
2205 2753 2260 2801 te
2280 2749 2543 2811 afﬁciam,
2577 2757 2633 2803 et
2662 2767 2863 2820 ponam
2893 2756 2950 2804 te
2980 2750 3038 2803 in
3066 2752 3401 2821 exemplum.
3440 2771 3466 2805 »
3490 2754 3688 2806 AthC
3712 2755 3808 2808 Ni-

2205 2837 2333 2890 nive
2366 2839 2752 2892 comminatur
2804 2840 2972 2901 Deus,
3024 2841 3172 2909 quod
3232 2841 3490 2894 ostendat
3544 2841 3809 2911 gentibus

520 2931 857 2986 succendam
909 2930 1092 2999 usque
1145 2929 1220 2982 ad
1270 2929 1489 2982 fumum
1546 2924 1855 2999 quadrigas
1892 2936 2020 2983 tuas
2065 2938 2121 2985 et
2203 2925 2570 2995 ignominiam
2620 2928 2760 2995 ejus.
2785 2932 2851 2979 ut
2892 2927 2971 2979 illi
2993 2927 3089 2996 qui
3116 2944 3243 2980 cum
3274 2944 3341 2980 ea
3366 2928 3623 2982 fornicati
3650 2935 3805 2995 sunt,

517 3019 962 3073 leunculostuos
974 3016 1253 3071 comedet
1280 3018 1612 3087 gladius.“et
1637 3018 2019 3073 exterminabo
2050 3020 2119 3073 de
2143 3071 2180 3088 η
2201 3012 2305 3083 ipsi
2339 3030 2459 3067 eam
2487 3015 2800 3084 despiciant
2828 3019 2887 3067 εὖ
2914 3016 3267 3069 contumeliis
3316 3017 3585 3079 afﬁciant.
3608 3018 3807 3088 ‘sitque

518 3108 672 3161 terra
698 3105 943 3177 praedam
964 3111 1222 3169 tuam,'et
1242 3106 1641 3159 non'audietur
1659 3104 1931 3159 ultra'vox
1967 3108 2117 3161 nun-3
2139 3102 2182 3128 υ
2202 3102 2462 3156 omnibus
2492 3103 2549 3156 in
2581 3104 2917 3173 θπθπηριυηι-
2951 3104 3049 3156 Est
3092 3111 3283 3158 autem
3327 3107 3658 3176 metaphora
3684 3124 3806 3161 ωυ-

514 3195 724 3249 tiorum
754 3199 1007 3249 tuorum.
1046 3212 1070 3243 ιο
1102 3194 1778 3259 O'Ninive',“ha90‘omnia
1818 3208 1939 3264 quae
1982 3192 2121 3266 prae;
2201 3190 2355 3244 lieris
2383 3192 2671 3253 adultera.
2703 3209 2826 3262 quae
2859 3193 3187 3246 cum'fuerit
3207 3194 3574 3263 deprehensa,
3600 3196 3805 3264 produ_

515 3284 667 3339 dicta
694 3290 847 3349 sunt,“
879 3300 1001 3338 non
1023 3281 1281 3351 alio','sed'
1302 3286 1391 3336 m'e
1416 3287 1636 3353 agente,
1657 3284 1905 3353 patieris.
1932 3285 2117 3339 (Ecce
2200 3281 2346 3335 citur
2370 3281 2427 3334 in
2460 3283 2727 3341 medium;
2751 3289 2808 3336 et
2828 3290 2959 3335 ante
2981 3283 3230 3337 omnium
3257 3285 3448 3338 oculos
3477 3285 3799 3361 damnatur,

515 3373 721 3443 ego’ad
744 3378 835 3438 te,
866 3390 893 3425 ι)
918 3370 1015 3443 qui
1044 3370 1200 3426 actor
1228 3367 2116 3437 'sum’hbruin'omnium,suCCen-

514 3461 646 3516 dam
674 3476 854 3533 usque
880 3461 959 3515 ad‘
978 3453 2114 3530 fumum,‘i‘d'est‘tisque’ad'consumma-

511 3550 725 3605 tionem
755 3568 766 3601 :
800 3566 932 3605 nam
961 3544 1415 3618 deﬁciente'ighe
1460 3555 1523 3602 et
1551 3543 1715 3619 ling
1749 3557 2107 3621 consumpto,

510 3638 701 3695 fumus
714 3644 1006 3694 (remanet.
1020 3652 1026 3665 '
1038 3636 1384 3691 ‘Et'catuIOS'
1408 3636 1559 3702 tutis,“
1574 3636 1641 3688 id
1674 3642 1783 3689 est'
1798 3637 2043 3691 nobiles‘
2057 3634 2115 3691 et

510 3726 849 3799 subregulus
879 3732 1029 3790 tuos,
1046 3724 1341 3779 devorabit
1363 3723 1603 3793 gladius.
1630 3723 2113 3779 Exterminabo'de

510 3815 940 3887 terra'predam
965 3814 1143 3875 tuam,
1166 3820 1234 3867 ut
1251 3827 1363 3866 non
1384 3810 1545 3866 ‘ultra
1562 3828 1686 3865 eam
1705 3814 1979 3879 devastes,
2012 3831 2114 3868 nec

511 3904 964 3975 tributa'exigas.
1009 3902 1361 3956 Haecmmni‘a
1388 3917 1512 3970 quae
1541 3901 1882 3955 adiNin-iveii
1912 3903 2111 3956 dicuné

509 3996 624 4057 tur,
667 3993 751 4048 in'
772 3992 988 4064 Ljudicio
1016 3989 1543 4063 super'-diabolum-
1566 3996 1625 4043 et
1650 3988 1780 4060 ‘ejus
1814 3992 2113 4062 complices

508 4086 916 4137 venturasunt.
996 4097 1018 4109 ·’
1298 4095 1315 4111 --
1368 4094 1375 4099 ι
1562 4096 1605 4107 -ι
1774 4096 1799 4105 ..
1862 4098 1867 4103 .
2026 4077 2054 4103 ,-
2107 4097 2111 4101 ,

2200 3375 2256 3422 et
2293 3370 2357 3422 ﬁt
2393 3371 2705 3440 exemplum
2738 3371 2956 3424 caeteris
2986 3371 3332 3425 mulieribus.
3370 3374 3499 3427 Haec
3531 3376 3719 3449 autem
3748 3382 3808 3428 et

2196 3458 2267 3511 ad
2299 3459 2568 3511 mundum
2597 3460 2938 3529 tropologice
2968 3460 3165 3513 referri
3206 3464 3479 3530 pessum,"
3504 3464 3666 3532 cujus
3693 3481 3800 3534 pu-

2195 3546 2378 3599 denda
2403 3547 2460 3600 in
2481 3547 2679 3600 faciem
2702 3549 2971 3601 Dominus
2990 3548 3277 3614 revelabi‘t,
3312 3566 3442 3603 cum
3471 3566 3599 3603 eum
3628 3551 3802 3607 faciet

2197 3634 2385 3687 videre
2415 3652 2634 3689 errores
2654 3653 2803 3690 suos.
2828 3637 3100 3690 Ostendet
3129 3638 3297 3691 etiam
3326 3640 3641 3693 nuditatem
3675 3643 3801 3710 ejus

2194 3724 2476 3793 gentibus,
2492 3725 2885 3794 utintelligant
2906 3726 3054 3795 quod
3083 3727 3541 3782 condemnandus
3561 3729 3634 3782 sit
3648 3745 3809 3784 mun-

2196 3812 2301 3865 dus
2329 3812 2455 3876 iste,
2490 3813 2583 3881 qui
2615 3812 2748 3866 dum
2792 3820 3026 3882 putatur
3065 3815 3268 3878 teneri,
3319 3816 3466 3885 fugit
3510 3835 3520 3868 :
3564 3823 3621 3869 et
3659 3819 3805 3872 nulli

2193 3906 2511 3953 amatorum
2544 3900 2707 3953 ﬁdem
2736 3906 2937 3963 servat,
2973 3902 3070 3954 sed
3101 3919 3227 3955 cum
3282 3905 3516 3957 miseros
3548 3904 3807 3960 hemines

2195 3987 2493 4058 deceperit.
2529 3989 2703 4041 tradit
2732 4005 2826 4042 eos
2857 3996 3078 4043 aeternae
3110 3990 3433 4059 perditioni.

2271 4095 2293 4126 ι
2320 4075 2387 4128 Et
2412 4075 2520 4128 erit
2547 4076 2729 4129 omnis
2759 4076 2855 4146 qui
2882 4076 3085 4130 viderit
3110 4084 3187 4145 te,
3221 4078 3435 4132 resiliet
3466 4094 3501 4132 a
3527 4081 3604 4146 te,
3638 4086 3696 4135 et
3715 4081 3807 4135 di?-

2193 4168 2282 4217 cet
2305 4181 2316 4215 :
2337 4163 2573 4217 Vastata
2594 4172 2678 4217 est
2698 4164 2916 4223 Ninive.
2952 4184 2975 4216 ι
3000 4165 3332 4236 Quicunque
3373 4167 3604 4237 (inquit)
3643 4169 3805 4224 vide-

1120 4219 1357 4281 CAPUT
1399 4216 1503 4281 ΙΙΙ·
1564 4276 1567 4283 .
1878 4274 1883 4279 ~
1940 4276 1944 4285 ι
2193 4216 2269 4305 rit
2293 4256 2564 4305 vastatam
2594 4216 2853 4317 iniven,
2876 4216 2942 4306 et
2969 4216 3044 4306 ir;
3057 4216 3804 4329 exemplum—omnibus-po-

587 4367 611 4400 ‹
642 4346 770 4412 'Vaix,
801 4342 1384 4412 civitassanguinum,
1426 4341 1688 4395 universa
1728 4342 2011 4397 m'endacii‘
2030 4345 2172 4438 dieD
2193 4340 2380 4402 sitam,
2416 4340 2722 4394 resiliet-ab
2744 4341 3052 4404 ca,timens
3076 4342 3369 4396 involvi-in
3397 4344 3572 4421 simili
3605 4362 3795 4415 paena,

507 4435 852 4491 laceratione
891 4434 1077 4505 plena,
1127 4432 1258 4485 non'
1276 4429 1510 4484 recedet
1527 4430 1567 4484 a'
1585 4436 1647 4484 te
1675 4432 1890 4502 rapina.
1929 4453 1953 4485 ι
1994 4435 2109 4488 De-
2128 4429 2169 4438 ’⁷
2191 4434 2247 4482 et
2278 4430 2723 4483 miseranseam‘
2743 4430 2922 4483 dicet:
2942 4449 2968 4482 (ι
2994 4430 3131 4494 Quis
3159 4432 3532 4485 commovebit
3550 4450 3726 4504 super
3740 4443 3799 4490 te

509 4525 775 4580 scribitur
812 4522 1066 4595 potentia
1112 4520 1310 4575 Ninive
1334 4519 1614 4584 “civitatis,
1648 4520 2103 4592 etsub’quadam
2186 4518 2392 4587 caput?
2413 4519 2560 4571 unde
2582 4528 2831 4588 quaeram
2855 4520 3263 4573 consolatorem
3290 4520 3438 4573 tibi?
3463 4521 3643 4584 n'Quis
3662 4531 3798 4578 tuus

507 4614 910 4671 lamentatione
934 4610 1395 4678 crudelitasejus
1441 4610 1718 4678 arguituri
1751 4610 1845 4663 Vae
1877 4610 2100 4679 (inquit)
2187 4607 2294 4659 erit
2321 4608 2654 4669 consolator,
2671 4624 2797 4676 quae
2825 4607 2959 4661 dum
2987 4608 3043 4660 in
3075 4613 3174 4661 tua
3202 4608 3358 4663 fuisti
3391 4612 3793 4680 prosperitate,

506 4705 699 4759 civitas
727 4702 1066 4774 sanguinum
1090 4698 1164 4754 'et
1204 4697 1654 4763 homicidiorum,
1688 4697 1745 4750 in
1774 4712 1903 4767 qua
1946 4699 2105 4752 nulla
2184 4695 2323 4747 nulli
2357 4695 2735 4761 miserebaris,
2766 4712 2868 4749 nec
2897 4695 3135 4766 parabas
3155 4697 3257 4750 tibi
3278 4698 3492 4752 socium
3521 4699 3581 4752 in
3612 4700 3794 4760 luctu.

505 4800 594 4851 est
617 4794 839 4856 veritas,
855 4792 951 4846 sed
973 4805 1138 4845 omne
1160 4785 1534 4849 mendacium,
1549 4787 1717 4856 plena
1739 4786 1936 4857 rapina
1960 4786 2102 4841 lac'e-
2182 4789 2451 4854 tanquam
2478 4790 2710 4855 semper
2729 4784 3127 4855 felix’,semper'
3140 4802 3341 4856 posses
3364 4803 3486 4841 esse
3510 4788 3799 4843 domina?

502 4882 738 4937 ratione
767 4881 1106 4953 praedarum,
1136 4882 1172 4932 ξι
1201 4893 1314 4947 qua
1340 4888 1630 4945 nunquam
1673 4875 1871 4946 rapina
1917 4874 2099 4930 reces-
2184 4872 2381 4926 Sedet
2407 4889 2510 4926 nos
2536 4889 2662 4926 cum
2692 4873 3114 4927 consideramus
3135 4879 3396 4929 naturam
3420 4876 3799 4932 m’undi'labi-

504 4970 598 5026 sit.
1116 4966 1119 4975 '
1358 4976 1363 4989 ν
1752 4988 1755 4991 -
1938 4982 1944 4987 τ
2050 5006 2051 5013 η
2182 4961 2618 5026 lem,etomnem
2651 4963 2773 5030 ejus
2802 4962 3044 5032 gloriam
3068 4963 3416 5017 velocissimo
3440 4980 3609 5018 cursu
3634 4970 3800 5021 tran-

580 5078 602 5110 ι
644 5058 762 5113 vox
791 5053 1020 5125 ﬂagelli,
1049 5056 1108 5106 et
1146 5067 1250 5104 vox
1276 5051 1521 5121 impetus
1548 5055 1707 5116 rotae,
1724 5052 1805 5104 ‘et
1836 5052 1966 5122 equi
1994 5052 2100 5107 fre-
2181 5050 2311 5114 sire,
2343 5054 2476 5103 tunc
2500 5050 2784 5104 resilimus
2813 5050 2883 5104 ab
2909 5068 3001 5106 eo,
3029 5051 3134 5104 hoc
3162 5056 3248 5105 est
3276 5052 3664 5107 subtrahimus
3684 5070 3799 5110 nos

501 5145 728 5209 mentis,
761 5149 819 5197 et
843 5140 1129 5213 quadriga
1155 5138 1436 5201 ferventis,
1470 5143 1530 5191 e‘t
1553 5136 1757 5207 equitis
1792 5139 2097 5192 ascenden-
2179 5137 2249 5191 ab
2274 5154 2469 5192 amore
2499 5140 2640 5208 ejus.
2668 5139 2796 5193 odio
2820 5139 3094 5194 habemus
3119 5141 3603 5212 Concupiscentias
3634 5144 3791 5213 ejus,

497 5235 592 5301 tis,
634 5238 693 5287 et
746 5230 1009 5284 micantis
1067 5226 1262 5298 gladii,
1315 5233 1371 5280 et
1416 5226 1756 5296 fulgurantis
1802 5227 1997 5294 hastae,
2039 5235 2099 5282 et
2178 5232 2599 5295 quae-mergunt
2622 5228 2680 5281 in
2710 5227 3116 5293 interitum,'et
3147 5245 3214 5283 ea
3241 5235 3368 5299 qua:
3408 5236 3542 5283 sunt
3568 5237 3792 5287 aeterna

496 5314 876 5371 multitudinis
912 5312 1240 5374 interfectae,
1281 5317 1339 5364 et
1364 5311 1550 5380 gravis
1578 5311 1774 5365 ruina).
1818 5328 1845 5363 ν
1888 5312 2090 5367 Vocem
2173 5314 2475 5385 incipimus
2503 5316 2871 5370 desiderare.’
3002 5325 3008 5339 ‘
3066 5340 3069 5347 -
3190 5344 3193 5349 -
3230 5325 3235 5331 '

493 5420 597 5477 pro
624 5403 815 5458 sonitu
843 5402 1046 5478 posuit.
1080 5400 1463 5454 Pulcherrima
1491 5399 1790 5470 descriptio
1814 5403 2090 5457 exercitus
2247 5426 2269 5453 ιι
2310 5406 2578 5475 Nunquid
2612 5406 2808 5458 melior
2832 5422 2894 5459 es
2941 5404 3010 5460 ab
3046 5406 3388 5461 Alexandria
3412 5407 3784 5478 papulorum,

493 5476 565 5549 ad
594 5493 848 5564 praelium
871 5476 931 5545 se
955 5491 1346 5561 praeparantis.
1375 5512 1394 5534 ο
1426 5488 1543 5541 Nec
1582 5496 1669 5542 est
1702 5489 1829 5542 ﬁnis
1864 5496 2092 5546 cadave-
2171 5508 2293 5562 quae
2324 5493 2536 5547 habitat
2564 5494 2621 5546 in
2651 5493 3023 5547 fluminibus?
3050 5497 3235 5565 Aque
3255 5496 3315 5548 in
3345 5476 3583 5550 circuitu
3626 5498 3779 5566 ejus,

487 5599 689 5654 rum,»
720 5596 940 5650 eorum,
973 5579 1109 5652 quia
1131 5578 1193 5632 in
1216 5578 1443 5633 civitate
1468 5578 1737 5647 prostrati
1768 5585 1990 5633 erunt.«
2020 5580 2092 5634 Et
2170 5583 2332 5651 cujus
2361 5582 2568 5635 divitiae
2593 5598 2769 5636 mare.
2794 5583 2971 5652 Aquae
2998 5584 3149 5638 muri
3176 5585 3319 5654 ejus.
3365 5603 3390 5636 ι
3419 5585 3667 5639 Ammon
3688 5586 3757 5641 in
3779 5612 3791 5627 -
