4062 6168
319 231 408 293 177

1178 216 1185 227 ’
1260 230 1677 291 ENARRATIO
1712 236 1793 290 IN
1828 236 2093 294 NAHUM
2130 240 2592 298 PROPHETAM.

3477 245 3578 303 178

307 366 648 431 terpratatur
661 364 901 429 papulas
912 360 1732 430 Alexandria,describiturque
1751 361 1894 415 situs
1911 362 1962 420 A
1978 378 2323 434 congregare
2344 372 2409 420 ut
2425 366 2693 433 bruchus,
2724 367 3098 438 multiplicare
3117 374 3181 435 ut
3200 369 3577 441 locusta.le

304 450 472 520 ipsius
493 449 867 503 Alexandriae.
892 448 1167 502 Hebraice
1192 449 1340 502 enim
1360 450 1536 502 Noma
1561 450 1899 504 Alexandria
1981 468 2070 504 res
2091 453 2266 507 fecisti
2286 456 2697 524 negotiationes
2717 462 2861 517 tuas,
2881 474 3049 526 quam
3072 458 3246 523 stellas
3274 465 3407 513 sunt
3426 461 3572 515 coeli.

304 538 522 591 dicitur.
562 538 838 608 Loquitur
864 554 999 607 ergo
1029 538 1304 607 propheta
1333 538 1403 590 ad
1432 539 1667 592 Niniven
1692 558 1703 591 :
1734 540 1894 592 Nun-

303 626 427 697 quid
460 627 662 680 melior
684 644 745 680 es
770 632 869 680 aut
889 625 1173 696 potentior
1191 642 1250 680 es
1276 627 1495 696 pOpulis
1521 628 1888 693 Alexandriae,

300 733 416 786 quae
446 732 619 786 super
646 716 839 770 Nilum
869 720 927 768 et
957 730 1113 768 mare
1152 714 1355 785 posita,
1389 715 1517 769 hinc
1550 716 1680 771 inde
1712 717 1895 771 ﬂumi-

299 805 454 859 nibus
483 804 778 858 ambitur?
810 822 837 855 (
867 804 1042 873 Aquae
1085 803 1144 856 in
1175 803 1411 859 circuitu
1442 805 1581 873 ejus.
1623 827 1642 852 ι
1671 806 1748 859 Ex
1778 822 1892 860 una

297 895 441 949 enim
472 900 638 964 parte
673 893 824 957 Nilo,
854 908 925 946 ex
956 892 1066 945 alia
1096 893 1220 946 lacu
1269 892 1597 960 Mareotico,
1634 911 1696 947 ex
1724 894 1892 948 tertia

296 983 429 1036 mari
455 982 722 1052 cingitur.
1668 1036 1671 1039 .
1826 1035 1831 1039 .

362 1090 387 1122 (Ι
415 1072 702 1141 ᾸΞιΙιίορίει
716 1070 985 1125 fortitudo
999 1073 1140 1141 ejus,
1165 1076 1224 1125 et
1248 1071 1542 1142 AEIgyptus.
1580 1084 1636 1125 et
1661 1089 1773 1127 non
1803 1078 1889 1127 est

290 1161 429 1214 finis.
446 1160 637 1213 Africa
651 1165 708 1213 et
728 1161 927 1230 Libyes
954 1160 1253 1214 fueruntin
1283 1162 1490 1214 auxilio
1537 1171 1652 1222 tuo,
1696 1163 1791 1216 sed
1828 1168 1887 1219 et

288 1248 469 1319 ipsain
488 1249 1047 1317 transmigrationem
1072 1250 1238 1302 ducta
1261 1256 1344 1303 est
1358 1250 1415 1302 in
1433 1250 1832 1320 captivitatem.
1854 1270 1880 1303 ι»

290 1338 429 1401 Quid
456 1337 744 1408 zEthiopia
777 1344 835 1391 et
861 1339 1135 1408 fﬂgyptus
1162 1346 1226 1392 ut
1253 1346 1483 1399 czeterze,
1528 1356 1650 1409 quae
1676 1340 1882 1393 descri-

288 1425 381 1489 bit,
414 1427 679 1480 nationes
706 1427 763 1479 in
804 1427 1061 1497 praesidio
1104 1427 1315 1481 fuerint
1347 1428 1721 1493 Alexandriae,
1763 1430 1881 1498 ipse

284 1517 418 1569 situs
440 1516 860 1586 provinciarum
892 1516 1154 1570 ostendit.
1183 1517 1289 1570 Sed
1333 1524 1391 1570 et
1426 1518 1546 1586 ipsa
1580 1518 1878 1587 (inquit)in

284 1605 841 1675 transmigrationem
873 1604 1128 1667 ducetur.
1159 1625 1180 1655 ι
1214 1604 1441 1659 Parvuli
1461 1607 1582 1675 ejus
1613 1606 1733 1661 elisi
1750 1613 1882 1662 sunt

1980 539 2235 595 Bruclius
2251 559 2315 595 ex
2322 559 2531 613 pansus
2548 548 2652 608 est,
2673 549 2740 607 et,
2759 545 3017 612 avolavit;
3035 546 3295 617 custodes
3310 543 3392 600 tui
3414 549 3574 617 quasi

1976 628 2227 696 locusta),
2261 637 2318 683 et
2346 632 2561 701 parvuli
2609 632 2703 698 tui.
2742 633 2902 703 qpasi
2946 634 3174 705 locustae
3202 635 3569 708 locustarum,

1977 733 2100 787 qua:
2130 719 2421 785 consident
2446 721 2505 775 in
2534 720 2761 797 sepibus
2788 720 2965 793 indie
2994 721 3251 795 frigoris,
3284 724 3394 795 sed
3415 731 3574 797 ortus

1976 812 2078 871 est,
2097 813 2152 860 et
2181 808 2567 877 avolavemnt.
2587 815 2646 862 et
2666 792 2780 876 non
2802 816 2888 873 .est
2911 792 3181 881 manuus.
3194 792 3355 883 lacus.
3374 792 3570 885 θειὲὑω

1974 896 2069 950 ubi
2106 898 2388 952 fuerint.»
2419 900 2615 953 Adhuc
2670 900 2740 953 ad
2766 899 3007 953 Niniven
3054 916 3240 973 sermo
3260 902 3562 975 dirigitur.

1970 986 2096 1039 Non
2116 987 2349 1057 (inquit)
2366 988 2594 1048 mirum,
2618 987 2794 1041 sitam
2829 988 3007 1042 facilis
3029 994 3114 1042 est
3134 974 3429 1061 subversio
3444 997 3564 1061 tua,

1970 1075 3093 1151 sicutexCussiq.primitixarumﬁcowm.
3114 1095 3239 1147 cum
3267 1081 3452 1151 omnis
3472 1098 3569 1151 P0-

1970 1150 2283 1242 pulustuus
2295 1150 2655 1248 effeminatus
2656 1166 2767 1247 sit,
2791 1170 3101 1239 etnequeat
3125 1150 3567 1239 resisterePan-

1967 1236 2174 1316 dentur
2195 1270 2328 1332 ergo
2340 1259 2534 1323 portae,
2555 1236 3041 1323 nonamicisxsed
3069 1236 3338 1325 inimicis
3365 1257 3565 1332 Vestes

1965 1341 2169 1410 quibus
2183 1341 2607 1406 claudebantur,
2632 1342 2779 1415 ignis
2794 1340 3224 1411 absumenquia
3242 1361 3383 1414 ergo.
3396 1346 3565 1417 longa

1968 1430 2076 1483 erit
2106 1429 2343 1492 obsidio,
2376 1430 2539 1495 hauri
2566 1430 2670 1483 tibi
2692 1446 2919 1507 aquam,
2932 1438 3000 1499 et
3015 1448 3151 1501 cura
3178 1448 3258 1501 ne.
3279 1438 3444 1504 potus
3463 1434 3564 1502 de-

1965 1519 2038 1571 sit
2067 1519 2327 1575 obsessis.
2357 1518 2525 1584 Muni,
2549 1525 2917 1597 turrestuas,
2950 1520 3100 1585 intra
3129 1521 3187 1589 in
3207 1522 3563 1593 lutum,sub-

1963 1607 2124 1663 audis
2160 1608 2323 1661 nudis
2352 1607 2608 1678 pedibus,
2642 1614 2699 1671 et
2720 1609 2901 1694 calca,
2916 1607 3192 1679 subaudis
3216 1611 3380 1689 illud,
3404 1612 3565 1683 subi-

282 1695 334 1748 in
354 1694 543 1764 capite
566 1694 823 1747 omnium
850 1694 1083 1760 viarum,
1106 1700 1164 1748 et
1186 1712 1357 1765 super
1371 1695 1609 1765 inclytos
1630 1697 1751 1767 ejus
1773 1696 1876 1753 mi-
1896 1709 1945 1770 Β
1960 1713 2121 1764 gens,
2148 1697 2253 1750 hoc
2284 1704 2370 1750 est
2398 1713 2691 1755 macerans
2712 1702 2770 1750 et
2787 1697 3177 1768 compingens:
3203 1706 3261 1753 et
3283 1717 3413 1771 cum
3422 1701 3563 1769 inde

284 1788 472 1836 serunt
494 1790 733 1848 sortem,
757 1788 1021 1835 etomnes
1038 1783 1338 1853 optimates
1367 1783 1487 1852 ejus
1518 1784 1718 1837 confixi
1747 1794 1881 1839 sunt

282 1871 332 1925 in
351 1871 819 1942 compedibus.Et
836 1878 899 1925 tu
917 1888 1049 1941 ergo
1071 1871 1458 1929 inebriaberis“.
1479 1878 1534 1925 et
1554 1873 1673 1927 eris,
1686 1873 1880 1943 despe-

282 1966 377 2025 cta,
398 1966 455 2014 et
483 1967 549 2014 tu
580 1976 798 2030 quaeres
822 1961 1087 2014 auxilium
1102 1960 1172 2013 ab
1194 1960 1478 2014 inimico.»
1514 1963 1643 2015 Haec
1665 1962 1877 2016 descri-

279 2048 353 2102 bit
363 2049 975 2119 propheta,ostendens
986 2067 1109 2119 quae
1121 2054 1177 2103 et
1188 2066 1356 2120 quam
1375 2051 1627 2105 crudelia
1641 2052 1876 2106 victores

278 2139 424 2192 victis
444 2139 667 2192 faciant
681 2139 860 2192 mala:
886 2140 1022 2192 nulli
1037 2140 1209 2203 aetati,
1232 2140 1371 2192 nulli
1392 2140 1568 2204 sexui,
1591 2141 1726 2195 nulli
1745 2158 1876 2211 par-

278 2234 396 2280 cant
422 2228 741 2281 conditioni
790 2228 928 2281 Cum
962 2244 1095 2298 ergo
1124 2229 1240 2282 haec
1277 2245 1510 2298 passura
1540 2230 1610 2282 sit
1632 2230 1873 2284 Alexan-

276 2316 391 2369 dria
409 2316 814 2386 potentissima
839 2316 1054 2383 civitas,
1101 2318 1235 2387 quid
1265 2318 1510 2380 miraris,
1532 2334 1564 2371 ο
1598 2318 1873 2380 Ninive,si

277 2404 431 2459 etiam
461 2405 572 2458 tibi
604 2406 721 2458 haec
746 2406 869 2476 ipsa
898 2407 1225 2469 evenerint?
1270 2407 1337 2460 Et
1363 2412 1423 2460 tu
1455 2424 1588 2477 ergo
1617 2407 1773 2479 bibes
1803 2409 1872 2460 de

274 2494 456 2548 eodem
495 2494 696 2559 calice,
730 2501 787 2547 et
813 2496 883 2548 ad
912 2501 1129 2548 tantam
1177 2482 1363 2549 venies
1417 2492 1872 2565 ignbminiam'et

273 2584 687 2650 necessitatem,
720 2591 782 2637 ut
815 2583 987 2637 etiam
1045 2583 1115 2637 ab
1155 2582 1409 2637 hostibus
1452 2584 1565 2637 tuis
1620 2585 1869 2654 postules

272 2672 559 2726 auxilium.
722 2734 728 2739 θ
880 2732 910 2745 ﬂ
1510 2740 1513 2749 η

337 2782 358 2811 ι
392 2762 611 2815 Omnes
645 2760 1128 2833 munition‘es‘tuae
1158 2762 1304 2816 sicut
1335 2764 1471 2815 ﬁcus
1509 2779 1635 2815 cum
1656 2763 1867 2832 gressis

271 2851 396 2911 suis,
418 2851 466 2904 si
482 2867 775 2917 concussae
798 2851 1023 2913 fuerint,
1041 2852 1242 2905 cadent
1268 2851 1325 2904 in
1358 2868 1419 2905 os
1446 2853 1809 2905 comedentis.
1840 2872 1862 2902 ι

272 2939 462 3003 Omnia
482 2940 718 3009 (inquit)
739 2940 1096 2993 ﬁrmamenta
1119 2941 1265 2993 muri
1288 2941 1389 2999 tui,
1424 2941 1681 3009 videlicet
1702 2941 1869 2995 bella-

1959 1784 2156 1840 feceris
2184 1786 2411 1849 lateres,
2445 1791 2574 1839 tene
2605 1786 2750 1850 illos,
2780 1791 2839 1840 ct
2854 1785 3413 1858 obstruejnterrupta
3428 1806 3561 1859 mp-

1959 1890 2172 1928 rorum.
2210 1874 2390 1945 Prope
2420 1882 2507 1928 est
2537 1874 2686 1927 enim
2714 1873 2949 1939 obsidio.
3004 1875 3273 1944 Sedcutu
3300 1866 3560 1947 haeccin-

1960 1962 2055 2015 nia
2074 1962 2291 2025 feceris,
2320 1963 2506 2032 gaude
2532 1962 2814 2032 operibus,
2840 1968 2899 2016 et
2924 1967 3044 2027 tam
3069 1963 3558 2036 velocitertveluti

1959 2049 2205 2109 bruchus
2235 2052 2469 2105 devorat
2498 2051 2728 2116 herbam
2759 2057 2943 2131 terra.
2967 2051 3152 2121 Sedet
3179 2053 3557 2124 cuminimen-

1957 2156 2077 2193 sam
2108 2140 2444 2201 bellatorum
2472 2139 2895 2195 multitudinem
2924 2141 3559 2215 congregaverishitaut

1957 2228 2167 2282 brucho
2197 2229 2535 2283 densissimo
2565 2235 2623 2282 et
2654 2228 2885 2282 locustis
2912 2229 3230 2300 comparari
3260 2230 3456 2300 possit,
3499 2236 3558 2287 et

1956 2334 2080 2371 cum
2110 2318 2166 2371 in
2198 2334 2373 2371 unum
2395 2317 2747 2386 congesseris
2775 2333 2973 2371 omnes
2996 2306 3291 2373 thesauros
3322 2302 3380 2373 et
3413 2320 3556 2375 divi-

1955 2407 2086 2483 tias,
2121 2407 2217 2476 qui
2247 2423 2383 2483 non,
2412 2412 2653 2477 possunt
2705 2406 3013 2467 numerari,
3060 2407 3206 2461 sicut
3243 2424 3347 2462 nec
3401 2415 3557 2464 astra

1946 2480 2096 2557 'coeli,
2126 2484 2204 2548 sic
2231 2495 2286 2548 in
2320 2480 2605 2548 momento
2635 2494 2906 2565 temporis
2948 2495 3175 2549 amittes
3204 2496 3321 2551 haec
3341 2498 3551 2566 omnia,

1952 2586 2098 2638 sicut
2127 2584 2343 2637 locusta
2373 2591 2430 2637 et
2458 2584 2705 2638 bruchus
2731 2584 2816 2637 vel
2860 2583 3130 2649 atelebos,
3170 2585 3288 2639 sole
3343 2585 3553 2641 incale-

1951 2679 2139 2726 scente
2169 2674 2413 2739 avolant,
2447 2689 2548 2728 nec
2604 2672 2988 2743 reperiuntur.
3053 2673 3190 2726 Tres
3238 2674 3387 2729 enim
3418 2681 3554 2730 sunt

1952 2746 2169 2832 species
2202 2756 2567 2826 locustarum,
2596 2758 2813 2814 locusta
2851 2758 3036 2831 major
3056 2766 3114 2814 et
3148 2756 3374 2827 ‘vdlaiis‘,’
3392 2764 3399 2769 “
3422 2756 3552 2818 b'ru-

1949 2851 2087 2905 chus
2109 2851 2324 2905 locusta
2355 2850 2475 2904 sine
2495 2850 2620 2914 alis,
2666 2848 2915 2903 atelebos
2958 2836 3254 2903 minimum
3282 2844 3552 2920 genuset

1951 2932 2277 3003 stridulum,
2304 2940 2455 2993 inter
2472 2932 2746 2992 locustam
2778 2933 2835 2992 et
2862 2928 3550 3011 bruchum,mb’dici§pe'n-

271 3034 407 3081 tores
431 3029 535 3087 tui,
562 3029 647 3082 sic
665 3035 832 3082 erunt
849 3029 992 3082 sicut
1020 3029 1159 3082 ficus
1193 3029 1501 3099 primitiva:
1540 3046 1681 3100 quas
1708 3047 1863 3099 gros-
1882 3023 1926 3082 Ο
1945 3029 2037 3081 ληίε
2068 3035 2293 3099 reptans
2324 3027 2509 3098 potius
2530 3024 2696 3098 quam
2712 3013 3149 3082 volansNatu’ra
3181 3016 3549 3083 e'st’b‘mnium

268 3133 352 3169 sos
370 3118 533 3187 vulgo
554 3118 778 3186 dicunt,
797 3135 919 3187 quae
934 3134 1200 3171 concussa
1231 3117 1426 3171 leviter
1451 3118 1521 3171 ab
1543 3119 1742 3195 arbore
1772 3120 1865 3171 de-

272 3206 457 3268 ﬂuunt,
478 3213 537 3260 et
567 3206 782 3259 cadunt
811 3207 869 3259 in
891 3223 952 3259 os
977 3206 1339 3263 comedentis.
1365 3202 1488 3277 pari
1522 3209 1684 3260 modo
1717 3215 1771 3260 et
1800 3215 1861 3262 tu

267 3293 517 3349 facillime
534 3295 801 3364 capieris,
834 3312 934 3348 nec
957 3288 1166 3365 multus
1196 3295 1254 3347 in
1280 3296 1551 3365 capiendo
1582 3295 1740 3371 labor
1758 3297 1865 3350 erit

269 3383 547 3445 militibus.
571 3384 702 3437 Haec
709 3384 872 3453 juxta
894 3383 1490 3438 litteram.Secundum
1510 3372 1857 3454 allegoriam,

269 3473 388 3541 quia
414 3475 664 3525 Ammon
689 3472 879 3542 populi
908 3473 1506 3544 interpretantur,talis
1534 3481 1717 3547 potest
1739 3492 1859 3527 esse

267 3576 480 3615 sensus:
519 3561 894 3615 Considerate
923 3563 1157 3632 papulos
1184 3563 1459 3625 Ecclesim,
1478 3564 1577 3639 .qui
1610 3564 1700 3616 siti
1731 3572 1862 3641 sunt

268 3666 422 3720 super
450 3667 657 3704 amnes
686 3652 1058 3721 prepheticos,
1092 3659 1149 3705 et
1176 3651 1385 3705 habent
1413 3652 1469 3704 in
1493 3653 1729 3705 circuitu
1761 3654 1862 3706 flu-

268 3742 405 3795 mina
427 3742 749 3795 doctorum.
783 3741 959 3810 Cujus
1004 3741 1227 3795 initium
1249 3759 1281 3794 a
1310 3741 1450 3794 mari
1477 3728 1597 3812 est,
1616 3726 1803 3821 idest
1827 3759 1860 3795 a

267 3830 374 3899 lege
402 3829 630 3884 Veteris
660 3818 1008 3883 Testamenti
1036 3822 1250 3893 amara,
1284 3836 1341 3883 et
1355 3847 1519 3902 quam
1552 3847 1716 3903 nemo
1739 3818 1859 3885 sine

267 3917 374 3988 lege
394 3918 610 3973 Christi
632 3918 822 3987 potuit
851 3918 1178 3989 adimplere.
1217 3918 1478 3971 Habetin
1535 3903 1858 3997 defensione

265 4006 596 4078 :‘EthiOpiam
622 4024 679 4059 τε
724 4007 1010 4077 ,ίΕιὴίορίει
1039 4007 1338 4078 praeveniet
1365 4023 1564 4060 manus
1588 3993 1856 4077 ejus-Deo

266 4098 416 4165 (Psal.
454 4102 625 4151 vanl
651 4117 661 4150 :
697 4119 712 4144 ι
754 4112 877 4166 qua:
907 4096 1076 4149 etiam
1112 4113 1209 4165 per
1235 4096 1536 4168 Egyptum
1555 4097 1850 4165 figuratur,

269 4186 513 4254 quoniam
539 4187 598 4239 in
628 4186 879 4240 tenebris
901 4192 1031 4238 ante
1055 4185 1258 4238 Christi
1285 4184 1574 4238 scientiam
1603 4170 1859 4237 versaba-

269 4280 365 4328 tur.
396 4276 586 4329 Habet
603 4281 664 4328 et
686 4275 925 4345 populos
952 4274 1138 4344 Libyae
1163 4291 1411 4327 arenosa:
1442 4280 1499 4327 et
1521 4260 1748 4335 sterilis,
1794 4290 1857 4327 ac

1947 3119 2289 3171 locustarum
2349 3106 2412 3170 ult
2459 3117 2666 3187 frigore
2722 3104 3540 3187 torpeant,velitent'calore.

1943 3206 2308 3276 Tropologice
2361 3187 2602 3275 populus
2650 3194 2883 3269 ‘Ninive,
2922 3194 3550 3262 "saeculares‘h'omines

1947 3300 2097 3359 sunt,
2127 3278 2205 3346 ita
2222 3280 2423 3346 carnis
2454 3281 2824 3364 passionibus'
2850 3294 2907 3347 et
2935 3283 3211 3349 illecebris
3239 3288 3552 3358 eertum

1947 3374 2279 3435 mulieribus
2305 3370 2721 3452 comparentur,
2756 3374 2985 3436 etnihil’
3006 3373 3162 3436 virile
3184 3374 3541 3453 ’poss‘idea'nt.

1947 3456 2307 3540 Quapropter
2335 3457 2663 3540 aperientur
2691 3470 2866 3539 portae
2898 3460 3112 3535 eorum,
3137 3469 3203 3523 'id
3233 3468 3321 3524 est
3340 3472 3547 3526 sensus

1945 3559 2194 3629 corporis
2224 3546 2502 3618 inimicis,
2545 3554 2602 3610 id
2660 3552 2745 3612 est
2773 3554 3137 3612 daemonibus.
3165 3558 3395 3613 Habent
3416 3562 3545 3615 vero

1945 3648 2105 3716 quasi
2138 3646 2469 3700 fortissimos
2496 3644 2680 3699 vectes
2733 3638 3009 3700 rationem
3034 3646 3112 3700 'et
3160 3639 3540 3715 intellectum,

1945 3735 2148 3806 quibus
2175 3740 2438 3805 poterant
2495 3730 2748 3806 oppilare
2804 3729 3031 3789 sensum
3084 3728 3272 3789 suum.
3304 3732 3419 3791 Sed
3440 3737 3545 3792 h’os

1941 3832 2125 3877 vectes
2156 3831 2448 3878 consumet
2474 3814 2640 3893 ignis,
2674 3810 3180 3894 quia'su'perantur
3207 3826 3400 3895 ignitis
3419 3825 3544 3880 dia-

1942 3911 2051 3965 boli
2078 3913 2281 3981 jaculis
2359 3902 3175 3982 Unde.‘praacipiturualibus,
3231 3919 3293 3966 ut
3336 3930 3544 3983 aquam

1917 3988 2214 4054 sermonis
2244 4000 2414 4053 divini
2432 3990 2983 4070 'hauriant.“Aquam
3015 3992 3183 4053 enini‘
3204 3994 3538 4072 profundam

1939 4080 2072 4143 dicit
2104 4082 2367 4144 Salomon
2396 4082 2460 4143 ex
2491 4080 2600 4143 ore‘
2619 4086 2739 4155 viri,
2775 4086 2831 4151 et
2889 4080 2976 4143 ibi
2995 4080 3284 4143 invenient
3307 4080 3539 4160 aliquod

1942 4166 2150 4232 salutis’
2171 4170 2507 4232 remedium.
2546 4178 2785 4232 Jube'tur
2811 4166 3060 4249 'qudque‘
3099 4174 3540 4233 sumere'lutum

1941 4275 1997 4321 et
2023 4264 2300 4338 subigere,
2322 4262 2379 4321 et
2406 4258 2612 4355 lateres
2641 4258 3022 4328 conficerent
3039 4252 3361 4321 meminerit
3388 4270 3457 4321 s‘e’
3469 4267 3539 4323 de

266 4364 384 4416 solis
427 4365 634 4418 ardore
663 4368 926 4434 perustae,
959 4362 1015 4415 iil
1046 4369 1132 4416 est
1182 4363 1409 4416 eosdem
1451 4363 1712 4431 gentiles,
1758 4349 2058 4434 quiDluto
2089 4358 2410 4441 confictum,
2442 4348 2737 4441 mortalem
2789 4349 3095 4441 sump'sisSe
3133 4350 3536 4441 conditionem.

268 4452 434 4520 primo
456 4454 583 4507 sine
607 4454 848 4517 humore
865 4452 1180 4523 ,spiritualis
1207 4452 1404 4521 gratiae
1426 4458 1482 4504 et
1513 4452 1731 4505 lavacro
1765 4452 1857 4505 ba-

267 4541 533 4610 ptismatis
566 4542 923 4612 squalebant.
960 4542 1098 4595 Cum
1122 4541 1459 4612 hiecomnia
1486 4540 1708 4601 habeat,
1746 4541 1855 4594 nisi

265 4634 437 4683 tamen
475 4630 815 4684 custodierit
844 4630 995 4683 omni
1030 4630 1324 4699 diligentia
1362 4647 1527 4683 suum
1576 4647 1690 4696 cor,
1733 4631 1854 4699 ipsa

267 4734 473 4790 quoque
494 4720 721 4791 captiva
750 4720 1004 4785 ducetur,
1037 4725 1094 4772 et
1110 4718 1320 4788 parvuli
1343 4720 1392 4788 ej
1404 4736 1465 4771 us
1488 4719 1722 4772 rudesin
1742 4719 1852 4772 fide

266 4806 619 4872 elidentur,et
645 4808 1145 4880 praecipitabuntur
1171 4809 1226 4860 in
1246 4813 1624 4878 peccatum,et
1638 4808 1847 4873 hostes,

264 4894 313 4948 id
341 4905 422 4952 est
446 4898 777 4969 spirituales
801 4896 1125 4962 adversarii,
1148 4897 1441 4966 praeclaras
1465 4897 1588 4966 ejus
1621 4896 1853 4950 virtutes

269 4988 674 5041 annihilabunt.

329 5095 353 5127 α
388 5077 525 5131 Ecce
556 5077 799 5147 populus
831 5082 964 5130 tuus
984 5074 1250 5129 mulieres
1280 5075 1339 5127 in
1379 5074 1566 5127 medio
1593 5074 1696 5127 tui.
1734 5074 1850 5140 Ini-

269 5165 412 5217 micis
450 5165 570 5219 tuis
612 5166 679 5218 ad
729 5164 1075 5236 apertionem
1116 5164 1436 5233 pandentur
1474 5169 1649 5233 portae
1686 5169 1851 5216 terra:

268 5262 383 5315 tuae,
401 5254 696 5309 devorabit
715 5255 860 5325 ignis
876 5267 1057 5307 vectes
1074 5260 1222 5307 tuos.
1255 5254 1475 5323 Aquam
1504 5258 1733 5323 propter
1759 5252 1852 5304 ob-

269 5341 527 5397 sidionem
550 5344 717 5397 hauri
736 5344 854 5406 tibi,
899 5353 1119 5396 exstrue
1155 5342 1494 5395 munitiones
1524 5349 1671 5407 tuas,
1704 5340 1853 5394 intra

271 5427 508 5485 intutum
532 5438 591 5485 et
609 5434 774 5495 calca,
812 5432 1078 5501 subigens
1114 5439 1239 5484 tene
1268 5431 1525 5484 laterem.
1552 5430 1633 5483 Ibi
1664 5446 1853 5482 come-

271 5517 356 5572 det
379 5527 433 5574 te
460 5520 636 5590 ignis,
657 5521 862 5592 peribis
889 5521 1097 5591 gladio,
1115 5518 1403 5575 devorabit
1422 5525 1478 5572 te
1508 5526 1571 5575 ut
1584 5518 1848 5573 bruchus:

1942 4448 2049 4501 Sed
2075 4438 2258 4518 ipsum
2290 4438 2470 4500 lutum
2495 4436 2663 4515 aqua
2685 4436 2961 4499 sermonis
3006 4438 3106 4500 Dei
3134 4439 3432 4516 temperet,
3474 4450 3540 4501 ut

1940 4537 2145 4588 lateres
2174 4534 2432 4588 conficiat
2485 4534 2687 4604 quibus
2745 4534 2984 4588 munitio
3041 4528 3422 4599 cunStrua‘fu‘r,
3465 4550 3538 4588 ne

1939 4625 2143 4678 iterum
2193 4624 2373 4677 hostis
2428 4640 2527 4694 per
2575 4629 2766 4694 portas
2814 4623 2993 4693 possit
3046 4622 3285 4691 ingredi,
3311 4623 3422 4676 hoc
3450 4627 3539 4675 est

1937 4702 2207 4784 exemplis
2236 4704 2656 4784 Scriptu'rarum
2684 4706 3021 4775 instruatur,
3060 4700 3297 4763 ut"Sci'at
3325 4708 3537 4764 diaboli

1937 4802 2200 4856 resistere
2231 4792 2657 4855 tentationibus.
2680 4797 2901 4853 ’D‘einde
2916 4794 3148 4868 jubetu‘r
3177 4794 3537 4868 ut'inultipli-

1936 4898 2095 4945 cetur
2122 4892 2265 4945 sicut
2292 4891 2557 4953 bruchus,
2590 4880 2696 4941 hoc
2752 4878 3104 4941 est"'c're'5(':at
3156 4890 3539 4957 et"augeatur

1937 4998 2172 5034 numero
2203 4974 2493 5043 virtutum,
2522 4985 2585 5032 ut
2614 4979 2759 5031 sicut
2779 4983 2909 5031 ante
2941 4968 3536 5047 multiplicabatmiin-

1935 5070 2111 5123 danas
2141 5062 2571 5139 negotiationes,
2603 5058 2683 5120 ita
2705 5060 3161 5120 'multitudinet‘n‘
3179 5070 3537 5138 peccatorum

1936 5165 2188 5229 exaequet
2222 5156 2585 5211 multitudine
2614 5155 2906 5209 virtutum;
3096 5154 3101 5163 '
3152 5158 3157 5163 ·
3226 5152 3250 5163 ν»

2012 5269 2033 5299 ε
2067 5242 2529 5302 Dormitaverunt
2559 5252 2812 5316 pastores
2840 5245 2943 5309 tui,
2999 5261 3095 5298 rex
3141 5242 3337 5308 Assur;
3380 5250 3538 5316 sepe-

1936 5338 2147 5392 lientur
2168 5336 2447 5407 principes
2463 5332 2563 5389 tui.
2596 5332 2863 5389 Latitavit
2883 5334 3122 5405 populus
3145 5336 3283 5387 tuus‘
3299 5332 3355 5386 in
3380 5349 3538 5388 mon-

1936 5428 2105 5485 tibus,
2138 5433 2195 5478 et
2224 5442 2335 5478 non
2359 5430 2443 5478 est
2465 5425 2557 5495 qui
2586 5420 2906 5494 congreget.
2945 5443 2971 5476 ι»
3004 5425 3144 5476 Cum
3191 5421 3407 5491 (inquit)
3433 5436 3535 5491 po-

1936 5517 2100 5586 pulus
2129 5522 2261 5570 tuus
2291 5514 2663 5581 elleminatus,
2689 5519 2746 5568 et
2773 5510 2934 5584 quasi
2964 5510 3179 5581 fragilis
3194 5505 3533 5564 utmuliéres
