4090 6164
506 252 611 330 iis

506 472 789 563 principes
809 488 865 563 et
887 478 1173 554 subreguli
1203 484 1307 540 tui.
1329 485 1397 538 Et
1426 486 1472 540 si
1503 484 1729 539 edomiti
1751 496 1880 542 sunt
1910 486 1993 542 Vel
2018 489 2074 541 in

507 572 747 635 terfecti,
783 573 874 643 qui
911 574 1075 643 primi
1105 574 1162 627 in
1190 574 1310 627 acie
1340 579 1490 627 stare
1532 575 1863 641 debuerant,
1890 576 2101 648 disper-

508 676 605 715 sus
620 666 705 715 est
719 662 956 732 populus
979 666 1107 715 tuus
1127 662 1198 715 ob
1225 663 1482 715 timorem
1501 664 1771 718 venientis
1801 665 2100 718 Nabucho-

508 750 777 804 donosor:
803 738 1108 804 interfectis
1138 736 1286 804 enim
1319 752 1683 823 principibus,
1705 754 1922 824 reliqua
1952 755 2101 807 mul-

506 839 690 894 titudo
718 838 960 917 imbellis
982 836 1231 917 dispersa
1269 845 1352 895 est
1378 841 1433 894 in
1465 841 1768 908 montibus,
1801 838 1859 896 et
1888 859 1998 897 non
2017 844 2104 897 est

509 928 605 999 qui
635 930 935 999 congreget
980 916 1277 998 fugientes,
1338 929 1395 984 et
1442 930 1513 984 ad
1544 922 1918 986 resistendum
1940 936 2104 1003 cogat

509 1018 836 1071 exercitum.

584 1108 609 1157 ὰ
632 1094 758 1161 Non
769 1109 857 1159 est
877 1104 1114 1159 obscura
1135 1106 1396 1161 contritio
1416 1098 1534 1172 tua,
1559 1108 1804 1179 pessima
1824 1115 1908 1163 est
1938 1110 2103 1180 plaga

506 1194 625 1258 tua,
644 1192 743 1247 aid
788 1196 872 1246 est
899 1204 1012 1248 non
1039 1200 1226 1265 parva,
1253 1201 1310 1249 et
1338 1204 1461 1266 quae
1490 1198 1663 1267 poesit
1684 1197 1878 1257 latere,
1912 1198 2033 1267 quae
2071 1210 2105 1251 a

507 1272 663 1335 nullo
681 1267 1028 1335 medicorum
1062 1283 1235 1353 possit
1266 1285 1470 1337 curari.
1504 1306 1525 1334 ι
1553 1285 1761 1339 Omnes
1790 1286 1883 1355 qui
1916 1287 2107 1340 audie-

509 1370 644 1425 i'iitit
672 1371 1018 1424 auditionem
1050 1375 1226 1433 tuam,
1260 1380 1714 1444 compresserunt
1752 1386 1981 1428 manum
2007 1390 2104 1428 su-

507 1473 612 1530 per
637 1458 712 1512 te.
754 1461 775 1508 6
810 1456 1168 1514 Manifestum
1199 1467 1284 1514 est
1313 1463 1443 1532 quia
1476 1463 1793 1533 quicunque
1824 1455 2107 1518 audierint

510 1534 1115 1628 subversainNiniven,‘
1150 1553 1206 1603 et
1235 1550 1423 1621 regem
1461 1550 1741 1622 quondam
1781 1553 2104 1623 potentissi-

510 1622 667 1723 mum
700 1622 1067 1706 prostratam,
1090 1632 1394 1717 stupebunt
1429 1630 1651 1695 attoniti
1682 1646 1853 1695 tantae
1882 1642 1961 1695 rei
1993 1636 2107 1695 rna-

512 1724 831 1795 “gnitudihe,
862 1731 919 1778 et
964 1727 1338 1796 Compriment
1361 1742 1580 1791 manus,
1617 1735 1679 1783 ut
1719 1731 1902 1783 solent
1927 1731 2107 1785 facere

512 1814 823 1883 stupentes,
855 1814 941 1866 vel
971 1810 1120 1867 certe
1154 1804 1266 1885 prae
1310 1804 1517 1886 gaudio
1565 1818 1903 1873 insultantes
1932 1819 2108 1872 ruinre

509 1906 641 1979 tuae,
675 1901 947 1979 plaudent
975 1903 1253 1959 manibus.
1302 1892 1415 1959 Cur
1467 1912 1657 1960 autem
1709 1908 1832 1971 hoc,
1866 1907 2111 1961 ostendit

509 1978 754 2069 hubdens
788 2008 800 2043 :
831 2000 851 2040 ἀ
882 1978 1027 2054 Quia
1057 1994 1227 2063 Super
1255 1996 1419 2064 quem
1477 2000 1591 2049 non
1639 1988 1865 2050 transiit
1895 1994 2112 2049 malitia

507 2084 609 2133 tua
630 2080 888 2149 semper?
908 2074 929 2129 ἰ
964 2076 1173 2135 Idcirco
1192 2082 1420 2153 (inquit)
1436 2082 1625 2138 nullus
1653 2090 1838 2155 potest
1864 2098 2034 2156 super
2055 2080 2111 2138 te

486 2158 722 2245 -Hblere,
758 2170 815 2221 et
848 2169 1064 2222 vulneri
1118 2174 1215 2223 tuo
1270 2172 1406 2225 dare
1436 2164 1732 2243 lacrymas,
1767 2167 1898 2244 quia
1924 2174 2111 2228 nullus

512 2247 786 2335 estsuper
807 2260 973 2326 quem
1004 2246 1335 2313 malitiatUa
1365 2254 1474 2315 non
1494 2262 1803 2316 transierit.
1826 2254 1942 2317 Nec
1953 2264 2106 2328 dicit,

914 263 1820 351 HAYMONISIHALB‘ERSTKT.
1865 264 2093 331 EPISC.’
2137 264 2297 329 UPP.
2342 265 2553 327 PARS;
2587 266 2649 326 I'.-
2677 272 2735 311 -'—
2771 266 3141 325 COMMENT.
3182 271 3365 328 BlBL.

503 380 732 459 fuerint,
759 404 873 449 non
901 388 1109 449 mirum
1133 384 1178 449 si
1197 386 1531 449 dormierint
1560 388 1815 467 pastores
1833 400 1998 461 tui,id
2013 404 2095 453 est
2132 430 2138 440 ι

3669 269 3773 325 τω

2179 396 2414 453 steterit.
2436 398 2533 450 sed
2564 394 2920 458 «transierit,
2954 415 2980 448 »
3015 397 3151 466 quia‘
3170 396 3391 451 maiitia‘
3413 395 3777 467 Assyriorum

2182 480 2237 538 et
2266 484 2528 555 superbia
2552 501 2744 537 eorum
2772 484 3101 538 transitOria’
3128 488 3184 538 et
3238 486 3449 539 caduca
3493 490 3632 548 erat,
3668 494 3775 538 nec

2182 588 2405 644 semper
2434 577 2653 644 poterat
2677 572 3023 644 permanere.
3058 575 3426 645 Tropologice
3454 574 3571 628 haec
3605 573 3776 627 verba

2182 663 2253 715 ad
2285 663 2480 716 mundi
2512 663 2819 733 principem
2840 662 3036 716 referri
3065 668 3318 732 possunt.
3362 663 3469 726 Qui
3492 662 3775 733 quondam

2181 746 2532 821 gloriabatur
2565 769 2577 805 :
2616 771 2637 802 ι
2672 748 2738 804 In
2768 751 2970 805 coelum
2999 752 3393 819 conscendam,
3425 768 3595 822 super
3621 756 3779 804 astra

2183 840 2306 894 coeli
2335 839 2589 893 exaltabo
2624 840 2824 894 solium
2847 839 3101 907 meum,»
3117 840 3209 895 cui
3233 841 3409 895 etiam
3434 838 3781 910 exprobrans

2185 929 2657 1001 propheta,dicit:
2696 949 2717 980 ι
2746 928 3038 992 Quomodo
3059 929 3308 984 cecidisti
3333 929 3401 983 de
3429 928 3593 992 caelo,
3619 927 3781 983 Luci-

2184 1017 2285 1082 fer,
2320 1017 2413 1087 qui
2445 1035 2607 1071 mane
2639 1016 2948 1071 oriebaris?
2984 1037 3006 1067 r
3032 1018 3251 1072 Dicitur
3278 1032 3411 1086 ergo
3434 1017 3487 1071 ei
3520 1030 3620 1086 per
3648 1031 3783 1086 apo-

2185 1107 2500 1177 Stropham:
2531 1108 2574 1160 Ο
2596 1110 2788 1168 Assur,
2825 1107 3178 1160 dormierunt
3200 1112 3452 1176 pastores
3479 1104 3561 1159 tui
3591 1105 3650 1158 in
3677 1104 3779 1158 ad-

2185 1200 2352 1267 ventu
2386 1195 2593 1249 Christi
2622 1194 2864 1259 Domini,
2899 1200 3029 1265 quia
3057 1194 3357 1265 pascebant
3383 1194 3639 1249 homines
3666 1208 3782 1247 non

2188 1284 2245 1338 in
2266 1285 2525 1346 salutem,
2558 1284 2657 1337 sed
2686 1289 2751 1337 ut
2797 1284 3083 1354 saginatos
3140 1284 3295 1337 omni
3332 1283 3695 1337 immunditia
3724 1288 3787 1336 et

2186 1373 2503 1443 iniquitate,
2548 1373 2767 1426 avidius
2809 1389 2904 1426 eos
2955 1372 3308 1427 devorarent.
3336 1373 3584 1442 Populus
3622 1378 3783 1436 tuus,

2188 1462 2284 1533 qui
2315 1468 2369 1515 te
2390 1462 2671 1532 quendam
2704 1460 2942 1523 colebat,
2989 1462 3247 1515 discessit
3277 1477 3311 1513 a
3338 1466 3414 1524 te,
3446 1466 3505 1514 et
3531 1459 3786 1530 confugit

2188 1550 2259 1604 ad
2293 1550 2528 1615 montes,
2554 1551 2624 1603 ad
2672 1550 3053 1620 apostolorum
3082 1558 3139 1603 et
3184 1550 3473 1603 doctorum
3501 1549 3785 1619 pmsidiaa

2191 1640 2258 1695 Et
2282 1655 2431 1694 nunc
2464 1652 2659 1693 omnes
2690 1640 2963 1692 insultant
2990 1638 3112 1699 tibi,
3148 1639 3244 1709 qui
3276 1655 3311 1691 a
3334 1644 3392 1692 te
3424 1638 3641 1709 decepti
3667 1637 3787 1693 the4

2190 1736 2337 1797 rant,
2371 1731 2501 1801 quia
2524 1734 2621 1783 aut
2656 1730 2845 1783 nullus
2873 1734 2972 1783 aut
2996 1745 3160 1783 rarus
3188 1735 3299 1793 est,
3316 1745 3483 1798 quem
3510 1742 3621 1782 non
3669 1727 3793 1787 alia

2191 1818 2416 1891 quando
2433 1818 2737 1889 deceperis,
2761 1824 2818 1872 et
2843 1834 3014 1888 super
3043 1834 3209 1888 quem
3232 1833 3346 1871 non
3367 1816 3788 1871 transieritma-

2191 1908 2313 1961 litia
2340 1904 2457 1962 tua.
2484 1909 2663 1978 Super
2680 1922 2846 1977 quem
2861 1907 3011 1961 enim
3041 1911 3156 1960 stat
3184 1906 3423 1969 malitia,
3456 1921 3573 1959 non
3600 1910 3788 1975 potest

2192 1994 2464 2050 insultare
2492 1996 2561 2049 ei.
2578 1996 2717 2049 Cum
2748 1998 2878 2047 vero
2905 1994 3197 2047 transierit
3234 1993 3468 2058 malitia,
3492 1999 3549 2046 et
3568 2009 3787 2047 succes-

2192 2085 2331 2139 serit
2360 2083 2601 2149 bonitas,
2628 2091 2763 2138 tunc
2775 2083 3127 2138 insultabunt
3142 2082 3383 2146 diabolo,
3399 2088 3456 2136 et
3473 2082 3631 2136 bonis
3647 2097 3786 2152 Ope-

2192 2174 2347 2229 ribus
2370 2166 2530 2244 quasi
2559 2173 2858 2244 complosis
2880 2172 3140 2227 manibus
3157 2182 3327 2242 super
3345 2187 3477 2226 eum
3487 2185 3789 2242 concrepa—

2194 2262 2355 2316 bunt.

2196 2374 2201 2379 -
2338 2374 2361 2379 ιη
2502 2374 2525 2381 ‹‹
2640 2374 2645 2381 η
2768 2376 2791 2383 ιι
2834 2376 2937 2383 -ι›ι.
3160 2378 3297 2389 Α.,,,
3352 2380 3359 2403 l
3432 2378 3439 2404 I
3498 2380 3503 2403 Ι
3626 2380 3633 2385 ,
3704 2378 3767 2402 ΙΙ

1261 2492 1404 2585 IN
1471 2494 2118 2643 HABACUC
2184 2484 3041 2645 PROPHETAM

589 2702 851 2813 iiab‘acu'c
877 2731 1170 2813 prepheta,
1204 2730 1301 2800 qui
1327 2730 1476 2801 apud
1517 2718 1780 2813 Hebraeos
1810 2730 2108 2786 Chabacuk

518 2806 744 2897 dicitur,
778 2804 1133 2901 prophetavit
1154 2822 1274 2901 jam
1312 2812 1475 2884 Juda,
1583 2828 1669 2875 est
1696 2820 1913 2874 duabus
1934 2821 2113 2874 tribu-

517 2906 624 2962 bus
642 2898 1205 2964 aNabuchodonosor
1223 2898 1281 2963 in
1313 2898 1693 2980 captivitatem
1725 2910 1921 2964 ductis.
1958 2908 2117 2974 Quod

521 2984 665 3050 scire
694 2988 991 3069 possumus
1025 2996 1261 3061 exiibro
1287 2990 1554 3062 Danielis,
1592 2988 1688 3069 qui
1735 2996 1841 3053 fuit
1872 3016 2017 3054 unus
2055 3016 2121 3052 ex

522 3064 848 3169 captivitate
867 3084 1041 3167 udae,
1075 3084 1147 3167 ad
1176 3074 1344 3155 quem
1374 3078 1500 3139 cum
1530 3080 1588 3141 in
1608 3064 1743 3141 lacu
1780 3074 1993 3154 positus
2024 3104 2113 3141 es-

524 3177 628 3251 set,
660 3170 751 3225 hic
780 3172 1053 3251 propheta
1082 3190 1206 3251 cum
1232 3173 1468 3244 prandio
1500 3174 1569 3229 de
1605 3175 1797 3229 Judeea
1826 3193 1924 3247 per
1951 3193 2118 3247 ange-

524 3248 644 3343 lum
665 3248 992 3333 deportatus
1016 3250 1118 3316 est.
1156 3254 1571 3343 Interpretatur
1596 3256 1785 3319 autem
1818 3256 2117 3321 Chabacuk

526 3340 870 3433 pmplewans,
904 3340 1400 3437 sivebantp‘leratio,
1434 3352 1565 3427 quia
1586 3350 1869 3435 “amabilis
1894 3352 2117 3408 Domini

526 3438 716 3503 fuerit,
747 3439 833 3494 vel
861 3439 993 3511 quia
1021 3440 1268 3507 luctatus
1299 3447 1385 3495 est
1414 3459 1541 3494 cum
1568 3442 1827 3507 Domino,
1862 3450 1918 3497 et
1959 3444 2118 3515 quasi

530 3516 777 3599 quodam
800 3517 1107 3583 certamine
1137 3545 1265 3599 eum
1296 3522 1585 3600 amplexus
1608 3518 1698 3585 sit.
1734 3515 1934 3587 Nulius
1971 3532 2121 3585 enim

528 3618 928 3699 prophetarum
947 3604 1076 3699 tiam
1107 3604 1465 3699 audacter
1487 3614 1947 3691 disceptationem
1980 3639 2122 3691 prae—

530 3694 772 3795 sumpsit
800 3694 1102 3789 Dominum
1124 3698 1424 3787 provocare
1478 3713 1535 3762 et
1576 3709 1759 3764 dicere
1796 3726 1807 3761 :
1845 3729 1870 3762 «
1903 3704 2122 3780 Usque-

532 3790 665 3865 quo,
695 3794 954 3863 Domine,
982 3792 1254 3877 clamabo.
1281 3801 1386 3852 etc.
1426 3816 1464 3877 Α».
1538 3864 1563 3877 ,Ι
1870 3790 1881 3799 ’

802 3958 807 3963 Α
892 3960 895 3963 _
1031 3866 1267 3963 caput
1297 3864 1598 3941 PRIMUM.

609 3991 631 4024 ι
657 3956 812 4028 Onus
835 3960 980 4043 quod
1004 3956 1138 4026 vidit
1158 3956 1421 4027 Habacuc
1433 3974 1725 4046 propheta.
1751 3995 1772 4025 ι
1797 3962 2126 4046 Ubicunque

624 4048 915 4134 prophetis
936 4077 1079 4115 onus
1133 4062 1381 4132 ponitur,
1435 4064 1653 4133 pondus
1684 4054 2039 4118 miseriarum
2069 4070 2127 4119 et

535 4132 764 4228 afﬂictio
794 4132 1141 4228 designatur.
1193 4132 1610 4205 Attendendum
1650 4159 1838 4228 autem
1867 4148 2016 4223 quod
2045 4170 2127 4208 se-

537 4226 731 4319 quitur
760 4226 961 4319 :Quod
994 4236 1131 4291 vidit
1152 4237 1411 4319 Habacuc
1442 4226 1731 4319 propheta.
1769 4228 2026 4306 Videbat,
2070 4241 2125 4295 id

537 4306 623 4405 est
648 4306 997 4408 intelligebat
1017 4342 1139 4405 quae
1152 4306 1508 4408 dicebatmon
1524 4306 1668 4381 sicut
1698 4316 1999 4408 Montanus
2019 4331 2128 4384 hae-

508 4408 511 4415 ’
538 4404 747 4488 reticus
768 4404 994 4489 insanit,
1029 4404 1217 4469 dicens
1249 4404 1538 4486 ignorasse
1570 4406 1871 4488 prephetas
1896 4414 2021 4489 quae
2052 4419 2128 4473 lo-’

506 4498 513 4503 ’
537 4476 879 4593 quebaniur,
910 4509 968 4556 et
993 4496 1149 4557 more
1174 4492 1577 4560 insanientium
1600 4498 1821 4561 dedisse
1851 4514 1965 4575 eos,
2006 4509 2129 4564 sine

538 4592 727 4661 mente
748 4607 969 4671 sonum.
1054 4666 1059 4673 ‘
1340 4656 1349 4673 ‘
1632 4592 1647 4597 “

580 4756 585 4759 _
611 4668 977 4759 cU’squequo,
1015 4668 1272 4747 Domine,
1305 4668 1579 4749 clamabo,
1606 4689 1663 4737 et
1684 4700 1797 4740 non
1823 4687 2130 4740 exaudies?

536 4754 882 4851 voc‘iferaboi‘
909 4766 979 4824 ad
1010 4766 1064 4823 te
1106 4770 1215 4824 vim
1268 4765 1505 4842 patiens,
1537 4777 1593 4825 et
1620 4789 1729 4827 non
1777 4774 2060 4829 salvabis?
2102 4796 2127 4828 »

534 4846 835 4943 Loquitur
846 4859 1121 4943 propheta
1141 4861 1341 4931 plenus
1369 4861 1643 4925 dolore,et
1657 4852 1923 4919 causatur
1938 4860 2131 4919 contra

500 5018 511 5023 _
538 4942 862 5025 Dominum,
886 4942 985 5025 cur
1013 4950 1286 5019 templum
1315 4944 1419 5003 sibi
1446 4957 1828 5005 consecratum
1854 4961 1910 5007 et
1936 4946 2132 5009 civita-

536 5020 652 5113 tem
689 5026 1061 5113 Hierusalem,
1102 5040 1225 5107 quae
1255 5030 1537 5109 quondam
1586 5038 1904 5112 Specialiter
1942 5040 2135 5098 civitas

498 5118 503 5123 1
665 5100 1070 5197 appellabatur,
1105 5100 1139 5179 εί
1161 5100 1439 5182 Chaldaeis
1460 5100 1779 5199 permiserit
1796 5131 2139 5195 destrui,cur

539 5214 1009 5303 etiam‘populum
1044 5214 1116 5303 ad
1165 5232 1225 5268 se
1254 5214 1591 5270 clamantem
1622 5235 1733 5272 non
1764 5204 2044 5284 exaudiat,
2080 5225 2135 5273 et

538 5292 932 5366 vociferantem
961 5292 1190 5381 propter
1219 5304 1327 5358 vim
1359 5296 1603 5361 hostium
1630 5324 1740 5362 non
1768 5308 1962 5365 salvet.

614 5408 641 5444 (ί
681 5388 866 5456 Quare
895 5380 1189 5465 ostendisti
1218 5386 1353 5448 mihi
1380 5394 1737 5467 iniquitatem
1766 5402 1824 5451 et
1849 5392 2125 5463 laborem,

537 5466 727 5563 videre
769 5479 1011 5563 praedam
1070 5490 1125 5537 et
1171 5476 1506 5553 injustitiam
1549 5492 1744 5539 contra
1794 5486 1924 5539 me?
1952 5509 1973 5535 ν
2020 5486 2135 5540 Cur

543 5556 774 5638 (inquit)
792 5556 919 5635 vixi,
955 5569 1013 5624 et
1055 5568 1127 5625 ad
1165 5568 1272 5625 hoc
1300 5562 1523 5643 tempus
1553 5566 1855 5643 perductus
1882 5574 2028 5639 sum,
2069 5568 2136 5628 ut

2192 2732 2551 2802 iniquitatem
2580 2732 2798 2785 videam
2828 2738 2885 2785 et
2908 2729 3179 2797 laborem,
3206 2731 3263 2785 id
3293 2734 3380 2785 est
3404 2730 3788 2795 afflictionem,

2200 2838 2367 2893 quam
2399 2820 2469 2873 ab
2498 2819 2751 2873 hostibus
2781 2821 3064 2874 sustineo”?
3096 2817 3217 2874 Hoc
3267 2819 3489 2874 dieebat
3518 2819 3795 2889 propheta

2206 2927 2319 2983 prae
2351 2911 2615 2979 angustia
2652 2909 2857 2981 mentis
2913 2908 3190 2973 turbatus,
3226 2914 3282 2962 et
3327 2909 3489 2979 quasi
3530 2907 3796 2961 dubitans

2204 2998 2343 3052 nihil
2376 2996 2497 3051 ﬁeri
2527 2997 2650 3051 sine
2678 2994 2778 3051 Dei
2804 2997 3172 3067 providentia,
3193 2997 3367 3050 veluti
3377 2983 3645 3067 ignorans
3662 3006 3793 3048 san-

2196 3093 2315 3142 ctos
2356 3084 2810 3139 tribulationibus
2852 3084 3079 3156 probari
3109 3090 3165 3139 et
3188 3086 3473 3156 proﬁcere,
3509 3084 3657 3137 sicut
3700 3098 3798 3136 au-

2197 3192 2323 3230 rum
2354 3175 2412 3229 in
2444 3172 2572 3245 igne
2602 3170 2823 3246 proficit
2868 3174 2937 3227 ad
2977 3175 3313 3229 claritatem.
3346 3162 3453 3228 Sed
3480 3178 3538 3226 et
3566 3173 3671 3226 hoc
3695 3187 3796 3242 po-

2199 3258 2311 3319 test
2328 3262 2453 3325 dici,
2491 3264 2623 3340 quia
2654 3268 2764 3317 non
2793 3281 2858 3318 ex
2888 3280 3130 3335 persona
3158 3280 3280 3327 sua,
3314 3263 3411 3340 sed
3447 3278 3510 3316 ex
3541 3254 3801 3332 inipe'rte

2199 3359 2415 3407 ctorum
2444 3338 2582 3431 talia
2601 3352 2875 3422 prepheta
2903 3351 3073 3413 dicat,
3108 3351 3203 3429 qui
3228 3338 3554 3421 ignorantes
3578 3349 3800 3403 occulta

2202 3436 2302 3496 Dei
2326 3438 2555 3511 judicia,
2595 3454 2722 3495 cum
2744 3440 2987 3495 viderint
3017 3441 3193 3494 ma‘los
3236 3441 3444 3500 extolli,
3483 3439 3658 3493 bonos
3678 3444 3802 3509 pre.

2203 3529 2300 3592 mi,
2331 3520 2540 3583 audent
2571 3529 2795 3583 causa‘ri
2831 3534 3027 3583 contra
3054 3528 3483 3599 Dominum,qui
3505 3529 3613 3582 scit
3641 3525 3797 3597 quid,

2205 3621 2310 3681 cui,
2345 3619 2430 3671 vel
2461 3619 2685 3691 quando
2718 3619 3033 3673 conveniat.
3058 3618 3193 3672 Tale
3239 3603 3372 3688 quid
3413 3620 3469 3670 et
3505 3615 3803 3670 Psalmista

2206 3700 2477 3778 deplorat,
2511 3708 2700 3761 dieens
2732 3726 2743 3761 :
2781 3707 2918 3761 Ecce
2940 3707 3048 3778 ipsi
3075 3711 3397 3777 peccatores
3428 3709 3484 3759 et
3514 3704 3804 3759 abundan-

2206 3803 2292 3867 tes
2313 3796 2370 3850 in
2400 3796 2621 3861 seculo,
2651 3796 2754 3850 etc.
2789 3795 2892 3849 Job
2924 3800 3147 3866 quoque
3177 3795 3522 3849 enumeratis
3571 3786 3805 3847 felicita-

2207 3880 2377 3946 tibus,
2413 3886 2616 3956 quibus
2646 3884 2868 3955 reprobi
2900 3885 3185 3955 stipantur
3211 3885 3269 3938 in
3299 3884 3531 3948 mundo,
3565 3884 3646 3936 ita
3669 3892 3804 3935 cen-

2207 3965 2375 4028 clusit
2407 3988 2418 4022 :
2444 3964 2669 4028 Ducunt
2696 3973 2755 4026 in
2782 3968 2941 4027 bonis
2970 3972 3088 4027 dies
3121 3988 3271 4037 suos,
3312 3975 3369 4026 et
3396 3972 3454 4026 in
3486 3976 3696 4042 puncto
3734 3971 3803 4023 ad

2207 4061 2427 4117 inferna
2456 4058 2830 4116 descendunt.
2870 4080 2896 4113 «
2933 4062 2999 4115 Et
3052 4049 3262 4115 factum
3305 4064 3391 4114 est
3439 4061 3719 4130 judicium
3749 4064 3809 4113 et

2206 4151 2572 4207 contradictio
2601 4149 2902 4222 potentior.
2928 4150 3163 4221 Propter
3176 4150 3282 4203 hoc
3312 4150 3556 4203 lacerata
3582 4153 3671 4201 est
3691 4149 3801 4212 lex,

2209 4249 2266 4297 et
2293 4244 2403 4296 non'
2424 4241 2678 4313 pervenit
2707 4252 2884 4310 usque
2912 4232 2984 4293 ad
3024 4240 3190 4293 tinem
3216 4238 3514 4308 judicium,
3540 4238 3677 4308 quia
3707 4238 3812 4291 im-

2209 4332 2333 4403 pius
2350 4330 2613 4401 praevalet
2623 4327 2887 4383 adversus
2902 4327 3139 4399 justum,
3160 4332 3460 4399 propterea
3485 4328 3815 4397 egredietur

2205 4416 2481 4490 judicium
2499 4422 2840 4490 perversum.
2863 4437 2887 4469 »
2906 4412 3067 4470 Dolet
3093 4417 3367 4487 propheta
3392 4416 3507 4470 sive
3540 4413 3816 4487 populus.

2213 4525 2277 4562 ex
2302 4510 2462 4578 cujus
2492 4514 2729 4578 pet‘Sona
2781 4505 3047 4576 loquitur,
3084 4505 3216 4575 quia
3269 4516 3382 4559 non
3414 4505 3669 4567 veritate,
3712 4503 3815 4557 sed

2215 4596 2464 4665 potentia
2493 4597 2787 4649 adversum
2805 4608 2864 4648 se
2877 4593 3191 4664 judicatum
3215 4593 3302 4653 sit,
3331 4599 3387 4646 et
3406 4586 3547 4647 nihil
3570 4608 3635 4646 ex
3665 4593 3813 4661 lege,

2218 4687 2313 4740 Sed
2338 4702 2438 4756 per
2465 4687 2575 4737 vim
2609 4682 2800 4737 omnia
2824 4669 3212 4747 sustinuerint,
3248 4683 3397 4736 unde
3446 4683 3632 4752 ipsum
3660 4680 3819 4751 judi-

2214 4775 2362 4829 ciu'm
2390 4774 2604 4827 nullum
2628 4772 2797 4826 ﬁnem
2814 4772 3094 4825 habuerit.
3115 4771 3267 4825 Finis
3288 4772 3440 4825 enim
3477 4770 3679 4841 judiCii
3706 4775 3814 4833 est,

2207 4860 2461 4934 judicare
2494 4861 2663 4933 juste.
2695 4858 2879 4925 Quare
2922 4864 3113 4914 autem
3152 4861 3261 4914 ista
3306 4860 3529 4924 dixerit,
3565 4859 3820 4913 ostendit

2214 4951 2456 5007 subdens
2481 4969 2491 5003 :
2520 4947 2665 5015 Quia
2684 4950 2910 5020 impius,
2934 4949 2991 5003 id
3006 4952 3094 5002 est
3119 4939 3656 5011 Nabuchodonosor,
3677 4962 3820 5018 pre-

2218 5042 2367 5093 valet
2389 5040 2655 5093 adversus
2671 5040 2910 5107 justum,
2937 5038 2992 5091 id
3014 5037 3138 5090 estJ
3145 5037 3333 5091 udam.
3349 5036 3574 5090 Nechao
3603 5036 3818 5106 impius

2216 5145 2313 5183 rex
2343 5118 2587 5199 Egypti,
2626 5126 2892 5180 adverSus
2939 5129 3196 5179 sanctum
3241 5124 3477 5178 Josiam.
3520 5124 3717 5178 Daniel
3756 5134 3816 5179 et

2216 5223 2333 5271 tres
2351 5217 2507 5287 pueri
2524 5213 2803 5285 martyres
2821 5213 3075 5268 servium
3092 5214 3213 5283 regi
3249 5210 3605 5283 iniquissimo
3629 5210 3820 5267 Nabu-

2221 5302 2590 5360 chodonosor.
2627 5302 2821 5358 Potest
2845 5303 2951 5355 hoc
3002 5306 3059 5355 et
3088 5302 3159 5355 ad
3204 5296 3427 5355 Sanctos
3460 5301 3676 5363 referri,
3716 5302 3818 5371 qui

2216 5400 2530 5466 queruntur
2556 5409 2679 5448 cum
2703 5398 2899 5445 contra
2921 5406 3016 5445 eos
3044 5392 3429 5461 persecutores
3453 5390 3817 5462 praevaleant,

2216 5498 2318 5536 cur
2340 5480 2918 5550 judeximpiissimus,
2964 5481 3208 5549 acceptis
3254 5479 3604 5547 muneribus,
3645 5479 3820 5533 inno-

2220 5570 2373 5628 xium
2401 5570 2651 5635 damnet,
2680 5570 2737 5624 et
2765 5572 2925 5623 zeum
2958 5566 3229 5623 absolvat.
