4062 6168
314 258 409 315 181

1251 257 1669 313 ENARRATIO
1708 256 1787 312 IN
1829 259 2167 315 HABAGUC
2205 253 2663 316 PROPHETAM.

3490 260 3595 322 iﬁ‘l

385 402 412 435 ι
443 382 693 454 Aspicite
716 381 779 434 in
796 380 1078 453 gentibus,
1122 385 1180 435 et
1207 380 1408 446 videte,
1439 386 1497 435 et
1525 382 1592 435 ad
1604 356 1905 446 miramini,
1928 385 1978 442 A
1994 383 2137 437 tabit
2156 400 2419 454 aggerem
2441 401 2507 438 ex
2532 381 2812 454 lapidibus
2829 384 2883 435 et
2905 385 3079 447 terra,
3102 383 3287 455 arplet
3304 394 3449 449 eam,
3472 386 3599 441 sub-

314 480 369 529 et
396 470 797 542 obstupescite,
825 470 959 541 quia
990 487 1130 540 opus
1168 469 1377 524 factum
1411 476 1495 524 est
1522 470 1577 524 in
1601 471 1794 524 diebus
1822 488 1913 524 ve-

312 562 459 629 stris,
494 561 645 631 quod
671 576 839 614 nemo
864 559 1055 613 credet
1080 576 1206 613 cum
1238 559 1614 613 cnarrabitur.
1630 580 1650 609 ι
1675 560 1789 612 Vox
1809 560 1915 613 Do-

309 651 449 706 mini
477 649 874 720 respondentis
913 652 1109 703 contra
1139 649 1264 713 hoc,
1300 648 1448 718 quod
1476 649 1751 719 propheta
1779 666 1914 703 cau-

309 746 465 794 satus
490 739 680 793 fuerat
709 737 1067 793 innocentem
1108 737 1374 807 populum
1418 735 1489 790 ab
1528 737 1716 808 impiis
1744 754 1904 808 supe-

308 835 517 884 ratum.
554 827 713 881 Hanc
736 825 968 896 (inquit)
998 825 1375 896 iniquitatem,
1392 842 1561 897 quam
1586 820 1912 896 vos'putatis

309 917 367 972 in
391 917 515 971 solo
540 915 712 971 Israel
742 916 966 980 tactam,
994 914 1206 968 cernite
1235 913 1294 968 in
1334 913 1458 968 aliis
1482 914 1604 970 ﬁeri
1627 914 1907 984 gentibus.

309 1007 433 1062 Non
462 1006 618 1060 enim
647 1004 824 1058 Judas
866 1009 1088 1058 tantum
1148 1009 1205 1057 et
1251 1003 1603 1057 Hierusalem
1636 1003 1910 1057 Chaldmis

311 1095 504 1150 traditi
534 1101 686 1157 sunt,
718 1093 821 1146 sed
848 1108 1044 1147 omnes
1066 1109 1167 1164 per
1195 1091 1488 1145 circuitum
1524 1092 1909 1146 nationes.Di-

313 1184 386 1237 cit
433 1183 610 1237 etiam
659 1180 1178 1235 Nabuchodonosor
1223 1186 1440 1234 tantam
1491 1186 1826 1250 potestatem
1858 1186 1916 1235 et

313 1273 575 1326 virtutem
605 1271 950 1335 habiturum,
978 1277 1044 1323 ut
1070 1270 1118 1322 si
1147 1269 1271 1341 quis
1296 1269 1513 1333 dixerit,
1552 1286 1664 1340 pra:
1694 1270 1775 1322 rei
1792 1287 1912 1324 ma-

309 1361 608 1431 gnitudine
633 1357 1249 1414 videaturincredibilc.
1274 1357 1437 1422 Quod
1456 1374 1586 1411 vero
1613 1358 1749 1412 illud
1773 1375 1912 1430 opus

310 1450 398 1516 sit,
434 1449 685 1503 ostendit
706 1464 837 1501 cum
866 1447 1003 1502 dicit
1033 1464 1044 1498 :
1840 1494 1849 1503 .

378 1557 405 1589 ε
441 1538 588 1601 Quia
623 1552 749 1589 ecce
771 1553 874 1606 ego
894 1534 1176 1589 suscitabo
1195 1533 1738 1604 Chaldaeos,gentem
1752 1550 1910 1588 ama-

310 1642 430 1680 ram
486 1632 549 1679 et
597 1626 864 1688 velocem,
908 1623 1294 1677 ambulantem
1343 1638 1512 1692 super
1553 1622 1909 1677 latitudinem

309 1723 490 1778 terrae,
523 1720 589 1768 ut
620 1714 908 1784 possideat
933 1712 1296 1766 tabernacula
1324 1728 1434 1765 non
1464 1727 1586 1764 sua.

377 1821 406 1855 α
431 1801 734 1857 Horribilis
765 1808 822 1854 et
840 1800 1108 1854 terribilis
1145 1805 1265 1854 est:
1297 1820 1320 1851 ›)
1348 1799 1738 1855 Chaldaeorum
1766 1817 1906 1869 gen-

240 1906 245 1909 λ
308 1897 418 1945 tem
456 1891 633 1945 fuisse
659 1889 1137 1960 pugnacissimam
1168 1895 1226 1941 et
1254 1888 1703 1943 robustissimum
1735 1893 1907 1943 testes

307 1986 435 2034 sunt
463 1981 688 2049 Trogus
716 1984 775 2032 et
814 1978 1117 2048 Pompeius
1133 1994 1177 2043 ι,
1209 1983 1269 2031 et
1296 1977 1480 2032 caeteri
1512 1977 1605 2047 qui
1640 1976 1907 2031 barbaras

310 2068 572 2124 historias
593 2068 1072 2137 conscripserunt.
1110 2067 1161 2120 Ν
1166 2083 1228 2120 ec
1254 2072 1517 2120 contenta
1541 2067 1657 2120 suis
1680 2066 1903 2131 finibus,

303 2158 405 2213 huc
433 2158 686 2228 illucque
716 2156 1054 2221 discurrens,
1094 2154 1405 2224 vagabatur
1450 2171 1619 2225 super
1646 2155 1908 2223 altitudi-

307 2263 429 2301 nem
456 2253 648 2311 terrae,
684 2251 844 2315 rapto
877 2245 1061 2297 vivens
1090 2250 1147 2298 et
1162 2244 1369 2313 gladio,
1403 2249 1462 2297 et
1490 2244 1782 2313 possidens
1813 2248 1908 2298 ur-

308 2335 399 2389 bes
428 2351 547 2389 non
576 2351 729 2388 suas.
764 2352 791 2385 ς(
826 2334 903 2387 Ex
931 2332 1526 2403 semetipsajudicium
1556 2342 1612 2386 et
1628 2349 1770 2386 onus
1789 2334 1911 2402 ejus

309 2425 647 2496 egredietur.
684 2423 947 2477 Leviores
976 2422 1165 2491 pardis
1191 2421 1320 2491 equi
1351 2422 1491 2491 ejus,
1525 2429 1581 2475 et
1616 2422 1910 2476 velociores

307 2514 449 2585 lupis
477 2510 835 2583 vespertinis,
862 2516 917 2563 et
936 2509 1321 2563 dilfundentur
1342 2510 1559 2579 equites
1580 2510 1717 2578 ejus.
1739 2509 1909 2579 Equi-

307 2608 385 2656 tes
412 2617 667 2671 namque
692 2601 816 2669 ejus
848 2599 917 2653 de
947 2598 1116 2668 longe
1165 2598 1412 2665 venient,
1444 2597 1712 2652 volabunt
1748 2598 1907 2668 quasi

303 2691 488 2762 aquila
511 2690 787 2744 festinans
810 2687 878 2740 ad
901 2686 1546 2741 comedendum.0mnes
1568 2686 1636 2739 ad
1660 2687 1907 2756 praedam

304 2781 583 2835 venient.)
616 2779 732 2832 Hoc
750 2783 856 2833 est.
886 2792 952 2830 ex
976 2792 1078 2831 sua
1104 2782 1276 2846 genta
1308 2775 1588 2846 principes
1615 2781 1670 2829 et
1685 2775 1905 2845 judices

301 2869 624 2933 constituet,
661 2882 765 2919 nec
789 2864 1019 2920 habebit
1048 2863 1319 2918 satellites
1347 2864 1590 2917 aliarum
1618 2864 1895 2934 gentium.

298 2957 395 3011 Vel
424 2962 584 3010 certe
613 2973 677 3009 ex
706 2956 831 3025 ipsa
849 2953 1128 3024 judicium
1151 2955 1274 3024 ejus
1299 2953 1638 3024 egredietur,
1661 2960 1740 3019 ut,
1759 2953 1903 3007 sicut

298 3045 441 3113 fecit,
478 3046 564 3109 sic
594 3044 848 3115 recipiat,
896 3050 954 3097 et
995 3043 1140 3096 sicut
1188 3042 1425 3121 vastavit
1473 3041 1632 3106 alios,
1662 3042 1743 3096 sic
1779 3042 1903 3113 ipsa

299 3142 569 3189 vastetur.
622 3133 901 3198 Leviores,
949 3131 1006 3185 id
1061 3137 1146 3185 est
1198 3131 1499 3185 velociores
1544 3131 1734 3201 pardis
1773 3132 1902 3203 equi

297 3225 432 3295 ejus,
467 3222 627 3294 quod
659 3228 744 3276 est
774 3221 983 3275 animal
1008 3220 1440 3285 velocissimum,
1466 3225 1522 3273 et
1551 3220 1786 3290 pulchra
1814 3238 1902 3274 va-

290 3314 503 3369 rietate
534 3304 1078 3380 distinctumLupis
1109 3325 1330 3379 quoque
1360 3308 1898 3379 vespertiniseorum

296 3418 460 3473 equos
498 3406 809 3472 comparat,
845 3399 977 3470 quia
1005 3397 1551 3451 smviores’dicuntur
1580 3403 1741 3450 nocte
1780 3415 1900 3453 esse

296 3492 495 3555 vicina,
528 3491 741 3545 diurna
761 3489 909 3541 fame
938 3487 997 3540 in
1028 3486 1238 3540 rabiem
1270 3485 1901 3555 concitati.Comparan-

297 3584 384 3635 tur
407 3595 640 3650 quoque
664 3577 888 3648 aquilae,
922 3592 1042 3646 quae
1070 3574 1416 3628 velocissime
1447 3573 1672 3627 festinat
1698 3574 1769 3627 ad
1798 3574 1896 3628 de-

295 3668 631 3723 vorandum.
655 3665 923 3736 Sequitur
951 3678 963 3712 :
997 3681 1025 3716 s
1047 3663 1238 3717 Facies
1267 3679 1459 3716 eorum
1483 3671 1683 3716 ventus
1705 3679 1891 3730 urens,

297 3762 350 3813 et
374 3754 749 3828 congregabit
788 3754 947 3825 quasi
996 3768 1223 3806 arenam
1257 3750 1655 3822 captivitatem,
1690 3758 1747 3805 et
1775 3751 1896 3823 ipse

296 3846 358 3901 de
411 3845 650 3916 regibus
695 3840 1084 3912 triumphabit,
1136 3846 1192 3893 et
1234 3839 1462 3910 tyranni
1503 3840 1725 3893 ridiculi
1773 3842 1895 3910 ejus

297 3941 474 3991 erunt.
528 3935 660 4004 Ipse
708 3948 879 4002 super
917 3946 1141 3984 omnem
1176 3924 1543 3983 munitionem
1575 3928 1797 3995 ridebit,
1838 3935 1896 3983 et

295 4020 673 4094 comportabit
709 4036 995 4091 aggerem,
1038 4025 1095 4071 et
1123 4017 1306 4088 capiet
1335 4034 1484 4075 eam.
1524 4018 1679 4072 Tunc
1705 4022 1893 4071 muta-

296 4110 439 4166 bitur
480 4110 749 4183 spiritus,
797 4115 851 4162 et
892 4107 1276 4179 pertransibit,
1310 4112 1366 4160 et
1403 4113 1643 4160 corruet.
1679 4124 1706 4159 ι»
1740 4106 1891 4170 Quo-

296 4201 451 4255 modo
479 4201 556 4255 ad
589 4200 786 4254 ﬂatum
806 4197 1020 4253 urentis
1049 4196 1197 4250 venti
1217 4203 1419 4251 cuncta
1433 4203 1784 4250 marcescunt
1812 4196 1892 4270 vis

296 4290 493 4357 rentia,
514 4291 604 4342 ita
634 4288 704 4341 ad
735 4292 1021 4357 aspectum
1046 4285 1270 4338 illorum
1296 4284 1484 4337 omnia
1499 4283 1886 4349 vastabuntur,

1997 471 2157 526 audis
2175 472 2564 525 munitionem.
2595 491 2619 521 «
2647 472 2805 524 Tunc
2825 470 3136 527 mutabitur
3164 471 3598 542 spiritus,»,sub-
3662 514 3667 517 -

1996 560 2157 614 audis
2183 563 2321 630 ejus.
2358 562 2464 617 hoc
2494 566 2581 614 est
2607 561 2665 613 in
2697 559 3018 629 superbiam
3060 561 3327 629 erigetur,
3363 563 3598 617 credens

1995 664 2056 702 se
2081 666 2203 703 esse
2233 649 2439 705 Deum.
2476 650 2633 704 Unde
2661 656 2719 702 et
2737 654 2983 705 statuam
3007 663 3235 703 auream
3258 650 3438 707 erexit
3465 651 3596 717 sibi,

1997 753 2233 808 eamque
2257 755 2451 793 omnes
2470 746 2668 808 gentes
2690 738 2927 792 adorare
2946 738 3224 809 praecepit.
3244 740 3317 794 Et
3332 749 3459 795 cum
3492 741 3599 796 hoc

1994 825 2213 891 fecerit,
2242 827 2624 897 pertransibit,
2648 826 2706 881 id
2736 834 2819 881 est
2844 842 3071 881 sensum
3097 828 3409 885 humanum
3434 828 3598 885 amit-

1992 919 2096 979 tet,
2121 922 2179 969 et
2208 915 2465 984 ejiciatur
2488 915 2558 968 ab
2590 914 2928 980 hominibus,
2961 921 3164 986 etpost
3201 917 3320 973 hinc
3348 924 3591 983 corruet,

1993 1002 2047 1057 id
2082 1011 2169 1057 est
2214 1021 2335 1058 esse
2372 1004 2611 1059 desinet.
2659 1023 2681 1055 ι
2728 1004 2858 1059 Haec
2903 1010 2989 1058 est
3034 1004 3305 1063 fortitudo
3343 1007 3468 1076 ejus
3504 1007 3597 1063 dei

1995 1092 2103 1145 sui,
2143 1113 2162 1141 ι
2192 1093 2310 1146 Hoc
2331 1109 2430 1162 per
2448 1091 2691 1147 ironiam
2721 1092 3033 1162 legendum,
3052 1100 3160 1160 est,
3184 1099 3248 1149 ut
3274 1094 3351 1150 sit
3371 1106 3590 1152 sensu.

1996 1180 2128 1235 Haec
2152 1186 2237 1236 est
2268 1181 2540 1235 fortitudo
2557 1197 2725 1250 quam
2741 1180 2897 1235 dedit
2915 1180 2965 1234 ei
2990 1182 3086 1236 Bel
3106 1182 3245 1237 deus
3273 1193 3430 1241 suus:
3444 1183 3595 1243 Talis

1996 1268 2144 1321 enim
2169 1268 2277 1322 fuit
2296 1269 2418 1337 ejus
2439 1269 2729 1331 fortitudo,
2759 1269 2941 1339 qualis
2970 1279 3028 1323 et
3046 1270 3291 1329 Belisdei
3315 1272 3422 1327 sui;
3452 1273 3594 1328 Tro-

1995 1358 2266 1428 pologice,
2290 1358 2533 1413 Chaldaei
2560 1358 2964 1429 (quidammm
2992 1359 3457 1430 interpretantur)
3476 1378 3595 1417 ma-

1993 1446 2078 1500 los
2099 1446 2395 1517 designant
2426 1448 2585 1512 alios,
2632 1464 2735 1518 per.
2754 1463 2894 1518 quos
2923 1447 3226 1504 vindictam
3248 1450 3411 1505 Deus.
3429 1454 3592 1504 eter-

1992 1540 2098 1588 cet.
2136 1534 2400 1589 Immittit
2429 1536 2580 1593 enim
2614 1537 2763 1593 Deus
2793 1535 3329 1606 indignationemet
3354 1538 3498 1594 iram
3538 1543 3596 1594 ﬁt

1993 1623 2412 1679 tribulationem
2452 1640 2554 1695 per
2594 1625 2825 1695 angelos
2870 1626 3067 1681 malos.
3117 1627 3229 1697 Ipsi
3276 1632 3410 1683 sunt
3449 1633 3590 1698 gens

1921 1722 1967 1791 Β
1992 1727 2207 1773 amara.
2242 1712 2373 1783 quia
2393 1713 2533 1771 nulli
2567 1720 2819 1783 parcunt,
2847 1714 3017 1771 Velox
3036 1714 3351 1784 spiritualis
3372 1721 3593 1772 mture

1990 1798 2320 1865 subtilitate,
2349 1795 2646 1859 ambultfhs
2680 1817 2853 1872 super
2879 1801 3235 1857 latitudinem
3266 1805 3592 1868 terrmhti:

1990 1894 2077 1941 est
2097 1905 2195 1958 per
2221 1890 2494 1959 spatiosas
2511 1890 2699 1944 saeculi
2728 1890 2861 1944 vias.
2890 1890 2972 1943 Ex
2988 1894 3289 1960 semetipso
3306 1892 3582 1961 judicium

1991 1978 2110 2046 ejus
2140 1977 2479 2047 egredietur,
2507 1978 2641 2049 quia
2659 1978 2728 2033 ad
2759 1995 2980 2049 poenam
2999 1980 3308 2035 secundum
3324 1997 3431 2036 sua
3442 1981 3594 2038 fuam

1989 2066 2268 2133 tradetur,
2301 2072 2357 2120 et
2383 2067 2536 2125 illius
2558 2068 2821 2137 potestati
2846 2068 3593 2141 permittunmrimpii,sieut

1992 2154 2245 2209 Philetas
2288 2160 2345 2208 et
2395 2156 2796 2225 Hermogenes,
2829 2169 2969 2226 quos
3016 2158 3319 2228 Apostolus
3357 2159 3593 2231 tradidit

1995 2243 2235 2309 Satanae,
2269 2249 2331 2298 ut
2359 2244 2640 2298 discerent
2667 2261 2782 2315 non
2808 2244 3218 2316 blasphemare.
3239 2268 3279 2301 ,ι
3319 2249 3592 2320 Nunquid

1993 2348 2103 2393 non
2137 2339 2197 2386 tu
2225 2349 2260 2386 a
2289 2332 2583 2404 principio,
2603 2333 2842 2391 Domine
2858 2335 3586 2403 Deusmeusgsancteméus,

1993 2426 2051 2475 et
2076 2437 2190 2474 non
2221 2421 2568 2477 moriemur?
2596 2441 2621 2471 »
2656 2423 3295 2495 Intelligenspropheta.
3314 2442 3379 2481 ex
3408 2427 3589 2487 verbis

1991 2510 2383 2580 respondentis
2396 2510 2640 2575 Domini,
2649 2510 2852 2567 ideirco
2865 2512 3385 2583 Nabuchodonosor
3392 2520 3589 2570 contra

1989 2598 2304 2662 Judam,vel
2319 2598 2604 2656 diabolum
2622 2607 2818 2653 contra
2834 2601 3019 2669 justas
3039 2602 3318 2673 accepisse
3337 2606 3588 2673 potestdi-

1989 2693 2101 2741 tem
2120 2688 2275 2757 justo
2288 2688 2502 2757 judicio
2522 2707 2533 2741 :
2561 2689 2710 2759 quod
2730 2705 2860 2743 vero
2881 2688 3122 2747 vivimus
3140 2697 3201 2745 et
3218 2690 3288 2745 ab
3312 2707 3383 2745 eo
3404 2692 3586 2747 intert-

1987 2775 2115 2830 fecti
2143 2793 2254 2830 non
2283 2793 2499 2841 sumus,
2533 2784 2643 2830 tuae
2675 2777 2985 2833 clementiae
3026 2785 3130 2832 est,
3166 2797 3192 2828 α
3225 2779 3483 2844 Domine,
3523 2780 3585 2835 in

1981 2865 2256 2935 judicium
2287 2864 2520 2936 posuisti
2550 2882 2677 2919 eum
2698 2884 2729 2918 ι
2756 2866 2813 2925 id
2836 2872 2924 2921 est
2947 2865 3482 2934 Nabuchodonosor;
3524 2874 3583 2924 et

1984 2970 2091 3024 per
2115 2954 2234 3024 ejus
2268 2954 2573 3025 potentiam
2618 2954 2769 3023 juste
2792 2954 3032 3025 iudices,
3078 2960 3147 3010 et
3183 2957 3435 3028 corrigas
3456 2961 3586 3029 ρέὸρ

1984 3048 2191 3096 cantes.
2230 3043 2346 3096 Hoc
2371 3054 2457 3096 est
2475 3043 2621 3096 enim
2654 3043 2803 3113 quod
2834 3044 3108 3115 sequitur,
3130 3062 3159 3098 ε
3187 3050 3247 3099 et
3271 3046 3496 3115 fortem;
3515 3050 3581 3103 dt

1985 3132 2315 3203 corriperes,
2347 3131 2593 3186 fundasti
2611 3149 2738 3187 eum
2770 3153 2791 3181 ι
2834 3132 2891 3186 id
2922 3139 3007 3186 est
3036 3133 3107 3187 ad
3136 3133 3241 3187 hoc
3269 3139 3487 3190 tantam
3524 3143 3583 3191 et

1982 3226 2100 3274 tam
2130 3221 2368 3275 solidam
2394 3221 2447 3275 ei
2465 3221 2668 3277 dedisti
2692 3221 3292 3294 fortitudinemmtper
3305 3232 3433 3295 eum
3454 3241 3581 3280 cor-

1981 3310 2196 3381 riperes
2225 3310 2635 3383 delinquentes.
2671 3312 2798 3373 Haec
2829 3316 3040 3375 autumi
3067 3313 3291 3382 (ΝΛΜ
3328 3313 3579 3370 litteram

1982 3398 2051 3453 de
2078 3399 2351 3453 Chaldmis
2383 3406 2438 3453 et
2460 3416 2592 3470 rege
2619 3417 2814 3455 eorum
2837 3400 3123 3468 dicuntur,
3144 3406 3381 3473 ponunt
3403 3404 3575 3459 etiam

1980 3487 2051 3553 ad
2080 3488 2364 3551 diabolum
2395 3488 2612 3557 referri,
2637 3506 2802 3559 quem
2823 3489 2970 3544 Deus
2990 3490 3047 3545 in
3059 3490 3277 3559 judicio
3292 3492 3499 3560 posuit,
3521 3496 3580 3547 et

1979 3577 2141 3646 quasi
2196 3577 2512 3631 carniﬁcem
2556 3577 2946 3644 fortissimum,
2991 3584 3054 3639 ut
3080 3594 3202 3647 .per
3229 3588 3358 3633 eum
3390 3580 3575 3635 male:

1977 3665 2265 3739 suppliciis
2294 3665 2523 3729 afﬁciet,
2550 3664 2727 3719 bonos
2758 3671 2947 3725 autem
2977 3666 3485 3737 afﬂictosprobeh

2053 3772 2077 3803 α
2112 3753 2309 3808 Mundi
2340 3760 2474 3808 sunt
2501 3753 2648 3813 oculi
2672 3752 2776 3817 tui,
2812 3771 2882 3819 ne
2907 3754 3092 3811 videas
3121 3756 3351 3821 malum,
3387 3762 3448 3811 et
3480 3773 3568 3812 res

1977 3842 2194 3915 spicere
2222 3843 2292 3896 ad
2320 3842 2673 3913 iniquitatem
2696 3858 2809 3896 non
2843 3843 3069 3913 poteris.
3115 3864 3143 3895 ››
3172 3845 3570 3917 Suid.(int1nit)i

1977 3930 2389 4001 Domine,quod
2412 3930 2625 3999 malum
2646 3936 2703 3987 et
2722 3931 3005 3999 injustum,
3026 3946 3144 3985 non
3155 3932 3399 3991 libenter.
3419 3933 3571 4003 aspis

1977 4018 2111 4085 eias,
2138 4034 2239 4071 nec
2260 4024 2446 4089 potest
2471 4018 2767 4088 quisquam
2799 4017 3063 4072 dubitare
3088 4018 3161 4075 de
3180 4020 3409 4091 justitia
3448 4026 3569 4079 tum

1976 4106 2379 4173 Verumtamen
2390 4123 2490 4161 cur
2502 4106 2781 4177 permittis
2804 4105 3138 4176 Babylonios
3148 4112 3571 4179 tantoageremt

1975 4196 2046 4250 ab
2074 4195 2248 4266 impio
2290 4195 2805 4259 Nabuchodonosor
2840 4196 3054 4264 justum
3095 4196 3337 4267 opprimi
3367 4196 3569 4273 Israel;

2049 4303 2073 4337 ci
2108 4284 2292 4351 Quare
2309 4300 2417 4351 non
2441 4283 2668 4353 respicis
2686 4300 2857 4357 super
2873 4284 3067 4355 inique
3088 4292 3402 4354 agentes,“
3415 4293 3570 4345 tam

295 4380 601 4448 tantusque
630 4372 738 4429 erit
784 4390 1053 4428 numerus
1102 4373 1297 4443 prmdte
1335 4378 1393 4426 et
1419 4372 1789 4442 captivorum,
1828 4366 1953 4428 utD
1973 4372 2276 4439 devorante
2305 4373 2478 4444 impio
2494 4371 2790 4443 justiorem
2822 4373 2925 4433 se?
2949 4392 2973 4423 ι
3004 4374 3229 4431 Justum
3258 4383 3453 4433 autem
3480 4377 3570 4433 die

297 4481 470 4521 arenae
502 4466 682 4519 maris
712 4463 890 4535 possit
909 4461 1137 4532 aequari,
1170 4461 1317 4531 quod
1348 4466 1535 4514 tamen
1565 4476 1664 4532 per
1692 4461 1892 4532 hyper-

296 4553 451 4610 bolen
472 4552 874 4625 accipiendum
897 4548 1132 4621 est.Ipse
1164 4550 1467 4620 quoque,id
1494 4557 1578 4603 est
1599 4546 1888 4605 Nabucho-

295 4643 631 4707 donosor,de
653 4639 879 4710 regibus
901 4639 1166 4693 subaudis
1179 4640 1414 4693 aliarum
1430 4639 1681 4708 gentium
1696 4639 1894 4709 trium:

294 4732 499 4803 phabit.
561 4751 586 4783 ι
639 4728 709 4784 Et
754 4728 983 4800 tyranni
1031 4728 1251 4781 ridiculi
1283 4730 1404 4797 ejus
1450 4734 1636 4793 erunt,
1681 4746 1706 4780 ι)
1751 4745 1890 4800 quos

295 4822 650 4892 triumphans
698 4824 832 4872 ante
872 4833 1037 4871 suum
1085 4834 1310 4870 currum
1358 4817 1671 4887 praecedere
1700 4817 1887 4889 faciet,

294 4916 575 4982 tantaeque
604 4908 713 4962 erit
742 4906 1037 4978 superbiae,
1070 4912 1134 4959 ut
1166 4911 1424 4958 naturam
1457 4921 1724 4975 superare
1753 4923 1887 4961 con-

295 5000 509 5057 tendat.
573 4997 826 5067 Denique
874 4994 1407 5057 Nabuchodonosor,
1458 4994 1645 5049 volens
1690 5012 1889 5067 capere

295 5084 497 5156 Tyrum
531 5085 819 5139 civitatem
863 5083 922 5135 in
970 5082 1142 5135 maris
1192 5081 1375 5135 medio
1419 5081 1604 5145 sitam,
1627 5084 1793 5153 jactis
1831 5084 1891 5138 in

298 5191 446 5227 mare
474 5172 771 5227 immensis
801 5171 1060 5236 molibus,
1086 5176 1302 5223 tantum
1332 5178 1698 5247 comportant
1727 5189 1894 5242 agge-

299 5272 501 5327 rem,ut
516 5261 856 5333 peneipsum
878 5276 1031 5313 mare
1052 5260 1292 5313 insulam
1312 5259 1536 5323 faceret,
1560 5267 1624 5313 ut
1641 5261 1699 5314 in
1729 5261 1891 5331 aquis

299 5352 553 5422 pedestre
586 5350 693 5403 iter
718 5348 999 5403 statuerit.
1038 5347 1267 5403 Ridebit
1311 5348 1442 5418 (ait)
1469 5365 1638 5419 super
1666 5367 1895 5405 omnem

300 5440 687 5505 munitionem,
718 5437 879 5509 quasi
895 5436 1158 5491 facillime
1182 5436 1306 5507 capi
1332 5437 1528 5508 possit,
1559 5450 1616 5491 et
1642 5455 1892 5515 compor-

370 5539 392 5570 ι
412 5528 491 5593 Ex
520 5542 638 5582 uno
662 5533 720 5583 et
746 5524 946 5581 eodem
973 5526 1115 5581 duos
1136 5524 1355 5581 inducit
1381 5525 1700 5597 scriptores.

1974 4462 2152 4535 cimus
2173 4462 2368 4526 Israel,
2397 4477 2505 4516 non
2536 4462 2683 4532 quod
2705 4462 2950 4532 perfecte
2962 4464 3157 4532 justas
3177 4464 3276 4527 sit;
3293 4465 3565 4535 πάλιωὰ

1974 4538 2033 4605 in
2055 4551 2473 4623 comparatione
2498 4550 2868 4623 opprimentis
2894 4550 3055 4621 impii
3074 4553 3262 4621 justus
3290 4553 3567 4613 videatur;

2050 4656 2076 4690 α
2100 4640 2170 4692 Et
2198 4639 2368 4693 facies
2404 4638 2651 4693 hominis
2673 4639 2831 4710 quasi
2858 4639 3042 4710 pisces
3082 4640 3285 4704 maris,
3317 4645 3377 4701 et
3409 4639 3572 4715 quasi

1972 4729 2172 4801 reptile
2200 4745 2311 4783 non
2346 4728 2557 4793 habens
2578 4728 2945 4801 principem.»
2967 4728 3369 4798 Sicutﬁiaquit)
3389 4728 3569 4799 pisces

1974 4817 2147 4885 maris
2179 4824 2237 4871 et
2263 4816 2671 4885 irrationabilia
2687 4818 2949 4886 jumenta
2969 4822 3030 4879 et
3046 4816 3271 4886 reptilia
3280 4817 3402 4873 sine
3424 4816 3573 4888 prini-

1973 4906 2276 4979 cipelsunt,
2308 4912 2365 4959 et
2394 4904 2705 4975 infirmiora
2734 4904 3076 4969 devorantur
3102 4920 3138 4959 δ
3160 4892 3572 4973 fortioribust

1973 4995 2067 5066 qui
2094 4996 2189 5065 jus
2222 4992 2393 5059 habet
2421 4988 2644 5058 virium,
2677 4993 3004 5049 dominatur
3031 4994 3093 5048 in
3110 4994 3575 5061 ~alterutrusic.iu“

1975 5091 2062 5138 ter
2090 5084 2343 5138 homines
2367 5082 2509 5136 nihil
2526 5082 2683 5153 valet
2706 5082 2985 5149 ratio,,sed
3004 5084 3351 5150 fortitudine,
3370 5084 3573 5143 cuncta

1974 5174 2121 5227 fiunt
2172 5172 2246 5226 Et
2276 5188 2401 5226 cum
2434 5178 2532 5226 tua
2557 5171 2906 5242 providentia
2935 5173 3438 5242 reganturomnia,
3457 5188 3574 5231 non

1975 5278 2207 5333 possum
2246 5261 2407 5327 scire,
2433 5277 2535 5314 cur
2579 5260 2786 5332 impius
2838 5262 3574 5331 vincathjustuaviaoamra

1975 5350 2097 5405 Hoc
2123 5358 2311 5405 autem
2338 5349 2493 5412 dicit.
2528 5367 2640 5419 non
2670 5351 2823 5421 quod
2849 5351 2931 5417 sic
2971 5350 3204 5418 sentiat,
3241 5351 3341 5406 sed
3366 5352 3575 5409 hama-

1974 5454 2060 5494 nae
2088 5437 2456 5512 impatientia
2480 5438 2713 5509 suscipit
2740 5438 3005 5497 formam.
