4090 6164
447 253 550 312 483

891 256 1270 312 HAYMONIS
1316 253 1805 310 HALBE‘RSTA’I‘.
1845 255 2066 311 EPISC.
2097 255 2256 312 OPP.
2284 257 2468 313 PARS
2497 257 2542 312 Ι.
2577 286 2641 297 -
2673 248 3051 310 COMMENT.
3091 245 3278 304 BIBL.

3615 243 3716 301 184

523 399 550 434 α
580 383 782 438 Lotum
805 383 862 438 in
884 384 1054 438 hamo
1073 381 1730 446 sublevabit,traxitillud
1752 381 1810 434 in
1832 387 2104 451 sagenaA
2123 382 2386 436 cordibus
2432 381 2656 436 nostris.
2690 397 2718 432 δ)
2754 376 2819 432 Et
2861 377 2967 430 hoc
2995 375 3143 430 ideo.
3187 371 3321 442 quia
3367 372 3552 426 adhuc
3580 371 3720 426 visio

450 488 573 537 sua,
601 477 660 527 et
679 473 1038 543 congregavit
1061 472 1116 525 in
1149 478 1268 525 rete
1284 487 1469 524 suum.
1498 471 1680 540 Super
1699 471 1806 523 hoc
1836 471 2046 523 lactabi-

451 567 548 616 tur
575 567 632 616 et
659 562 978 624 exsultabit,
1010 567 1306 632 propterea
1326 558 1640 612 immolabit
1659 576 1880 628 sagena:
1909 576 2043 623 sure,

2127 473 2320 540 procul
2351 470 2519 528 est.in
2545 476 2796 538 tempore
2809 465 3133 524 constituto,
3151 468 3207 515 et
3227 477 3352 515 cum
3383 461 3510 513 ﬁnis
3533 477 3720 514 rerum

2130 561 2438 620 advenerit,
2473 558 2804 630 probabitur
2829 571 2962 608 vera
3012 553 3185 607 fuisse
3236 550 3391 604 visio.
3427 551 3723 604 Manifeste

455 655 512 704 et
541 651 880 705 sacriﬁcabit
908 651 1013 705 reti
1053 667 1172 712 suo,
1200 649 1334 719 quia
1363 649 1419 701 in
1452 647 1587 719 ipsis
1634 648 1944 702 incrassata
1964 655 2050 702 est
2131 653 2320 702 autem
2369 647 2663 720 prophetia
2699 647 2816 699 haec
2857 643 2926 697 de
2971 641 3212 695 adventu
3259 639 3468 694 Christi
3518 646 3621 696 est,
3669 645 3728 692 et

450 754 587 810 pars
597 741 740 810 ejus.
773 759 794 790 ι
825 740 969 804 Quia
987 739 1226 792 dixerat:
1243 739 1422 792 Erunt
1444 737 1700 791 homines
1713 737 1857 790 sicut
1870 737 2051 808 pisces

456 829 651 892 maris,
685 835 871 883 servat
901 828 1288 898 metaphoram
1333 827 1569 896 piscium
1643 827 1799 881 Sicut
1823 827 2048 897 (inquit)

458 917 703 987 piscator
742 917 916 971 mittit
963 917 1212 979 hamum,
1247 920 1366 969 rete
1406 922 1463 969 et
1491 932 1778 985 sagenam,
1812 924 1874 969 ut
1903 915 2052 986 quod

443 1005 628 1060 hamo
656 1022 856 1076 capere
875 1021 989 1059 non
1013 1004 1388 1075 potuerit,reti
1409 1005 1880 1075 comprehendat:
1905 1004 2054 1075 quod

443 1099 651 1148 autem
675 1100 795 1148 rete
823 1094 1312 1164 evaserit,sagenis
1329 1093 1623 1147 latioribus
1641 1093 2050 1159 circumdetur;

456 1183 542 1238 ita
561 1199 663 1236 rex
707 1181 1014 1254 Babylonis
1044 1199 1168 1236 cum
1196 1188 1394 1236 cuncta
1425 1183 1744 1246 vastaverit,
1779 1189 1835 1236 et
1862 1199 2056 1237 omnes

457 1275 657 1340 gentes
677 1267 830 1322 bello
857 1275 916 1323 et
951 1269 1113 1339 quasi
1142 1268 1287 1322 dolis
1316 1269 1546 1338 ceperit,
1573 1268 1843 1339 gaudebit
1881 1275 1936 1322 et
1971 1285 2060 1322 sa-

462 1356 740 1412 crificabit
766 1373 988 1427 sagenaa
1032 1373 1146 1412 sua:
1191 1363 1249 1411 et
1295 1357 1400 1412 reti
1451 1374 1572 1420 suo,
1623 1359 1773 1412 idolo
1802 1359 2062 1412 videlicet

463 1446 634 1513 Belis,
667 1445 780 1500 sive
809 1451 1010 1500 statua;
1047 1463 1252 1508 aurea,
1297 1463 1468 1517 quam
1515 1447 1714 1500 statuit
1755 1447 1814 1501 in
1863 1463 2059 1518 campo

465 1534 981 1605 Duran,provinciaa
1000 1534 1320 1607 Babylonis.
1353 1536 1457 1590 Cui
1479 1537 1637 1606 quasi
1660 1537 2059 1607 pinguissimas

465 1622 783 1678 immolabit
808 1623 1082 1690 victimas,
1119 1641 1314 1678 omnes
1341 1625 1602 1680 videlicet
1627 1627 1884 1680 nationes
1920 1642 2062 1696 quas

2134 738 2366 808 quaestio
2399 737 2496 790 illa
2522 737 2707 790 soluta
2735 740 2836 788 est.
2865 747 3031 803 quam
3063 730 3336 801 propheta
3363 728 3590 793 fecerat,
3613 744 3728 782 cur

2134 826 2268 879 mali
2289 826 2735 885 dominarentur,
2761 821 2889 893 quia
2913 819 3166 873 videlicet
3185 817 3451 887 iniquitas
3483 823 3598 870 tam
3629 816 3728 870 diu

2134 921 2439 984 regnatura
2466 929 2586 968 esse
2615 914 2673 966 in
2697 911 2926 975 mundo,
2960 914 3016 962 et
3036 906 3346 978 spiritualis
3366 905 3733 960 Nabuchodo-

2135 1021 2304 1058 nosor
2323 1003 2579 1057 homines
2609 1001 2768 1072 quasi
2788 1000 2964 1071 pisces
2984 1007 3274 1068 capturus,
3303 995 3478 1048 donec
3507 995 3601 1048 ille
3630 1011 3733 1065 per

2137 1092 2578 1146 incarnationem
2607 1090 2806 1143 veniat.
2849 1109 2870 1137 α
2907 1087 2963 1142 Si
2996 1101 3208 1140 moram
3235 1084 3449 1148 fecerit,
3473 1089 3734 1154 exspecta

2137 1181 2318 1249 illum,
2345 1182 2477 1252 quia
2491 1182 2716 1234 veniens
2739 1178 2938 1240 veniet,
2968 1181 3024 1229 et
3048 1191 3160 1228 non
3190 1173 3436 1226 tardabit
3489 1191 3515 1224 ι)
3549 1173 3605 1226 Si
3633 1172 3736 1238 (in-

2141 1271 2282 1340 quit)
2316 1283 2416 1341 pro
2447 1270 2647 1323 ardore
2682 1266 2978 1337 implendas
3009 1263 3234 1318 visionis
3287 1278 3498 1315 moram
3530 1261 3630 1314 tibi
3656 1261 3737 1315 fa-

2141 1376 2266 1413 cere
2291 1359 2444 1413 visus
2465 1358 2630 1412 fuerit
2651 1357 2744 1410 ille
2767 1356 2862 1426 qui
2892 1354 3093 1414 veniet,
3137 1352 3250 1405 noli
3282 1352 3600 1421 desperare,
3637 1351 3737 1404 sed

2142 1455 2400 1520 exspecta
2429 1447 2723 1519 patienter,
2742 1445 2874 1515 quia
2901 1443 3130 1496 veniens
3158 1441 3358 1501 veniet,
3391 1446 3448 1492 et
3485 1453 3595 1492 non
3627 1445 3739 1491 tar-

2139 1536 2324 1590 dabit;
2342 1556 2363 1586 ι
2380 1536 2516 1588 Ecce
2539 1534 2636 1605 qui
2657 1532 2978 1586 incredulus
2990 1536 3092 1592 est,
3120 1545 3230 1582 non
3248 1529 3355 1581 erit
3375 1534 3525 1581 recta
3549 1527 3740 1579 anima

2147 1627 2269 1696 ejus
2291 1627 2351 1678 in
2373 1623 2673 1693 semetipso
2721 1623 2916 1675 Justus
2946 1627 3132 1673 autem
3157 1619 3215 1671 in
3238 1617 3348 1670 ﬁde
3373 1633 3478 1670 sua
3506 1615 3669 1668 vivet.
3711 1636 3736 1666 »

464 1712 694 1776 vicerat,
726 1728 931 1782 cogens
959 1712 1036 1766 ad
1059 1713 1270 1767 cultum
1299 1715 1440 1783 ejus.
1459 1716 1539 1785 AIn
1553 1715 1692 1785 ipsis
1722 1715 1870 1769 enim
1896 1715 2062 1768 idolis
2083 1699 2129 1758 Β
2149 1715 2207 1770 Si
2225 1715 2349 1785 quis
2368 1713 2688 1768 incredulus
2702 1717 2787 1765 est
2801 1711 2966 1780 hujus
2984 1707 3388 1780 promissionis,
3405 1712 3461 1759 et
3482 1706 3740 1767 ﬂuctuat,

453 1799 777 1854 .incrassata
803 1804 1045 1870 estpars
1065 1802 1114 1870 ej
1126 1807 1275 1863 us,et
1311 1819 1413 1872 per
1438 1780 1508 1857 ἔα
1533 1804 1771 1857 credidit
1790 1820 1850 1857 se
1871 1819 2065 1857 omnes

465 1887 674 1941 habere
725 1888 968 1942 divitias.
1021 1907 1048 1941 α
1091 1890 1162 1943 Et
1202 1889 1358 1944 cibus
1405 1893 1529 1962 ejus
1573 1893 1802 1956 electus,
1838 1898 2068 1962 propter

467 1976 574 2031 hoc
605 1978 1030 2048 ergoex-pandit
1053 1994 1321 2048 sagenam
1352 1986 1597 2040 suam,et
1617 1998 1839 2052 semper
1858 1981 2068 2034 interﬁ-

467 2073 818 2136 ceregentes
847 2083 960 2120 non
989 2079 1190 2131 cessat,
1217 2088 1244 2121 ι
1277 2069 1332 2122 id
1369 2076 1454 2123 est
1483 2071 1762 2140 principes
1795 2076 1852 2123 et
1879 2087 2059 2140 reges.

470 2171 614 2226 quos
636 2155 808 2209 veluti
833 2172 1066 2226 magnos
1097 2157 1276 2227 pisces
1307 2158 1472 2228 cepit,
1517 2166 1574 2212 et
1621 2176 1722 2213 suo
1751 2157 2068 2228 subjugavit

457 2243 727 2315 .imperio,
757 2249 814 2297 et
843 2251 1150 2315 propterea
1171 2263 1290 2300 non
1313 2254 1498 2302 cessat
1528 2249 1862 2318 impugnare
1895 2253 1952 2301 et
1973 2248 2066 2317 ju-

468 2332 671 2403 gulare
696 2340 1140 2402 omnes-gentes.
1168 2336 1336 2389 Juxta
1377 2338 1772 2408 tropologiam,
1815 2336 2069 2390 diabolus

471 2437 639 2492 quem
671 2422 1118 2492 rexiBabylonisx
1143 2424 1442 2494 signiﬁcat,
1487 2427 1641 2480 misit
1665 2427 1919 2490 hamum,
1952 2426 2068 2497 pri-

363 2590 372 2594 -
471 2526 744 2580 mumque
763 2510 1056 2564 hominem
1084 2514 1256 2567 traxit
1284 2515 1354 2567 de
1381 2515 1661 2585 paradiso,
1687 2521 1743 2568 et
1765 2515 2072 2569 circumde-

471 2598 559 2652 dit
597 2615 725 2656 eum
764 2599 988 2668 sagenis
1026 2605 1084 2654 et
1132 2603 1535 2674 multiplicibus
1581 2604 1833 2669 fallaciis,
1879 2611 1935 2657 et
1973 2621 2072 2674 per

471 2697 824 2742 eumomnes
836 2688 1091 2743 homines
1111 2691 1404 2747 constituit
1422 2699 1760 2763 peccatores.
1784 2712 1805 2743 α
1832 2694 1903 2747 Et
1914 2691 2072 2746 cibus

474 2777 596 2847 ejus
620 2777 884 2842 electus,»
913 2779 1046 2848 quia
1073 2780 1413 2852 dedignatur
1439 2799 1692 2853 quosque
1719 2782 1856 2836 viles
1885 2788 1938 2835 et
1969 2798 2072 2835 sae-

474 2865 694 2920 culares
720 2872 960 2932 tentare,
988 2875 1210 2924 sanctos
1240 2888 1462 2942 quoque
1491 2878 1548 2926 et
1579 2872 1851 2943 perfectos
1871 2887 2074 2942 aggre-

474 2955 651 3019 ditur,
681 2963 758 3009 et.
785 2971 1075 3026 nunquam
1127 2975 1308 3026 genus
1355 2961 1662 3014 humanum
1703 2961 1965 3032 persequi
2019 2966 2076 3014 et

469 3043 733 3115 decipere
761 3050 962 3098 cessat.

1052 3167 1056 3169 >
1110 3138 1344 3191 CAPUT
1372 3136 1444 3192 II.

555 3241 582 3273 «
603 3221 1127 3293 Supervcustodiam
1150 3241 1331 3279 meam
1358 3226 1604 3292 stabo,et
1629 3230 1796 3298 ﬁgam
1826 3230 2072 3299 gradum

479 3327 654 3383 super
671 3311 1129 3374 munitionem,et
1153 3316 1584 3386 contemplabor
1611 3324 1675 3370 ut
1699 3317 1917 3372 videam
1942 3319 2072 3389 quid

481 3399 705 3454 dicatur
723 3400 944 3464 mihi,et
954 3401 1086 3472 quid
1109 3405 1477 3474 respondeam
1494 3405 1564 3458 ad
1580 3413 1910 3476 arguentem
1928 3421 2035 3460 me.
2051 3428 2071 3457 ι

483 3488 1526 3563 Conquestusfueratprimopropheta,
1548 3501 1605 3548 et
1634 3497 2001 3566 responderat
2027 3496 2077 3550 ei

482 3577 758 3632 Dominus
785 3579 976 3633 dicens
1007 3598 1019 3632 :
1055 3599 1081 3632 α
1112 3582 1359 3652 Aspicite
1392 3583 1441 3633 in
1470 3583 1747 3652 gentibus,
1793 3604 1813 3635 ι
1844 3592 1948 3638 etc.
1995 3585 2078 3638 Ad

485 3683 654 3738 quam
673 3667 898 3722 Domini
914 3671 1334 3739 responsionem
1348 3678 1458 3724 tem
1471 3690 1498 3741 [π
1510 3673 1680 3726 aravit
1693 3673 2076 3744 quastionem,

482 3761 752 3826 tanquam
770 3758 1075 3827 superioris
1095 3759 1226 3812 dicti
1248 3776 1420 3829 agens
1439 3777 1564 3830 porr;
1577 3763 1913 3827 Etentiam,et
1930 3763 2082 3817 blan-

484 3844 688 3904 diendo
717 3845 852 3899 dicit
883 3862 896 3898 :
935 3865 959 3897 «
993 3848 1142 3901 Deus
1166 3857 1549 3904 meussancte
1583 3867 1759 3912 meus,
1804 3866 1916 3906 non
1956 3865 2080 3906 mo-

485 3934 1147 3996 riem~ur,»-nihilominus
1176 3943 1367 3992 tamen
1385 3939 1646 4010 idipsum,
1676 3941 1806 3994 licet
1837 3955 1965 3995 cum
1998 3958 2084 3994 ve-

485 4023 1374 4093 nerationequadam,sciscitatus
1389 4034 1493 4082 est.
1511 4047 1535 4080 ι)
1561 4029 1756 4082 Mundi
1773 4035 1906 4084 sunt
1932 4029 2080 4082 oculi

485 4113 664 4173 tui.ut
681 4129 794 4168 non
816 4113 1043 4168 videant
1059 4115 1289 4170 malum.
1325 4116 1509 4179 Quare
1531 4133 1643 4170 non
1665 4118 1894 4189 respicis
1915 4134 2086 4188 super

486 4201 682 4270 inique
718 4207 968 4269 agentes,
1009 4208 1118 4255 etc.
1152 4203 1314 4256 Nunc
1341 4220 1469 4257 vero
1507 4205 1642 4258 dicit
1671 4213 1994 4276 exspectare
2024 4223 2084 4259 se

487 4288 622 4360 quid
652 4288 927 4343 Dominus
963 4291 1327 4360 respondeat,
1364 4298 1427 4345 ut
1459 4294 1608 4363 quod
1638 4294 1848 4348 dictum
1874 4295 2082 4358 fuerat,

2147 1803 2413 1858 dubitans
2431 1809 2739 1857 venturum
2767 1801 2870 1853 hoc
2891 1799 3039 1870 quod
3069 1797 3221 1850 videt
3242 1795 3470 1857 morari,
3493 1807 3604 1848 non
3634 1793 3742 1847 erit

2147 1900 2299 1947 recta
2330 1893 2520 1946 anima
2547 1893 2686 1961 ejus,
2710 1891 2805 1943 sed
2830 1887 3176 1942 infidelitatis
3198 1884 3523 1939 fortitudine
3545 1883 3744 1953 depra-

2149 1982 2389 2036 vabitur.
2420 1981 2546 2034 Alia
2582 1980 2875 2034 translatio
2911 1977 3046 2031 dicit
3079 1994 3090 2028 :
3124 1975 3247 2029 Non
3273 1973 3512 2044 placebit
3541 1973 3744 2025 animae

2143 2071 2374 2136 meze,id
2396 2076 2481 2123 est
2507 2069 2821 2139 displicebit
2855 2066 3009 2119 mihi.
3045 2065 3102 2120 Si
3125 2071 3312 2117 autem
3345 2063 3437 2115 ille
3459 2061 3739 2132 displicet,

2139 2161 2243 2231 qui
2268 2176 2377 2212 non
2407 2158 2603 2222 credit,
2631 2173 2763 2226 ergo
2787 2146 3422 2225 justusqui'crediderit
3450 2165 3588 2204 mea:
3610 2165 3745 2219 pro-

2149 2247 2420 2310 missioni,
2451 2247 2596 2299 vivet
2625 2246 2681 2298 in
2703 2245 2811 2298 ﬁde
2836 2261 2958 2298 sua.

2227 2358 2248 2388 ι
2277 2337 2346 2390 Et
2367 2334 2648 2406 quomodo
2662 2334 2848 2387 vinum
2865 2332 3073 2403 decipit
3091 2329 3494 2402 potantem,sic
3523 2328 3630 2382 erit
3656 2327 3743 2380 vir

2151 2425 2447 2496 superbus,
2472 2432 2527 2478 et
2553 2439 2666 2476 non
2695 2421 3172 2490 decorabitur,qui
3193 2420 3450 2473 dilatavit
3478 2417 3636 2488 qnasi
3664 2417 3748 2469 in-

2151 2516 2342 2568 fernus
2371 2514 2615 2567 animam
2647 2529 2827 2572 suam,
2861 2518 2917 2564 et
2935 2511 3054 2580 ipse
3081 2509 3239 2580 quasi
3271 2523 3421 2562 mors
3441 2523 3552 2561 non
3571 2505 3750 2559 adim-

2154 2603 2430 2674 pletur.Et
2459 2601 2824 2670 congregabit
2855 2601 2924 2653 ad
2969 2617 3029 2653 se
3060 2615 3266 2653 omnes
3291 2604 3509 2668 gentes,
3543 2601 3599 2648 et
3623 2611 3753 2647 coa-

2153 2691 2400 2746 cervabit
2427 2691 2496 2744 ad
2518 2707 2586 2744 'se
2607 2707 2801 2743 omnes
2826 2689 3080 2760 pepulos.
3111 2687 3377 2758 Nunquid
3409 2702 3524 2739 non
3553 2699 3752 2737 omnes

2155 2782 2247 2835 isti
2269 2797 2439 2851 super
2464 2796 2589 2833 eum
2607 2778 2929 2849 parabolam
2953 2783 3262 2836 sument,et
3280 2776 3558 2845 loquelam
3582 2773 3751 2843 aenig-

2155 2877 2370 2924 matum
2401 2871 2525 2938 ejus
2545 2868 2571 2920 ?
2600 2868 2667 2921 Et
2686 2867 2920 2931 dicetur,
2955 2884 3031 2921 va:
3065 2867 3114 2920 ei
3146 2866 3240 2936 qui
3272 2863 3607 2934 multiplicat
3635 2877 3752 2930 non

2157 2970 2276 3013 sua.
2309 2977 2340 3010 ·»
2377 2959 2477 3011 Hic
2500 2958 2617 3026 jam
2654 2956 2948 3033 manjfeste
2975 2954 3486 3009 Nabuchodonosor
3507 2967 3756 3022 pronun-

2153 3048 2330 3102 tiatur
2357 3047 2641 3100 interitus.
2665 3046 2821 3099 Sicut
2851 3045 3070 3116 (inquit)
3101 3045 3289 3097 vinum
3322 3046 3609 3113 potantem
3639 3041 3757 3092 ine-

2154 3136 2323 3201 briat,
2357 3144 2420 3190 ut
2449 3144 2630 3205 neque
2657 3153 2775 3205 pes,
2811 3151 2992 3205 neque
3038 3149 3196 3187 mens
3225 3145 3389 3185 suum
3420 3137 3612 3184 teneat
3635 3129 3758 3182 ofﬁ-

2158 3229 2327 3291 cium,
2359 3227 2438 3280 sic
2466 3228 2548 3280 vir
2577 3224 2871 3297 superbus,
2918 3225 3000 3277 vel
3041 3222 3384 3294 generaliter
3422 3236 3633 3286 omnes.
3675 3219 3757 3273 vel

2159 3317 2478 3388 specialiter
2520 3314 3037 3370 Nabuchodonosor
3083 3328 3194 3365 non
3243 3311 3618 3374 deeorabitur,
3653 3324 3758 3362 nec

2153 3407 2502 3459 voluntatem
2532 3403 2982 3474 suam‘perducet
3010 3402 3080 3454 ad
3110 3398 3572 3465 eﬁ'ectquuasi
3604 3413 3759 3451 mors

2155 3495 2307 3548 enim
2358 3501 2414 3547 et
2452 3495 2664 3547 inferus
2715 3509 2826 3546 non
2855 3492 3093 3545 satiatur
3118 3490 3329 3555 occisis,
3365 3494 3419 3543 et
3446 3487 3635 3542 omnia
3665 3504 3760 3539 ra-

2162 3583 2566 3653 piens,nullum
2589 3599 2703 3636 suae
2719 3581 2966 3634 avaritia:
3000 3581 3172 3633 ﬁnem‘
3196 3579 3374 3649 ponit.
3403 3595 3425 3626 (ι
3454 3578 3761 3646 Usquequo

2164 3679 2220 3726 et
2239 3679 2506 3742 aggravat
2521 3679 2715 3724 contra
2737 3687 2796 3724 se
2817 3671 3053 3723 densum
3075 3668 3297 3722 lutum?
3319 3687 3344 3719 ι)
3365 3665 3764 3736 Etspecialiter

2164 3768 2359 3815 contra
2375 3761 2971 3819 Nabuchodonosor,et
2989 3757 3330 3829 generaliter
3349 3762 3546 3809 contra
3565 3767 3764 3808 omnes

2166 3861 2362 3905 avaros
2391 3851 2575 3904 sermo
2597 3849 2882 3918 dirigitur.
2907 3847 3102 3902 Omnis
3119 3861 3319 3899 avarus
3347 3851 3459 3898 nOn
3488 3860 3591 3897 sua
3614 3843 3766 3896 mul-

2165 3939 2539 4010 tipliCat,quia
2553 3939 2758 3991 divitia:
2787 3954 2925 4008 quas
2957 3945 3056 4007 per
3082 3937 3166 3989 fas
3195 3943 3252 3988 et
3275 3935 3427 3987 nefas
3457 3933 3760 3997 coadunat,

2167 4037 2292 4082 cum
2323 4037 2398 4082 eo'
2419 4033 2775 4098 perseVerare
2801 4043 2911 4079 non
2939 4031 3195 4096 possunt,
3223 4023 3317 4077 sed
3359 4023 3428 4076 ad
3459 4023 3599 4074 alios
3630 4032 3764 4091 pos-

2167 4133 2415 4171 sessores
2440 4119 2756 4170 transeunt.
2794 4115 3032 4169 Pulchre
3082 4120 3270 4167 autem
3307 4112 3510 4165 nimias
3539 4110 3767 4163 divitias

2167 4207 2402 4260 densum
2436 4207 2617 4260 lutum
2645 4205 2963 4275 appellavit,
2999 4204 3127 4274 quia
3151 4203 3351 4256 animae
3379 4201 3764 4254 sinceritatem

2166 4295 2536 4358 confundunt,
2565 4301 2619 4348 et
2646 4293 2977 4364 gravissimo
3002 4291 3315 4362 iniquitatis
3345 4289 3589 4361 pondere
3604 4295 3766 4342 men-

488 4376 750 4432 omnibus
769 4376 1006 4432 dicatur.
1039 4399 1061 4429 α
1089 4380 1270 4450 Super
1291 4382 1601 4436 custodiam
1625 4400 1806 4437 meam
1833 4383 2013 4448 stabo,
2049 4402 2075 4434 »
2100 4375 2148 4432 D
2168 4389 2283 4438 tem
2316 4389 2598 4454 premunt.

488 4467 710 4528 hocest,
743 4465 800 4519 in
819 4466 1165 4522 sublimitate
1181 4475 1239 4522 et
1257 4470 1906 4543 celsitudine-prophetae
1923 4487 2080 4538 meae,

487 4559 556 4610 ut
574 4554 790 4608 videam
815 4561 943 4626 post
969 4558 1313 4612 eversionem
1334 4560 1530 4631 templi
1547 4567 1603 4614 et
1631 4560 1963 4624 civitatis,ac
1993 4576 2084 4628 po-

488 4644 608 4716 puli
639 4645 1042 4716 captivitatem,
1076 4647 1208 4718 quid
1239 4655 1529 4719 sequatur.

531 4773 533 4776 ‹
563 4751 591 4786 α
625 4734 699 4789 Et
713 4735 1003 4806 respondit
1026 4736 1162 4790 mihi
1189 4737 1480 4799 Dominus,
1515 4742 1573 4790 et
1596 4737 1763 4790 dixit:
1789 4735 1980 4791 Scribe
2009 4737 2086 4790 vi-

490 4838 639 4889 sum,
672 4829 730 4877 et
750 4825 986 4895 explana
1011 4841 1138 4879 eum
1170 4842 1270 4895 per
1297 4825 1538 4889 tabulas,
1573 4831 1636 4878 ut
1665 4831 1960 4896 percurrat
1989 4826 2084 4896 qui

488 4912 860 4981 legerit-eum,
889 4914 1021 4984 quia
1045 4914 1238 4967 adhuc
1271 4914 1421 4967 visus
1452 4914 1666 4983 procul,
1708 4920 1763 4966 et
1793 4913 2088 4984 apparebit

487 4998 547 5054 in
575 5001 768 5068 ﬁnem,
800 5007 858 5056 et
885 5018 998 5056 non
1030 5001 1354 5056 mentietur.
1393 5022 1415 5052 ι
1453 5002 1769 5056 Secundum
1804 5003 1950 5072 quod
1975 5004 2085 5057 Do-

488 5089 678 5145 minus
693 5107 794 5161 per
810 5090 1018 5144 Isaiam
1049 5090 1266 5144 dixerat
1289 5108 1304 5142 :
1331 5109 1356 5141 α
1379 5091 1575 5144 Adhuc
1599 5098 1656 5144 te
1688 5093 1973 5162 loquente,
1997 5091 2084 5144 di-

487 5193 611 5232 cam
625 5195 752 5233 ecce
771 5179 992 5242 adsum,
1021 5198 1049 5229 η
1073 5194 1222 5232 nunc
1238 5179 1511 5233 Dominus
1533 5180 1838 5250 respondit,
1865 5187 1921 5233 et
1939 5196 2083 5251 prae-

485 5266 624 5337 cipit
645 5267 933 5338 propheta:
962 5273 1037 5320 ut~
1055 5266 1263 5321 scribat
1286 5268 1487 5329 visum,
1523 5268 1578 5321 id
1603 5276 1688 5322 est
1707 5269 2079 5340 prophetiam,

486 5355 824 5424 etexvplanet
843 5356 1055 5419 eum;id
1075 5362 1160 5410 est
1177 5357 1476 5426 diligenter
1486 5362 1543 5410 et
1559 5358 1855 5411 manifeste
1876 5357 2085 5411 scribat

482 5442 543 5496 in
571 5443 779 5497 tabulis
807 5445 1011 5511 cordis,
1027 5447 1573 5516 juxta‘ApOstolum,
1602 5447 1696 5516 qui
1736 5447 1985 5516 loquitur
2013 5448 2084 5500 ad

484 5531 803 5588 Corinthios
835 5551 848 5588 :
892 5552 920 5588 α
948 5534 1195 5606 Epistola
1248 5541 1442 5589 nostra
1479 5550 1574 5588 vos
1616 5534 1751 5589 estis
1779 5535 1988 5605 scripta
2024 5535 2080 5588 in

2242 4480 2268 4524 ς(
2292 4472 2556 4542 Nunquid
2581 4489 2691 4525 non
2730 4476 2959 4542 repente
2981 4472 3321 4539 consurgent
3347 4467 3442 4538 qui
3471 4466 3773 4520 mordeant

2166 4565 2307 4622 te,et
2325 4560 2748 4614 suscitabuntur
2768 4553 3078 4613 lacerantes
3106 4565 3181 4618 te,
3212 4563 3269 4610 et
3285 4557 3396 4611 eris
3420 4557 3478 4609 in
3508 4555 3769 4624 rapinam

2170 4649 2285 4702 eis?
2311 4649 2454 4713 Quia
2485 4656 2546 4703 tu
2577 4649 2828 4720 spoliasti
2858 4654 3055 4717 gentes
3086 4647 3311 4711 multas,
3353 4643 3676 4716 spoliabant
3714 4650 3772 4697 te

2170 4751 2365 4791 omnes
2383 4739 2476 4808 qui
2501 4739 2705 4809 reliqui
2729 4738 2940 4792 fuerint
2959 4738 3027 4790 de
3049 4737 3524 4808 populis,pr0pter
3541 4732 3774 4803 sangui-

2169 4841 2298 4879 nem
2332 4827 2580 4880 hominis
2612 4834 2667 4881 et
2697 4827 3052 4898 iniquitatem
3084 4834 3266 4887 terrze,
3299 4823 3539 4877 civitatis
3569 4828 3625 4876 et
3646 4839 3773 4876 om-

2170 4915 2326 4968 nium
2350 4916 2727 4970 habitantium
2752 4917 2809 4970 in
2832 4933 2950 4970 ea.»
2978 4915 3169 4968 Medos
3191 4920 3248 4968 et
3269 4913 3469 4967 Persas
3491 4911 3769 4976 insinuat,

2170 5003 2486 5073 qui,contra
2507 5005 2941 5076 Babyloniorum
2966 5021 3202 5074 regnum
3231 5000 3776 5071 consurgentes.pri-

2169 5109 2260 5144 mo
2279 5093 3336 5155 momorderunt,detrahentesluxuriae
3354 5096 3776 5157 eorum,postea

2167 5181 2558 5234 laceraverunt
2587 5190 2645 5237 et
2675 5185 3109 5254 discerpserunt,
3154 5181 3444 5234 interfecto
3473 5178 3775 5231 Balthasar

2167 5275 2223 5322 ct
2250 5269 2512 5324 omnibuS
2533 5273 2692 5342 regni
2724 5270 3536 5344 principibusdispersis.Tunc
3556 5267 3659 5320 fuit
3687 5267 3772 5320 eis

2167 5358 2224 5410 in
2254 5358 2512 5427 rapinam
2539 5367 2787 5415 vastator
2806 5362 2978 5415 totius
3009 5360 3180 5420 orbis,
3214 5366 3270 5412 et
3293 5357 3564 5429 spoliatus
3584 5370 3671 5409 est
3698 5355 3772 5409 ab

2167 5446 2427 5500 omnibus
2455 5451 2701 5520 populis,
2733 5451 2827 5519 qui
2856 5451 2977 5518 ejus
3008 5449 3398 5504 crudelitatem
3423 5446 3656 5500 evadere
3675 5461 3774 5514 po-

2166 5541 2415 5589 tuerunt:
2439 5539 2568 5603 Hoc
2593 5543 2782 5593 autem
2799 5535 3028 5603 'v'é'niet',‘
3043 5533 3152 5605 'ait,
3178 5534 3408 5610 propter
3433 5530 3776 5604 sanguinem
