4062 6168
254 325 335 384 185

1156 319 1575 376 ENARRATIO
1613 296 1713 376 IN.
1730 296 2067 379 HABACUC
2092 287 2565 379 ’PROPHE'l‘AM.

3396 292 3499 373 i86

254 445 471 505 hominis.
495 442 553 497 id
584 446 671 497 est
687 441 869 507 Judae,
897 449 954 497 et
981 443 1334 515 iniquitatem
1365 444 1891 508 terrae,subaudisA
1910 451 2062 500 terra
2087 448 2268 518 gloria
2290 446 2513 502 Domini
2543 444 2867 516 replebitur.
2899 444 2965 499 In
2995 441 3330 514 quibusdam
3354 437 3504 495 codi-

267 532 724 595 lsraelcivitatis,id
750 538 833 586 est
857 531 1827 592 Hierusalemetomneshabitantcs

265 624 312 678 in
332 636 404 681 ea.
431 636 645 674 omnem
665 621 935 691 populum
957 621 1276 691 designans.
1303 620 1448 674 Illud
1471 625 1659 675 autem
1678 622 1827 692 quod

264 727 408 783 supra
431 708 667 780 positum
696 717 799 770 est,
831 728 853 760 α
880 712 1191 780 usquequo,
1220 728 1243 760 ι
1261 709 1346 763 vel
1374 708 1717 780 increpantis
1743 714 1829 762 est

260 817 361 859 vox,
389 798 464 851 vel
492 797 560 851 ad
579 798 862 868 prophetae
879 790 1140 850 affectum
1171 797 1417 869 respicit,
1453 796 1824 851 desiderantis

263 889 450 943 ruinam
482 886 710 940 malitize
742 893 801 941 et
827 885 1102 957 superbiae
1129 885 1443 940 interitum.

319 998 338 1028 ι
355 977 442 1030 Vm
469 976 562 1047 qui
586 981 891 1046 congregat
917 975 1212 1029 avaritiam
1235 976 1443 1029 malam
1474 974 1666 1029 domui
1686 990 1820 1039 suae,

257 1077 312 1124 ut
343 1069 409 1122 sit
432 1067 488 1119 in
512 1066 731 1120 excelso
761 1065 928 1119 nidus
957 1067 1100 1136 ejus,
1132 1072 1190 1120 et
1218 1067 1444 1122 liberari
1476 1087 1534 1123 se
1564 1076 1728 1141 putat
1755 1071 1825 1125 de

256 1173 401 1213 manu
420 1155 570 1210 mali.
599 1175 625 1205 ι
658 1154 854 1208 Adhuc
865 1160 1061 1209 contra
1085 1155 1322 1226 impium
1343 1174 1531 1228 regem
1551 1159 1820 1231 loquitur,

258 1247 335 1318 qui
361 1247 662 1314 congregat
682 1242 975 1305 avaritiam
1008 1244 1214 1298 malam
1244 1246 1434 1300 domui
1456 1264 1589 1310 suae,
1623 1265 1725 1303 nec
1747 1249 1828 1303 in-

252 1334 428 1405 telligit
457 1333 683 1386 divitias
707 1349 770 1386 ex
800 1333 947 1385 malo
978 1337 1263 1404 quaesitas,
1293 1351 1520 1389 causam
1566 1335 1670 1390 sibi
1703 1354 1824 1390 esse

252 1424 431 1489 ruinas;
460 1422 744 1491 simulque
774 1422 1032 1490 arguitur
1059 1422 1351 1494 superbiae.
1373 1425 1518 1495 quod
1548 1425 1616 1478 ad
1639 1425 1824 1480 avium

250 1510 654 1567 similitudinem
683 1510 742 1564 in
774 1511 988 1565 excelso
1018 1511 1271 1582 posuerit
1299 1512 1492 1573 nidum
1522 1531 1707 1580 suum,
1739 1531 1825 1567 ar-

248 1601 436 1656 bitrans
465 1616 631 1672 posse
656 1616 717 1654 se
745 1599 973 1659 liberari
1002 1601 1071 1655 de
1105 1618 1275 1655 manu
1309 1603 1463 1668 mali,
1496 1602 1553 1657 id
1574 1610 1658 1657 est
1678 1621 1825 1658 nun-

236 1690 391 1762 quam
415 1706 472 1744 se
502 1696 808 1743 venturum
849 1688 907 1743 in
930 1689 1176 1743 hostium
1214 1697 1569 1761 potestatem.
1614 1694 1822 1747 Malam

1909 535 2063 589 cibus
2085 537 2289 607 legitur
2310 536 2583 606 negative.
2601 535 2724 587 Non
2746 539 2876 586 sunt
2896 533 3011 586 haec
3032 550 3064 586 a
3088 531 3327 585 Domino
3350 547 3502 583 exer-

1908 625 2151 689 cituum;
2185 634 2241 679 et
2270 632 2354 679 est
2376 640 2572 678 sensus
2601 640 2612 675 :
2659 622 2810 677 Talis
2851 621 3165 681 aedificatio,
3201 636 3323 691 quae
3353 620 3417 672 ﬁt
3443 618 3501 674 in

1908 712 2274 783 sanguinibus
2304 717 2361 765 et
2384 711 2700 782 iniquitate,
2730 726 2843 763 non
2881 714 2967 762 est
2988 725 3021 763 a
3052 708 3309 763 Domino.

1983 819 2009 853 «
2034 801 2128 855 Va:
2141 801 2235 872 qui
2258 806 2450 872 potum
2474 799 2573 853 dat
2587 799 2770 852 amico
2786 815 2908 863 suo,
2925 798 3155 852 mittens
3167 797 3239 851 fel
3261 813 3425 852 suum
3447 800 3509 851 et.

1905 889 2212 954 inebrians,
2260 897 2325 943 ut
2372 886 2605 960 aspiciat
2653 887 2964 942 nuditatem
3012 888 3155 958 ejus.
3195 907 3217 936 ι
3250 885 3505 941 Tradunt

1907 979 2125 1033 Hebraei
2144 980 2248 1033 hoc
2269 979 2387 1032 loco
2405 994 2522 1036 rem
2545 977 2852 1031 fabulosam
2875 976 3053 1046 magis
3076 993 3242 1047 quam
3262 982 3452 1030 veram
3486 994 3498 1031 :

1905 1067 2164 1122 Sedecias
2193 1066 2500 1138 (inquiunt)
2554 1083 2649 1120 rex
2700 1074 2897 1137 captus
2943 1070 3029 1119 est
3066 1082 3100 1119 a
3129 1065 3502 1120 Nabuchodo-
3564 1050 3576 1065 ’

1905 1175 2074 1211 nosor
2124 1160 2175 1211 in
2237 1157 2530 1219 Reblatha,
2574 1174 2695 1228 qua:
2747 1163 2833 1211 est
2882 1156 3197 1219 Antiochia,
3241 1162 3298 1211 et
3326 1156 3503 1211 erutis

1906 1248 2082 1301 oculis
2112 1248 2313 1303 ductus
2344 1252 2430 1301 est
2458 1247 2514 1300 in
2547 1246 2885 1317 Babylonem
2929 1264 2942 1300 :
2978 1245 3073 1299 ubi
3103 1262 3228 1299 cum
3257 1245 3501 1316 quadam

1906 1335 1997 1390 die
2026 1337 2335 1390 convivium
2360 1336 2584 1405 regiﬁco
2611 1336 2744 1388 luxu
2768 1333 3095 1393 celebraret.
3123 1334 3293 1403 jussit
3312 1334 3386 1386 ibi
3408 1335 3502 1389 Sc-

1906 1425 2075 1480 decize
2106 1426 2228 1479 dari
2259 1426 2539 1497 poculum,
2566 1441 2675 1495 quo
2705 1429 2900 1478 venter
2920 1422 3165 1494 potantis
3195 1424 3506 1477 solveretur

1906 1514 1965 1568 in
1993 1516 2223 1579 ﬂuxum,
2255 1516 2445 1585 sicque
2475 1514 2879 1578 introductum,
2902 1517 3034 1567 ante
3059 1528 3157 1566 ora
3185 1512 3503 1583 potantium

1907 1605 2279 1675 compulsum,
2301 1604 2357 1657 in
2388 1604 2598 1657 ventris
2627 1609 2874 1657 stercore
2904 1602 3075 1656 fuisse
3101 1602 3377 1672 pollutum
3403 1620 3415 1667 ;
3448 1605 3507 1655 et

1909 1694 2014 1747 hoc
2056 1698 2141 1746 est
2189 1694 2335 1764 quod
2382 1692 2588 1746 dicitur
2622 1710 2633 1745 :
2687 1712 2708 1743 ι
2746 1692 2841 1745 Vae
2886 1691 2980 1762 qui
3018 1696 3212 1761 potum
3241 1690 3341 1743 dat
3363 1689 3500 1743 ami-

246 1788 409 1835 autem
437 1776 580 1832 dicit
618 1778 910 1831 avaritiam
944 1780 1192 1849 pecuniae
1227 1786 1284 1834 et
1311 1781 1657 1840 divitiarum.
1691 1783 1884 1853 quiaB
1906 1799 2025 1849 co,n
2054 1788 2158 1837 etc.
2186 1781 2336 1852 quod
2356 1781 2610 1834 videlicet
2626 1798 2720 1834 rex
2743 1778 3167 1850 potentissimus
3191 1778 3495 1848 quondam,

248 1875 319 1922 est
341 1874 391 1921 et
416 1866 566 1921 bona
595 1868 853 1931 avaritia,
885 1867 941 1921 id
989 1874 1075 1921 est
1120 1869 1398 1940 cupiditas
1443 1871 1821 1941 spiritualium

234 1952 536 2009 divitiarum
580 1956 870 2027 sapientiae
891 1961 945 2009 et
970 1956 1219 2011 scientiae
1241 1959 1362 2021 Dei,
1387 1958 1519 2013 licet
1546 1965 1646 2012 aut
1670 1976 1817 2026 raro,

246 2044 328 2098 aut
353 2061 641 2115 nunquam
682 2062 889 2099 nomen
917 2045 1166 2100 avaritiae
1193 2046 1252 2100 in
1282 2046 1427 2101 bono
1474 2048 1718 2119 positum
1748 2049 1823 2102 le-

241 2142 400 2204 gatur.

306 2242 328 2274 ι
348 2223 619 2294 Cogitasti
635 2223 1017 2289 confusionem
1037 2224 1227 2278 domui
1249 2229 1378 2279 tuae.
1404 2225 1579 2279 uDum
1600 2226 1821 2296 (inquit)

243 2313 382 2382 ponis
406 2313 461 2367 in
481 2312 708 2367 excelso
740 2312 934 2366 nidum
967 2300 1149 2378 tuum,
1175 2314 1314 2367 nihil
1342 2314 1493 2368 aliud
1526 2314 1826 2385 egisti.nisi

244 2402 471 2471 cogitasti
491 2401 886 2456 confusionem
912 2402 1017 2455 tibi
1035 2409 1091 2456 et
1121 2403 1361 2475 posteris
1386 2404 1520 2464 tuis.
1548 2406 1680 2475 quia
1707 2405 1826 2460 haec

246 2486 531 2545 sollicitudo
558 2477 738 2544 tinem
772 2489 1002 2543 habebit
1041 2491 1430 2561 ignominiam.
1470 2513 1492 2543 ι
1520 2492 1825 2550 Concidisti

241 2580 449 2649 populos
480 2580 715 2641 multos,
748 2586 804 2632 et
830 2579 1095 2648 peccavit,
1118 2579 1309 2632 anima
1337 2578 1457 2634 tua.
1500 2582 1644 2644 Quia
1683 2583 1824 2653 lapis

241 2661 298 2720 de
321 2668 522 2738 pariete
552 2667 840 2730 clamavit,
868 2672 925 2721 et
948 2668 1161 2737 lignum
1187 2669 1333 2739 quod
1362 2668 1511 2722 inter
1531 2671 1824 2739 juncturas

242 2756 584 2812 aediﬁciorum
613 2764 718 2816 est,
738 2756 1118 2827 respondebit.
1156 2780 1175 2803 ι»
1214 2758 1272 2811 in
1305 2758 1408 2815 hoc
1436 2758 1655 2829 (inquit)
1676 2760 1824 2827 quod

238 2844 484 2915 plurimos
514 2846 863 2909 occidisti,in
886 2852 1041 2900 tuam
1070 2847 1242 2917 ipsius
1258 2847 1505 2900 animam
1523 2847 1818 2917 desazvisti,

238 2941 287 2987 et
312 2935 364 2989 in
386 2930 608 2990 tantam
641 2935 1031 2988 crudelitatem
1064 2937 1340 2999 exarsisti,
1376 2942 1437 2990 ut
1474 2937 1688 3008 lapides
1716 2937 1820 2991 de-

238 3026 549 3097 structarum
581 3024 871 3078 civitatum
902 3030 960 3077 et
988 3012 1139 3093 ligna
1161 3041 1481 3079 eversorum
1512 3014 1576 3079 ac
1601 3026 1824 3080 combu-

1904 1872 1974 1925 ad
2004 1876 2223 1925 tantum
2255 1870 2497 1924 dedecus
2543 1870 2617 1923 sit
2661 1869 2955 1924 adductus.
2988 1867 3147 1921 Unde
3178 1867 3428 1920 minatur
3449 1866 3502 1920 ei

1904 1961 2072 2025 Deus,
2107 1960 2253 2031 quod
2304 1960 2423 2030 ipse
2460 1975 2682 2029 quoque
2712 1957 2990 2011 bibiturus
3020 1956 3093 2009 sit
3118 1955 3503 2025 hujuscemodi

1903 2050 2205 2121 potionem.
2238 2048 2344 2102 Sed
2363 2049 2560 2101 melius
2580 2048 2685 2101 hoc
2697 2063 2806 2100 non
2829 2046 2899 2099 de
2915 2045 3222 2099 cathartica
3250 2043 3495 2114 potione,

1907 2154 2095 2191 verum
2116 2138 2186 2191 de
2208 2137 2367 2191 malis
2385 2154 2507 2207 qua:
2529 2151 2798 2207 passurus
2820 2140 2939 2189 erat
2966 2133 3498 2198 Nabuchodonosor,

1905 2227 2291 2298 intelligimus.
2326 2225 2481 2280 Calix
2510 2224 2658 2279 enim
2694 2224 2773 2277 vel
2799 2223 2950 2294 potio
2976 2222 3036 2275 in
3065 2221 3366 2294 Scripturis
3381 2235 3506 2291 pas-

1907 2316 2122 2393 sionem
2154 2316 2240 2369 vel
2282 2315 2642 2369 aftlictionem
2687 2313 2831 2366 solet
2869 2311 3182 2381 designare.
3217 2309 3506 2365 Invehitur

1909 2421 2041 2475 ergo
2069 2405 2343 2476 prepheta
2373 2409 2568 2458 contra
2598 2418 2786 2471 regem
2826 2400 3085 2471 impium,
3118 2399 3263 2470 quod
3297 2397 3504 2452 oblitus

1908 2486 2021 2549 suae
2052 2494 2407 2557 conditionis,
2441 2499 2497 2546 et
2528 2491 2684 2563 quasi
2717 2491 2837 2560 ipse
2875 2506 2983 2543 non
3014 2496 3163 2543 esset
3185 2488 3371 2551 homo,
3401 2504 3505 2541 nec

1905 2589 2095 2655 posset
2125 2583 2239 2652 pati
2260 2599 2382 2652 qua:
2403 2581 2528 2634 aliis
2546 2579 2839 2641 inferebat,
2870 2576 3176 2631 inebriaret
3193 2594 3387 2630 omnes
3407 2577 3504 2630 ho-

1907 2673 2088 2726 mines
2116 2672 2244 2725 ielle
2261 2678 2317 2725 et
2339 2670 2714 2724 amaritudine
2727 2668 3025 2730 malorum,
3041 2675 3102 2720 ut
3131 2683 3322 2719 eorum
3343 2666 3504 2720 nudi-

1906 2765 2082 2815 tatem
2117 2762 2239 2818 (hoc
2267 2759 2760 2830 est,ignominiam)
2784 2755 3075 2827 aspiceret,
3099 2761 3165 2809 ut
3193 2772 3257 2809 ex
3276 2755 3501 2809 illorum

1904 2850 2135 2904 miseria
2189 2865 2348 2903 suam
2413 2851 2778 2917 exaggeraret
2816 2844 3145 2916 potentiam.
3186 2843 3283 2897 Est
3310 2849 3502 2897 autem

1907 2939 2239 3009 metaphora
2282 2936 2417 2990 ebrii
2448 2935 2708 2998 hominis,
2748 2934 2895 3005 quod
2934 2932 3079 2985 sicut
3107 2931 3201 2986 ille
3230 2932 3497 2998 nudatur,

1908 3028 2142 3097 ejusque
2172 3025 2479 3095 ignominia
2497 3024 2853 3095 conspicitur,
2881 3023 2962 3076 ita
2986 3021 3505 3075 Nabuchodonosor

240 3120 427 3168 storum
459 3114 772 3186 parietum,
792 3119 984 3167 contra
1015 3120 1171 3167 tuam
1200 3114 1591 3169 crudelitatem
1613 3110 1884 3171 clama-u
1908 3114 2269 3168 inebriaverit
2296 3130 2491 3167 omnes
2527 3113 2698 3166 calice
2743 3110 2969 3175 furoris,
3011 3116 3352 3181 cunctosque
3381 3126 3505 3181 spo-

241 3208 365 3256 rent.
397 3204 640 3274 Lignum
675 3209 867 3256 autem
898 3202 1045 3272 quod
1076 3201 1225 3255 inter
1244 3203 1551 3272 juncturas.
1566 3210 1668 3263 est,
1687 3202 1825 3259 illud

236 3286 582 3345 historialiter
601 3291 865 3359 designat
888 3289 1124 3358 lignum,
1160 3290 1307 3360 quod
1354 3290 1423 3343 ad
1456 3290 1826 3345 continendos

239 3377 477 3447 parietes,
509 3380 571 3433 in
603 3373 796 3432 medio
823 3374 1122 3432 structura:
1148 3378 1276 3448 poni
1305 3379 1466 3431 solet.
1500 3380 1824 3434 Notandum

243 3462 371 3534 quod
398 3466 451 3521 in
482 3467 633 3521 LXX
659 3465 1071 3537 Interpretibus
1117 3465 1373 3527 habetur,
1404 3467 1728 3523 Scarabaaus
1756 3469 1825 3523 de

240 3552 369 3623 ligno
382 3556 460 3609 cla
470 3556 930 3621 mabit,muscam
938 3557 1099 3625 juxta
1115 3556 1357 3609 litteram
1373 3556 1823 3628 designans,quze

240 3644 359 3696 solet
388 3644 444 3697 in
469 3644 765 3715 juncturis
796 3644 1075 3714 parietum
1106 3645 1163 3697 in
1193 3643 1376 3697 hieme
1400 3645 1486 3698 vel
1517 3645 1575 3698 in
1603 3651 1820 3716 tempe-

239 3736 361 3785 state
386 3733 559 3787 latere
587 3753 600 3800 ;
636 3738 704 3786 ut
723 3732 799 3786 sit
818 3749 1042 3786 sensus:
1076 3733 1256 3786 Etiam
1278 3750 1483 3787 muscae
1505 3734 1561 3788 in
1588 3734 1823 3787 forami-

230 3819 379 3898 nibus
406 3823 697 3892 lignorum
720 3821 1079 3885 abscondita,
1095 3829 1291 3876 contra
1311 3830 1466 3877 tuam
1499 3823 1820 3894 superbiam

239 3913 283 3961 et
306 3912 590 3965 avaritiam
621 3903 966 3965 clamabunt.

303 4017 325 4050 ε
354 3999 443 4054 Va:
492 4003 592 4071 qui
642 4000 883 4053 aediﬁcat
918 4000 1198 4053 civitatem
1244 4000 1299 4053 in
1346 4000 1734 4070 sanguinibus.
1767 4006 1825 4055 et

239 4086 490 4156 pmparat
517 4090 729 4143 urbem
751 4089 809 4142 in
832 4088 1184 4159 iniquitate.)
1206 4087 1404 4142 Adhuc
1424 4095 1621 4142 contra
1638 4088 1823 4144 Nabu-

236 4174 563 4233 chodonosor
596 4175 789 4232 sermo
837 4178 1171 4241 contexitur,
1214 4178 1377 4249 eique
1423 4179 1673 4232 dicitur:
1725 4178 1820 4232 Vae

241 4265 364 4333 quod
388 4267 716 4321 edicaverit
749 4266 1086 4337 llabylonem
1110 4267 1168 4320 in
1196 4266 1567 4337 sanguinibus
1588 4274 1645 4321 et
1668 4283 1821 4320 mor-

238 4352 382 4420 tibus,
415 4356 470 4411 et
494 4352 713 4411 muenia
743 4352 896 4410 illius
918 4356 974 4410 in
1004 4355 1301 4426 iniquitate
1330 4356 1724 4411 construxerit.

1908 3205 2075 3259 liatos
2104 3202 2396 3266 dimiserit,
2428 3208 2485 3255 et
2514 3201 2794 3272 quondam
2832 3200 3106 3270 gloriosos
3142 3199 3212 3252 ad
3241 3199 3503 3253 ultimam

1906 3291 2188 3362 redegerit
2217 3292 2562 3345 servitutem.
2583 3291 2700 3345 Hoc
2730 3295 2817 3343 est
2840 3290 2989 3343 enim
3021 3308 3046 3342 α
3071 3290 3318 3359 repletus
3343 3294 3448 3357 est,
3476 3308 3498 3339 ι

1907 3380 2174 3452 subaudis
2202 3380 2434 3435 amicus.

1982 3488 2007 3521 «
2043 3470 2359 3540 Ignominia
2374 3485 2474 3540 pro
2494 3468 2692 3539 gloria.
2719 3467 2858 3521 Bibe
2882 3473 2943 3521 tu
2970 3484 3192 3538 quoque
3223 3471 3280 3521 et
3306 3482 3505 3520 conso-

1903 3559 2044 3630 pire,
2078 3558 2449 3612 circumdabit
2464 3564 2518 3611 te
2549 3558 2689 3611 calix
2711 3557 2951 3611 dexterae
2982 3556 3221 3619 Domini,
3247 3561 3304 3609 et
3326 3555 3501 3608 vomi-

1903 3656 1996 3703 tus
2034 3648 2354 3718 ignominise
2380 3664 2549 3717 super
2575 3646 2812 3717 gloriam
2836 3652 2992 3700 tuam
3052 3664 3075 3697 δ)
3111 3644 3253 3711 Quia
3280 3643 3504 3714 (inquit)

1905 3738 2178 3807 plurimos
2215 3736 2525 3801 inebriasti,
2564 3734 2693 3788 bibe
2723 3741 2783 3789 tu
2816 3752 3038 3805 quoque
3076 3735 3145 3788 de
3182 3733 3351 3787 calice
3389 3733 3501 3786 Do-

1905 3827 2060 3881 mini.
2101 3824 2474 3879 lnebriaberis
2506 3825 2701 3888 calice,
2735 3824 2792 3877 id
2831 3830 2915 3877 est
2947 3822 3235 3894 suppliciis
3261 3821 3503 3875 dextera:

1905 3914 2146 3977 Domini,
2184 3921 2240 3967 et
2267 3914 2455 3967 omnia
2509 3929 2632 3981 qua:
2660 3910 3034 3965 absorbueras
3086 3927 3299 3981 egeres,
3347 3916 3405 3963 et
3433 3910 3501 3963 de

1905 4001 2133 4056 sublimi
2162 4001 2344 4071 gloria
2374 4001 2443 4053 ad
2474 4006 2725 4054 extrema
2741 4000 2932 4052 venies
2953 3999 3119 4051 mala.

1980 4110 2004 4142 «
2039 4089 2184 4154 Quia
2212 4089 2479 4160 iniquitas
2508 4088 2706 4143 Libani
2727 4089 2944 4158 operiet
2965 4094 3039 4141 te.
3075 4108 3096 4137 ι
3133 4084 3377 4140 Libanus
3399 4100 3499 4155 pro

1901 4180 2113 4250 templo
2152 4179 2399 4249 ponitur,
2435 4178 2580 4249 quod
2612 4178 2680 4231 de
2728 4178 2896 4248 lignis
2939 4176 3133 4231 Libani
3164 4175 3500 4230 aedificatum

1904 4262 2161 4323 estIHinc
2180 4268 2324 4321 alius
2356 4273 2629 4339 propheta
2659 4266 2791 4320 dicit
2825 4284 2869 4318 ζ(
2896 4265 3083 4337 Aperi,
3116 4264 3343 4327 Libane,
3370 4255 3501 4334 por-

1788 4354 1875 4427 ’.Δ
1906 4365 1993 4411 tas
2021 4364 2168 4412 tuas.
2207 4381 2230 4405 υ
2268 4357 2415 4411 Dicit
2444 4374 2576 4427 ergo
2608 4356 2754 4427 quod
2786 4355 3056 4426 iniquitas
3084 4352 3299 4418 Libani,
3334 4351 3389 4405 id
3416 4357 3504 4407 est

260 4404 382 4420 ίνῂτ
418 4404 470 4411 ’⁷
494 4404 713 4411 ““””’““”
743 4404 894 4410 ”’”“”’⁷
918 4404 974 4410 ⁷-⁷
1004 4404 1299 4426 ““““ι-·⁷“”
1334 4404 1509 4410 ⁷⁷’“⁷““
1528 4404 1724 4411 ’“““”’“’
1820 4404 1823 4405 ⁷
1910 4404 1991 4411 ““““’
2025 4404 2167 4412 "'"""
2219 4404 2223 4405 ⁷
2269 4404 2415 4411 ’⁷⁷⁷⁵⁷
2448 4404 2572 4427 ”0“⁷
2612 4404 2754 4427 Ὶ““⁷”“
2786 4404 3053 4426 “’“”’Ἰ““““””
3084 4404 3299 4418 —_'"""
3338 4404 3387 4405 7"
3427 4404 3500 4407 "'

254 4440 257 4441 ⁷
298 4436 319 4494 ό
342 4445 611 4516 Nunquid
632 4440 745 4498 non
772 4441 906 4507 haec,
942 4464 964 4495 ι
990 4444 1257 4499 subaudis
1277 4462 1400 4516 quae
1418 4446 1702 4512 dicuntur,
1729 4464 1753 4496 (ι
1786 4462 1821 4500 a
1838 4404 1887 4480 D
1906 4446 2118 4500 eversio
2146 4446 2341 4516 templi
2367 4451 2422 4499 et
2445 4446 2682 4499 vastatio
2698 4444 3022 4509 sanctuarii,
3047 4460 3172 4498 eum
3202 4442 3506 4513 depOpula-

232 4524 594 4605 _D_ominosunt
615 4533 964 4589 exercituum
988 4535 1011 4586 Ἰ
1040 4554 1063 4586 »
1098 4535 1225 4589 Non
1249 4534 1467 4605 (inquit)
1493 4535 1820 4589 attendatur

234 4616 449 4688 persona
476 4622 876 4695 loquentis,ne
902 4640 967 4677 ex
997 4623 1241 4678 utilitate
1271 4640 1523 4694 personae
1552 4630 1822 4693 putentur

234 4704 643 4766 contemnenda
662 4730 784 4766 esse
806 4702 929 4783 quae
958 4712 1240 4766 dicuntur.
1269 4712 1491 4767 Domini
1515 4713 1663 4766 enim
1686 4718 1819 4766 sunt

233 4799 378 4853 verba
405 4820 530 4872 quae
559 4819 597 4855 a.
624 4798 913 4873 prophetis
933 4790 1215 4855 dicuntur.
1241 4822 1262 4853 ς
1291 4800 1651 4855 Ιλειὺοταὺυηῐ
1666 4803 1816 4855 enim

233 4888 402 4958 pepuli
434 4889 494 4944 in
528 4889 715 4944 multo
742 4888 879 4959 igni,
913 4897 968 4943 et
994 4896 1192 4960 gentes
1219 4890 1278 4943 in
1305 4907 1561 4955 vacuum,
1595 4896 1651 4943 et
1678 4890 1817 4943 deti-

231 4974 374 5030 cient.
431 4999 453 5029 ι
497 4982 747 5037 Incensa.
793 4974 1097 5050 Babylone,
1138 4979 1348 5032 frustra
1391 4978 1731 5032 laborabunt
1758 4984 1821 5033 ut

234 5062 579 5134 exstinguant
611 5064 819 5135 ignem.
848 5069 905 5117 et
923 5065 1177 5118 nitentur
1195 5065 1253 5117 in
1274 5062 1531 5118 nihilum.
1549 5065 1821 5118 Deficient

232 5149 361 5204 enim
390 5154 588 5223 populi
616 5148 927 5218 'Chaldaici,
949 5159 1005 5207 et
1033 5152 1410 5215 lassahuntur,
1430 5169 1532 5206 nec
1550 5159 1818 5225 poterunt

233 5240 383 5293 semel
413 5259 720 5296 accensum
748 5243 937 5311 ignem
970 5242 1342 5311 exstinguere.
1402 5250 1407 5257 ‘

224 5398 227 5401 _
291 5330 427 5392 Quia
464 5330 786 5402 replebitur
808 5336 961 5384 terra
992 5341 1056 5385 ut
1094 5337 1392 5400 cognoscat
1435 5330 1673 5401 gloriam
1704 5332 1816 5386 Do-

236 5415 372 5479 mini,
405 5420 571 5490 quasi
596 5414 767 5490 aqua!
789 5418 1105 5491 aperientes
1137 5436 1310 5475 mare.
1348 5440 1369 5470 ι
1404 5418 1543 5474 Cum
1566 5420 1814 5492 Babylon

236 5502 385 5578 fuerit
411 5500 634 5573 eversa,
668 5505 957 5562 m'ani'feSta
988 5510 1083 5563 ﬁet
1111 5509 1371 5563 omnibus
1413 5510 1664 5580 potentia
1694 5512 1812 5577 Dei,

238 5595 285 5643 et
305 5594 444 5653 sicut
464 5614 636 5669 aqua
664 5590 897 5653 fundum
913 5591 1086 5653 maris
1114 5594 1525 5670 contegunt,sic
1552 5585 1816 5655 universa

1902 4536 2055 4590 bitur
2085 4542 2141 4590 et
2170 4535 2427 4589 vastabit.
2479 4536 2676 4590 Servat
2704 4542 2891 4588 autem
2925 4532 3334 4603 metaphoram,
3370 4530 3502 4600 quia

1902 4626 2177 4680 Libanum
2223 4642 2322 4696 pro
2367 4624 2576 4695 templo
2621 4625 2856 4687 dixerat,
2900 4622 3060 4693 ponit
3106 4620 3376 4674 animalia
3396 4635 3499 4689 pro

1902 4714 2190 4768 sacrificiis
2224 4720 2281 4767 et
2307 4713 2526 4777 hostiis,
2559 4712 2748 4766 dicens
2782 4730 2792 4763 :
2834 4732 2854 4761 ι
2896 4710 2971 4764 Et
3017 4710 3247 4762 vastitas
3275 4707 3494 4760 anima-

1900 4804 2061 4866 lium,
2096 4822 2120 4853 »
2146 4802 2203 4855 id
2219 4809 2303 4855 est
2323 4800 2632 4855 devastatio
2654 4799 3054 4853 sacriﬁciorum
3072 4814 3195 4868 quae
3214 4798 3271 4850 in
3287 4795 3499 4867 templo

1901 4890 2297 4955 offerebantur,
2335 4910 2357 4941 ι
2396 4887 2699 4942 deterrebit
2733 4904 2846 4950 eos,
2881 4907 2908 4941 »
2938 4886 2994 4940 id
3026 4892 3111 4940 est
3138 4885 3498 4957 Babylonios,

1902 4980 2032 5052 quia
2054 4980 2261 5050 injuria
2278 4978 2474 5048 templi
2502 4981 2557 5029 et
2577 4976 3000 5040 sacriﬁciorum,
3031 4964 3152 5046 quae
3176 4976 3296 5045 jam
3322 4990 3504 5027 cessa-

1903 5075 2099 5123 verant
2128 5068 2335 5133 otl'erri,
2371 5065 2649 5120 deterruit
2688 5081 2783 5118 eos
2811 5071 2869 5119 et
2904 5065 3165 5136 perdidit.
3201 5082 3226 5116 ς(
3259 5064 3340 5118 De
3368 5055 3501 5117 san-

1899 5158 2169 5227 guinibus
2198 5156 2508 5215 hominum,
2546 5172 2571 5206 ))
2607 5154 2661 5207 id
2694 5159 2779 5207 est
2806 5160 3033 5225 propter
3053 5152 3499 5207 interfectionem

1899 5246 2189 5299 hominum
2208 5265 2232 5296 α
2265 5250 2363 5298 et»
2393 5249 2620 5314 propter
2638 5262 2660 5293 ι
2686 5243 3043 5313 iniquitatem
3066 5248 3235 5296 terrae,
3262 5260 3288 5295 ιο
3314 5258 3504 5313 repro-

1898 5334 2183 5389 missionis
2216 5354 2236 5384 ι
2273 5339 2329 5387 et
2351 5332 2594 5386 civitatis
2626 5352 2650 5383 ››
2682 5332 3051 5386 Hierusalem.
3086 5352 3108 5383 α
3146 5333 3215 5386 Et
3243 5330 3495 5385 omnium

1897 5423 2269 5478 habitantium
2286 5423 2341 5475 in
2360 5422 2651 5475 eamluxta
2672 5421 3040 5492 tropologiam
3064 5419 3501 5490 increpabantur
3530 5422 3537 5429 ”

1892 5502 2163 5569 haeretici.
2197 5512 2346 5583 quod
2373 5528 2566 5565 omnes
2594 5510 2865 5564 inebrient
2899 5510 3105 5563 amaris
3142 5516 3197 5562 et
3226 5504 3497 5578 perversis

1895 5598 2273 5670 dogmatibus,
2313 5598 2512 5653 dantes
2540 5596 2745 5665 amico,
2777 5597 2836 5652 id
2864 5604 2951 5651 est
2971 5597 3120 5650 socio
3148 5594 3207 5647 in
3224 5594 3355 5657 ﬁne,
3388 5607 3492 5660 po-
