4062 6168
528 266 630 333 187

942 265 1328 324 HAYMONIS
1365 264 1857 323 HALBERSTAT.
1899 261 2124 323 EPISC.
2167 261 2327 319 OPP.
2360 264 2552 321 PARS
2586 268 2636 322 Ι.
2684 297 2740 309 -—
2783 267 3157 323 COMMENT.
3205 268 3382 324 BlBL.

3696 265 3801 330 188

523 396 645 448 tum
676 409 789 448 non
818 393 886 447 de
914 392 1069 446 fonte
1098 393 1272 460 Siloa,
1316 395 1368 448 id
1404 401 1485 448 est
1524 393 1701 465 missi,
1729 391 1936 446 Christi
1962 390 2179 451 vide-A
2203 390 2433 459 positos,
2460 399 2517 447 et
2542 394 2686 449 forte
2716 395 2996 452 fundatos.
3036 401 3099 450 ut
3138 413 3239 466 per
3263 413 3358 451 eos
3389 397 3721 466 judicentur
3749 400 3804 450 et

525 479 676 545 licet,
700 498 864 550 quem
889 482 1037 535 Deus
1059 482 1225 536 Pater
1243 485 1301 536 in
1321 483 1589 536 mundum
1615 480 1783 533 misit.
1802 479 1896 533 sed
1920 480 1988 531 de
2006 479 2118 530 rivo

525 568 752 641 Egypti
777 569 1133 624 tenebrarum
1161 579 1217 625 et
1248 570 1520 624 mmroris.
1555 570 1712 624 Unde
1744 574 1801 621 et
1822 568 1942 638 ipse
1974 568 2121 620 rivus

525 664 677 712 recte
708 658 851 721 Sior,
877 659 930 712 id
959 665 1044 733 est
1074 660 1333 714 turbidus
1363 666 1420 714 et
1444 675 1702 714 ccenosus
1732 662 1988 712 vocatur.
2024 657 2123 710 Di-

529 748 678 803 citur
696 765 838 819 ,ergo
859 748 1147 820 illis,quod
1166 749 1271 820 ipsi
1293 765 1517 820 quoque
1538 764 1638 819 pro
1665 746 1845 818 gloria
1875 743 2125 817 replendi

510 820 643 893 'sint
667 837 996 907 ignominia,
1029 855 1157 894 cum
1180 854 1373 892 eorum
1392 854 1656 908 perversa
1683 832 1938 890 doctrina
1960 833 2129 887 fuerit

517 926 794 992 .revelata,
820 933 877 981 et
902 927 1287 981 Ecclesiastica
1315 943 1553 981 censura
1581 926 1865 981 damnata.
1902 922 2131 994 Operiet

526 1021 714 1069 autem
747 1032 842 1071 eos
890 1015 1124 1071 vastitas
1162 1016 1381 1071 Libani.
1432 1016 1679 1071 Libanus
1717 1014 1923 1084 quippe
1949 1030 2126 1077 graece

524 1101 657 1157 thus
690 1102 910 1157 dicitur.
942 1104 1133 1158 Thure
1162 1121 1293 1158 vero
1325 1103 1603 1158 munditia
1642 1102 1911 1156 orationis
1942 1100 2123 1170 expri-

524 1179 717 1244 mitur.
750 1191 1002 1245 Vastitas
1023 1208 1156 1262 ergo
1180 1190 1378 1245 Libani
1399 1207 1495 1245 eos
1508 1190 1740 1262 operiet.
1771 1190 1903 1260 quia
1927 1206 2120 1241 eorum

524 1280 728 1345 oratio,
770 1280 918 1350 quod
950 1288 1037 1334 est
1065 1280 1303 1351 speciale
1345 1280 1445 1336 Dei
1489 1279 1845 1341 sacrificium,
1877 1282 2126 1331 vertetur

523 1366 637 1421 illis
666 1368 724 1421 in
753 1367 1196 1433 damnationem,
1221 1370 1381 1439 juxta
1398 1369 1545 1440 quod
1577 1367 1879 1422 Psalmista
1896 1366 1965 1419 de
1980 1366 2125 1420 Juda

526 1457 665 1513 dixit
696 1474 706 1509 :
750 1477 770 1507 ι
811 1456 1005 1511 Oratio
1026 1458 1150 1527 ejus
1181 1458 1280 1512 ﬁat
1308 1458 1364 1512 in
1393 1464 1703 1528 peccatum.
1743 1474 1765 1507 ι

604 1567 627 1594 ι
652 1543 795 1610 Quid
821 1544 1051 1615 prodest
1071 1545 1346 1615 sculptile,
1378 1544 1509 1615 quia
1542 1541 1775 1615 sculpsit
1798 1543 1937 1597 illud
1968 1544 2127 1596 ﬁctor

526 1650 681 1697 suus,
715 1634 1017 1699 conﬂatile,
1051 1640 1105 1687 et
1136 1634 1439 1704 imaginem
1471 1634 1691 1693 falsam.
1723 1632 1853 1704 quia
1882 1631 2129 1703 speravit

525 1811 765 1865 Miratur
793 1812 1065 1883 propheta
1086 1813 1235 1882 regis
1257 1810 1774 1866 Nabuchodonosor
1800 1810 2118 1874 stultitiam,

526 1899 622 1969 qui
635 1900 657 1970 j
668 1904 889 1953 usserat
904 1899 1025 1952 ﬁeri
1045 1906 1289 1955 statuam
1306 1917 1533 1954 auream
1564 1898 1776 1953 habens
1789 1898 2047 1951 ﬁduciam
2067 1898 2123 1951 in

524 1987 826 2042 simulacro
876 1989 1026 2058 quod
1057 1990 1311 2045 ﬁnxerat.
1346 2005 1471 2043 cum
1511 1988 1707 2057 utique
1746 1987 1880 2040 nihil
1914 1986 1964 2040 ei
2002 2003 2127 2057 pro-

526 2076 688 2130 desse
718 2083 925 2147 posset.
959 2077 1114 2130 Inter
1135 2076 1393 2147 sculptile
1417 2083 1475 2131 et
1497 2075 1778 2129 conﬂatile
1798 2075 1901 2128 hoc
1930 2074 2122 2136 distat,

528 2166 661 2237 quia
686 2164 945 2236 sculptile
970 2170 1056 2218 est
1073 2165 1208 2236 ligni
1240 2167 1323 2218 vel
1348 2162 1666 2228 marmoris,
1697 2163 1979 2217 conflatile
1999 2179 2127 2216 vero

527 2254 908 2319 metallorum,
926 2270 1048 2323 qua:
1064 2259 1299 2323 possunt
1318 2253 1455 2321 solvi
1485 2253 1615 2323 igne
1642 2258 1698 2306 et
1722 2252 2127 2322 conflari,quod

526 2358 640 2397 non
666 2341 849 2396 solum
880 2341 949 2395 de
974 2339 1305 2404 idololatris,
1338 2342 1435 2395 sed
1469 2348 1526 2395 et
1555 2342 1624 2395 de
1649 2340 1926 2395 haereticis
1955 2340 2129 2410 accipi

526 2437 732 2504 potest,
756 2447 995 2502 quorum
1021 2431 1302 2501 sculptilis
1330 2436 1463 2485 sunt
1494 2447 1663 2501 prava
1691 2430 1973 2500 dogmata,
2004 2446 2128 2499 quae

525 2519 634 2591 ipsi
654 2520 997 2590 conﬁngunt,
1014 2525 1070 2573 et
1084 2536 1185 2592 pro
1202 2520 1437 2574 veritate
1456 2526 1795 2574 venerantur
1815 2525 1871 2573 et
1889 2519 2129 2573 adorant

524 2608 849 2663 falsitatem.

602 2717 623 2748 ι
654 2698 749 2752 Vae
781 2697 876 2769 qui
907 2697 1043 2752 dicit
1072 2698 1223 2769 ligno
1244 2717 1255 2751 :
1274 2698 1673 2768 Expergiscere
1697 2716 1709 2765 ;
1736 2698 1934 2766 Surge,
1953 2694 2125 2766 lapidi

525 2787 756 2842 tacenti.
789 2787 1059 2858 Nunquid
1086 2788 1206 2858 ipse
1226 2789 1430 2842 docere
1451 2787 1696 2859 poterit?
1715 2806 1735 2837 ι
1760 2787 1875 2840 Hoc
1895 2801 2127 2856 genera-

524 2876 658 2941 liter
685 2876 957 2933 adversus
984 2893 1179 2931 omnes
1210 2877 1416 2930 dicitur
1445 2876 1539 2947 qui
1568 2876 1717 2929 idola
1754 2880 2116 2931 venerantur.

524 2965 621 3020 Vae
652 2965 800 3019 enim
848 2972 1123 3020 aeternum
1165 2962 1273 3020 erit
1302 2965 1352 3019 ei
1396 2966 1491 3035 qui
1538 2964 1832 3019 materiem
1874 2963 2011 3034 ligni
2043 2962 2124 3016 vel

2206 480 2511 547 puniantur
2555 492 2890 551 peccatores,
2942 501 3092 538 nunc
3136 485 3253 553 agit
3302 474 3715 555 pmnitentiam,
3746 491 3805 539 et

2203 568 2419 638 plangit
2448 571 2595 639 quod
2636 576 2846 627 temere
2874 574 2947 627 sit
2997 573 3232 639 locutus,
3262 575 3550 644 poscitque
3581 574 3804 629 veniam

2205 657 2557 726 ignomntite,
2585 666 2643 715 et
2670 661 2774 715 hoc
2799 668 2887 716 est
2905 663 3052 732 quod
3075 662 3414 722 scribituriu
3445 663 3666 728 titulo,c
3692 663 3806 719 Pro

2206 745 2551 816 ignorantiis.
2586 766 2611 801 ι
2648 749 2789 804 Nam
2822 756 2878 804 et
2907 748 3079 805 David
3106 757 3271 821 rogat
3295 753 3615 815 Dominum,
3645 772 3667 802 ε
3698 750 3809 808 De-

2206 833 2341 889 licta
2360 837 2670 905 juventutis
2698 855 2835 895 meae
2860 844 2918 893 et
2946 840 3290 910 ignorantias
3319 857 3472 895 meas
3503 857 3576 895 ne
3603 841 3809 899 memi-

2209 924 2380 981 neris.
2432 944 2455 976 ι
2503 926 2743 990 Quidam
2775 935 2978 998 putant
3024 930 3129 984 hoc
3174 930 3321 1000 quod
3361 929 3588 994 dicitur,
3636 948 3661 981 σ
3694 928 3808 983 Pro

2209 1010 2563 1081 ignorantiis,
2619 1035 2644 1065 υ
2696 1015 2800 1070 hoc
2841 1017 3137 1070 ostendere
3182 1015 3329 1088 quod
3376 1017 3654 1088 propheta
3681 1022 3811 1070 oret

2208 1100 2386 1154 Deum
2418 1118 2518 1172 pro
2549 1103 2813 1158 humanis
2854 1105 3138 1160 erroribus
3167 1112 3224 1160 et
3250 1105 3589 1176 ignorantia,
3622 1112 3686 1161 ut
3715 1122 3811 1161 su-

2207 1185 2359 1241 blata
2388 1190 2594 1243 erroris
2622 1191 2879 1261 caligine,
2913 1192 3006 1247 lux
3027 1210 3154 1247 vera
3192 1200 3460 1264 patescat.

2825 1281 3057 1336 CAPUT
3084 1280 3163 1336 IIl
3176 1322 3189 1334 .

2285 1385 2306 1414 ι
2339 1365 2594 1430 Domine,
2627 1368 2814 1421 audivi
2860 1370 3202 1425 auditionem
3247 1377 3425 1437 tuam,
3459 1376 3518 1425 et
3561 1370 3751 1425 timui.
3780 1391 3807 1424 θ

2207 1453 2563 1508 Auditionem
2596 1454 2733 1510 dicit
2758 1474 2944 1511 vocem
2976 1475 3142 1529 quam
3165 1459 3505 1513 intrinsecus
3530 1458 3590 1512 in
3618 1464 3812 1513 mente

2208 1538 2492 1596 audiebat.
2524 1544 2658 1598 Tale
2690 1551 2776 1599 est
2802 1546 2941 1599 illud
2968 1540 3127 1601 Isaia!
3156 1564 3201 1599 τε
3230 1547 3487 1611 Domine,
3521 1547 3646 1616 quis
3683 1563 3813 1601 cre-

2208 1629 2353 1685 didit
2381 1631 2599 1686 auditui
2650 1635 2887 1687 nostro?
2919 1654 2941 1685 »
2995 1642 3053 1688 et
3090 1634 3242 1700 alibi,
3277 1656 3299 1686 ι
3336 1635 3608 1688 Dominus
3657 1636 3812 1689 Deus

418 1742 424 1748 ί
525 1722 583 1776 in
612 1723 883 1792 ﬁgmento
904 1720 1066 1776 ﬁctor
1094 1724 1305 1793 ejus,ut
1334 1722 1543 1776 faceret
1562 1722 1862 1776 simulacra
1893 1720 2110 1774 muta?-
2141 1738 2188 1797 B
2208 1720 2433 1789 aperuit
2464 1721 2598 1774 mihi
2620 1739 2834 1777 aurem.
2876 1741 2935 1775 η
2954 1724 3211 1790 Domine,
3239 1723 3426 1777 audivi
3458 1723 3811 1778 auditionem

2206 1813 2383 1861 tuam.
2422 1828 2447 1858 η
2491 1810 2691 1864 Audivi
2732 1811 2962 1881 (inquit)
2993 1829 3130 1866 aure
3178 1811 3381 1866 mentis
3425 1828 3637 1882 poenas,
3667 1828 3814 1881 quas

2207 1893 2725 1953 Nabuchodonosor
2753 1902 2838 1955 vel
2866 1899 3351 1972 diabolo,ejusque
3381 1901 3647 1954 membris
3662 1918 3814 1972 prae-

2206 1986 2439 2058 parasti,
2472 1995 2528 2041 et
2556 1988 2855 2060 quinquies
2890 2008 2968 2046 va:
3006 1991 3116 2044 illis
3136 1997 3405 2044 aeternum
3431 1990 3813 2044 comminatus

2210 2090 2289 2128 es.
2328 2094 2353 2127 α
2387 2077 2456 2130 Et
2483 2077 2669 2141 timui,
2704 2100 2731 2130 ››
2765 2080 3143 2134 secretissima
3161 2078 3373 2149 judicia
3399 2085 3517 2132 tua.

2285 2182 2308 2213 (ι
2343 2165 2599 2229 Domine,
2641 2182 2781 2237 opus
2810 2173 2992 2233 tuum,
3028 2186 3053 2220 υ
3086 2166 3355 2222 subaudis
3376 2166 3598 2233 audivi;
3632 2165 3689 2220 id
3723 2172 3813 2221 est

2210 2253 2543 2323 mysterium
2572 2254 2974 2310 incarnationis
3000 2256 3301 2326 tuae,0pus
3322 2254 3472 2308 enim
3500 2254 3599 2308 Dei
3614 2262 3722 2315 est,
3746 2261 3812 2310 ut

2212 2338 2408 2396 beatus
2438 2343 2784 2413 Augustinus
2797 2344 2966 2398 dicit:
2993 2343 3239 2398 Verbum
3261 2360 3391 2397 caro
3408 2343 3811 2408 factum.Quod

2209 2431 2381 2484 etiam
2419 2428 2489 2486 de
2538 2434 2945 2487 resurrectione
2987 2434 3110 2504 ejus
3156 2436 3343 2504 potest
3368 2432 3564 2502 accipi.
3597 2428 3812 2485 Audivi

2212 2519 2436 2590 (inquit)
2470 2537 2611 2591 opus
2652 2529 2832 2586 tuum,
2867 2528 2931 2575 ut
2969 2522 3065 2592 qui
3114 2522 3255 2575 mori
3297 2521 3561 2591 dignatus
3607 2537 3666 2574 es
3706 2536 3811 2589 pro

2208 2608 2388 2671 nobis,
2423 2604 3046 2679 resurgasamortuism'
3078 2610 3139 2663 In
3172 2610 3355 2663 medio
3380 2624 3658 2662 annorum
3676 2606 3812 2661 vivi-

2209 2700 2312 2751 ﬁca
2340 2696 2500 2759 illud,
2537 2719 2562 2750 »
2597 2698 2701 2751 hoc
2730 2704 2832 2763 est,
2865 2700 2923 2751 in
2944 2698 3294 2768 plenitudine
3322 2697 3597 2768 temporis
3635 2695 3814 2767 imple

2209 2787 2358 2858 quod
2402 2787 2683 2859 pollicitus
2713 2804 2791 2840 es.
2835 2788 2920 2841 Tu
2969 2787 3120 2841 enim
3160 2787 3389 2841 dixisti.
3422 2786 3621 2841 Adhuc
3654 2785 3810 2839 visus

2208 2875 2421 2945 procul,
2457 2882 2514 2928 et
2542 2875 2835 2947 apparebit
2881 2876 2939 2928 in
2981 2877 3171 2929 ﬁnem.
3213 2873 3357 2946 Ergo
3405 2892 3533 2928 cum
3580 2880 3811 2945 tempus

2208 2964 2345 3017 illud
2398 2964 2547 3035 quod
2594 2965 2960 3018 constitutum
3007 2971 3094 3018 est
3123 2981 3156 3018 a
3205 2971 3280 3031 te,
3312 2966 3546 3026 venerit,
3588 2952 3811 3017 viviﬁca

528 3053 754 3124 lapidis,
806 3054 920 3108 sive
978 3056 1365 3124 cujuscunque
1395 3054 1607 3108 metalli
1636 3070 1737 3124 pro
1758 3053 1861 3106 deo
1887 3052 2035 3113 colit,
2071 3057 2129 3104 et
2149 3043 2345 3106 Cillud
2377 3069 2518 3122 opus
2547 3058 2730 3119 tuum,
2761 3058 2825 3106 ut
2849 3069 2960 3106 non
2981 3052 3257 3106 moriatur
3292 3069 3477 3106 sermo
3504 3056 3658 3118 tuus,
3705 3049 3806 3105 sed

525 3141 791 3196 invocans
812 3142 949 3196 dicit
982 3161 1029 3196 τα
1054 3143 1463 3214 Expergiscere,
1498 3161 1525 3194 ι
1549 3160 1676 3197 cum
1706 3144 1887 3197 forma
1902 3148 2123 3196 tantum

526 3230 603 3285 sit
626 3231 1115 3287 inanimata.Nam
1135 3228 1289 3286 eidos
1310 3232 1501 3287 Graece
1532 3232 1617 3286 vel
1643 3232 1789 3298 idea,
1819 3232 2000 3286 forma
2036 3230 2122 3284 di-

527 3317 676 3374 citur
710 3337 721 3372 :
767 3319 899 3373 inde
936 3320 1270 3374 diminutive
1313 3320 1544 3385 idolum,
1589 3320 1831 3375 formula
1858 3326 2113 3376 vocatur.

526 3407 793 3478 Nunquid
825 3408 943 3478 ipse
963 3408 1107 3478 lapis
1128 3425 1294 3479 quem
1328 3408 1572 3474 invocas,
1606 3408 1806 3464 docere
1832 3414 1887 3461 te
1918 3407 2126 3478 poterit

526 3501 585 3549 et
602 3496 903 3568 praedicere
924 3504 1159 3550 ventura
1181 3498 1202 3549 ?
1231 3518 1251 3547 ε
1280 3498 1416 3551 Ecce
1438 3498 1543 3550 iste
1573 3504 1867 3568 coopertus
1888 3503 1973 3550 est
1986 3512 2124 3549 auro

527 3582 584 3640 et
612 3593 868 3657 argento.
903 3606 927 3639 »
952 3586 1133 3650 Quasi
1167 3586 1514 3640 ostendentis
1545 3592 1655 3640 est:
1682 3586 1819 3640 Ecce
1849 3586 1951 3639 iste
1981 3583 2124 3655 lapis

528 3690 695 3745 quem
721 3674 942 3735 adoras,
975 3691 1007 3728 ο
1037 3674 1355 3738 idololatra,
1402 3680 1697 3746 coopertus
1724 3684 1810 3728 est
1835 3680 1892 3728 et
1919 3672 2125 3727 oblitus

528 3779 689 3817 auro.
747 3781 772 3817 α
804 3763 873 3817 Et
901 3762 1085 3817 omnis
1131 3764 1383 3835 spiritus,
1429 3780 1457 3817 ι
1506 3764 1563 3817 id
1597 3770 1682 3817 est
1723 3764 1892 3817 ﬂatus
1918 3762 2121 3827 vitalis,

531 3868 559 3904 ι
586 3868 697 3906 non
720 3857 805 3906 est
823 3852 880 3906 in
912 3852 1216 3907 visceribus
1235 3853 1378 3923 ejus,
1415 3872 1437 3903 ι
1468 3852 1522 3905 id
1545 3859 1630 3906 est
1646 3852 1777 3905 idoli
1799 3852 1881 3905 vel
1903 3850 2121 3922 lapidis.

604 3959 629 3991 «
653 3940 925 3995 Dominus
941 3948 1152 4005 autem,
1187 3960 1209 3991 ι
1243 3957 1408 4012 quem
1443 3941 1555 3994 veri
1586 3941 1913 3994 adoratores
1929 3940 2126 3993 adora-

528 4045 677 4094 mus,
701 4046 725 4077 (ι
752 4029 810 4083 in
837 4029 1048 4100 templo
1077 4036 1270 4083 sancto
1296 4046 1417 4083 suo.
1444 4028 1665 4084 Sileata
1694 4028 1835 4083 facie
1864 4030 1986 4100 ejus
2002 4046 2125 4083 om-

522 4118 615 4172 nis
652 4124 824 4172 terra.
862 4138 881 4168 ι
907 4119 1033 4173 Non
1060 4118 1122 4171 in
1149 4118 1468 4173 manufacto
1490 4118 1758 4172 subaudis
1774 4117 2003 4188 templo,
2028 4118 2123 4171 sed

527 4206 616 4258 vel
657 4205 715 4258 in
760 4204 933 4268 cadis,
984 4205 1069 4257 vel
1105 4205 1164 4257 in
1210 4221 1549 4275 unoquoque
1590 4212 1934 4268 sanctorum,
1962 4204 2124 4276 juxta

526 4294 858 4365 Apostolum
888 4291 1165 4345 dicentem
1193 4310 1204 4344 :
1243 4313 1265 4343 «
1299 4292 1391 4346 Αη
1433 4295 1662 4347 nescitis
1698 4295 1959 4366 quoniam
1987 4301 2124 4348 tem-

527 4380 684 4452 plum
711 4370 811 4435 Dei
834 4379 986 4442 estis,
1016 4384 1072 4432 et
1115 4375 1358 4455 Spiritus
1400 4380 1500 4434 Dei
1531 4381 1750 4436 habitat
1776 4382 1835 4436 in
1864 4383 2062 4437 vobis?
2097 4403 2118 4433 ι

531 4464 659 4524 Sive
702 4485 727 4520 α
779 4467 1055 4522 Dominus
1084 4465 1142 4521 in
1191 4467 1404 4537 templo
1440 4476 1632 4524 sancto
1674 4487 1796 4530 suo.
1835 4491 1854 4514 ι
1885 4471 1990 4525 hoc
2018 4478 2123 4537 est,

529 4556 703 4612 Filius
723 4557 781 4610 in
810 4556 1005 4610 Patre:
1030 4555 1116 4609 vel
1144 4573 1169 4607 «
1192 4554 1251 4608 in
1272 4557 1482 4627 templo
1499 4574 1621 4622 suo,
1644 4580 1665 4608 ιν
1687 4556 1745 4612 in
1761 4559 2124 4614 universitate

527 4646 724 4701 mundi
755 4643 1054 4701 continens
1085 4650 1141 4699 et
1169 4661 1372 4716 regens
1405 4647 1613 4711 omnia.
1654 4667 1675 4698 ε
1718 4648 1783 4702 In
1822 4648 1944 4719 ipso
1974 4648 2123 4702 enim

526 4736 787 4805 vivimus,
818 4749 1130 4799 movemur,
1163 4739 1221 4788 et
1249 4740 1463 4788 sumus.
1503 4755 1525 4785 ι
1579 4734 1678 4790 Est
1711 4754 1844 4807 ergo
1888 4738 2037 4792 Deus
2064 4738 2125 4793 in

526 4824 758 4891 mundo,
786 4840 899 4878 non
927 4822 1047 4877 loco
1073 4822 1342 4891 inclusus,
1373 4823 1469 4877 sed
1501 4841 1602 4878 sua
1624 4826 1915 4895 majestate
1934 4827 2120 4881 illoca—

525 4913 659 4966 liter
706 4913 944 4983 impleas
999 4913 1209 4980 omnia,
1252 4930 1484 4969 currens
1513 4931 1614 4985 per
1639 4916 1846 4978 omnia,
1882 4918 2119 4971 circum-

524 5003 776 5073 plectens
803 5001 1010 5054 omnia.

604 5109 633 5144 α
649 5090 842 5144 Oratio
864 5089 1130 5144 IIabacuc
1144 5093 1428 5163 prOphetae
1452 5109 1552 5163 pro
1578 5090 1959 5163 igno'rantiis.»
1983 5093 2126 5158 Quia

529 5195 700 5251 supra
729 5184 943 5232 temere
962 5187 1226 5233 causatus
1252 5178 1438 5234 fuerat
1457 5197 1582 5234 cum
1608 5181 1862 5243 Domino,
1890 5182 2082 5237 dicens
2109 5203 2120 5236 :

532 5265 1407 5337 «USquequo,Domine,clamabo
1423 5276 1600 5322 etnon
1621 5270 1902 5336 exaudies,
1916 5278 2128 5342 selpost

533 5372 730 5428 pauca,
761 5374 785 5407 α
804 5355 990 5420 Quare
1012 5372 1121 5408 non
1138 5356 1366 5427 respicis
1386 5374 1556 5427 supra
1575 5359 1771 5429 iniqua
1803 5366 2066 5430 agentes;
2096 5380 2122 5413 »

531 5444 788 5498 audierat
829 5460 1051 5515 quoque
1080 5444 1383 5499 Dominum
1414 5447 1866 5516 respondentem,
1899 5457 1956 5503 et
1979 5451 2126 5505 didi-

535 5538 693 5587 cerat
717 5531 1235 5597 Nabuchodonosor
1280 5533 1367 5587 vel
1412 5533 1583 5587 etiam
1615 5534 1900 5591 diabolum
1921 5538 1994 5591 ad
2020 5539 2128 5594 hoc

2207 3158 2375 3212 Opere
2401 3141 2757 3212 impleatur.«
2783 3138 2849 3194 In
2870 3140 3053 3196 medio
3064 3158 3341 3195 annorum
3361 3147 3557 3194 notum
3572 3136 3803 3194 facies.)

2206 3229 2344 3284 Cum
2379 3230 2592 3284 venerit
2616 3235 2918 3302 tempus,et
2931 3247 3101 3302 opera
3119 3228 3393 3301 promissa
3411 3229 3806 3300 compleveris,

2204 3327 2339 3373 tunc
2369 3316 2709 3374 monstrabis
2737 3336 2868 3373 vera
2891 3336 3013 3373 esse
3054 3337 3176 3390 quae
3210 3318 3492 3390 pollicitus
3528 3335 3643 3372 es.«
3660 3318 3807 3373 Cum

2206 3408 2384 3463 iratus
2400 3409 2591 3475 fueris,
2626 3407 3438 3481 misericordia:recordaberis,
3463 3428 3488 3459 »
3512 3424 3627 3461 non
3651 3404 3804 3478 quod

2206 3492 2355 3551 Deus
2384 3515 2539 3552 more
2568 3498 2814 3552 humano
2844 3498 2899 3551 in
2932 3498 3016 3551 ira
3035 3497 3412 3559 obliviscatur,
3429 3502 3481 3550 et
3512 3503 3640 3566 post
3658 3497 3805 3549 iram

2208 3586 2603 3640 misericordia:
2620 3584 3063 3650 recordetur,sed
3084 3587 3231 3658 quod
3242 3584 3403 3639 nobis
3423 3585 3478 3639 in
3500 3585 3808 3639 afﬂictione

2208 3675 2421 3746 positis,
2437 3676 2657 3729 videtur
2693 3675 2960 3741 oblivisci,
2993 3692 3119 3729 cum
3150 3691 3260 3728 non
3285 3675 3394 3728 cito
3421 3674 3810 3729 laborantibus

2208 3764 2507 3831 succurrit,
2543 3764 2688 3818 sicut
2733 3763 3035 3819 Psalmista
3086 3763 3147 3816 in
3201 3761 3566 3817 tribulatione
3616 3762 3806 3816 dicit:

2213 3873 2235 3903 ι
2270 3852 2589 3923 Usquequo,
2626 3852 2881 3917 Domine,
2907 3851 3247 3906 Oblivisceris
3268 3851 3325 3904 in
3337 3851 3506 3904 ﬁnem
3522 3848 3581 3902 ‘h
3604 3849 3812 3905 Simul-

2210 3958 2318 4013 que
2366 3941 2775 3995 considcranda
2827 3946 2914 3995 est
2965 3938 3066 3995 Dei
3106 3939 3431 3995 clementia.
3470 3939 3598 3993 Non
3646 3939 3804 3999 dicit,

2209 4031 2513 4101 Postquam
2542 4047 2735 4101 pmnas
2762 4030 3115 4101 irrogaveris,
3142 4029 3239 4083 sed
3264 4050 3289 4079 ι(
3307 4029 3447 4082 Cum
3494 4026 3674 4081 iratus
3690 4027 3808 4082 fue-

2208 4122 2305 4183 ris,
2338 4119 2734 4175 misericordize
2764 4118 3167 4172 recordaberis.
3196 4138 3218 4168 »
3245 4118 3369 4172 Non
3401 4116 3549 4170 enirn
3579 4133 3810 4188 semper

2208 4208 2467 4277 percutit,
2492 4209 2586 4279 qui
2615 4207 2898 4273 irascitur,
2932 4207 3027 4260 sed
3059 4205 3451 4261 tantummodo
3494 4205 3807 4259 commina-

2207 4302 2320 4349 tur.
2339 4296 2473 4350 Tale
2484 4303 2577 4350 est
2592 4302 2648 4350 et
2666 4295 2801 4350 illud
2819 4296 3069 4367 Apostoli
3087 4284 3105 4348 ί
3121 4316 3141 4346 ι
3170 4296 3470 4349 Revelatur
3486 4295 3571 4347 ira
3586 4294 3689 4347 Dei
3710 4306 3808 4348 su-

2208 4400 2309 4454 per
2338 4401 2561 4438 omnem
2584 4384 2930 4455 impietatem
2954 4384 3263 4438 hominum.
3286 4382 3619 4437 rRevelatur
3642 4382 3803 4449 dixit,

2208 4488 2319 4526 non
2352 4472 2595 4527 infertur
2627 4490 2639 4524 :
2675 4473 2770 4526 sed
2798 4474 3077 4527 revelatur
3096 4478 3159 4526 ut
3190 4476 3421 4535 terreat,
3456 4474 3513 4524 et
3536 4470 3809 4525 correctis

2207 4567 2419 4632 parcat.
2451 4561 2579 4615 Alia
2605 4561 2901 4615 translatio
2921 4561 3089 4615 dicit:
3116 4562 3176 4614 In
3210 4560 3393 4614 medio
3420 4558 3662 4613 duorum
3688 4559 3809 4612 ani-

2208 4651 2439 4704 malium
2470 4649 2841 4720 cognosceris.
2875 4649 3009 4713 Quae
3037 4646 3148 4702 duo
3165 4646 3452 4713 animalia,
3481 4646 3687 4701 Filium
3707 4648 3807 4702 Dei

2209 4748 2266 4793 et
2295 4740 2567 4810 Spiritum
2592 4744 2845 4792 sanctum
2878 4738 3287 4807 cognoscimus.
3313 4732 3446 4800 Quae
3476 4735 3648 4790 etiam
3681 4736 3808 4790 ani-

2201 4826 2377 4882 malia
2409 4832 2611 4898 putant
2625 4843 2749 4880 esse
2778 4826 2889 4880 duo
2918 4826 3309 4896 cherubin,qui
3333 4830 3527 4879 mutuo
3545 4840 3607 4878 se
3628 4824 3808 4897 respi-

2202 4916 2379 4979 ciunt,
2410 4917 2467 4968 et
2493 4915 2553 4968 in
2585 4914 2767 4967 medio
2798 4915 2885 4968 sui
2916 4913 3127 4967 habent
3151 4914 3439 4968 oraculum
3469 4912 3584 4967 sive
3615 4914 3811 4985 prOpi-

2205 5003 2516 5058 tiatorium.
2553 5001 2791 5068 Quidam
2819 5001 2930 5057 duo
2975 5002 3241 5056 animalia
3285 4991 3488 5073 putant
3514 5018 3639 5055 esse
3668 5001 3813 5057 duos

2206 5094 2477 5160 latrones,
2507 5092 2563 5144 in
2593 5107 2831 5162 quorum
2860 5088 3041 5144 medio
3063 5091 3359 5146 crucifixus
3383 5096 3439 5145 et
3466 5091 3696 5162 agnitus
3720 5076 3814 5146 est

2209 5181 2501 5235 Dominus.
2536 5176 2802 5234 Nonnulli
2843 5179 2954 5233 duo
3002 5178 3268 5233 animalia
3301 5180 3499 5233 dicunt
3544 5196 3669 5233 esse
3701 5180 3811 5233 duo

2208 5272 2586 5333 Testamenta,
2619 5269 2794 5321 Vetus
2821 5274 2879 5322 et
2906 5270 3144 5335 Novum,
3177 5286 3299 5340 quae
3326 5269 3577 5322 animata
3607 5275 3665 5323 et
3696 5270 3815 5324 visa

2209 5367 2360 5426 sunt,
2394 5363 2451 5413 et
2480 5359 2535 5411 in
2566 5372 2805 5427 quorum
2834 5357 3019 5412 medio
3042 5358 3299 5413 Christus
3328 5357 3815 5428 agnoscitur.Plu-

2208 5466 2297 5504 res
2328 5449 2558 5519 Moysen
2582 5453 2639 5500 et
2666 5447 2844 5500 Eliam
2860 5446 3198 5518 intelligunt,
3212 5447 3363 5502 inter
3381 5464 3521 5520 quos
3538 5446 3815 5502 Dominus

2207 5539 2267 5607 in
2295 5545 2486 5594 monte
2515 5537 2948 5613 transﬁguratus
2979 5536 3260 5610 apparuit.
