4062 6168
1228 266 1649 323 ΕΝΑΒΒΑΤῙΟ
1683 265 1766 321 ΙΝ
1804 266 2147 323 ΗᾹΒᾹΟῘΙΟ
2182 266 2644 324 ΡΠΟΡΗΒΊΑΠ.

3468 257 3574 320 100

353 411 376 438 ι
409 390 562 444 Deus
590 390 877 444 abaustro
906 389 1145 444 veniat.»
1176 388 1324 445 Sunt
1360 391 1455 460 qui
1491 392 1596 444 hoc
1627 391 1774 461 quod
1805 391 1886 443 di.
1905 396 1946 450 Α
1971 392 2195 446 Comm
2217 402 2355 463 ergo
2382 393 2441 446 in
2468 390 2732 446 manibus
2759 392 2942 453 erant,
2963 388 3099 459 quia
3124 387 3259 441 licet
3283 362 3573 457 pateretur

286 478 441 532 titur.
481 500 507 529 ι
544 480 699 533 Deus
735 479 807 532 ab
836 486 1037 533 anstro
1067 479 1270 537 veniet,
1311 499 1332 527 ι
1362 480 1692 543 Bethlehem
1718 478 1885 532 velint

285 568 538 637 intelligi,
565 585 690 638 quae
718 568 777 621 in
806 568 1040 621 australi
1064 575 1222 638 parte
1248 568 1356 622 sita
1380 576 1490 636 est,
1514 575 1571 622 et
1602 569 1657 622 in
1681 586 1789 639 qua
1813 570 1886 623 ci-

286 656 446 710 vitate
466 662 640 710 natus
660 662 752 710 est
770 657 1045 710 Christus.
1071 681 1086 705 ι
1118 658 1186 711 Et
1203 663 1430 711 sanctus
1450 658 1519 711 de
1541 664 1730 712 monte
1744 658 1884 712 Plin.

284 740 397 798 tan.
430 765 459 795 ι
490 744 719 799 Pharan
742 754 931 798 autem
956 758 1119 798 mons
1147 751 1233 798 est
1251 745 1469 800 vicinus
1505 746 1680 800 monti
1706 746 1879 809 Sinai,

284 832 334 887 in
361 848 471 903 quo
493 834 584 887 lex
611 834 747 887 data
769 840 874 890 est.
900 834 1035 887 Inde
1051 834 1259 888 dicitur
1280 836 1468 889 venire
1488 835 1886 906 Sanctus,quia

283 934 374 994 per
395 922 580 992 legem
613 927 699 976 est
726 922 970 993 cognitio
1000 922 1121 976 Dei.
1144 923 1263 976 Hoc
1298 924 1463 993 juxta
1485 924 1754 980 litteram.
1786 925 1885 978 Vel

287 1027 314 1063 ι
342 1011 493 1064 Deus
522 1010 594 1064 ab
619 1017 815 1065 austro
840 1011 1039 1073 veniet,
1075 1032 1096 1060 ι
1127 1011 1183 1064 id
1211 1017 1298 1065 est
1324 1029 1358 1066 a
1387 1012 1639 1073 meridie,
1668 1012 1741 1067 ab
1772 1013 1883 1066 illis

284 1098 533 1154 videlicet
562 1100 658 1170 qui
686 1106 822 1154 sunt
852 1100 953 1153 ﬁlii
982 1100 1121 1153 lucis
1150 1106 1207 1153 et
1236 1100 1369 1154 diei.
1407 1103 1453 1155 Α
1480 1101 1719 1156 meridie
1747 1119 1881 1170 ergo

284 1188 457 1241 veniet
484 1188 778 1250 Daminus,
803 1194 861 1242 et
889 1189 1294 1258 esspectandus
1321 1194 1408 1243 est
1434 1189 1506 1243 iis
1530 1191 1623 1261 qui
1659 1196 1793 1244 sunt
1824 1191 1880 1244 in

283 1277 492 1330 fervore
523 1277 841 1331 dilectionis
867 1283 924 1331 et
953 1278 1100 1331 fidei.
1134 1279 1293 1332 Unde
1316 1286 1374 1332 et
1400 1278 1456 1332 in
1483 1278 1729 1333 Canticis
1750 1297 1885 1334 can-

285 1366 521 1419 ticorum
540 1382 750 1437 sponsa
774 1366 1112 1436 interrogat:
1138 1364 1333 1420 Indica
1356 1367 1492 1420 mihi
1513 1384 1679 1438 quem
1700 1368 1886 1438 diligit

284 1454 469 1508 anima
499 1471 645 1515 mea,
679 1455 773 1509 ubi
806 1464 1022 1525 pascas,
1054 1455 1148 1509 ubi
1179 1455 1348 1509 cubes
1373 1456 1431 1509 in
1464 1457 1717 1510 meridie.
1757 1476 1779 1509 (ο
1818 1458 1884 1512 Et

284 1550 507 1597 sanctus
528 1544 599 1597 de
620 1550 810 1597 monte
834 1545 1074 1598 Pharan.
1103 1544 1374 1598 n'Pharan
1395 1545 1801 1615 interpretatur
1823 1563 1879 1599 os

286 1634 537 1691 ridentis,
564 1638 623 1686 et
645 1649 840 1686 revera
861 1633 930 1686 de
949 1646 1069 1700 ore,
1087 1632 1143 1685 id
1166 1642 1249 1686 est
1270 1648 1528 1687 sermone
1549 1634 1755 1687 eruditi
1781 1634 1881 1688 viri

1970 490 2069 550 pro
2100 480 2284 543 nobis,
2318 485 2653 551 potestatem
2684 476 2897 546 regiam
2929 491 3043 530 non
3085 475 3296 539 amisit,
3326 475 3442 528 imo
3470 490 3573 545 per

1966 583 2188 621 crucem
2214 584 2379 622 suum
2402 565 2658 620 dilatavit
2678 564 2996 635 imperium.
3018 581 3043 614 «
3064 564 3208 616 Ante
3227 562 3427 616 faciem
3449 563 3573 631 ejus

1967 656 2070 711 ibit
2098 672 2251 710 mors
2306 677 2330 705 ι)
2380 657 2549 714 Mors.
2598 654 2856 708 diabolus
2884 657 3081 707 auctor
3109 651 3325 715 mortis,
3360 651 3431 705 de
3459 667 3571 722 quo

1965 746 2207 799 Joannes
2242 764 2252 798 :
2282 746 2351 799 Et
2382 758 2586 799 nomen
2616 744 2699 796 illi
2738 758 2909 796 mors.
2950 741 3057 795 Ivit
3085 757 3220 809 ergo
3251 756 3403 795 mors
3432 745 3566 796 ante

1966 833 2141 904 pedes
2161 836 2281 901 ejus
2302 833 2435 904 quia
2456 849 2583 887 mox
2607 847 2674 886 eo
2693 831 2973 902 baptizata
2993 830 3051 885 in
3076 830 3343 894 Jordane,
3367 845 3568 884 occur-

1968 923 2041 975 rit
2069 922 2169 988 illi,
2193 927 2418 976 tentans
2436 922 2596 976 illum
2619 927 2745 992 post
2758 920 3034 990 jejunium
3059 918 3434 989 quadraginta
3454 918 3568 974 die-
3662 964 3674 975 .

1968 1029 2112 1071 rum,
2153 1018 2457 1082 antequam
2508 1016 2607 1064 aut
2657 1009 2989 1080 praedicaret
3030 1014 3132 1062 aut
3179 1007 3466 1062 miraculis
3503 1024 3564 1062 se

1968 1100 2141 1153 Deum
2185 1100 2463 1170 proderet.
2515 1099 2675 1153 Unde
2699 1097 2883 1151 adhuc
2910 1097 3205 1167 sequitur:
3241 1117 3261 1147 σ
3299 1096 3566 1166 Egredie-

1969 1194 2063 1241 tur
2083 1188 2339 1242 diabolus
2362 1193 2493 1241 ante
2514 1187 2683 1257 pedes
2705 1187 2851 1254 ejus,
2874 1204 2897 1235 ν
2914 1185 3046 1254 quia
3067 1184 3289 1239 exeunti
3311 1184 3381 1238 de
3400 1183 3565 1254 aquis

1966 1276 2162 1330 obvius
2207 1277 2329 1330 fuit.
2365 1276 2489 1330 Alia
2518 1275 2814 1331 translatio
2861 1274 2998 1327 dicit
3028 1292 3039 1325 :
3075 1273 3409 1343 Egredietur
3454 1273 3564 1328 Re»

1967 1365 2174 1435 scheph
2208 1371 2339 1419 ante
2368 1365 2538 1435 pedes
2561 1366 2704 1434 ejus.
2734 1362 2992 1418 Tradunt
3017 1360 3235 1435 Hebraei
3276 1356 3566 1431 Rescheph

1967 1432 2171 1506 nomen
2193 1468 2314 1507 esse
2332 1432 2622 1512 damonis.
2643 1451 2739 1521 qui
2762 1449 3138 1522 principatum
3160 1432 3307 1503 inter
3320 1449 3567 1519 reliquos

1964 1549 2173 1605 teneat,
2203 1543 2345 1596 sicut
2370 1548 2428 1596 et
2461 1540 2782 1595 Beelzebub.
2815 1526 2975 1594 Hunc
3003 1538 3197 1592 dicunt
3222 1538 3280 1592 in
3305 1537 3565 1608 paradiso

1965 1637 2283 1700 serpentem
2320 1632 2580 1695 intrasse,
2617 1637 2668 1685 et
2711 1646 2812 1700 per
2847 1645 2973 1683 eum
3007 1628 3249 1699 primum
3277 1627 3564 1681 hominem

282 1726 333 1774 et
355 1721 623 1788 videntis,
652 1722 709 1775 id
740 1728 827 1775 est
854 1722 1238 1791 intelligentis,
1272 1721 1479 1792 quique
1522 1722 1723 1792 plenus
1756 1724 1879 1777 luce
1900 1709 1943 1768 Β
1963 1719 2265 1790 decepisse.
2299 1720 2456 1775 Unde
2483 1726 2542 1773 et
2569 1736 2633 1773 ex
2676 1718 3087 1781 maledictione,
3124 1732 3237 1787 qua
3264 1732 3298 1769 a
3325 1715 3565 1770 Domino

281 1810 537 1873 scientia,
567 1810 722 1864 venit
759 1809 961 1863 notitia
989 1810 1105 1864 Dei.
1138 1811 1525 1881 (Diapsalma.)
1571 1830 1595 1859 ι
1647 1811 1883 1881 Operuit

282 1900 439 1952 caios
453 1899 644 1969 gloria
661 1900 804 1969 ejus.
827 1919 850 1947 ι
880 1898 945 1952 In
966 1899 1258 1953 nativitate
1280 1899 1429 1952 enim
1455 1899 1679 1953 Domini
1699 1900 1881 1969 gloria

283 1988 553 2057 repletum
585 1995 644 2042 et
671 1988 833 2058 quasi
862 1994 1119 2057 opertum
1153 1994 1235 2041 est
1265 1988 1487 2052 caelum,
1521 1988 1735 2058 angelis
1756 2005 1880 2059 pro-

278 2077 667 2137 testantibus,c
688 2076 881 2131 Gloria
900 2076 958 2129 in
979 2077 1210 2130 excelsis
1225 2076 1357 2130 Deo.
1384 2096 1443 2129 »σι
1466 2078 1531 2130 Et
1555 2077 1738 2131 laudis
1756 2079 1878 2146 ejus

278 2166 431 2236 plena
465 2172 557 2220 est
582 2171 756 2224 terra.
792 2185 817 2215 ι)
850 2166 982 2235 quia
1022 2178 1212 2235 pacem
1258 2166 1529 2219 adventus
1559 2167 1682 2235 ejus
1711 2166 1877 2220 terris

279 2255 497 2318 refudit,
531 2254 954 2309 cencinentibus
975 2255 1210 2324 angelis.
1240 2277 1262 2304 ο
1289 2255 1358 2309 Et
1382 2255 1441 2308 in
1471 2260 1625 2308 terra
1647 2268 1753 2325 pax
1784 2255 1879 2309 ho-

280 2342 522 2398 minibus
571 2342 731 2397 bonae
776 2342 1096 2397 voluntatis.
1150 2364 1172 2393 ι
1222 2344 1545 2397 Notandum
1576 2360 1706 2397 vero
1746 2344 1881 2414 quia

279 2446 394 2485 cum
413 2431 646 2486 dicitur.
671 2449 698 2484 α
718 2431 955 2502 Operuit
974 2432 1143 2484 cmlos
1164 2431 1345 2501 gloria
1364 2432 1503 2501 ejus,
1524 2451 1549 2483 ι
1564 2432 1881 2487 ostenditur

283 2520 462 2573 minus
496 2536 620 2573 esse
668 2519 816 2589 quod
863 2519 1135 2589 operitur,
1181 2535 1246 2572 eo
1288 2520 1432 2590 quod
1484 2521 1682 2590 operit.
1737 2521 1879 2591 Ergo

280 2608 453 2677 major
468 2614 557 2661 est
571 2608 753 2678 gloria
771 2624 937 2677 quam
960 2608 1082 2660 ηαξιί
1099 2608 1191 2677 qui
1214 2608 1879 2678 operiuntur.Possumus

280 2713 501 2767 quoque
522 2696 690 2749 ccelos
713 2695 1028 2765 intelligere
1049 2703 1291 2758 sanctos,
1317 2696 1413 2767 qui
1438 2702 1662 2767 portant
1684 2696 1879 2767 imagi-

278 2802 400 2840 nem
442 2786 882 2857 superccelestis,
916 2790 973 2838 et
1018 2790 1285 2839 enarrant
1330 2782 1567 2855 gloriam
1609 2784 1727 2839 Dei.
1764 2787 1877 2840 Hos

277 2890 406 2945 ergo
436 2872 612 2929 caelos
641 2870 843 2945 operit,
883 2868 986 2928 hoc
1009 2878 1111 2933 est,
1137 2876 1384 2928 illustrat
1405 2872 1586 2943 gloria
1614 2874 1671 2927 et
1700 2876 1876 2943 maje-

278 2971 387 3018 stas
417 2960 543 3035 Dei.
578 2962 789 3017 Laudis
810 2960 931 3034 ejus
962 2963 1132 3033 plena
1161 2964 1245 3017 est
1264 2964 1435 3028 terra,
1465 2962 1770 3034 quiajuxta
1791 2979 1878 3016 vo-

276 3070 387 3107 cem
422 3050 742 3107 Psalmistae
792 3071 803 3105 :

279 3142 540 3195 universa
568 3144 740 3195 terra.
785 3164 809 3189 υ

341 3251 367 3279 ιι
396 3228 686 3301 Splendor
715 3228 839 3300 ejus
867 3235 929 3283 ut
953 3227 1046 3283 lux
1077 3228 1185 3283 erit
1221 3249 1242 3280 ι
1282 3228 1412 3300 quia
1441 3229 1670 3283 claritas
1701 3230 1875 3284 mira-

273 3318 529 3373 culorum
559 3320 683 3388 ejus
708 3318 1002 3373 manifesta
1041 3319 1163 3373 luce
1192 3318 1444 3372 radiavit.
1475 3319 1592 3372 Nec
1621 3335 1723 3373 nos
1752 3336 1876 3373 mo-

274 3415 391 3461 veat
439 3407 747 3463 diversitas
780 3408 1087 3477 temporis;
1132 3408 1414 3475 praeterito
1444 3407 1593 3460 enim
1625 3414 1877 3479 tempore

275 3494 439 3548 dicit:
477 3496 757 3565 «Operuit
784 3496 951 3548 caelos
975 3496 1158 3564 gloria
1187 3496 1325 3565 ejus,
1362 3497 1642 3566 praesenti,
1672 3516 1693 3547 ι
1729 3497 1875 3551 Lau-

861 3069 887 3106 α
934 3050 1279 3107 Admirabile
1311 3058 1397 3106 est
1424 3068 1627 3106 nomen
1658 3053 1779 3122 ejus
1817 3054 1875 3107 in

1962 1809 2371 1863 condemnatus
2415 1815 2520 1873 est,
2556 1824 2761 1862 nomen
2801 1806 3034 1877 accepit.
3083 1804 3379 1875 Rescheph
3414 1803 3564 1859 enim

1964 1897 2371 1967 interpretatur
2406 1903 2630 1965 reptans
2673 1902 2877 1950 ventre.
2918 1895 3139 1949 Dictum
3182 1894 3331 1947 enim
3379 1892 3566 1947 fuerat

1962 1986 2227 2056 serpenti,
2261 1986 2375 2039 imo
2410 1986 2632 2039 diabolo
2665 1985 2759 2055 qui
2790 1990 2916 2038 erat
2942 1984 2998 2037 in
3030 1988 3290 2053 serpente
3328 2000 3341 2035 :
3379 1982 3563 2052 Supra

1962 2079 2157 2143 pectus
2184 2079 2346 2127 tuum
2371 2073 2666 2143 gradieris.
2703 2072 2972 2142 Egressus
2999 2076 3089 2124 est
3128 2086 3261 2140 ergo
3305 2069 3563 2124 diabolus

1963 2169 2094 2216 ante
2120 2162 2288 2232 pedes
2310 2162 2550 2220 Domini.
2576 2162 2711 2233 quia
2732 2177 2861 2214 mox
2879 2167 2947 2215 ut
2962 2159 3277 2230 baptizatus
3295 2164 3399 2224 est,
3414 2164 3471 2212 et
3487 2158 3561 2213 ad

1963 2252 2293 2305 descensum
2317 2250 2589 2306 columbae
2618 2267 2721 2303 vox
2740 2250 2924 2303 Patris
2942 2264 3113 2319 super
3130 2264 3260 2302 eum
3290 2247 3556 2309 intonuit.

1962 2346 2277 2394 commotus
2307 2340 2393 2394 his
2422 2338 2699 2400 diabolus,
2722 2338 2904 2392 adfuit
2930 2343 2996 2391 ut
3022 2353 3153 2393 eum
3180 2340 3447 2402 tentaret,
3472 2351 3563 2390 vo-

1960 2428 2083 2482 lens
2111 2427 2349 2498 probare
2378 2434 2568 2481 utrum
2599 2432 2748 2481 esset
2777 2426 2879 2480 Dei
2898 2427 3090 2481 Filius.

2037 2534 2060 2567 ι
2088 2517 2274 2578 Stetit,
2300 2524 2354 2571 et
2385 2533 2614 2570 mensus
2634 2521 2721 2569 est
2740 2522 2968 2569 terram.
2998 2537 3017 2560 ιι
3043 2516 3222 2574 Stare,
3247 2512 3561 2568 divinitatis

1961 2610 2067 2669 est,
2098 2606 2245 2659 sicut
2272 2605 2517 2659 transire
2554 2604 2943 2658 humanitatis.
2979 2605 3145 2657 Stans
3189 2618 3324 2672 ergo
3364 2601 3559 2656 Domi~

1961 2712 2067 2749 nus
2098 2711 2326 2749 mensus
2370 2703 2456 2749 est
2502 2702 2733 2760 terram,
2768 2694 2902 2764 quia
2948 2693 3199 2764 potentia
3249 2692 3560 2747 divinitatis

1960 2790 2161 2839 cuncta
2190 2784 2512 2855 disponens,
2542 2791 2774 2847 terram,
2807 2783 2861 2836 id
2889 2790 2975 2836 est
3005 2782 3173 2835 corda
3201 2788 3557 2837 terrenarum

1958 2874 2250 2927 hominum
2282 2889 2511 2927 mensus
2540 2877 2645 2936 est,
2677 2871 3004 2927 discernens
3033 2876 3091 2926 et
3124 2870 3433 2941 pravidens
3461 2869 3559 2940 qui

1957 2961 2112 3032 digni
2129 2968 2319 3017 essent
2352 2962 2505 3032 eligi,
2521 2961 2615 3033 qui
2630 2963 2787 3031 justo
2798 2961 3010 3032 judicio
3022 2959 3369 3030 reprobari.¢
3388 2962 3559 3030 Aspe-

1960 3051 2062 3117 xit,
2094 3056 2153 3105 et
2177 3051 2435 3105 dissolvit
2476 3057 2693 3121 gentes.
2742 3071 2765 3101 ι
2797 3051 3074 3121 Aspectus
3110 3048 3336 3103 Domini
3365 3055 3453 3103 est
3478 3048 3560 3104 vis

1962 3140 2164 3194 divina:
2203 3140 2532 3210 majestatis,
2575 3157 2688 3211 qua
2742 3145 2944 3194 cuncta
2992 3137 3279 3210 praevidet,
3320 3137 3457 3192 locis
3494 3153 3558 3192 ac

1959 3228 2307 3300 temporibus
2323 3229 2548 3299 singula
2563 3230 2881 3300 disponens.
2899 3228 3131 3299 Aspexit
3144 3243 3279 3297 ergo
3294 3232 3353 3281 et
3366 3225 3559 3281 dissol-

1960 3318 2038 3372 vit
2062 3324 2280 3388 gentes,
2304 3319 2408 3372 hoc
2432 3325 2521 3372 est
2547 3319 2839 3389 dissipavit
2861 3324 2925 3373 ut
2953 3334 3065 3372 non
3080 3318 3200 3388 jam
3220 3321 3411 3370 essent
3424 3331 3560 3386 gen-

1958 3412 2065 3465 tes.
2088 3407 2185 3462 sed
2216 3408 2395 3462 renati
2427 3423 2529 3477 per
2554 3407 2721 3461 ﬁdem
2751 3413 2809 3462 et
2837 3407 3178 3477 baptismum
3202 3405 3561 3463 efﬁcerentur

1961 3496 2061 3549 ﬁlii
2092 3497 2211 3550 Dei.
2242 3515 2266 3548 a
2300 3496 2370 3550 Et
2397 3496 2618 3550 contriti
2651 3502 2784 3549 sunt
2815 3501 3033 3550 montes
3064 3494 3272 3548 saeculi.
3311 3512 3334 3544 ι
3364 3491 3559 3548 Disso-

282 3583 360 3637 dis
389 3586 515 3654 ejus
546 3585 716 3655 plena
742 3590 829 3636 est
860 3590 1045 3649 terra;
1085 3603 1111 3636 n
1146 3584 1334 3639 futuro
1360 3601 1506 3647 vero,
1544 3602 1569 3636 α
1606 3586 1881 3656 Splendor
1961 3584 2094 3637 lutis
2139 3585 2401 3654 gentibus
2429 3585 2636 3640 smculi.
2670 3590 2888 3638 montes
2924 3584 3152 3637 contriti
3193 3588 3343 3642 sunt.
3384 3582 3443 3635 id
3472 3586 3561 3635 est

276 3673 391 3741 ejus
436 3680 502 3727 ut
549 3673 648 3726 lux
695 3673 822 3726 erit.
857 3690 883 3726 »
917 3673 1114 3727 Divina
1143 3675 1347 3744 quippe
1384 3674 1674 3743 Scriptura
1723 3676 1878 3729 nulla
1964 3672 2147 3726 omnis
2166 3673 2481 3726 daemonum
2501 3672 2677 3727 fracta
2694 3677 2957 3743 potestas,
2972 3688 3113 3743 quos
3134 3676 3353 3725 montes
3368 3668 3560 3724 saeculi

273 3762 540 3832 temporis
586 3763 709 3831 lege
736 3761 1051 3831 stringitur,
1087 3779 1209 3832 qua)
1253 3763 1680 3832 supergreditur
1710 3779 1877 3817 omne
1965 3768 2125 3814 vocat
2152 3760 2223 3815 ob
2260 3768 2538 3816 tumorem
2585 3761 2863 3817 elationis.
2912 3761 3301 3837 Sivemontes
3345 3758 3556 3837 saeculi,

267 3856 515 3921 tempus.
548 3868 573 3901 ς
601 3850 828 3903 Cornua
852 3850 907 3902 in
931 3850 1189 3904 manibus
1212 3852 1354 3920 ejus,
1387 3871 1411 3901 ιο
1437 3851 1541 3905 hoc
1569 3857 1657 3905 est
1682 3852 1884 3906 vexilla
1967 3850 2247 3920 principes
2266 3857 2323 3903 et
2348 3856 2603 3920 potentes
2620 3851 2792 3920 hujus
2812 3850 3008 3904 mundi
3031 3836 3186 3915 dicit,
3212 3849 3307 3919 qui
3334 3836 3560 3904 contriti

291 3944 342 3991 et
380 3948 607 4010 tropma
634 3939 837 3991 crucis.
872 3939 941 3992 Et
982 3939 1293 3993 notandum
1339 3939 1484 4008 quod
1533 3955 1660 3993 cum
1710 3957 1883 3995 manu
1963 3946 2095 3993 sunt
2124 3956 2157 3993 a
2188 3940 2398 3993 duritia
2421 3939 2697 4009 superbiae
2722 3956 2860 4001 suae.
2886 3940 3004 3993 visa
3027 3939 3286 3993 claritate
3311 3939 3557 3995 miracu-

279 4026 495 4081 Domini
533 4028 595 4081 in
625 4026 891 4081 cornibus
935 4028 1116 4081 crucis
1159 4027 1337 4081 afﬁne
1379 4027 1509 4087 sint.
1544 4044 1656 4081 non
1696 4028 1833 4082 dicit
1864 4047 1875 4082 :
1963 4027 2144 4081 lorum
2177 4026 2406 4081 Christi.
2430 4028 2648 4081 Montes
2671 4032 2860 4081 autem
2884 4026 3069 4080 saeculi
3094 4026 3249 4092 dicit,
3274 4025 3409 4096 quia
3426 4031 3559 4081 sunt

280 4112 477 4171 Manus
497 4116 735 4170 Domini
757 4116 812 4169 in
834 4116 1224 4181 cornibus,sed
1248 4136 1269 4167 ‹
1298 4118 1519 4171 Cornua
1541 4116 1599 4169 in
1620 4116 1880 4172 manibus
1962 4115 2054 4169 alii
2080 4122 2317 4180 montes,
2334 4116 2428 4185 qui
2452 4130 2563 4169 non
2584 4122 2718 4170 sunt
2735 4115 2943 4181 saeculi,
2958 4114 3138 4169 sancti
3156 4113 3413 4168 videlicet
3428 4128 3560 4185 ape-

277 4205 408 4273 ejus.
440 4227 462 4253 ι
502 4207 697 4275 Ipsam
730 4204 880 4257 enim
915 4219 1153 4266 crucem,
1199 4206 1314 4258 imo
1343 4205 1521 4276 ipsam
1554 4213 1792 4260 mortem
1825 4206 1880 4260 in
1963 4205 2090 4258 stoli
2111 4212 2169 4258 et
2185 4204 2286 4258 viri
2309 4205 2618 4275 apostolici,
2643 4205 2711 4258 de
2733 4204 2939 4275 quibus
2957 4203 3254 4258 Psalmista
3279 4220 3333 4256 :«
3359 4201 3560 4258 Levavi

280 4299 551 4362 potestate
580 4292 799 4357 habuit,
820 4292 967 4346 sicut
987 4292 1107 4363 ipse
1136 4293 1272 4347 dicit
1303 4311 1313 4345 :
1353 4312 1379 4344 (ι
1411 4294 1752 4349 Potestatem
1782 4295 1944 4363 ha-n
1962 4291 2151 4346 oculos
2179 4309 2335 4346 meos
2363 4293 2421 4346 in
2450 4298 2688 4355 montes,
2722 4299 2827 4347 etc.
2865 4312 2891 4346 ι
2934 4293 3005 4348 Hi
3034 4308 3147 4347 non
3172 4297 3314 4356 sunt
3340 4278 3561 4345 montes

278 4379 372 4435 beo
401 4382 653 4453 ponendi
682 4381 933 4436 animam
964 4398 1170 4435 meam.
1210 4401 1232 4431 ι

345 4489 371 4522 ι
395 4469 481 4525 Ibi
514 4470 851 4525 abscondita
874 4475 962 4524 est
988 4470 1260 4525 fortitudo
1288 4472 1429 4541 ejus.
1467 4492 1491 4522 ι
1525 4471 1631 4536 lbi,
1662 4471 1763 4525 hoc
1793 4477 1880 4526 est

275 4558 327 4610 in
354 4559 644 4623 cornibus,
679 4558 1013 4612 abscondita
1040 4564 1127 4612 est
1150 4558 1419 4613 fortitudo
1444 4560 1587 4628 ejus,
1607 4563 1665 4612 et
1686 4564 1878 4630 poten-

276 4647 351 4699 tia
390 4648 709 4702 divinitatis
755 4648 896 4716 ejus,
942 4647 1076 4717 quia
1102 4663 1228 4700 cum
1272 4653 1421 4701 esset
1472 4648 1527 4702 in
1570 4648 1751 4703 forma
1779 4648 1879 4704 Dei

276 4738 501 4806 aequalis
532 4737 671 4800 Deo,
698 4736 1005 4790 exinanivit
1043 4735 1309 4807 seipsum,
1342 4736 1581 4791 formam
1609 4738 1755 4792 servi
1784 4755 1879 4792 ac—

276 4824 501 4894 cipiens,
538 4832 599 4879 et
645 4824 953 4879 humilians
1001 4842 1060 4880 se
1106 4825 1260 4878 Patri
1293 4842 1469 4896 usque
1497 4826 1569 4880 ad
1618 4833 1876 4890 mortem,

1896 4336 1944 4393 D

1960 4380 2167 4443 saeculi,
2201 4382 2299 4436 sed
2345 4388 2565 4437 montes
2604 4383 2724 4449 Dei,
2765 4386 2988 4439 montes
3020 4382 3310 4448 incaseati,
3343 4381 3450 4436 hoc
3477 4384 3564 4437 est

1958 4470 2142 4539 gratia
2167 4471 2449 4541 spirituali
2480 4471 2700 4542 repleti.

2037 4579 2059 4610 ι
2092 4560 2372 4615 lncurvati
2402 4566 2531 4615 sunt
2557 4560 2729 4615 colles
2754 4560 2948 4615 mundi
2977 4560 3048 4614 ab
3078 4560 3376 4614 itineribus
3404 4564 3564 4614 aeter-

1960 4648 2154 4703 nitatis
2182 4650 2321 4720 ejus.
2361 4669 2382 4700 ι
2417 4649 2525 4714 Qui
2552 4657 2685 4704 sunt
2713 4655 2954 4715 montes,
2983 4648 3091 4719 ipsi
3122 4655 3256 4704 sunt
3283 4654 3341 4702 et
3368 4647 3559 4714 colles,

1961 4744 2218 4808 potentes
2248 4738 2520 4801 videlicet,
2556 4745 2613 4792 et
2650 4754 2843 4792 eorum
2884 4753 3174 4808 suppares,
3208 4752 3559 4808 quorumque

1964 4827 2287 4897 superbiam
2311 4834 2443 4883 ante
2469 4827 2770 4881 adventum
2793 4825 3000 4880 Christi
3021 4842 3189 4880 nemo
3212 4831 3434 4897 poterat
3461 4825 3563 4881 hu-

277 4920 514 4968 mortem
548 4917 741 4967 autem
762 4913 962 4967 crucis.
989 4914 1051 4967 In
1082 4930 1246 4967 cruce
1276 4929 1408 4983 ergo
1440 4913 1761 4969 abscondita
1797 4921 1884 4967 est
1966 4916 2204 4970 miliare.
2233 4916 2471 4973 Contriti
2494 4932 2621 4971 vero
2643 4920 2699 4969 et
2727 4915 3001 4969 incurvati
3025 4922 3159 4969 sunt
3177 4915 3247 4969 ab
3266 4902 3563 4971 itineribus

276 4998 547 5056 fortitudo
577 5002 720 5070 ejus,
748 5001 974 5072 quando
1003 5001 1256 5056 dicebat:
1297 5022 1317 5050 ι
1348 5001 1547 5056 Tristis
1578 5009 1664 5057 est
1693 5002 1883 5056 anima

279 5104 396 5144 mea
414 5106 605 5161 usque
625 5091 695 5143 ad
718 5097 978 5145 mortem.
1014 5110 1036 5141 ι
1064 5091 1369 5145 Possumus
1390 5107 1613 5161 quoque
1634 5108 1735 5162 per
1757 5108 1879 5144 cor-

279 5194 385 5232 nua
404 5180 629 5249 regiam
651 5185 987 5250 potestatem
1009 5179 1280 5250 accipere.
1307 5181 1426 5233 Mos
1456 5180 1604 5241 enim
1627 5181 1880 5250 Scriptu-

280 5278 468 5321 rarum
488 5275 583 5320 est
601 5282 774 5321 cornu
798 5285 896 5337 pro
919 5268 1248 5322 fortitudine
1268 5275 1327 5322 et
1351 5275 1629 5339 potestate
1649 5286 1875 5339 ponere,

283 5362 340 5406 ut
368 5355 676 5409 Psalmista
716 5374 730 5408 :
771 5356 837 5410 In
865 5362 922 5409 te
950 5356 1204 5411 inimicos
1234 5363 1456 5411 nostros
1489 5358 1881 5412 ventilabimus

1962 5004 2295 5059 mternitatis
2322 5005 2463 5073 ejus,
2486 5003 2540 5055 id
2571 5008 2658 5057 est
2681 5002 2801 5069 Dei,
2834 5003 2968 5073 quia
2992 5004 3276 5059 aeternitas
3296 5004 3562 5059 divinita-

1962 5094 2038 5148 tis
2065 5094 2189 5162 ejus
2236 5093 2308 5145 ad
2355 5108 2456 5146 nos
2497 5092 2685 5145 venire
2728 5090 2960 5163 dignata
2990 5098 3093 5148 est.
3129 5083 3343 5148 Itinera
3371 5099 3562 5149 autem

1962 5184 2086 5252 ejus
2115 5188 2266 5241 sunt,
2302 5182 2372 5235 de
2414 5180 2553 5234 coelo
2577 5180 2636 5235 in
2665 5188 2886 5236 uterum
2919 5182 3170 5252 virginis,
3202 5183 3272 5237 de
3301 5189 3462 5238 utero
3499 5183 3559 5238 in

1964 5286 2231 5341 presepe,
2266 5269 2335 5322 de
2375 5269 2609 5341 praesepi
2653 5270 2723 5324 ad
2766 5269 3130 5341 baptismum,
3164 5272 3236 5326 de
3282 5271 3561 5343 baptismo

1965 5356 2034 5411 ad
2084 5372 2327 5422 crucem,
2376 5358 2445 5411 de
2487 5374 2649 5413 cruce
2692 5360 2750 5413 in
2799 5361 3138 5430 sepulcrum,
3187 5360 3256 5415 de
3304 5362 3561 5432 sepulcro

284 5454 468 5498 cornu.
496 5444 573 5498 Et
597 5451 774 5499 mater
794 5447 973 5499 sancti
996 5447 1306 5501 Samuelis:
1339 5446 1506 5501 Dabit
1533 5448 1750 5518 (inquit)
1774 5448 1885 5502 im-
1964 5445 2170 5500 iterum
2218 5445 2275 5500 in
2320 5445 2542 5502 caelum.
2587 5448 2829 5503 Possunt
2876 5450 3047 5504 etiam
3098 5455 3154 5504 et
3186 5466 3297 5527 per
3342 5454 3561 5503 montes

286 5533 500 5601 perium
546 5533 670 5602 regi
715 5550 841 5602 sua,
870 5539 931 5589 et
956 5535 1281 5591 sublimabit
1322 5551 1497 5592 cornu
1534 5536 1743 5593 Christi
1771 5536 1877 5593 sui.

1965 5534 2229 5591 fortiores
2275 5534 2557 5591 daemones
2611 5536 2870 5609 intelligi,
2923 5539 3020 5608 qui
3071 5538 3135 5595 in
3177 5537 3456 5593 hareticis
3505 5543 3563 5592 et
