3926 6164
373 274 471 336 191

798 279 1178 337 HAYMONIS
1217 279 1706 336 HALBERSTAT.
1749 278 1975 334 EPISC.
2016 277 2177 337 OPP.
2218 283 2403 339 PARS
2440 284 2486 338 Ι.
2520 292 2594 328 ’-
2632 282 3004 343 COMMENT.
3048 282 3233 338 BIBL.

3544 277 3652 337 19‘!

364 405 644 478 'apostatis
673 411 821 471 sunt,
852 411 909 461 et
936 408 1156 462 elevant
1183 422 1242 460 se
1270 411 1466 460 contra
1493 403 1786 458 scientiam
1816 404 1913 457 Dei
1947 405 2028 463 :A
2050 404 2312 465 irascitur
2336 409 2628 471 Dominus,
2661 415 2716 463 et
2742 418 2827 462 est
2869 409 2925 463 in
2972 408 3085 462 illis
3131 410 3289 463 furor
3317 410 3460 478 ejus.
3494 409 3653 462 Mare

366 496 543 550 'colles
570 514 721 563 vero,
748 497 981 550 minoris
1011 495 1269 567 potentiae
1298 495 1601 551 daemones,
1627 492 1721 563 qui
1752 499 1885 546 sunt
1909 494 1965 546 in
2048 513 2177 550 vero
2208 504 2341 551 sunt
2387 497 2587 551 animae
2620 514 2813 551 eorum
2856 497 2952 567 qui
2989 498 3465 551 circumferuntur
3492 497 3651 550 omni

371 584 696 640 hominibus
724 585 1102 651 saecularibus,
1126 583 1451 644 de-divntiis,
1486 582 1835 649 fortitudine,
1863 582 1966 635 for-

374 675 656 731 mositate.
687 674 997 737 nobilitate,
1032 673 1357 742 ceterisque
1381 671 1628 741 eorpon's
1659 670 1818 724 bonis
1845 671 1969 740 glo-

376 762 671 817 riantibus.
707 762 778 816 Hi
808 769 1027 817 montes
1056 767 1113 817 et
1156 762 1326 815 colles
1375 762 1432 814 in
1472 761 1716 813 adventu
1760 759 1969 813 Christi

378 852 605 906 contriti
627 856 688 906 et
712 851 988 906 incurvati
1019 855 1168 916 sunt,
1198 851 1330 920 quia
1355 849 1635 903 conversis
1663 848 1889 913 talibus,
1914 854 1972 903 et

376 941 691 1012 exemplum
713 940 1046 995 humilitatis
1059 940 1266 994 Christi
1282 938 1739 1009 suscipientibus,
1754 937 1970 991 contusi

378 1037 511 1083 sunt
530 1030 830 1091 daemones,
860 1030 955 1100 qui
986 1030 1042 1083 in
1074 1029 1155 1083 eis
1183 1033 1365 1093 erant,
1389 1034 1444 1082 et
1474 1028 1757 1082 contraria
1780 1044 1967 1080 eorum

376 1118 645 1172 fortitudo
675 1119 745 1172 ad
774 1120 1010 1173 nihilum
1043 1117 1268 1171 redacta
1297 1124 1401 1171 est.
1688 1128 1691 1135 ‘

402 1222 407 1231 λ
454 1228 475 1259 ι
503 1207 610 1261 Pro
638 1208 934 1278 iniquitate
957 1208 1066 1260 vidi
1091 1207 1333 1261 tentoria
1350 1205 1661 1276 Ethiopiae.
1698 1225 1723 1257 in
1747 1206 1972 1259 {Ethio-

378 1313 477 1369 pes
499 1297 773 1351 teterrimi
806 1304 937 1351 sunt
965 1297 1236 1361 homines,
1263 1296 1353 1366 qui
1384 1297 1640 1349 feruntur
1667 1296 1971 1348 draconum

372 1386 524 1439 vesci
553 1386 833 1451 carnibus,
865 1386 1102 1457 ideoque
1132 1385 1449 1455 signiﬁcant
1486 1384 1769 1437 daemones
1799 1390 1973 1437 tctros

379 1473 613 1539 malitia,
646 1491 882 1545 quorum
932 1481 1066 1528 sunt
1104 1480 1267 1545 potus
1304 1474 1678 1537 dulcissimus,
1718 1473 1975 1526 homines

2052 593 2213 639 vento
2234 586 2517 652 doctrinae,
2544 595 2599 640 et
2619 603 2842 656 seraper
2860 587 2918 639 in
2940 587 3053 639 imo
3073 593 3224 643 sunt.
3250 585 3314 639 In
3334 585 3547 639 talibus
3567 592 3656 640 est

2053 672 2365 745 indignatio
2399 675 2639 737 Domini.
2675 676 2822 746 quod
2848 676 3072 730 faveant
3100 675 3377 745 perversis
3402 670 3653 728 doctori-

2054 761 2175 825 bus,
2222 763 2471 818 nondum
2503 769 2694 817 tamen
2739 763 3048 817 exardescit
3080 764 3139 817 in
3182 764 3294 817 illis
3343 763 3521 827 furor,
3555 763 3655 816 sed

2052 859 2447 922 exspectantur
2467 857 2531 907 ut
2557 853 2891 923 resipiscant
2911 850 2980 905 ab
3011 852 3296 906 erroribus
3316 853 3452 906 suis.
3482 870 3512 904 α
3541 849 3655 917 Qui

2053 940 2360 994 ascendens
2392 957 2562 1011 super
2600 957 2772 1011 equos
2815 946 2964 998 tuos,
2997 945 3055 994 et
3082 940 3367 1011 quadrigae
3395 946 3509 993 tua:
3539 939 3654 992 sal-

2051 1028 2218 1084 vatio.
2242 1049 2270 1079 ν
2294 1030 2432 1100 Equi
2454 1030 2553 1083 Dei
2574 1035 2708 1083 sunt
2727 1035 3046 1083 sanctorum
3073 1029 3295 1089 animm,
3320 1045 3492 1099 super
3510 1044 3655 1098 quas

2052 1119 2306 1172 ascendit
2341 1119 2612 1172 Dominus
2640 1125 2703 1171 nt
2731 1135 2827 1171 eas
2856 1118 3155 1188 possideat,
3189 1124 3245 1171 et
3282 1117 3353 1171 ab
3392 1133 3655 1171 errorum

2055 1208 2229 1260 deviis
2257 1208 2326 1260 ad
2367 1205 2615 1261 veritatis
2652 1207 2935 1261 tramitem
2975 1207 3199 1276 dirigat.
3243 1207 3323 1260 Ex
3365 1206 3452 1259 his
3492 1207 3658 1276 equis

2056 1302 2177 1349 crat
2224 1296 2316 1349 ille
2347 1297 2441 1367 qui
2472 1296 2692 1350 dicebat
2722 1315 2741 1349 ε-
2771 1317 2792 1344 ι
2830 1297 2902 1350 Ut
2940 1297 3261 1365 jumentum
3301 1296 3483 1348 factus
3528 1312 3653 1348 sum

2056 1385 2204 1455 apud
2245 1390 2317 1437 te.
2379 1405 2400 1435 ι
2438 1385 2531 1440 His
2578 1384 2735 1454 equis
2773 1390 2831 1439 et
2862 1384 3117 1439 curribus
3156 1384 3396 1437 vallatur
3437 1383 3658 1438 Eliseus

2059 1474 2349 1544 propheta,
2381 1491 2518 1544 quos
2547 1476 2716 1527 etiam
2750 1473 3023 1527 metuenti
3055 1490 3226 1542 puero
3255 1490 3356 1527 suo
3385 1463 3655 1526 ostendit.

381 1563 726 1635 serpentium
750 1564 1000 1618 animum
1023 1564 1389 1627 habentes,et
1407 1562 1477 1615 ad
1499 1562 1811 1616 nocendum
1834 1577 1976 1614 sem-
2058 1564 2151 1616 Ait
2179 1563 2329 1616 enim
2361 1563 2649 1634 Scriptura
2682 1562 2807 1616 libri
2839 1564 3051 1632 Regum
3077 1581 3088 1615 :
3117 1583 3137 1613 ι
3167 1563 3310 1626 Quia
3334 1562 3571 1633 aspexit,
3602 1566 3662 1619 et

380 1670 484 1724 per
511 1654 713 1723 parati.
747 1652 1069 1724 Ethiopum
1102 1652 1463 1705 tabernacula
1494 1657 1626 1705 sunt
1652 1650 1759 1721 ipsi
1790 1650 1972 1703 homi-
1992 1718 2030 1724 _
2057 1668 2182 1705 ecce
2214 1668 2372 1705 mons
2402 1653 2600 1723 plenus
2648 1652 2805 1722 equis
2833 1651 3033 1722 igneis,
3066 1658 3122 1704 et
3162 1651 3447 1721 quadrigae
3478 1652 3660 1721 igneae

383 1718 618 1812 nes,—qui
644 1718 955 1795 laborando
975 1759 1074 1812 pro
1095 1740 1451 1812 acquirendis
1470 1718 1699 1803 divitiis,
1722 1740 1974 1793 ei‘ﬁciun—
1992 1718 2038 1779 Β
2059 1742 2116 1794 in
2144 1741 2381 1795 circuitu
2403 1718 2593 1794 Elisui.
2621 1759 2646 1793 ι)
2674 1718 2746 1794 Et
2764 1718 3200 1794 hoc'notandum
3225 1718 3453 1810 quod—in
3480 1718 3661 1794 tantis

379 1836 476 1883 tur
501 1828 863 1884 tabernacula
892 1846 1084 1883 eorum
1114 1848 1126 1895 ;
1171 1830 1317 1900 quod
1360 1829 1632 1900 prOpheta
1666 1844 1779 1881 uno
1810 1826 1975 1881 verbo
2059 1829 2307 1885 millibus
2335 1846 2608 1899 equorum
2640 1835 2697 1884 et
2723 1845 3010 1894 curruum,
3043 1829 3233 1883 nullus
3263 1845 3530 1882 ascensor
3558 1845 3660 1882 eo-

384 1918 699 1989 iniquitatis
723 1920 995 1991 expressit
1022 1920 1138 1973 sic:
1166 1919 1363 1973 Omnis
1386 1918 1533 1972 enim
1561 1918 1712 1971 dives
1736 1922 1835 1970 aut
1858 1916 1977 1986 ipse
2058 1936 2181 1972 rum
2212 1919 2483 1973 cernitur.
2519 1918 2620 1973 llle
2659 1919 2807 1971 enim
2848 1925 2970 1972 erat
3001 1918 3196 1987 auriga
3226 1922 3284 1971 et
3321 1923 3522 1979 rector,
3564 1918 3662 1972 cui

383 2006 610 2079 iniquus
640 2010 745 2071 est,‘
792 2014 891 2063 aut
938 2008 1117 2061 haeres
1158 2007 1357 2078 iniqui.
1397 2007 1489 2060 Ait
1520 2023 1652 2075 ergo
1682 2006 1971 2076 prepheta,
2059 2008 2356 2061 Psalmista
2382 2007 2564 2061 canit.
2596 2028 2616 2057 ι
2649 2008 2754 2070 Qui
2785 2008 2944 2060 sedes
2970 2023 3139 2077 super
3163 2007 3453 2065 cherubin,
3479 2008 3665 2061 mani-

382 2097 530 2162 Vidi,
576 2097 846 2151 subaudis
890 2097 1143 2150 homines
1188 2097 1365 2150 factos
1404 2096 1647 2149 tentoria
1683 2095 1976 2163 Ethiopiaa
2058 2097 2280 2151 testare.
2322 2118 2341 2147 ι
2375 2097 2555 2167 Super
2577 2096 2963 2166 hujuscemodi
2995 2112 3168 2165 equos
3197 2095 3449 2149 ascendit
3479 2094 3660 2161 Deus,

385 2203 486 2257 pro
515 2187 828 2258 iniquitate.
860 2187 913 2240 id
946 2196 1031 2240 est
1058 2184 1381 2256 cupiditate,
1406 2202 1515 2255 qua
1549 2201 1834 2255 nunquam
1867 2199 1979 2237 ces-

386 2282 516 2331 sant
542 2293 884 2347 congregare
913 2277 1135 2329 divitias
1159 2295 1171 2338 ;
1205 2292 1344 2346 quas
1373 2291 1500 2328 cum
1528 2274 1716 2345 adepti
1745 2274 1973 2337 fuerint,

385 2366 619 2419 tradunt
646 2384 705 2419 se
735 2366 966 2419 luxuria:
994 2371 1052 2418 et
1077 2363 1476 2434 voluptatibus.
1503 2369 1672 2433 atque
1697 2362 1848 2416 omni
1879 2362 1981 2415 ini-

390 2453 614 2524 quitati,
640 2453 830 2523 sicque
852 2453 1172 2506 efficiuntur
1194 2451 1499 2522 hospitium
1520 2452 1857 2509 daemonum,
1883 2450 1979 2520 qui

386 2541 698 2596 debuerant
723 2559 843 2596 esse
871 2542 1143 2612 templum
1176 2542 1293 2594 Dei.
1326 2560 1349 2591 ‹‹
1382 2540 1783 2594 Turbabuntur
1807 2540 1979 2609 pelles

388 2638 552 2687 terra?
574 2631 798 2686 Madian
848 2654 868 2678 ι
896 2630 1051 2694 Quod
1085 2631 1223 2684 dixit
1245 2647 1415 2701 supra
1443 2629 1705 2693 tentoria,
1730 2645 1879 2682 nunc
1902 2628 1981 2681 di-

385 2721 461 2775 cit
490 2721 663 2792 pelles
688 2740 700 2788 ;
737 2728 794 2775 et
821 2721 967 2791 quod
997 2719 1305 2789 Ethiopes,
1334 2720 1438 2772 hoc
1480 2725 1691 2773 terram
1731 2717 1973 2771 Madian.

387 2807 617 2864 Madian
638 2810 787 2863 enim
808 2809 963 2880 regio
989 2815 1075 2862 est
1094 2809 1273 2862 vicina
1290 2808 1609 2878 Aithiopiae.
1634 2808 1979 2877 Interpreta-

386 2904 483 2953 tur
512 2899 733 2953 Madian
785 2916 848 2953 ex
878 2900 1118 2967 judicio,
1150 2900 1418 2953 subaudis
1460 2899 1519 2951 in
1556 2895 1979 2951 condemnatio-

389 3003 537 3041 nem.
559 2988 961 3042 Turbabuntur
982 3006 1115 3058 ergo
1138 2989 1309 3058 pelles
1339 2995 1503 3042 terra:
1529 2987 1773 3049 Madian,
1808 2986 1863 3039 id
1894 2990 1981 3038 est

388 3071 646 3128 homines
677 3076 771 3146 qui
802 3093 861 3129 se
891 3077 1143 3129 fecerunt
1173 3076 1492 3129 habitacula
1519 3076 1855 3137 daemonum,
1881 3089 1980 3143 per

386 3164 725 3233 injustitiam
747 3170 801 3217 et
828 3165 1182 3235 iniquitatem
1205 3165 1428 3217 divitias
1450 3170 1506 3217 et
1530 3163 1716 3217 saeculi
1740 3162 1980 3231 dignita-

385 3258 472 3306 tes
500 3253 858 3323 requirendo.
883 3252 1280 3307 Turbabuntur
1300 3253 1471 3317 enim,
1491 3252 1622 3322 quia
1640 3251 1981 3305 conscientia

386 3348 740 3413 peccatorum
773 3341 978 3401 territi,
1010 3349 1067 3396 et
1114 3350 1267 3397 metu
1308 3348 1643 3395 antemarum
1688 3356 1979 3411 poenarum

387 3430 672 3501 exagitati,
714 3447 936 3501 semper
972 3438 1139 3486 erunt
1174 3431 1230 3484 in
1283 3430 1600 3494 formidine,
1657 3436 1709 3483 et
1760 3446 1981 3482 severos

384 3527 511 3591 post
541 3526 776 3573 mortem
806 3520 1085 3575 cruciatus
1115 3520 1441 3592 quotidiano
1479 3535 1681 3590 pavore
1709 3518 1982 3589 supersti-

383 3619 471 3665 tes
501 3610 875 3664 sustinebunt.

461 3720 488 3754 α
511 3701 775 3771 Nunquid
800 3702 856 3753 in
884 3700 1211 3753 ﬂuminibus
1234 3699 1506 3756 iratus'cs,
1525 3699 1778 3760 Domine,
1805 3701 1904 3749 aut
1922 3697 1980 3750 in

386 3790 712 3844 ﬂuminibus
732 3792 888 3844 furor
907 3796 1054 3850 tuus,
1083 3790 1165 3843 vel
1194 3789 1251 3842 in
1284 3788 1427 3841 mari
1455 3786 1768 3856 indignatio
1788 3786 1926 3839 tua?
1953 3805 1973 3835 ι

382 3882 699 3950 Interrogat
717 3880 988 3950 propheta
1007 3879 1328 3941 Dominum,
1347 3883 1404 3932 et
1442 3876 1601 3948 quasi
1622 3875 1887 3929 dubitans
1903 3874 1980 3927 lo-

383 3971 578 4040 quitur
601 3988 611 4023 :
638 3970 682 4025 O
704 3969 958 4033 Domine,
984 3969 1207 4040 quando
1236 3968 1537 4022 Jordanem
1568 3965 1798 4019 ﬂuvium
1831 3969 1979 4017 retro

383 4058 629 4113 converti
669 4059 871 4123 fecisti,
904 4066 961 4111 et.
1003 4057 1225 4128 quando
1257 4073 1413 4109 mare
1442 4055 1698 4117 divisisti,
1731 4059 1795 4107 ut
1836 4053 1977 4105 viam

381 4146 594 4201 faceres
616 4148 821 4217 populo
846 4154 965 4212 tuo,
988 4147 1242 4217 nunquid
1262 4146 1319 4198 in
1350 4144 1679 4198 ﬂuminibus
1699 4144 1877 4195 iratus
1898 4160 1976 4207 es,

2060 2193 2117 2240 et
2144 2185 2429 2256 quadriga;
2458 2186 2580 2254 ejus
2606 2185 2872 2251 salvatio;
2906 2185 3011 2249 vel,
3039 2190 3105 2239 ut
3129 2184 3239 2237 alia
3259 2184 3555 2238 translatio
3579 2185 3665 2239 di-

2062 2276 2157 2333 cit,
2184 2276 2480 2345 Equitatus
2510 2280 2641 2327 tuus
2671 2274 2901 2327 sanitas.
2929 2273 3226 2344 Equitatus
3250 2273 3351 2327 Dei
3373 2274 3666 2343 justorum

2060 2364 2309 2419 omnium
2333 2369 2421 2417 est
2443 2363 2764 2424 multitudo,
2787 2362 2961 2415 totius
2986 2362 3216 2416 humani
3242 2361 3464 2432 generis
3484 2363 3667 2415 salva-

2060 2454 2160 2519 tio,
2186 2455 2317 2523 quia
2345 2452 2403 2506 in
2426 2451 2635 2505 sanctis
2656 2451 2935 2521 equitans,
2961 2456 3144 2505 totum
3170 2450 3431 2504 lustravit
3459 2456 3516 2504 et
3545 2451 3666 2503 sal—

2060 2542 2209 2596 vavit
2236 2541 2448 2595 orbem.

2138 2694 2166 2726 ι(
2190 2676 2478 2730 Suscitans
2499 2673 2794 2728 suscitabis
2817 2690 3012 2727 arcum
3038 2678 3194 2727 tuum
3217 2692 3230 2740 ;
3258 2691 3284 2725 ι>
3309 2671 3362 2726 id
3384 2678 3485 2735 est,
3512 2673 3669 2743 quod

2062 2764 2373 2836 promisisti
2404 2764 2464 2817 in
2492 2763 2679 2817 Veteri
2702 2764 3084 2825 Testamento,
3110 2761 3367 2833 implebis
3398 2763 3453 2815 in
3483 2763 3664 2815 Novo.

2063 2855 2204 2907 Nam
2237 2870 2337 2923 per
2378 2869 2593 2915 arcum,
2628 2852 2724 2922 qui
2770 2851 2989 2906 duobus
3031 2851 3293 2905 cornibus
3319 2852 3519 2916 tendit,
3550 2852 3667 2906 duo

2061 2942 2420 2996 Testamenta
2445 2941 2857 3011 intelliguntur.
2882 2942 3042 2995 Unde
3064 2941 3321 3011 sequitur
3338 2947 3394 2995 et
3418 2941 3671 2995 ostendit

1994 3031 2039 3093 Ο
2062 3034 2194 3105 quid
2227 3032 2303 3087 sit
2343 3049 2541 3087 arcus:
2575 3051 2600 3084 α
2632 3033 2963 3086 Juramenta
2992 3031 3249 3089 tribubus
3278 3038 3403 3102 quae:
3442 3032 3667 3085 locutus

2063 3140 2140 3177 es.
2180 3142 2201 3172 ii
2234 3121 2573 3178 Suscitabist
2586 3121 2788 3191 inquit)
2813 3138 3024 3182 arcum,
3058 3122 3289 3190 impleta
3312 3122 3660 3189 juramenta,

2066 3229 2187 3283 quae
2208 3213 2427 3266 locutus
2456 3228 2514 3264 es
2544 3210 2803 3265 tribubus
2832 3211 3007 3265 Israel
3031 3210 3100 3264 de
3125 3211 3366 3264 adventu
3390 3210 3517 3264 Filii
3541 3210 3657 3265 tui.

2137 3348 2517 3414 (Dz'apsalma).
2548 3363 2573 3395 ι(
2608 3342 2831 3397 Fluvios
2860 3343 3079 3397 scindes
3100 3348 3294 3409 terrae;
3322 3342 3583 3396 viderunt
3610 3350 3667 3396 te

2064 3439 2122 3489 et
2139 3434 2440 3487 doluerunt
2458 3437 2676 3486 montes
2721 3451 2748 3482 ii
2765 3432 2943 3485 Fluvii
2964 3438 3127 3485 terra)
3150 3437 3283 3485 sunt
3301 3431 3471 3487 corda
3491 3436 3671 3484 terre-

2065 3539 2263 3576 norum
2285 3522 2599 3583 hominum,
2624 3520 2715 3590 qui
2749 3520 3179 3590 prmdicantibus
3200 3520 3467 3591 apostolis
3490 3521 3664 3571 scissa

2064 3618 2197 3665 sunt
2215 3619 2272 3664 et
2299 3616 2492 3680 aptata
2525 3626 2623 3679 per
2652 3609 3061 3679 paenitentiam,
3087 3616 3151 3661 ut
3170 3625 3362 3663 semen
3389 3608 3538 3661 verbi
3564 3610 3667 3661 Dei

2062 3701 2393 3770 reciperent.
2419 3701 2560 3753 Nam
2591 3704 2647 3752 et
2675 3699 2732 3751 in
2758 3698 3017 3769 passione
3043 3698 3259 3751 Domini
3284 3704 3454 3768 petrae
3476 3699 3667 3751 scissae

2063 3795 2211 3849 sunt,
2233 3794 2297 3842 ut
2324 3789 2463 3841 dura
2494 3788 2749 3858 gentium
2780 3787 2945 3840 corda
2978 3787 3340 3856 signarentur
3365 3802 3489 3839 esse
3519 3788 3666 3841 sciu-

2061 3877 2243 3929 denda
2276 3893 2375 3946 per
2402 3876 2589 3929 ﬁdem.
2623 3876 2904 3928 Viderunt
2932 3876 3035 3927 hoc
3066 3882 3301 3933 montes,
3337 3874 3392 3927 id
3422 3880 3506 3928 est
3538 3891 3668 3928 con-

2061 3966 2250 4020 trariae
2272 3964 2647 4029 fortitudines,
2672 3971 2727 4017 et
2748 3964 3049 4017 doluerunt
3073 3964 3386 4017 invidentes
3405 3964 3666 4032 gentium

2062 4056 2249 4109 saluti.
2282 4055 2407 4108 Sive
2434 4058 2652 4106 montes
2680 4058 2813 4105 sunt
2842 4053 3057 4105 excelsa
3088 4069 3261 4121 regna
3281 4058 3583 4113 terrarum,
3611 4060 3669 4106 et

2063 4144 2330 4198 sublimes
2379 4142 2565 4196 saeculi
2621 4147 2945 4211 potestates.
2996 4142 3274 4194 Viderunt
3321 4157 3574 4194 crescere
3613 4148 3671 4194 et

386 4242 485 4289 aut
512 4237 569 4288 in
600 4236 741 4288 mari
768 4236 875 4289 fuit
899 4235 1211 4302 indignatio
1239 4233 1381 4286 tua?
1413 4234 1536 4286 Non
1566 4233 1715 4285 enim
1748 4232 1975 4285 insensi-
1996 4266 2045 4324 D
2068 4232 2362 4303 propagari
2406 4230 2571 4285 ﬂdcm
2604 4230 2831 4289 Christi,
2864 4236 2921 4284 et
2960 4230 3278 4291 doluerunt,
3322 4236 3494 4301 atque
3532 4247 3668 4298 gra-

324 4314 331 4321 ’
382 4322 518 4376 bilia
538 4323 813 4376 elementa
838 4321 1143 4391 quidquam
1167 4320 1517 4374 offenderant
1535 4326 1599 4373 ut
1626 4328 1780 4373 tuam
1806 4330 1982 4372 mere-

386 4417 585 4465 rentur
613 4399 1076 4481 indignationem.
1104 4409 1261 4463 Sicut
1293 4425 1425 4477 ergo
1452 4414 1588 4461 tunc
1616 4407 1794 4461 fecisti
1821 4408 1983 4460 dimi-

386 4518 521 4557 cans
551 4517 651 4573 pro
672 4500 878 4572 populo
899 4505 1017 4561 tuo,
1042 4500 1121 4552 ita
1140 4515 1287 4552 nunc
1308 4497 1614 4551 ascendens
1635 4513 1808 4568 equos
1830 4507 1979 4558 tuos,

386 4580 444 4646 et
464 4590 771 4661 corripiens
792 4605 1003 4652 arcum,
1024 4588 1261 4641 salutem
1279 4586 1437 4641 dabis
1449 4587 1651 4658 p0pulo
1669 4593 1782 4641 tuo.
1800 4586 1983 4640 Scien-

389 4682 521 4736 dum
544 4686 732 4734 autem
759 4680 904 4733 bona
923 4679 1156 4733 ﬂumina
1179 4694 1301 4732 esse
1322 4684 1375 4731 et
1400 4678 1565 4739 mala,
1589 4693 1741 4729 mare
1763 4693 1985 4746 quoque

390 4785 515 4823 esse
537 4768 743 4823 bonum
776 4775 832 4823 et
860 4769 1040 4835 dulce,
1066 4785 1187 4822 esse
1217 4774 1273 4821 et
1300 4764 1599 4837 pessimum
1624 4770 1680 4817 et
1706 4780 1981 4818 amarum.

388 4856 457 4914 In
493 4858 641 4912 bona
695 4859 1102 4929 signiﬁcatione
1159 4856 1386 4927 ponitur
1422 4854 1641 4915 ﬂuvius,
1684 4870 1810 4907 cum
1852 4854 1988 4908 dicit

392 4947 689 5001 Psalmista
721 4964 732 4999 :
778 4970 798 4991 η
846 4947 1119 5001 Fluminis
1148 4946 1389 5016 impetus
1425 4944 1673 4997 laetificat
1703 4943 1983 4997 civitatem

282 5046 305 5067 ἐ
388 5035 519 5102 Dei;
556 5056 583 5088 »
606 5036 666 5089 in
692 5036 841 5090 mala
864 5053 1013 5094 vero.
1041 5042 1103 5088 ut
1124 5034 1268 5105 apud
1298 5032 1642 5087 Ezechielem
1672 5033 1887 5085 Pharao
1910 5032 1986 5085 lo-

390 5126 615 5194 quitur:
650 5143 675 5175 «
704 5127 825 5180 Mea
848 5129 979 5177 sunt
1005 5122 1259 5186 ﬂumina,
1287 5129 1343 5176 et
1373 5139 1475 5191 ego
1506 5122 1605 5175 feci
1632 5122 1730 5175 illa
1782 5144 1804 5171 ι
1833 5122 1985 5174 Mare

390 5228 612 5283 quoque
646 5214 703 5266 in
753 5213 953 5265 bonam
992 5217 1206 5282 partem
1241 5212 1487 5280 ponitur,
1523 5210 1617 5265 ubi
1664 5211 1721 5263 in
1770 5210 1985 5280 psalmo

389 5300 595 5354 dicitur
622 5319 633 5353 :
664 5322 686 5352 ‹
721 5300 942 5354 Domini
970 5305 1056 5353 est
1084 5306 1232 5352 terra
1259 5306 1316 5352 et
1344 5299 1495 5353 orbis
1525 5306 1824 5354 terrarum.
1858 5297 1985 5369 Ipse

389 5392 559 5460 super
579 5389 756 5443 maria
780 5388 1028 5442 fundavit
1050 5404 1198 5442 eum.
1225 5409 1247 5436 ι
1274 5388 1421 5440 Mala
1443 5405 1574 5457 ergo
1597 5388 1833 5443 ﬂumina
1854 5395 1988 5440 sunt

390 5479 656 5549 dogmata
684 5478 1100 5543 haereticorum,
1141 5493 1263 5547 quae
1295 5477 1445 5529 velut
1475 5478 1709 5531 ﬂumina
1750 5483 1988 5531 currunt

388 5569 675 5639 spumanti
696 5567 1034 5638 eloquentia,
1055 5573 1112 5622 et
1130 5568 1316 5623 ﬂuunt
1339 5573 1536 5621 contra
1560 5568 1866 5621 veritatem.
1886 5567 1987 5622 His

2064 4322 2345 4374 vissimam
2385 4326 2580 4374 contra
2627 4325 2848 4373 sanctos
2896 4320 3341 4389 persecutionem
3390 4320 3670 4373 excitave-

2064 4418 2213 4463 runt.
2249 4409 2408 4463 Unde
2439 4408 2728 4478 sequitur:
2759 4427 2784 4459 «
2816 4425 3021 4478 gurges
3051 4425 3327 4478 aquarum
3357 4408 3605 4463 transiit.
3641 4427 3665 4457 ι

2065 4500 2281 4567 Gurges
2327 4514 2601 4568 aquarum
2648 4496 2831 4549 valida
2881 4503 3189 4567 tempestas
3238 4496 3666 4566 persecutionis.

2066 4588 2311 4649 transiit,
2352 4588 2405 4639 id
2455 4592 2539 4640 est
2586 4585 2921 4655 conquievit,
2974 4592 3269 4655 postquam
3326 4590 3567 4642 montes,
3615 4585 3671 4638 id

2069 4682 2155 4731 est
2201 4677 2387 4731 saeculi
2433 4681 2739 4747 potestates
2789 4673 3073 4727 Christum
3128 4679 3498 4742 agnoverunt.
3546 4674 3673 4727 Sive

2069 4767 2177 4820 alio
2216 4782 2384 4819 sensu
2426 4783 2437 4817 :
2479 4781 2686 4834 gurges
2744 4778 3042 4832 aquarum,
3100 4762 3157 4816 id
3213 4767 3296 4816 est
3342 4762 3673 4832 praedicatio

2069 4855 2469 4927 apostolorum,
2512 4852 2756 4911 transiit,
2801 4851 3063 4905 nuntiata
3100 4868 3201 4921 per
3239 4866 3433 4904 omnes
3471 4851 3673 4904 mundi

2068 4945 2360 5000 terminos.
2398 4962 2423 4994 ‹‹
2459 4941 2619 4995 Dedit
2648 4940 2884 5010 abyssus
2915 4957 3103 4993 vocem
3150 4956 3311 4994 suam
3341 4952 3352 4986 ε
3398 4958 3424 4991 υ
3466 4938 3521 4992 id
3556 4947 3672 5004 τιεί,

2068 5033 2346 5106 profunda
2373 5031 2753 5102 apostolorum
2803 5029 3123 5099 praedicatio
3162 5046 3263 5099 per
3290 5028 3483 5083 orbem
3518 5028 3678 5080 inso-

2068 5124 2209 5177 nuit.
2238 5140 2265 5172 (ι
2288 5119 2538 5174 Altitudo
2571 5134 2769 5171 manus
2800 5134 2930 5170 suas
2960 5116 3165 5170 levabit
3190 5135 3201 5182 ;
3242 5136 3263 5164 ι
3290 5115 3346 5168 id
3375 5122 3463 5169 est
3496 5116 3675 5167 virtus

2069 5212 2257 5265 divina
2286 5210 2681 5263 miraculorum
2716 5223 2775 5259 se
2805 5204 3067 5276 Operibus
3096 5202 3435 5271 declaravit;
3467 5221 3673 5256 manus

2070 5314 2311 5369 namque
2352 5299 2535 5350 levare
2580 5296 2722 5349 mira
2767 5293 2987 5364 operari
3031 5299 3132 5348 est.
3175 5293 3399 5347 Aliter:
3438 5312 3460 5342 ι
3508 5292 3677 5346 Dedit

2070 5387 2332 5458 abysssus
2372 5401 2557 5438 vocem
2599 5401 2798 5448 suam;
2848 5403 2867 5431 ι
2913 5382 2965 5435 id
3007 5388 3094 5435 est
3131 5381 3346 5435 inferus
3375 5397 3409 5434 a
3446 5378 3674 5433 Christo

2070 5486 2384 5547 superatus,
2419 5475 2886 5543 triumphatorem
2928 5472 3125 5524 mortis
3164 5469 3428 5524 laudavit.
3471 5490 3493 5516 ι
3530 5470 3673 5522 Alti-

2070 5565 2206 5620 tudo
2233 5580 2464 5618 manum
2499 5578 2660 5616 suam
2697 5560 2927 5627 levavit;
2965 5579 2987 5610 ι
3010 5559 3066 5613 id
3097 5567 3183 5614 est
3211 5556 3485 5612 celsitudo
3508 5570 3680 5626 auge-
