4090 6164
306 271 391 327 193

1207 268 1626 325 ENA-RRATIO
1665 269 1744 324 IN
1782 268 2119 325 HABACUC
2158 268 2635 327 ΡΗΟΡΗΕΤΑΜ..

3450 274 3550 334 l9?!l

302 394 395 447 lira
408 393 564 463 quasi
586 393 829 463 quodam
851 394 1052 464 plausu
1077 396 1312 448 manum
1342 393 1679 463 tripudians,
1717 394 1878 448 Chri-
1896 402 1941 457 Α
1964 399 2210 465 potestas
2245 395 2517 450 innuitur.
2545 394 2836 451 Maledixit
2877 394 3030 449 Deus
3054 395 3291 467 sceptris
3316 399 3459 468 ejus,
3490 401 3557 461 ω

301 487 429 536 stum
454 482 716 535 laudavit.

368 592 386 619 ι
420 571 512 625 Sol
532 577 587 624 et
616 572 752 624 luna
782 576 1064 625 steterunt
1087 572 1147 626 in
1176 573 1497 629 habitaculo
1526 592 1648 629 suo.
1683 573 1879 626 nJuxta

300 660 546 721 litteram,
598 665 662 714 ut
710 659 961 714 Isidorus
998 661 1151 721 dicit.
1180 668 1307 733 post
1355 664 1500 717 diem
1535 663 1728 734 judicii
1768 678 1880 715 non

300 748 495 803 occidet
524 749 608 802 sol
636 755 692 803 et
722 749 854 802 luna
898 750 1044 803 infra
1098 756 1281 806 terras
1333 752 1739 812 descendendo,
1783 751 1879 804 sed

297 854 500 906 semper
524 853 695 908 super
718 843 899 891 terras
920 838 1200 908 parebunt
1225 859 1238 907 ;
1270 842 1354 894 sol
1386 842 1611 911 quidem
1629 841 1684 894 in
1700 840 1881 894 orien-

295 932 357 988 te,
387 926 519 979 luna
572 926 630 979 in
678 927 966 981 occidente
995 928 1147 981 omni
1178 930 1389 983 mundo
1422 931 1743 999 conspicua,
1775 945 1879 982 nec

302 1015 391 1068 sub
409 1020 589 1068 terras
603 1015 964 1082 descendent,
984 1033 1054 1071 ne
1069 1017 1265 1072 inferis
1280 1019 1471 1073 lumen
1501 1018 1666 1073 suum
1688 1024 1879 1073 osten~

296 1104 431 1157 dant.
452 1104 669 1158 Altiore
693 1121 861 1159 sensu
889 1124 951 1158 τι
974 1106 1136 1159 solet
1160 1108 1298 1162 luna
1326 1114 1609 1162 steterunt
1636 1108 1694 1161 in
1724 1107 1881 1161 habi-

299 1192 463 1245 taculo
482 1208 603 1257 suo,
642 1213 666 1245 ››
696 1193 828 1263 quia
843 1194 1101 1247 Christus
1122 1196 1216 1265 qui
1247 1212 1411 1249 verus
1438 1201 1525 1249 est
1552 1197 1653 1259 sol,
1690 1213 1879 1250 resur-

294 1298 466 1350 gensa
496 1283 759 1344 mortuis,
786 1282 1164 1338 habitaculum
1200 1285 1324 1338 cmli
1354 1286 1712 1349 conscendit;
1744 1286 1882 1338 luna

296 1387 426 1429 vero,
454 1370 512 1423 id
534 1377 621 1423 est
642 1371 907 1431 Ecclesia,
942 1372 998 1425 in
1032 1373 1140 1426 ﬁde
1166 1391 1334 1443 quam
1378 1375 1649 1445 percepit,
1679 1375 1876 1428 devote

292 1457 683 1513 etinconcusse
712 1461 1039 1530 permansit.
1069 1462 1228 1525 Quod
1264 1464 1515 1533 apertius
1544 1464 1657 1517 alia
1692 1472 1877 1517 trans-

292 1546 411 1599 latio
438 1547 577 1600 dicit
609 1566 620 1599 :
653 1549 910 1603 Elevatus
940 1550 1023 1603 sol
1056 1551 1113 1603 in
1145 1557 1274 1605 ortu
1303 1568 1424 1614 suo,
1455 1558 1513 1606 et
1564 1554 1696 1606 luna
1722 1553 1881 1606 stetit

1962 490 2047 537 est
2072 484 2250 554 impii,
2282 484 2336 537 id
2373 490 2460 538 est
2500 500 2674 553 regno
2735 490 2790 536 et
2818 484 3083 554 potestati
3130 486 3269 555 ejus.
3305 485 3550 558 Impium

1961 578 2173 637 autem,
2198 575 2503 626 secundum
2545 572 2852 643 superioris
2893 573 3197 643 prephetia:
3224 580 3548 645 tractatum,

1962 660 2018 713 id
2031 666 2134 721 est,
2152 662 2489 731 specialiter,
2511 663 2671 731 juxta
2715 661 2983 725 litteram,
3015 662 3551 733 Nabuchodonosor,

1964 751 2047 802 vel
2076 750 2419 819 generaliter
2447 767 2669 804 onmem
2691 751 2880 820 populi
2909 750 3004 803 Dei
3025 751 3429 817 adversarium,
3452 772 3554 811 seu

1961 835 2145 906 ipsum
2169 836 2451 891 diabolum
2490 854 2794 907 possumus
2821 838 3092 908 accipere.
3124 839 3209 911 De
3235 855 3345 910 quo
3372 841 3555 896 adhuc

1961 926 2243 996 sequitur:
2278 925 2839 996 «Capitibellatorum
2858 928 3001 996 ejus,
3038 948 3059 977 ι
3089 926 3359 983 subaudis
3385 932 3556 985 male-

1960 1014 2165 1069 dixisti.
2202 1016 2327 1069 Non
2350 1016 2529 1070 solum
2559 1016 2787 1085 (inquit)
2816 1016 3050 1085 sceptris
3076 1017 3219 1085 ejus,
3251 1018 3348 1072 sed
3378 1020 3551 1074 etiam

1960 1104 2066 1175 ipsi
2096 1104 2264 1174 capiti
2296 1104 2443 1175 quod
2472 1121 2845 1174 percusseras,
2878 1106 3226 1160 maledixisti.
3263 1109 3558 1179 Caputau-

1961 1198 2073 1246 tem
2120 1192 2455 1246 bellatorum
2503 1193 2778 1255 diabolus,
2828 1201 3247 1263 persecutorum
3278 1198 3558 1270 Ecclesia,

1964 1282 2157 1352 quales
2213 1282 2441 1336 fuerunt
2475 1282 2643 1344 Nero,
2696 1282 3075 1343 Domitianus,
3132 1286 3427 1357 caeterique
3457 1287 3554 1358 qui

1958 1371 2241 1442 publicam
2271 1370 2719 1441 persecutionem
2742 1371 2997 1430 Ecclesiae
3026 1371 3366 1428 indixerunt.
3400 1393 3430 1428 ι
3452 1377 3559 1430 Ve-

1960 1460 2261 1525 nientibus,
2298 1479 2320 1510 »
2346 1459 2399 1512 id
2435 1465 2521 1513 est
2541 1459 2637 1530 qui
2664 1458 2981 1521 veniebant,
3018 1481 3040 1512 ι
3074 1466 3139 1515 ut
3164 1462 3387 1527 turbo,»
3412 1464 3559 1521 sicut

1960 1554 2268 1619 tempestas
2297 1564 2423 1602 cum
2472 1554 2689 1603 terrore
2739 1548 2932 1611 nimio,
2960 1568 2986 1600 α
3011 1550 3081 1603 ad
3117 1551 3560 1622 dispergendum

292 1634 343 1686 in
371 1635 568 1689 ordine
586 1653 708 1689 suo.
737 1653 764 1688 α
797 1638 860 1690 In
902 1639 1026 1692 luce
1068 1639 1400 1709 sagittarum
1432 1647 1661 1695 tuarum
1682 1640 1875 1707 ibunt,
1930 1711 1935 1715 θ
1963 1654 2073 1699 me,
2111 1658 2137 1688 ι
2169 1638 2224 1690 id
2255 1642 2342 1691 est
2370 1636 2647 1690 unitatem
2673 1643 2878 1691 sanctae
2910 1638 3557 1701 Ecclesiaa.«Exsultatio

292 1723 340 1776 in
371 1724 669 1794 splendore
695 1726 1040 1795 fulgurantis
1078 1728 1252 1782 hastae
1281 1735 1408 1783 tuae.
1445 1748 1470 1780 ιο
1507 1731 1657 1785 Ordo
1684 1729 1879 1784 verbo-
1902 1742 2178 1816 Beorum,
2214 1746 2241 1776 ι)
2270 1725 2327 1779 id
2358 1730 2443 1779 est
2471 1731 2892 1795 persecutorum
2927 1744 2954 1778 α
2994 1727 3140 1781 sicut
3171 1730 3314 1798 ejus
3344 1732 3438 1801 qui
3463 1734 3557 1787 de-

294 1827 404 1864 rum
431 1818 519 1865 est
555 1827 567 1861 :
601 1814 832 1883 Sagittae
881 1820 993 1869 ture
1050 1821 1106 1869 et
1140 1816 1315 1871 hastae
1343 1824 1454 1872 tua:
1483 1818 1539 1871 in
1570 1818 1692 1871 luce
1731 1824 1788 1872 et
1823 1818 1882 1871 in
1906 1814 1935 1816 ”
1967 1824 2118 1868 vorat
2149 1831 2452 1885 pauperem
2510 1814 2567 1871 in
2623 1814 2967 1869 abscondito.
3000 1833 3027 1870 ii
3070 1816 3557 1879 Quemadmodum

293 1900 580 1969 splendore
609 1902 951 1971 fulgurantis
980 1903 1159 1959 ibunt.
1190 1905 1421 1975 Sagittae
1467 1912 1524 1965 et
1551 1906 1726 1960 hastae
1755 1906 1876 1973 Dei,

295 1990 515 2058 apostoli
540 1997 698 2057 sunt,
721 1992 855 2061 quia
885 1993 1032 2046 sicut
1061 1993 1281 2063 sagittae
1310 1999 1366 2047 et
1396 1995 1567 2049 hastae
1604 1995 1884 2065 refulgent

294 2084 344 2131 et
381 2078 700 2136 vulnerant.
759 2081 837 2134 sic
883 2082 1122 2151 apostoli
1179 2082 1532 2151 refulgebant
1576 2084 1878 2149 miraculis,

296 2167 660 2221 vulnerabant
691 2169 1160 2238 praedicamentis,
1208 2172 1606 2225 denuntiantes
1637 2177 1885 2243 peccato-

294 2256 434 2309 ribus
462 2263 681 2311 aeterna
715 2259 1009 2329 supplicia.
1035 2260 1217 2313 Aliter
1248 2277 1259 2311 :
1296 2280 1317 2311 ι
1346 2261 1439 2313 Sol
1480 2266 1535 2314 et
1563 2261 1698 2314 luna
1720 2267 1886 2315 stete-

292 2352 415 2398 runt
430 2346 487 2399 in
509 2346 843 2400 habitaculo
856 2364 958 2400 suo
988 2348 1253 2402 nODeus!
1279 2349 1363 2401 sol
1384 2350 1606 2412 etluna,
1627 2354 1685 2403 et
1703 2349 1885 2402 omnis

292 2434 550 2503 Splendor
580 2435 892 2504 signorum,
926 2453 1037 2505 quo
1070 2437 1225 2506 prius
1265 2436 1585 2501 illustrabas
1619 2439 1885 2509 populum

290 2528 462 2583 tuum,
474 2525 599 2592 jam
620 2525 895 2577 malorum
912 2525 1159 2595 pondere
1180 2531 1237 2579 et
1258 2526 1498 2596 quodam
1526 2526 1881 2580 tenebrarum

292 2610 515 2666 horrore
540 2620 810 2683 cooperta
836 2620 1029 2680 erant;
1054 2621 1111 2668 te
1136 2620 1323 2667 autem
1356 2621 1681 2685 apparente,
1713 2620 1886 2669 stete-

288 2707 413 2753 runt
441 2701 496 2754 in
521 2701 848 2755 habitaculo
877 2719 999 2767 suo,
1015 2692 1137 2756 .hoc
1181 2709 1286 2769 est,
1337 2709 1672 2774 receperunt
1698 2705 1885 2774 splen-

289 2788 472 2842 dorem
490 2797 551 2843 et
570 2790 833 2843 virtutem
858 2807 1035 2843 suam.
1066 2792 1230 2845 Ibunt
1250 2792 1441 2861 itaque
1471 2793 1621 2846 haud
1651 2793 1884 2846 dubium

288 2879 472 2948 pepuli
511 2878 714 2931 ﬁdeles
767 2878 823 2932 in
878 2878 1003 2933 luce
1050 2880 1385 2949 sagittarum
1439 2887 1689 2946 tuarum,
1730 2886 1786 2934 et
1826 2881 1883 2934 in

288 2967 584 3034 splendore
612 2968 956 3036 fulgurantis
977 2968 1151 3022 hastae
1180 2975 1292 3022 tuae
1316 2988 1329 3035 ;
1354 2970 1460 3023 hoc
1492 2977 1596 3035 est,
1627 2970 1885 3024 ambula-

1964 1908 2157 1974 raptor
2185 1903 2447 1966 exsultat,
2507 1919 2634 1956 cum
2686 1920 2988 1973 pauperem
3045 1906 3201 1959 nullo
3238 1907 3462 1963 vidente
3498 1914 3559 1965 et

1964 1992 2234 2046 auxilium
2266 1992 2482 2045 ferente
2513 1992 2735 2062 spoliat,
2786 1993 2867 2046 ita
2906 2000 3291 2063 persecutores
3339 2005 3560 2055 sancto.

1964 2098 2090 2135 rum
2120 2079 2463 2150 gaudebant,
2494 2084 2765 2150 tanquam
2796 2082 2911 2135 Deo
2942 2098 3056 2135 non
3112 2083 3332 2139 vidente
3356 2091 3420 2140 et
3454 2104 3557 2143 ne-

1965 2170 2175 2225 sciente
2194 2186 2334 2239 quos
2361 2168 2695 2238 aﬂligerent.
2728 2170 2921 2223 Potest
2942 2171 3047 2224 hoc
3071 2176 3130 2226 et
3156 2172 3225 2226 de
3245 2175 3397 2229 omni
3428 2192 3557 2246 per-

1964 2275 2123 2312 verso
2153 2257 2413 2327 dici,vqui
2438 2274 2563 2311 cum
2592 2258 2819 2328 impune
2843 2266 3034 2328 peccat
3062 2262 3318 2326 exsultat,
3351 2268 3560 2334 putans

1966 2347 2142 2400 Deum
2167 2363 2225 2400 se
2256 2362 2418 2416 posse
2451 2346 2643 2411 latere,
2667 2350 2725 2400 et
2743 2363 2865 2417 quae
2894 2348 3309 2418 agitignorare.

2042 2454 2068 2488 α
2087 2436 2247 2488 Viam
2274 2434 2453 2493 fecisti
2469 2435 2527 2489 in
2544 2435 2687 2489 mari
2711 2436 2871 2506 equis
2888 2437 3018 2492 tuis.
3066 2458 3090 2491 »
3132 2439 3274 2510 Equi
3305 2442 3559 2501 Deisunt

1967 2524 2204 2595 apostoli
2232 2524 2530 2594 caeterique
2552 2524 2962 2593 praedicatores.
2989 2526 3192 2597 quibus
3234 2530 3382 2584 Deus
3410 2531 3558 2587 viam

1968 2613 2100 2666 fecit
2130 2613 2187 2666 in
2218 2612 2384 2676 mari,
2414 2612 2518 2665 hoc
2575 2616 2661 2665 est
2693 2612 2751 2666 in
2808 2614 3038 2679 mundo,
3085 2618 3150 2669 ut
3193 2623 3421 2685 possent
3442 2619 3560 2674 dis-

1969 2718 2196 2755 currere
2220 2718 2320 2772 per
2343 2699 2551 2754 orbem.
2610 2701 2808 2770 Neque
2858 2702 3004 2756 enim
3054 2703 3164 2772 ipsi
3218 2720 3322 2759 sua
3340 2707 3559 2762 virtute

1968 2790 2037 2844 ad
2066 2796 2147 2844 tot
2166 2796 2221 2844 et
2250 2796 2438 2844 tantas
2486 2804 2661 2843 saevas
2707 2789 2962 2843 nationes
3010 2791 3319 2860 potuissent
3354 2796 3558 2864 praedi-

1966 2880 2143 2934 cando
2171 2878 2379 2939 venire,
2414 2877 2524 2931 nisi
2544 2877 2640 2930 ille
2667 2876 2888 2931 fecisset
2918 2879 3157 2945 veniam,
3176 2881 3558 2945 diversitatem

1963 2966 2214 3035 gentium
2237 2966 2340 3019 sub
2362 2982 2473 3019 uno
2499 2966 2879 3020 Romanorum
2913 2966 3149 3037 imperio
3187 2970 3558 3030 conciliando.

286 3029 419 3107 bunt
448 3071 553 3123 per
580 3029 882 3125 iteriiujus
916 3057 1038 3110 vita;
1076 3057 1132 3110 in
1166 3058 1287 3111 luce
1317 3029 1722 3128 praeceptorum
1753 3029 1940 3112 ωορδ
1964 3029 2205 3108 :lnluto
2221 3070 2496 3124 aquarum
2513 3054 2819 3108 multarum
2856 3073 2869 3120 ;
2896 3074 2922 3107 ι›
2975 3029 3031 3108 id
3053 3063 3138 3110 est
3157 3029 3560 3116 inidololatria

286 3159 424 3209 rum,
454 3161 585 3214 quae
607 3145 765 3198 velut
795 3145 1012 3214 sagittae
1042 3144 1141 3199 aut
1168 3147 1345 3200 hastae
1375 3147 1672 3200 vulnerant
1698 3147 1769 3201 ad
1799 3163 1883 3200 sa-

287 3231 473 3297 lutem,
506 3234 582 3285 ad
617 3233 721 3285 hoc
747 3238 983 3295 terrent,
1008 3240 1072 3286 ut
1100 3234 1421 3288 emendent.

354 3341 377 3370 ι
411 3324 471 3375 ln
526 3322 761 3374 fremitu
822 3323 1172 3375 conculcabis
1221 3330 1451 3377 terram.
1489 3344 1514 3376 »
1549 3324 1611 3378 In
1646 3324 1885 3378 terribili

285 3410 682 3481 pmdicatione
737 3411 1119 3479 apostolorum
1177 3412 1528 3468 conculcabis
1556 3418 1784 3473 terram,
1828 3412 1887 3466 id

284 3503 380 3561 est,
412 3505 680 3552 conteres
699 3499 869 3551 corda
921 3504 1275 3553 terrenorum
1319 3501 1630 3554 hominum.
1670 3518 1695 3553 ιδ
1730 3502 1799 3555 Et
1827 3500 1885 3555 in

283 3587 480 3647 furore,
515 3610 537 3639 ι
566 3589 627 3642 id
659 3590 961 3657 estjudicii
983 3590 1443 3647 comminatione.

353 3698 373 3725 ι
398 3678 583 3731 Obstu
594 3678 834 3747 pefacies
862 3684 1061 3748 gentes
1082 3686 1109 3730 ι’
1136 3696 1308 3749 regna
1337 3686 1565 3734 terrena
1588 3685 1643 3734 et
1660 3696 1884 3734 omnem

285 3767 472 3820 mundi
488 3773 839 3837 potestatem
858 3768 1053 3821 mirari
1075 3768 1414 3831 facies.Quia
1429 3789 1454 3819 εί
1478 3786 1738 3839 egressus
1759 3785 1835 3832 es,
1859 3787 1881 3818 ι

287 3856 482 3909 oDeus
516 3857 710 3919 Pater,
746 3876 767 3905 ι
801 3856 857 3908 in
910 3857 1148 3909 salutem
1196 3858 1386 3927 populi
1417 3858 1521 3922 tui,
1563 3858 1619 3911 in
1646 3858 1885 3911 salutem

288 3959 404 3997 cum
437 3945 674 3998 Christo
704 3949 823 4009 tuo,
850 3963 878 3997 ι
910 3945 965 3997 id
985 3951 1071 3999 est
1099 3962 1224 3998 cum
1250 3946 1389 3999 Filio
1429 3952 1548 4008 tuo,
1582 3962 1747 4016 quem
1775 3963 1888 4017 prae

290 4033 547 4087 omnibus
561 4035 779 4087 sanctis
798 4033 1097 4104 singularis
1116 4034 1312 4104 gratiae
1333 4034 1635 4088 chrismate
1657 4033 1885 4087 unxisti.

1966 3143 2270 3196 multarum
2286 3142 2541 3212 gentium
2563 3142 2743 3195 fecisti
2764 3143 3219 3212 praedicatoribus
3246 3147 3358 3201 tuis
3386 3147 3555 3218 viam,

1966 3237 2030 3285 ut
2056 3248 2178 3285 eam
2210 3238 2541 3301 spernerent
2590 3237 2646 3284 et
2673 3231 2833 3301 quasi
2886 3233 3068 3287 lutum
3119 3235 3560 3295 conculcandum

1969 3322 2395 3376 annuntiarent.

2047 3429 2068 3458 ι
2092 3409 2291 3462 Audivi
2314 3429 2335 3459 ι
2362 3425 2475 3464 ηοη
2500 3426 2637 3464 aure
2668 3409 2939 3480 corporis,
2972 3411 3068 3465 sed
3095 3411 3384 3469 intellectu
3403 3431 3563 3471 men-

1967 3498 2058 3552 tis.
2085 3499 2152 3552 Et
2173 3515 2296 3567 quae
2314 3498 2570 3552 audivit?
2596 3500 2673 3552 Ea
2704 3498 2960 3552 videlicet
2997 3517 3119 3570 quae
3165 3518 3197 3555 a
3220 3504 3385 3557 Patre
3412 3505 3563 3559 dicta

1966 3592 2101 3641 sunt
2124 3586 2282 3649 Filio,
2309 3587 2377 3641 de
2390 3588 2512 3656 ejus
2532 3587 2825 3641 nativitate
2853 3594 2910 3641 et
2937 3590 3216 3657 passione.
3256 3608 3369 3661 qua
3397 3609 3562 3647 mun-

1967 3675 2100 3728 dum
2131 3676 2527 3744 redempturus
2547 3682 2685 3730 erat.
2717 3696 2739 3727 ε
2777 3677 2846 3730 Et
2872 3678 3239 3733 conturbatus
3258 3687 3344 3734 est
3369 3686 3566 3737 venter

1969 3778 2157 3827 meus;
2193 3783 2219 3811 δ)
2249 3762 2305 3815 id
2339 3773 2424 3815 est
2451 3764 2768 3817 intellectus
2789 3781 2964 3827 meus,
2993 3782 3095 3819 cur
3114 3766 3370 3822 videlicet
3390 3785 3564 3824 ausus

1969 3851 2173 3904 fuerim
2204 3851 2614 3921 reprehendere
2639 3852 2851 3921 judicia
2908 3853 3028 3917 Dei,
3064 3871 3193 3911 cum
3236 3856 3409 3913 etiam
3438 3859 3561 3928 ipse

1959 3939 2070 3992 'Dei
2101 3939 2295 4000 Filius,
2331 3939 2427 4009 qui
2458 3946 2746 4009 peccatum
2779 3956 2890 3994 non
2916 3941 3131 4007 habuit,
3165 3949 3325 3999 tanta
3353 3952 3412 4000 et
3446 3952 3566 4001 tam

1972 4027 2202 4097 indigna
2232 4027 2302 4080 ab
2325 4028 2568 4097 indignis
2598 4028 2948 4083 sustinuerit.
2977 4049 3005 4083 «
3031 4030 3566 4097 Avoce,»subaudis

289 4119 516 4175 Utenim
543 4122 856 4192 Apostolus
869 4122 980 4176 ait:
1008 4143 1033 4173 α
1056 4123 1204 4176 Deus
1218 4129 1339 4176 erat
1360 4122 1418 4176 in
1449 4123 1692 4188 Christo,
1722 4138 1956 4202 mun—D
1977 4115 2145 4185 hujus
2174 4115 2499 4180 auditionis,
2528 4114 2569 4168 α’
2583 4122 3047 4173 contremuerunt
3100 4118 3251 4175 labia
3282 4137 3408 4177 mea
3446 4141 3469 4173 ι
3501 4127 3570 4178 ut

288 4209 415 4263 dum
436 4210 965 4265 reconcilianssibi.
998 4234 1018 4259 ι
1049 4231 1071 4262 ι
1100 4212 1429 4265 Percussisti
1451 4217 1620 4282 caput
1637 4212 1706 4265 de
1727 4211 1893 4266 domo
1978 4205 2128 4258 ultra
2158 4206 2277 4274 jam
2326 4205 2732 4277 nonlauderem
2783 4206 2936 4277 loqui
2964 4212 3065 4262 aut
3085 4210 3371 4279 conqueri,
3394 4228 3568 4282 quare

288 4295 459 4368 impii.
502 4319 525 4350 ι
571 4299 781 4370 Caput,
815 4299 1122 4370 principem
1173 4300 1344 4370 hujus
1398 4300 1892 4359 mundizdomum
1968 4292 2107 4361 justi
2131 4293 2455 4363 afﬂigantur
2482 4293 2541 4347 in
2600 4293 2825 4348 mundo.
2863 4314 2888 4345 α
2937 4293 3298 4366 Ingrediatur
3332 4300 3571 4370 putredo

287 4386 476 4458 ipsius,
540 4389 823 4442 mundum
868 4389 987 4441 sive
1030 4389 1275 4442 animam
1330 4388 1655 4459 peccatoris,
1689 4388 1747 4441 in
1782 4404 1894 4458 qua
1975 4381 2031 4434 in
2059 4381 2276 4436 ossibus
2335 4382 2493 4447 meis,
2548 4388 2604 4436 et
2659 4382 2855 4437 subter
2895 4400 2985 4437 me
3032 4391 3262 4441 sca-teat.
3292 4407 3315 4438 α
3367 4388 3569 4445 Certus

288 4478 434 4531 velut
452 4478 514 4532 in
537 4495 649 4532 suo
669 4477 972 4548 requiescit
996 4478 1256 4548 hospitio.
1291 4478 1612 4531 Percutitur
1638 4493 1770 4547 ergo
1799 4493 1893 4530 ca-
1970 4471 2087 4539 jam
2121 4470 2394 4541 propheta
2407 4470 2553 4540 quod
2586 4470 2793 4525 idcirco
2816 4472 2997 4526 sancti
3036 4474 3284 4535 adversis
3313 4492 3572 4532 exercen-

284 4576 382 4635 put
407 4567 477 4620 de
511 4568 689 4621 domo
718 4566 898 4636 impii,
934 4571 999 4619 ut
1018 4565 1113 4619 illo
1137 4583 1419 4636 percusso,
1449 4566 1549 4619 fiat
1573 4566 1773 4619 domus
1792 4564 1894 4619 Dei

286 4660 337 4707 et
357 4655 649 4709 habitatio
671 4654 925 4722 justitiaa.
964 4672 988 4704 α
1022 4654 1332 4708 Denudasti
1350 4654 1781 4708 fundamentum
1803 4670 1904 4718 us-A

286 4759 388 4813 que
408 4744 479 4798 ad
518 4744 756 4799 collum.
779 4763 801 4793 ι
836 4743 1045 4797 Omnes
1070 4743 1305 4821 astutias
1334 4748 1391 4796 et
1424 4748 1639 4795 secreta
1661 4741 1895 4795 consilia

286 4831 428 4885 illius
455 4833 627 4903 impii
652 4832 1027 4886 manifestasti
1056 4830 1314 4885 ﬁdelibus
1341 4846 1519 4902 usque
1562 4831 1640 4884 ad‘
1663 4831 1888 4896 collum,

284 4917 335 4972 id
357 4928 445 4973 est
473 4938 665 4991 usque
695 4921 767 4974 ad
794 4921 978 4991 ipsum
1011 4919 1105 4991 qui
1128 4928 1213 4973 est
1242 4924 1410 4990 caput
1431 4925 1490 4973 et
1514 4920 1773 4990 princeps
1798 4935 1893 4972 ne-

285 5008 469 5077 quitiae
496 5010 840 5080 spiritualis,
889 5009 1219 5062 Antichristi
1266 5009 1550 5075 videlicet;
1583 5008 1715 5079 quia
1740 5008 1894 5061 velut

285 5096 484 5151 collum
517 5096 894 5167 subjungitur
919 5096 1117 5166 capiti,
1138 5097 1219 5151 ita
1246 5098 1341 5151 ille
1370 5113 1580 5168 suppar
1600 5103 1687 5151 est
1717 5097 1888 5150 mali-

284 5184 370 5238 tiae
392 5185 634 5250 diaboli,
659 5191 715 5238 et
746 5185 906 5254 quasi
927 5185 1352 5240 administrator
1375 5184 1889 5256 deceptionis.Hinc

285 5274 626 5343 Apostolus:
658 5273 734 5327 Ut
762 5289 873 5327 non
904 5274 1408 5329 circumveniamur
1436 5291 1471 5328 a
1517 5273 1751 5343 Satana,
1781 5286 1894 5328 non

288 5363 429 5415 enim
453 5362 795 5433 ignoramus
821 5362 1186 5431 cogitationes
1217 5365 1337 5433 ejus

352 5448 754 5519 (Diapsalma.i
776 5451 1127 5505 xMaledixisti
1147 5453 1381 5523 sceptris
1393 5453 1568 5522 ejus.»
1599 5452 1893 5522 Sceptrum

287 5547 590 5609 gestamen
617 5544 707 5593 est
728 5540 967 5611 regium,
1004 5546 1062 5595 et
1096 5541 1223 5596 ideo
1278 5559 1400 5613 per'
1424 5548 1709 5613 sceptrum
1737 5541 1896 5612 regia

1974 4565 2070 4612 tur
2091 4559 2157 4617 in,
2176 4559 2281 4613 hac
2310 4560 2439 4619 vita,
2466 4571 2528 4613 ut
2561 4560 2630 4613 ad
2652 4576 2841 4613 veram
2870 4562 3120 4634 requiem
3142 4562 3202 4616 in
3230 4564 3342 4617 alia
3372 4566 3571 4634 perdu-

1976 4653 2194 4707 cantur,
2219 4647 2355 4701 dicit
2383 4646 2622 4701 libenter
2649 4665 2709 4701 se
2738 4648 2876 4702 velle
2908 4649 3019 4718 pati
3043 4632 3232 4703 omnia
3244 4632 3564 4723 contraria;

1977 4740 2134 4806 optat
2152 4753 2212 4789 se
2233 4736 2437 4789 tentari
2472 4742 2529 4789 et
2557 4736 2731 4806 afﬂigi
2761 4737 3009 4813 corporis
3038 4738 3384 4804 infirmitate,
3423 4743 3571 4797 sicut

1975 4824 2097 4887 Job,
2119 4825 2310 4878 dicens
2327 4825 2740 4894 :cI-ngrediatur
2761 4814 2998 4895 putredo
3022 4825 3077 4879 in
3095 4826 3315 4882 ossibus
3340 4831 3500 4893 meis,
3538 4850 3564 4884 »

1975 4918 2039 4967 ut
2069 4930 2179 4967 non
2201 4914 2382 4967 solum
2406 4929 2553 4975 caro.
2579 4913 2673 4966 sed
2697 4913 2867 4966 etiam
2890 4914 3151 4969 medullae
3175 4917 3384 4972 ossium
3414 4936 3569 4974 com-

1973 5009 2314 5073 putrescant.
2356 5020 2383 5054 e
2416 5002 2484 5055 Et
2511 5000 2705 5055 subter
2735 5019 2823 5056 me
2847 5007 3080 5067 scateat,
3117 5022 3144 5057 ι
3178 5005 3283 5061 hoc
3311 5013 3417 5074 est,
3444 5008 3571 5064 bul-

1971 5092 2074 5146 liat
2088 5090 2450 5146 multitudine
2464 5090 2871 5148 vermium.Per
2885 5094 3032 5163 quod
3048 5095 3296 5150 ostendit
3311 5084 3571 5169 paratum

1974 5199 2033 5236 se
2065 5199 2187 5236 esse
2217 5182 2286 5235 ad
2312 5180 2501 5235 omnia
2527 5180 2859 5250 gravissima
2887 5188 2941 5236 et
2970 5170 3255 5253 postrema
3298 5185 3576 5257 supplicia

1979 5270 2324 5325 sustinenda.
2368 5270 2437 5323 Et
2461 5270 2565 5323 hoc
2586 5270 2806 5340 quare?
2831 5288 2858 5323 «
2887 5271 2962 5325 Ut
2984 5273 3327 5343 requiescam
3377 5275 3435 5328 in
3484 5275 3574 5329 die

1974 5359 2356 5414 tribulationis
2379 5399 2392 5424 ,
2430 5378 2455 5410 »
2488 5359 2594 5413 hoc
2621 5365 2723 5421 est,
2758 5359 2817 5414 in
2836 5360 2927 5414 die
2951 5361 3169 5431 judicii,
3210 5363 3434 5435 quando
3466 5364 3574 5419 erit

1974 5448 2103 5502 talis
2120 5447 2427 5511 tribulatio,
2462 5448 2645 5519 qualis
2674 5465 2964 5520 nunquam
3001 5456 3169 5504 antea
3195 5450 3320 5505 fuit.
3354 5452 3422 5505 Et
3448 5468 3475 5502 α
3507 5455 3571 5504 ut

1976 5536 2277 5593 ascendam
2307 5537 2380 5591 ad
2405 5537 2677 5609 populum
2706 5538 3016 5594 accinctum
3043 5544 3322 5596 nostrum.
3360 5561 3387 5588 ιο
3418 5538 3571 5617 Ordo
