3970 6150
423 305 530 365 195

845 302 1224 361 HAYMONIS
1264 299 1752 357 HALBERSE‘A’F.
1794 295 2026 354 EPISO.
2065 295 2226 359 0P9.
2267 300 2454 358 BABS
2489 296 2532 356 Ι.
2578 330 2644 344 —-
2684 298 3055 362 GGMMENT.
3100 303 3285 363 BIBL.

3604 306 3702 365 196

424 436 637 494 est,«ut
662 430 959 487 ascendam
994 430 1063 484 ad
1087 427 1352 500 populum
1379 426 1686 481 accinctum
1704 430 2022 507 nostrumny
2043 425 2475 496 Aeperationis.
2506 447 2528 478 ι
2562 420 2902 482 Abscidetur
2928 428 2998 483 de
3041 428 3170 497 ovili
3222 445 3433 498 pecus;
3469 448 3495 483 υ
3527 430 3586 495 id
3616 434 3705 486 est

428 521 485 575 id
518 526 605 578 est
629 520 950 591 expeditum
982 525 1039 573 et
1070 525 1444 589 praeparatum
1476 514 1738 568 resistere
1760 513 2026 584 Spiritus-

423 609 572 663 libus
596 608 876 663 hostibus.

502 716 527 747 α
556 698 724 751 Ficus
751 696 903 751 enim
927 712 1037 751 non
1068 693 1308 748 florebit.
1339 711 1362 743 ι
1395 692 1556 753 Ficus
1583 689 1870 745 Iudaicam
1902 688 2022 759 ple-

423 786 550 840 bem
580 785 856 855 designat,
894 785 964 839 ad
996 800 1165 855 quam
1196 781 1345 841 venit
1367 780 1658 841 Dominus,
1683 795 1937 850 quaerens
1964 776 2023 831 in

423 891 493 930 ea
540 875 783 929 fructum
833 873 1086 944 justitite,
1118 878 1175 925 et
1204 887 1315 924 non
1362 870 1591 941 reperit,
1632 869 1937 939 statimque
1972 866 2024 929 ei

427 958 733 1025 maledixit,
765 962 955 1015 dicens
986 974 998 1008 :
1030 978 1055 1011 «
1080 962 1381 1030 Nunquam
1432 976 1497 1012 ex
1547 965 1602 1017 te
1630 956 1845 1011 fructus
1883 957 2027 1010 oria-

420 1056 533 1105 tur.
579 1071 601 1101 ι
648 1051 966 1105 Praevidens
1021 1066 1154 1119 ergo
1214 1049 1487 1119 propheta
1524 1048 1747 1101 Iudaeos
1802 1047 1858 1100 in
1921 1062 2024 1099 sua

422 1139 756 1197 inﬁdelitate
770 1155 1188 1210 permansuros,
1213 1138 1406 1191 dolore
1425 1138 1625 1207 plenus
1648 1136 1784 1190 dicit
1800 1135 2019 1190 :iFicus

420 1244 532 1288 non
566 1228 806 1289 ﬂorebit,
821 1228 904 1281 rid
928 1232 1014 1281 est
1028 1228 1325 1298 Synagoga
1344 1226 1656 1279 inﬁdelium
1673 1226 2016 1290 Iudaeorum,

428 1311 626 1375 florem
657 1316 788 1371 ﬁdei
818 1322 875 1370 et
898 1316 1139 1370 fructum
1162 1314 1293 1368 boni
1324 1314 1508 1384 operis
1555 1330 1666 1367 non
1696 1315 1916 1371 aﬁ‘eret.
1952 1315 2022 1368 Et

420 1405 527 1459 hoc
550 1421 663 1459 non
684 1405 755 1459 de
776 1404 1056 1467 omnibus,
1084 1405 1179 1458 sed
1211 1403 1280 1458 de
1309 1404 1419 1458 illis
1445 1403 1585 1457 dixit
1630 1403 1726 1473 qui
1763 1404 2020 1468 excaecati

421 1498 575 1559 sunt,
609 1491 845 1564 querum
878 1493 1121 1546 maxima
1151 1509 1280 1563 pars
1309 1492 1493 1563 periit.
1530 1492 1670 1546 Cum
1731 1491 2020 1562 plenitudo

415 1580 671 1650 gentium
692 1580 995 1644 introierit,
1018 1587 1155 1634 tunc
1186 1580 1411 1635 ﬁorebit
1436 1581 1554 1635 hac
1584 1582 1740 1645 ﬁcus,
1766 1580 2021 1634 etomuis

2106 515 2175 567 de
2190 515 2563 580 Hierusalem,
2589 516 2643 568 in
2658 517 2933 586 quavelut
2949 533 3119 586 pecus
3140 517 3194 570 in
3219 518 3348 572 ovili
3370 518 3663 574 habitabat
3683 539 3696 587 ;

2104 602 2427 659 abscidetur
2454 604 2773 674 promiscua
2792 604 2971 674 plebis
2991 606 3313 670 multitudo,
3332 606 3519 661 deleta
3532 609 3701 663 aTito

2105 696 2163 745 et
2189 693 2533 763 Vespasiano
2554 694 2721 756 ferro,
2754 694 2900 753 fame
2955 699 3013 748 et
3057 694 3398 764 captivitate.
3435 714 3461 748 α
3490 698 3557 751 Et
3585 714 3699 752 non

2105 781 2213 835 erit
2247 787 2567 837 armentum
2596 781 2653 836 in
2684 781 3049 852 praesepibus,
3086 803 3107 832 ι
3146 782 3200 837 id
3245 789 3333 837 est
3359 785 3698 852 sacerdotes,

2106 869 2300 923 scriba;
2329 875 2385 923 et
2414 870 2599 925 caeteri
2630 870 2927 941 principes,
2954 871 3052 940 qui
3083 871 3235 925 velut
3262 872 3411 926 tauri
3440 873 3696 943 pingues,

2110 957 2379 1028 subjectis
2401 959 2623 1029 populis
2652 958 2811 1029 quasi
2831 958 3095 1029 gregibus
3123 966 3417 1029 pulsarant,
3462 966 3518 1015 et
3548 962 3703 1017 velut

2106 1045 2165 1101 in
2197 1046 2377 1117 plenis
2400 1046 2741 1117 praesepibus
2798 1047 3227 1103 deliciabantur.
3261 1049 3386 1103 Non
3428 1066 3562 1118 ergo
3591 1049 3703 1105 erit

2102 1142 2421 1191 armentum
2441 1136 2501 1191 in
2521 1135 3024 1207 praesepibus.quia
3042 1137 3305 1193 subversa
3322 1137 3696 1198 Hierusalem.

2103 1225 2288 1279 omnis
2316 1224 2412 1279 illa
2441 1225 2754 1295 principum
2781 1225 3024 1295 dignitas
3049 1225 3338 1281 annullata
3383 1232 3485 1290 est,
3512 1231 3570 1281 et
3595 1226 3701 1280 im-

2103 1313 2317 1384 pletum
2339 1313 2488 1383 quod
2534 1313 2807 1369 Dominus
2827 1314 3068 1369 dixerat:
3095 1332 3122 1366 α
3145 1314 3515 1383 Relinquetur
3542 1314 3700 1388 vobis

2102 1402 2303 1456 domus
2333 1407 2518 1457 vestra
2549 1402 2790 1459 deserta.
2830 1421 2852 1451 ι

2178 1508 2203 1541 α
2224 1491 2338 1560 Ego
2367 1498 2556 1547 autem
2591 1491 2649 1546 in
2671 1490 2910 1546 Domino
2937 1489 3212 1562 gaudebo,
3247 1496 3304 1545 et
3330 1492 3620 1547 exsultabo
3636 1493 3697 1547 in

2101 1578 2217 1635 Deo
2236 1578 2375 1634 Jesu
2405 1595 2550 1635 meo.
2578 1599 2601 1631 ι)
2635 1579 2907 1634 Praedicta
2935 1580 3248 1650 perditione
3277 1580 3454 1652 plebis
3469 1587 3527 1634 et
3547 1581 3700 1652 prin-

416 1668 592 1723 Israel
624 1670 812 1723 salvus
842 1664 956 1723 ﬁet.
996 1688 1022 1721 α
1055 1668 1127 1723 Et
1156 1685 1269 1723 non
1298 1669 1406 1723 erit
1429 1686 1661 1739 germen
1686 1669 1745 1722 in
1777 1669 2009 1723 vineis.»
2094 1667 2278 1737 cipum
2301 1673 2359 1722 et
2383 1668 2556 1721 totius
2573 1668 2833 1732 civitatis,
2853 1669 3108 1738 loquitur
3129 1669 3402 1739 propheta
3422 1686 3486 1723 ex
3507 1687 3610 1725 sua
3639 1678 3699 1724 et

417 1758 650 1819 Vineam
666 1757 885 1829 plebem
906 1758 1059 1811 illam
1083 1758 1284 1820 vocari,
1308 1774 1372 1812 ex
1401 1758 1596 1811 multis
1627 1764 1835 1811 sanctae
1864 1739 2081 1819 εστὶ-Β
2100 1758 2480 1826 apostolorum
2504 1758 2870 1827 omniumque
2888 1762 3210 1813 sanctorum
3242 1773 3512 1827 persona:
3543 1758 3695 1829 «Ego

414 1852 595 1918 pturaa
618 1847 757 1900 locis
781 1846 1070 1909 discimus,
1097 1863 1128 1900 e
1158 1847 1362 1917 quibus
1391 1863 1537 1900 unus
1568 1851 1673 1911 est,
1701 1865 1731 1909 μ
1781 1846 2015 1900 Vineam

414 1937 484 1991 de
512 1937 753 2008 Egypto
801 1936 1157 1990 transtulisti.
1225 1960 1245 1981 ιι
1282 1936 1416 1990 Haec
1462 1936 1630 1990 vinea
1666 1936 1922 2006 plantata
1956 1937 2014 1991 in

413 2025 772 2097 patriarchis,
806 2027 1024 2079 exculta
1051 2025 1314 2085 nobiliter
1343 2026 1401 2079 in
1428 2026 2015 2096 prophetis;acceptis-

414 2115 619 2168 simum
655 2116 769 2168 Deo
800 2114 1042 2168 fructum
1071 2115 1279 2175 attulit,
1314 2114 1408 2175 sed
1440 2120 1747 2184 apparente
1771 2115 2011 2169 Domino

416 2202 778 2273 degeneravit
811 2222 821 2256 :
850 2204 922 2257 Et
950 2220 1079 2257 cum
1134 2202 1420 2256 debuisset
1474 2203 1657 2256 facere
1685 2219 1840 2268 uvas,
1881 2202 2013 2256 fecit

409 2290 723 2347 labruscas:
746 2291 803 2345 id
825 2297 1064 2356 est,cum
1081 2290 1370 2351 debuisset
1386 2290 1612 2344 credere
1628 2291 1683 2351 in
1699 2289 2006 2357 Christum,

415 2379 511 2449 qui
532 2380 583 2433 ei
615 2380 925 2450 promissus
953 2385 1010 2434 et
1039 2380 1243 2438 missus
1286 2380 1487 2443 fuerat,
1529 2386 1760 2437 econtra
1786 2380 2012 2450 negavit

414 2483 565 2526 eum.
593 2473 654 2522 et
682 2469 749 2522 ad
784 2474 1024 2523 mortem
1050 2469 1322 2539 poposcit,
1340 2469 1718 2531 dicens,¢Non
1737 2468 2009 2523 habemus

314 2628 321 2633 ’
413 2572 605 2627 regem
664 2556 773 2610 nisi
820 2558 1119 2621 Caesarem,
1153 2575 1180 2609 ι
1230 2562 1287 2611 et
1353 2576 1373 2606 ι
1409 2557 1704 2627 Cruciﬁge,
1745 2558 2007 2629 cruciﬁge

413 2661 565 2700 eum.
604 2666 631 2696 δ)
664 2647 783 2701 Hoc
808 2645 1118 2716 prmvidens
1149 2646 1421 2717 propheta
1475 2652 1703 2700 sanctus
1731 2646 2003 2717 deplorat,

413 2733 633 2788 dicens:
659 2735 818 2789 «Non
843 2735 952 2793 erit
968 2752 1199 2805 germen
1217 2735 1275 2792 in
1294 2735 1498 2801 vineis;
1534 2754 1559 2787 ι
1583 2735 1690 2788 hoc
1711 2741 1815 2801 est,
1847 2736 2004 2790 radix

406 2821 537 2877 boni
571 2824 757 2895 operis
794 2824 851 2878 in
884 2812 1111 2883 Iudaeis.
1150 2845 1172 2875 ι
1217 2825 1525 2879 Mentietur
1561 2840 1702 2894 opus
1741 2824 1921 2882 olivae.
1969 2844 1998 2875 n

408 2912 624 2968 Olivam
682 2913 1040 2984 Synagogam
1085 2914 1403 2983 designare,
1442 2914 1649 2984 poterit
1677 2930 1998 2984 agnoscere,

342 3035 357 3049 ς
408 3001 503 3072 qui
524 3001 966 3071 legeritPaulum
986 3003 1708 3073 apostolum.disputantem
1723 3003 1792 3057 de
1811 3003 2002 3058 tractis

407 3088 562 3144 olivae
582 3090 839 3152 ramis,et
858 3091 928 3144 de
946 3091 1189 3145 oleastro
1210 3092 1268 3145 in
1308 3091 1510 3145 bonam
1535 3092 1737 3147 olivam
1768 3092 1998 3146 inserto.

406 3178 592 3247 Hujus
616 3178 772 3232 olivae
803 3195 944 3249 opus
972 3180 1079 3234 fuit
1102 3179 1310 3240 unctio.
1338 3179 1471 3250 quia
1496 3180 1553 3233 in
1591 3180 1781 3234 Veteri
1806 3181 2003 3235 Testa-

403 3274 596 3321 mento
622 3286 783 3338 reges
808 3277 864 3321 et
894 3269 1179 3339 propheta?
1210 3270 1330 3322 oleo
1364 3268 1557 3321 \‘is‘ibili
1614 3269 1990 3338 ungebantur.

405 3354 564 3408 Hanc
620 3356 943 3409 unctionem
1002 3363 1345 3410 cessaturum
1401 3356 1458 3409 in
1509 3356 1750 3410 adventu
1791 3358 1998 3411 Christi

402 3445 747 3514 praenuntiat
796 3445 1088 3514 propheta,
1147 3445 1426 3514 quomodo
1474 3453 1531 3499 et
1572 3444 1767 3498 Daniel
1818 3445 1992 3500 dicit:

404 3548 432 3583 α
450 3531 596 3585 Cum
610 3531 823 3585 venerit
844 3533 1080 3591 Sanctus
1096 3526 1440 3597 sanctorum,
1464 3532 1704 3586 cessabit
1724 3534 1934 3593 unctio.
1966 3553 1992 3587 ››

398 3617 502 3672 Vel
522 3619 635 3672 ita:
669 3637 690 3669 ι
714 3619 1019 3672 Mentietur
1055 3635 1195 3689 Opus
1216 3620 1392 3679 olivae,
1415 3639 1440 3671 »
1468 3621 1522 3673 id
1554 3625 1657 3685 est,
1689 3623 1999 3677 mentietur

398 3707 558 3779 plebs
581 3707 830 3767 Judaica,
857 3724 981 3778 quae
1001 3725 1061 3761 se
1103 3707 1468 3778 promittebat
1494 3708 1570 3760 im
1580 3708 1856 3777 pleturam
1880 3726 1995 3763 om-

398 3796 492 3849 nia
529 3813 651 3865 qua:
684 3797 954 3849 Dominus
982 3797 1354 3867 praecipiebat,
1387 3798 1579 3850 dicens
1612 3816 1623 3850 :
1658 3797 1854 3850 Omnia
1871 3815 1992 3867 quae

397 3884 932 3956 precipitDominus
949 3886 1097 3940 Deus
1110 3891 1301 3940 noster
1315 3886 1607 3947 faciemus,
1649 3892 1706 3945 et
1733 3886 1994 3940 obedien-

396 3980 483 4029 tes
503 3974 551 4028 ei
585 3974 813 4028 erimus.
852 3993 877 4027 »
904 3975 972 4028 Et
991 3992 1124 4029 arva
1153 3992 1265 4030 non
1295 3976 1530 4031 afferent
1556 3973 1759 4035 cibum.
1800 3996 1821 4026 ι
1858 3977 1990 4030 Hie-

392 4064 636 4117 rusalem
653 4066 932 4117 terrenam
951 4064 1293 4124 arvorum,id
1308 4070 1393 4117 est
1407 4080 1528 4117 cam
1536 4063 1991 4133 porum,nomine

390 4152 670 4223 designat.
705 4153 839 4216 Quia
886 4151 1035 4207 enim
1075 4152 1135 4205 in
1164 4151 1450 4205 montibus
1481 4150 1591 4204 sita
1644 4155 1783 4215 erat,
1827 4158 1885 4205 et
1921 4153 1990 4206 de

393 4257 505 4313 qua
530 4242 739 4303 dictum
760 4243 975 4294 fuerat:
1010 4242 1447 4299 «Fundamenta
1475 4242 1597 4310 ejus
1626 4242 1682 4294 in
1706 4241 1989 4302 montibus

2099 1846 2324 1916 (inquit)
2355 1846 2411 1900 in
2436 1846 2675 1900 Domino
2703 1846 2980 1915 gaudebo,
3018 1866 3041 1899 ρ
3095 1862 3207 1901 non
3232 1847 3286 1917 in
3308 1846 3536 1911 divitiis,
3578 1863 3696 1901 non

2097 1933 2156 1996 in
2173 1936 2356 2005 gloria
2383 1936 2554 2005 hujus
2582 1935 2803 2001 mundi,
2840 1954 2862 1987 ι
2897 1940 2951 1988 et
2983 1933 3271 1990 exsultabo
3327 1934 3383 1990 in
3414 1936 3528 1989 Deo
3557 1937 3696 1990 Jesu

2095 2025 2331 2087 salutari
2360 2041 2503 2079 meo.
2540 2044 2561 2075 ι
2595 2022 2764 2078 Jesus
2793 2023 2945 2079 enim
2987 2027 3247 2087 salvator,
3282 2023 3394 2078 sive
3423 2027 3696 2095 salutaris

2093 2113 2618 2183 interpretatur,sed
2641 2112 2920 2183 interpres
2940 2111 3328 2182 maluitipsum
3348 2111 3691 2169 Hebraicum

2093 2201 2322 2256 verbum
2345 2218 2571 2273 ponere,
2589 2201 2722 2271 quia
2743 2201 2905 2255 dulce
2933 2206 2993 2254 et
3020 2200 3250 2271 plenum
3276 2201 3470 2270 gaudii
3483 2217 3690 2256 nomen

2091 2293 2119 2347 J
2126 2308 2253 2346 esus
2280 2307 2503 2361 semper
2525 2290 2767 2344 delectat
2796 2289 3012 2344 audire.

2166 2400 2192 2431 ι(
2223 2381 2373 2434 Deus
2389 2378 2661 2433 Dominus
2677 2378 2953 2434 fortitudo
2985 2394 3162 2433 mea»
3193 2378 3396 2435 Omnis
3426 2395 3556 2434 mea
3574 2379 3692 2434 vir-

2090 2468 2399 2537 tus,omnis
2422 2467 2646 2537 justitia
2671 2467 2929 2535 Christus
2950 2473 3055 2539 est,
3088 2465 3185 2536 qui
3213 2473 3300 2522 est
3325 2468 3475 2535 Deus
3504 2484 3688 2537 meus.

2095 2579 2117 2610 α
2146 2558 2215 2612 Et
2236 2563 2405 2627 ponet
2426 2556 2596 2627 pedes
2620 2572 2775 2610 meos
2806 2555 2966 2625 quasi
2986 2572 3299 2629 vervorum.
3323 2576 3347 2608 ›)
3380 2556 3689 2611 Cervorum

2089 2650 2291 2698 natura
2318 2652 2405 2698 est
2430 2652 2499 2698 ut
2519 2645 2684 2715 plana
2715 2650 2773 2698 et
2813 2644 3050 2699 humilia
3098 2644 3381 2715 deserant,
3413 2651 3471 2699 et
3514 2661 3690 2700 mon-

2086 2734 2229 2787 tium
2250 2734 2428 2788 ardua
2454 2733 2860 2799 conscendant,
2882 2724 3170 2803 se'rpentes
3199 2733 3371 2790 etiam
3395 2735 3463 2789 de
3487 2750 3690 2790 caver-

2086 2822 2175 2877 nis
2202 2824 2337 2876 ﬂatu
2369 2827 2644 2877 extractos
2672 2822 2947 2877 occidant.
2976 2821 3069 2877 Sic
3096 2827 3155 2875 et
3178 2823 3355 2876 sancti
3378 2827 3606 2878 terrena
3619 2830 3686 2879 et

2085 2909 2313 2964 inﬁrma
2331 2911 2617 2971 deserunt,
2651 2911 2723 2965 ad
2772 2910 3018 2964 caelestia
3069 2912 3436 2975 contendunt,
3477 2915 3534 2967 et
3571 2928 3682 2984 sua

2085 2998 2480 3068 praedicatione
2508 3015 2543 3052 a
2568 2997 2827 3053 cordibus
2846 2998 3138 3067 hominum
3157 2999 3434 3070 serpentis
3453 3000 3683 3069 antiqui

2087 3087 2360 3141 malitiam
2384 3088 2692 3159 depellunt.
2726 3086 2872 3141 Dicit
2900 3103 3034 3157 ergo
3060 3088 3351 3160 propheta.
3386 3088 3536 3142 Deus
3568 3089 3681 3143 Do-

2086 3176 2274 3231 minus
2306 3183 2477 3246 ponet
2505 3177 2673 3247 pedes
2703 3176 2940 3242 meos,id
2969 3182 3055 3231 est
3082 3176 3330 3234 actiones
3348 3193 3500 3231 meas
3517 3178 3686 3247 quasi

2086 3265 2608 3325 cervm'nmJaciens
2636 3282 2725 3318 me
2755 3282 2851 3317 sua
2873 3265 3053 3333 gratia
3082 3265 3290 3319 caduca
3319 3270 3685 3321 contemnere

2083 3360 2140 3408 et
2165 3362 2374 3408 aeterna
2393 3354 2737 3408 desiderare.
2769 3371 2796 3406 α
2827 3355 2895 3408 Et
2915 3371 3085 3423 super
3106 3355 3320 3408 excelsa
3349 3370 3474 3408 mea
3497 3355 3684 3412 dedu-

2079 3449 2168 3497 cet
2187 3459 2276 3497 me
2305 3443 2480 3496 victor
2505 3442 2564 3496 in
2617 3443 2857 3513 psalmis
2890 3449 3206 3498 canentem.
3242 3462 3268 3494 υ
3303 3443 3552 3497 Deducet
3584 3460 3684 3507 me

2077 3549 2247 3603 super
2271 3533 2488 3585 excelsa
2518 3548 2660 3595 mea,
2687 3531 2743 3584 id
2804 3537 2890 3585 est
2945 3532 3015 3585 ad
3058 3532 3212 3585 illam
3265 3531 3543 3586 cmlestem
3574 3548 3683 3602 pa-

2079 3622 2269 3685 triam,
2303 3620 2436 3690 quia
2454 3621 2592 3674 mihi
2644 3625 2700 3674 et
2751 3619 3011 3674 omnibus
3056 3620 3264 3674 sanctis
3300 3624 3432 3675 ante
3469 3621 3683 3677 saecula

2078 3715 2391 3779 praeparata
2418 3714 2501 3763 est
2518 3708 2673 3763 .Ideo
2698 3708 3047 3763 conﬁdenter
3066 3708 3188 3762 dico
3212 3709 3447 3779 :«Super
3458 3710 3683 3764 excelsa

2076 3813 2220 3850 mea.
2257 3816 2282 3846 »
2316 3795 2445 3865 Ipse
2468 3802 2656 3849 autem
2680 3796 2934 3855 deducet,
2969 3795 3101 3864 quia
3130 3795 3235 3853 hoc
3260 3813 3373 3853 non
3404 3812 3530 3850 mea
3562 3796 3679 3851 vir-

2073 3889 2185 3948 tus,
2209 3884 2303 3939 sed
2331 3886 2450 3954 ejus
2480 3889 2567 3939 est
2584 3884 2788 3953 gratia.
2826 3883 3081 3938 Deducet
3130 3890 3318 3939 autem
3355 3900 3442 3938 me
3462 3900 3679 3939 canen-

2073 3979 2187 4028 tem
2218 3973 2435 4037 victori,
2465 3972 2522 4027 id
2543 3978 2631 4027 est
2660 3972 2884 4027 Christo
2931 3972 3330 4042 triumphaturi
3379 3974 3577 4031 mortis
3614 3981 3681 4035 et

2072 4061 2300 4117 diaboli.
2324 4061 2571 4117 Deducet
2594 4077 2726 4129 ergo
2753 4077 2841 4117 me
2864 4077 3034 4130 super
3061 4061 3296 4125 excelsa,
3335 4061 3438 4121 hoc
3458 4066 3564 4124 est,
3597 4063 3675 4121 ad

2070 4150 2291 4205 beatam
2315 4166 2574 4220 supernae
2607 4149 2848 4205 civitatis
2880 4150 3276 4218 frequentiam,
3326 4164 3448 4227 quae
3474 4167 3541 4209 ex
3571 4165 3677 4209 an,-

2068 4240 2210 4311 gelis
2233 4247 2291 4293 et
2317 4238 2525 4309 sanctis
2557 4237 2878 4294 hominibus
2898 4242 3137 4298 constat,
3156 4244 3219 4291 ut
3246 4238 3354 4293 illis
3384 4238 3673 4301 admixtus

390 4330 618 4395 sanctis,
647 4350 668 4378 ι
707 4334 1002 4401 postquam
1031 4330 1131 4383 Dei
1160 4330 1364 4384 Filium
1395 4329 1642 4399 recipere
1673 4330 1987 4392 noluit,hu-
2008 4366 2052 4423 D
2072 4335 2242 4399 atque
2266 4330 2617 4398 conjunctus,
2649 4343 2847 4397 canam
2878 4326 3072 4386 victori
3093 4343 3220 4381 cum
3242 4326 3476 4396 angelis,
3505 4326 3672 4387 «61οτ

389 4418 539 4472 milis
559 4424 616 4472 et
646 4419 975 4487 campestris
1000 4424 1248 4481 vocatur,
1310 4419 1379 4473 de
1422 4418 1691 4473 virtutum
1725 4420 1986 4489 prolapsa
2009 4415 2045 4423 “’
2070 4418 2158 4472 ria
2183 4418 2241 4471 in
2276 4417 2506 4472 excelsis
2527 4417 2660 4473 Deo.
2699 4435 2721 4466 ι
2758 4416 2969 4471 Canam
2997 4415 3124 4469 etin
3155 4415 3386 4485 psalmis
3410 4431 3667 4486 panegy-

388 4507 659 4564 culm-ine.
694 4508 846 4561 Arva
875 4523 1008 4577 ergo
1039 4523 1151 4561 non
1181 4508 1416 4562 afferent
1443 4507 1611 4571 cibos,
1649 4509 1779 4578 quia
1828 4507 1984 4578 plebs

385 4596 620 4654 Iudaica
648 4597 862 4652 nullam
887 4598 1009 4668 jam
1056 4596 1273 4668 frugem
1317 4597 1449 4652 ﬁdei
1497 4598 1580 4651 vel
1608 4597 1766 4652 bonae
1798 4597 1984 4651 reddit

2067 4507 2216 4571 ricis,
2250 4523 2378 4561 cum
2406 4504 2825 4576 ,psalmigrapho
2878 4504 3056 4561 David
3109 4503 3455 4581 concinens:
3505 4523 3526 4555 α
3556 4504 3670 4567 Do-

2066 4597 2239 4660 mine,
2270 4596 2333 4649 in
2351 4594 2559 4649 virtute
2578 4599 2679 4649 tua
2705 4592 2989 4667 laetabitur
3012 4609 3133 4651 rex.
3169 4612 3195 4645 »

1042 4801 1187 4902 IN
1257 4800 1810 4903 SOPHON
1817 4801 2004 4901 1A]

2152 4796 3022 4913 ΡΒΟΡΗΕΤΑΜ.

454 5064 769 5139 Sophonias
791 5061 1087 5133 prapheta,
1110 5060 1207 5140 qui
1234 5075 1414 5114 nonus
1445 5063 1530 5112 est
1552 5057 1611 5111 in
1633 5057 1829 5111 ordine
1849 5055 1986 5110 duo~

381 5157 562 5227 decim
628 5153 1052 5225 prophetarum,
1102 5149 1510 5220 interpretatur
1563 5149 1802 5215 specula,
1870 5145 1983 5199 sive

380 5260 657 5300 arcanum
691 5243 933 5296 flamini.
966 5238 1161 5293 Cernit
1188 5237 1565 5309 captivitatem
1610 5235 1765 5291 urbis
1786 5236 1984 5291 Hieru-

2534 5045 2539 5049 ’
2571 5053 2806 5108 CAPUT
2836 5052 3142 5107 PRIMUM.

2140 5140 2426 5195 «Verbum
2451 5141 2676 5197 Domini
2699 5142 2844 5211 quod
2868 5142 3076 5197 factum
3105 5146 3190 5195 est
3214 5142 3285 5195 ad
3316 5142 3667 5213 Sephoniam

2064 5232 2242 5286 ﬁlium
2268 5231 2463 5295 Cbusi,
2480 5231 2581 5284 ﬁlii
2598 5230 2971 5295 Godoliaaﬁlii
2988 5230 3247 5295 Ameriae,
3266 5231 3365 5284 ﬁlii
3388 5232 3662 5298 Ezechiae,

379 5335 575 5396 salem,
604 5333 765 5401 cujus
804 5331 923 5400 jam
982 5326 1234 5382 instabat
1286 5327 1497 5382 eversio
1526 5331 1798 5397 regnante
1825 5325 1978 5382 Josia
2061 5322 2118 5375 in
2142 5320 2340 5375 diebus
2367 5320 2530 5375 Josiae
2552 5320 2650 5373 ﬁlii
2679 5322 2920 5373 Ammon
2949 5319 3098 5388 regis
3137 5320 3311 5374 Iudae.
3348 5344 3371 5373 υ
3396 5321 3672 5379 Tradunt

381 5439 513 5493 rege
541 5420 877 5491 justissimo.
911 5416 1015 5471 sub
1046 5433 1156 5488 quo
1185 5424 1242 5471 et
1291 5416 1396 5471 iste
1428 5416 1797 5488 prepbetavit.
1829 5416 1979 5469 Alia—
2061 5411 2301 5476 Hebraei,
2349 5412 2753 5480 cujuscumque
2807 5414 2966 5479 pater
3014 5413 3116 5464 aut
3157 5424 3293 5462 avus
3330 5410 3563 5480 ponitur
3599 5413 3665 5466 in

379 5496 506 5593 rum
531 5509 787 5582 gentium
810 5505 1178 5587 vastatio-nem
1195 5506 1482 5579 praedicat,
1516 5511 1573 5560 et
1601 5505 1748 5559 diem
1775 5503 1972 5596 judicii
2058 5502 2242 5575 titulo,
2283 5501 2435 5572 ipsos
2499 5516 2720 5571 quoque
2779 5498 2951 5553 fuisse
3016 5494 3336 5570 prophetas.
3380 5500 3525 5570 Ergo
3567 5501 3668 5555 hic

370 5600 611 5658 intonat.

2056 5591 2369 5663 Sophonias
2389 5589 2461 5644 ab
2480 5589 2595 5644 avis
2624 5594 2681 5644 et
2691 5588 2867 5643 atavis
2885 5589 3199 5660 prephetali
3219 5588 3397 5660 stirpe
3419 5605 3669 5660 genera-
