3926 6164
194 260 283 323 1W

1096 272 1512 331 ENARRATIO
1552 276 1632 331 ῘΝ
1671 274 2011 332 HABACUC
2049 273 2524 332 PROPH‘ETAM.

3336 275 3444 335 198

190 394 266 443 tus
312 394 406 443 est.
456 390 773 461 Sophonias
822 395 970 449 enim
1030 397 1231 452 habuit
1286 405 1503 471 patrem
1566 400 2070 464 Chusi,Afuerunt
2096 401 2276 455 ruinae
2326 400 2627 471 impiorum
2675 398 3004 469 negantium
3061 399 3347 455 Christum
3390 406 3450 458 et

188 495 329 532 avum
359 478 674 545 Godoliam,
733 500 999 552 proavum
1032 488 1338 547 Amarinm,
1374 497 1597 543 atavum
1630 490 1763 543 Eze-

186 567 365 620 chiam.
388 566 808 638 Interpretatur
827 572 1141 644 SOphonias
1171 583 1251 643 (ut
1269 578 1479 631 dictum
1504 585 1603 643 est)
1645 594 1762 646 spe-

186 659 295 708 cula
336 656 451 711 sive
500 675 795 715 arcanum.
850 663 1138 735 Prophetas
1191 667 1337 720 enim
1386 667 1764 737 speculatores

185 750 341 805 erant,
369 745 518 800 sicut
545 748 616 800 ad
653 750 990 806 Ezechielem
1017 753 1223 808 dicitur
1255 771 1266 806 :
1296 772 1324 805 α
1346 755 1762 826 Speculatorem

185 832 293 887 dedi
318 836 373 887 te
400 834 592 889 domui
630 838 825 893 Israel.
870 860 892 890 ι
925 842 1144 896 Arcana
1174 859 1395 914 quoque
1437 844 1655 897 Domini
1684 843 1764 897 eis

182 921 572 982 revelabantur,
629 927 772 982 sicut
806 929 864 982 in
902 932 1076 984 Amos
1125 932 1372 985 dicitur:
1433 933 1556 986 Non
1597 932 1765 986 faciet

182 1010 433 1065 Dominus
465 1013 715 1079 verbum,
751 1016 856 1069 nisi
886 1024 1016 1071 ante
1074 1019 1406 1073 revelaverit
1435 1020 1607 1074 servis
1645 1021 1763 1075 suis

180 1100 467 1171 prophetis.
524 1103 626 1156 llic
676 1120 812 1174 ergo
854 1108 1171 1176 speculator
1220 1109 1370 1162 illius
1416 1115 1539 1163 erat
1568 1109 1758 1174 Chusi,

183 1189 263 1259 qui
310 1189 720 1260 interpretatur
774 1194 1083 1262 humilitas,
1141 1197 1225 1249 vel
1278 1198 1517 1266 xElhz'ops
1584 1214 1755 1251 meus.

181 1276 415 1330 Habebat
464 1286 653 1333 autem
684 1297 847 1335 avum
880 1281 1194 1349 Godoliam,
1229 1285 1323 1355 qui
1376 1285 1586 1340 dicitur
1637 1303 1757 1339 ma-

174 1367 388 1435 gnitudo
447 1369 700 1436 Domini;
753 1388 1018 1441 proavum
1070 1375 1375 1438 Amariam,
1440 1376 1534 1446 qui
1582 1393 1759 1431 sermo

178 1457 379 1508 Domini
408 1457 850 1529 interpretatur;
885 1470 1109 1517 atavum
1158 1463 1472 1528 Ezechiam,
1509 1466 1605 1536 qui
1636 1482 1760 1519 ver-

175 1544 297 1597 titur
319 1545 375 1598 in
407 1546 797 1601 fortitudinem
830 1550 1071 1605 Domini.
1106 1554 1301 1623 Itaque
1330 1554 1398 1607 de
1429 1554 1759 1609 fortitudine

174 1632 373 1686 Domini
418 1635 671 1689 nascitur
712 1653 898 1691 sermo
949 1640 1192 1705 Domini,
1228 1642 1296 1696 de
1345 1659 1603 1697 sermone
1645 1643 1757 1697 Do-

1845 489 2155 543 nolentium
2178 490 2427 560 recipere
2457 489 2623 543 fidem
2654 490 2790 557 ejus.
2824 508 2843 538 ι
2888 489 2957 542 Et
2986 488 3304 559 disperdam
3342 489 3448 543 ho-

1847 579 2026 632 mines
2054 595 2085 632 a
2116 580 2256 632 facie
2288 584 2469 643 terrae,
2515 578 2649 632 dicit
2696 578 2987 639 Dominus,
3045 584 3103 633 et
3149 578 3448 634 extendam

1848 684 2073 721 manum
2108 684 2288 721 meam
2320 684 2490 738 super
2513 668 2716 721 Judam
2763 673 2819 720 et
2858 683 3028 737 super
3063 683 3259 722 omnes
3288 667 3450 722 habi-

1848 760 2057 809 tatores
2103 756 2472 810 Hierusalem.
2531 776 2553 806 ι
2588 755 2856 809 Extensio
2905 772 3171 810 manuum
3224 763 3447 826 gestum

1847 844 2214 915 percutientis
2246 845 2511 902 ostendit.
2563 866 2584 894 ι
2623 843 2695 898 Et
2720 844 3036 914 disperdam
3069 845 3138 899 de
3185 846 3306 899 loco
3343 845 3451 901 hoc

1848 933 2115 1003 reliquias
2141 931 2300 995 Baal,
2323 956 2342 979 ιι
2389 933 2445 986 id
2473 938 2559 987 est
2587 934 2829 987 cultores
2861 934 3004 1003 ejus,
3038 934 3131 1004 qui
3164 934 3329 1004 pauci
3357 950 3450 989 re—

1848 1028 2171 1076 manserant
2214 1021 2271 1076 in
2303 1022 2449 1075 Juda
2475 1021 2544 1075 de
2594 1023 2744 1076 caede
2790 1021 3056 1076 hostium.
3105 1022 3196 1076 Ad
3226 1028 3446 1077 tantam

1846 1127 2090 1181 namque
2138 1110 2487 1181 impietatem
2539 1116 2822 1175 venerant,
2864 1116 2929 1164 ut
2980 1110 3037 1164 in
3092 1112 3304 1182 templo
3343 1112 3446 1166 Dei

1840 1205 2085 1253 statuam
2122 1198 2258 1252 Baal
2286 1204 2577 1269 ponerent,
2634 1214 2803 1268 quam
2852 1198 3157 1269 imaginem
3198 1200 3448 1253 Ezechiel

1842 1294 2000 1341 vocat
2026 1288 2236 1342 idolum
2270 1287 2392 1347 zeli.
2425 1292 2482 1341 et
2511 1287 2567 1340 in
2608 1287 2805 1340 eodem
2834 1289 3154 1342 sanctuario
3184 1289 3360 1342 Deum
3391 1293 3448 1343 et

1844 1376 1993 1430 idola
2043 1381 2462 1431 venerarentur.
2519 1396 2539 1426 ι
2576 1377 2644 1429 Et
2683 1375 2913 1429 nomina
2953 1376 3285 1430 aedituorum
3317 1393 3445 1431 cum

1841 1463 2243 1535 sacerdotibus.
2276 1464 2517 1519 MEditui
2548 1469 2679 1518 sunt
2703 1464 3001 1534 janitores.
3035 1464 3091 1518 id
3125 1470 3212 1519 est
3239 1466 3447 1543 aedium

1841 1554 2118 1617 custodes,
2151 1553 2257 1624 ipsi
2309 1559 2443 1607 sunt
2488 1553 2760 1608 Hebraice
2799 1554 3083 1607 Nathinei.
3123 1554 3225 1607 Hic
3256 1561 3447 1608 autem

1839 1641 2153 1711 despective
2172 1642 2493 1695 sacerdotes
2515 1647 2675 1695 vocat
2702 1641 2958 1707 aedituos,
2983 1658 3123 1712 quos
3153 1659 3188 1695 a
3208 1628 3359 1707 fano,
3389 1643 3449 1698 id

172 1720 291 1774 mini
340 1724 677 1803 magnitudo
711 1725 951 1790 Domini,
1002 1728 1071 1782 de
1102 1731 1489 1801 magnitudine
1535 1716 1820 1786 DominiB
1844 1736 1931 1784 est
1958 1730 2169 1800 templo
2215 1730 2492 1783 fanaticos
2539 1730 2803 1785 dicimus.
2848 1731 2916 1783 Et
2943 1730 3179 1784 aedituos
3225 1747 3359 1801 ergo
3388 1735 3449 1785 et

171 1820 461 1878 generatur
508 1813 820 1877 humilitas,
878 1817 1009 1887 quia
1061 1834 1170 1888 quo
1222 1820 1401 1890 magis
1438 1822 1642 1891 aliquis
1687 1822 1759 1875 ad
1840 1819 2157 1873 sacerdotes
2184 1818 2463 1889 quondam
2496 1819 2598 1872 Dei
2629 1819 2881 1872 minatur
2906 1836 2965 1872 se
2993 1819 3335 1888 disperdere.

170 1897 364 1953 virtutis
404 1901 814 1970 perfectionem
869 1907 1273 1969 conscenderit,
1316 1926 1381 1963 eo
1420 1911 1662 1981 amplius
1698 1928 1758 1965 se
1914 1924 1939 1956 ιι
1973 1907 2043 1960 Et
2075 1923 2169 1961 eos
2198 1907 2290 1977 qui
2322 1906 2560 1960 adorant
2601 1923 2772 1977 super
2799 1913 2949 1960 tecta
2988 1907 3243 1961 militiam
3297 1908 3442 1975 οωὶὶ,

169 1986 492 2055 ὶωωίνϋεὺίῐ,
514 1990 705 2045 dicens
733 2009 863 2047 cum
886 1996 1187 2065 prapheta:
1211 2014 1238 2048 α
1262 1998 1602 2053 Humiliatus
1632 2017 1756 2054 sum
1842 2000 1895 2048 et
1913 1995 2152 2048 adorant
2170 2001 2229 2048 et
2234 1996 2498 2065 jurantin
2516 1996 2834 2057 Domino,et
2848 1996 3117 2063 jurantin
3132 1996 3442 2052 Melchon.»

170 2090 578 2149 ualluequaquc,
612 2080 868 2145 Domine,
904 2102 930 2134 ii
979 2090 1083 2137 etc.
1117 2086 1487 2140 Conﬁtebitur
1537 2105 1759 2159 quoque
1842 2083 2024 2153 Super
2050 2087 2197 2137 tecta
2227 2083 2396 2148 enim,
2433 2083 2487 2136 id
2539 2088 2623 2136 est
2653 2083 2710 2136 in
2739 2083 3061 2137 domatibus
3091 2090 3323 2145 stantes,
3358 2101 3447 2140 so-

168 2179 218 2216 se
244 2164 340 2218 Dei
383 2166 741 2239 Ethiopem,
778 2170 909 2240 quia
940 2172 1112 2226 Chusi
1142 2176 1381 2243 Λῐιίιιόρς
1410 2192 1561 2229 meus
1588 2176 1762 2231 inter.
1841 2172 1951 2225 lem
1982 2180 2038 2225 et
2064 2172 2255 2226 lunam
2284 2177 2341 2225 et
2365 2177 2568 2225 caetera
2596 2172 2782 2226 sidera
2810 2172 3143 2239 adorabant,
3166 2174 3449 2244 etpariter

165 2259 427 2325 pretatur,
458 2256 515 2309 id
545 2265 651 2322 est,
682 2266 948 2328 agnoscet
975 2278 1035 2314 se
1089 2270 1463 2333 peccatorem,
1512 2271 1569 2319 et
1614 2267 1761 2322 dicet
1843 2260 1899 2314 in
1929 2260 2156 2314 nomine
2187 2260 2430 2324 Domini,
2465 2266 2521 2313 et
2551 2261 2606 2314 ίη
2640 2260 2869 2315 nomine
2899 2261 3238 2332 Μυίοδονίιυί
3268 2262 3447 2317 inter-

168 2357 274 2397 sum
298 2346 520 2399 Joanne
542 2350 799 2418 apostolo
822 2367 877 2403 τα
901 2350 960 2404 Si
984 2351 1289 2407 dixerimus
1310 2355 1441 2425 quia
1461 2362 1753 2427 peccatum

169 2448 263 2485 non
289 2433 589 2500 habemus,
623 2438 877 2508 nosipsos
906 2440 1246 2503 seducimus,
1274 2460 1301 2494 θ
1333 2451 1435 2497 etc.
1484 2444 1587 2499 llic
1623 2446 1755 2501 talis

167 2525 437 2587 ettantus,
489 2522 636 2578 bene
672 2526 879 2580 dicitur
902 2527 1072 2582 fuisse
1103 2529 1155 2582 in
1187 2530 1383 2585 diebus
1412 2533 1575 2587 Josize.
1607 2537 1754 2606 regis

168 2611 614 2682 sanctissimi,qui
647 2614 1053 2685 interpretatur
1082 2622 1306 2671 Neratio
1336 2621 1578 2674 Domini.
1601 2624 1761 2677 Tem-

167 2715 289 2768 pore
311 2717 447 2770 ergo
470 2701 803 2756 elevationis
834 2704 1048 2758 exstitit
1078 2706 1223 2759 ﬁlius
1254 2707 1608 2771 humilitatis,
1630 2714 1762 2783 quia

166 2803 254 2856 per
266 2788 645 2843 humilitatem
675 2791 962 2846 elevamur
978 2794 1049 2847 ad
1067 2795 1347 2849 ccelestem
1367 2797 1756 2857 elevationem.

225 2895 247 2924 ι
299 2877 668 2947 Congregans
700 2880 1050 2950 congregabo
1095 2883 1284 2936 omnia
1314 2900 1347 2937 a
1396 2885 1537 2940 facie
1569 2893 1754 2945 terrae.

164 2962 282 3017 dicit
306 2965 608 3030 Dominus,
631 2984 978 3039 congregans
1009 2971 1293 3026 hominem
1326 2978 1383 3027 et
1409 2991 1596 3044 pecus,
1629 2995 1757 3033 con-

162 3066 384 3122 gregans
396 3054 631 3109 volatile
647 3057 771 3110 coeli
791 3063 847 3111 et
871 3058 1048 3128 pisces
1070 3061 1261 3115 maris.
1286 3080 1311 3113 υ
1341 3062 1439 3117 Diu
1468 3054 1791 3134 exspecta-‘

166 3147 303 3194 verat
318 3143 598 3197 Dominus
629 3152 948 3215 peccantem
980 3149 1179 3202 Judam
1203 3150 1305 3203 sub
1328 3151 1489 3206 malis
1510 3148 1768 3224 regibus,

165 3232 211 3281 et
236 3232 391 3300 quasi
421 3233 681 3303 aliquam
713 3241 976 3305 poterant
1008 3237 1213 3292 habere
1247 3242 1683 3308 excusationem,
1705 3250 1762 3298 et

164 3316 330 3372 dicere
363 3338 374 3372 :
406 3321 690 3376 Volumus
719 3324 927 3378 servire
961 3327 1214 3392 Domino,
1270 3329 1365 3382 sed
1397 3331 1762 3401 prohibemur

163 3420 189 3457 a
215 3407 435 3478 regibus
456 3412 690 3465 nostris.
718 3413 875 3466 Unde
903 3414 1055 3468 dedit
1078 3414 1544 3484 eisjustissimum
1568 3438 1757 3490 regem

162 3494 483 3569 Josiam,qui
514 3516 610 3552 eos
625 3502 890 3571 exemplis
903 3510 960 3555 et
980 3504 1208 3557 monitis
1224 3506 1395 3558 voluit
1411 3508 1674 3563 reducere
1688 3511 1759 3565 ad

162 3583 353 3638 cultum
366 3587 605 3647 Dr-i,sed
620 3588 699 3640 illi
718 3589 1083 3645 nihilominus
1100 3592 1155 3645 in
1174 3593 1491 3649 idololatria
1505 3613 1760 3666 perman-

161 3680 355 3727 serunt.
382 3672 755 3746 Quapropter
774 3679 924 3745 juste
954 3682 1325 3750 prophetatur
1347 3683 1415 3737 de
1446 3683 1524 3738 eis
1547 3688 1758 3741 eversio

162 3759 525 3826 Hierusalem,
556 3772 614 3817 et
641 3766 933 3835 captivitas
964 3769 1173 3839 populi,
1207 3786 1271 3824 ac
1291 3772 1521 3827 victoria
1563 3775 1755 3829 Nabu-

161 3849 521 3907 chodonosor.
560 3876 584 3903 α
617 3855 980 3925 Congregans
1010 3858 1359 3928 congregabo
1381 3862 1758 3919 omnia.iNon

160 3936 371 4009 (inquit)
391 3943 557 3996 ultra
572 3944 641 3995 ad
668 3944 1052 4013 paenitentiam
1085 3948 1432 4018 exspectabo,
1457 3950 1552 4004 sed
1570 3953 1760 4006 omnia

160 4042 496 4099 congregans
530 4047 883 4085 consumam.
909 4034 1033 4086 Non
1062 4034 1250 4098 homo,
1279 4052 1393 4090 non
1425 4055 1616 4108 pecus,
1646 4056 1758 4094 non

160 4116 385 4170 volatilia
412 4125 520 4172 aut
542 4119 727 4190 pisces
778 4121 1169 4186 remanebunt,
1200 4124 1342 4178 iram
1374 4141 1557 4180 meam
1588 4129 1756 4182 etiam

159 4199 307 4257 bmta
334 4208 597 4261 sentient
625 4209 894 4262 animalia
921 4228 933 4277 ;
967 4210 1098 4280 quia
1136 4212 1285 4266 enim
1315 4222 1545 4285 propter
1574 4216 1756 4270 homi-

160 4305 270 4344 nem
300 4302 498 4351 creata
534 4303 674 4351 sunt
722 4298 929 4363 omnia,
952 4300 1080 4367 jure
1102 4300 1408 4356 interfectis
1437 4304 1758 4359 hominibus

1838 2354 2099 2419 pretatur
2118 2365 2235 2411 rem,
2258 2349 2555 2418 jurabant.

1911 2455 1937 2489 α
1974 2438 2042 2491 Et
2079 2437 2174 2507 qui
2221 2444 2553 2493 avertuntur
2588 2438 2657 2492 de
2685 2442 2813 2509 post
2849 2443 3070 2509 tergum
3117 2437 3363 2501 Domini,
3390 2442 3450 2494 et

1840 2525 1934 2599 qui
1963 2542 2075 2579 non
2107 2526 2450 2596 quaesierunt
2481 2510 2803 2588 Dominum,
2838 2543 2940 2580 nec
2972 2527 3448 2597 investigaverunt

1844 2630 1992 2679 eum,
2030 2634 2054 2666 ι)
2084 2614 2352 2668 subaudis
2382 2615 2699 2685 disperdam
2726 2634 2737 2679 ς
2767 2614 2894 2667 illos
2926 2614 3201 2678 videlicet,
3237 2615 3334 2685 qui
3353 2616 3448 2674 de:

1843 2703 2118 2757 clinantes
2141 2720 2175 2756 a
2202 2704 2425 2757 cultura
2464 2703 2704 2767 Domini,
2736 2705 2974 2756 adorant
3005 2703 3265 2756 militiam
3296 2704 3445 2767 cmli,

1844 2797 1899 2844 et
1922 2793 2120 2862 jurant
2159 2808 2261 2862 per
2280 2791 2511 2844 nomina
2539 2791 2841 2855 idolorum,
2867 2796 2924 2844 et
2951 2790 3189 2844 adorant
3218 2790 3353 2847 Baal
3387 2790 3448 2845 et

1841 2879 2053 2934 idolum
2076 2880 2455 2934 Sidoniorum.
2486 2879 2849 2949 Tropologice
2876 2877 3226 2933 Hierusalem
3262 2878 3451 2939 Eccle-

1841 2968 1983 3022 siam
2011 2968 2290 3039 signiﬁcat
2320 2968 2564 3033 Domini,
2600 2968 2670 3021 de
2700 2984 2813 3038 qua
2836 2968 2895 3020 in
2920 2967 3164 3022 adventu
3195 2984 3298 3022 suo
3335 2968 3448 3022 dis-

1843 3058 2040 3130 perdet
2076 3073 2300 3110 omnem
2338 3057 2716 3111 idololatriam
2775 3063 2833 3112 et
2885 3057 3152 3127 reliquias
3204 3057 3441 3124 Baalim,

1844 3145 1990 3216 quod
2017 3146 2427 3216 interpretatur
2456 3149 2518 3198 in
2541 3132 2982 3207 sublimioribus,
3016 3144 3073 3197 id
3113 3150 3198 3201 est
3242 3161 3445 3202 vanam

1840 3234 2077 3305 gloriam
2124 3240 2182 3288 et
2224 3250 2488 3305 pompam
2545 3234 2697 3311 falera
2748 3234 3169 3311 admirationis;
3225 3250 3444 3291 necnon

1844 3323 2013 3377 etiam
2044 3323 2261 3394 eos,qui
2275 3325 2472 3393 jurant
2500 3322 2560 3377 in
2582 3322 2840 3388 Domino,
2869 3328 2928 3376 et
2952 3323 3011 3376 in
3044 3323 3342 3387 Meioho,id
3359 3329 3447 3379 est

1840 3411 1966 3465 illos
1992 3412 2087 3482 qui
2105 3413 2229 3467 'Deo
2258 3417 2316 3467 et
2343 3413 2545 3467 saeculo
2573 3428 2634 3465 se
2665 3418 2866 3482 putant
2890 3426 3054 3481 posse
3083 3412 3445 3474 servire,cum

1842 3508 2070 3554 econtra
2097 3500 2373 3554 Dominus
2405 3515 2416 3549 :
2451 3521 2475 3552 ,τ
2513 3499 2693 3554 Nemo
2723 3505 2909 3572 potest
2935 3498 3152 3554 duobus
3199 3501 3445 3556 dominis

1841 3589 2065 3642 servire.
2104 3609 2127 3641 »
2155 3590 2223 3643 Et
2247 3589 2379 3659 quia
2400 3594 2699 3643 vertuntur
2726 3589 2796 3642 de
2825 3594 2952 3660 post
2985 3595 3208 3658 tergum
3246 3589 3443 3644 Domi-

1841 3678 1918 3741 ni,
1952 3677 2006 3730 id
2037 3684 2123 3731 est
2151 3678 2242 3747 qui
2265 3678 2334 3730 ad
2370 3679 2515 3731 mala
2543 3695 2713 3748 Opera
2744 3677 3443 3747 declinantes,relinquunt

1840 3766 1949 3818 iter
1977 3782 2087 3835 quo
2120 3766 2419 3819 Dominum
2456 3768 2612 3836 sequi
2647 3766 2982 3820 debuerunt.
3039 3766 3232 3820 Potest
3268 3766 3443 3821 etiam

1843 3871 1942 3925 per
1969 3860 2190 3923 tergum
2212 3854 2466 3913 Domini,
2498 3870 2800 3924 corporeus
2825 3855 3098 3908 adventus
3127 3855 3247 3922 ejus
3267 3855 3443 3908 intel-

1841 3943 1960 4012 ligi,
1996 3927 2106 4014 quo
2158 3942 2389 3996 visibilis
2419 3942 2541 4005 fuit,
2578 3942 2723 3996 sicut
2770 3959 2871 4013 per
2908 3943 3030 4012 ejus
3072 3943 3271 3996 faciem
3297 3942 3443 3997 divi-

1842 4032 1990 4086 nitas
2021 4048 2143 4102 quze
2172 4048 2206 4085 a
2252 4031 2409 4084 nulla
2446 4036 2726 4097 creatura,
2754 4037 2818 4084 ut
2860 4036 2967 4096 est,
2999 4030 3173 4084 videri
3220 4035 3433 4100 potest.

1841 4121 1999 4175 Unde
2024 4126 2083 4174 et
2104 4121 2173 4174 ad
2196 4119 2427 4191 Moysen
2453 4118 2663 4174 dictum
2685 4116 2773 4174 est
2797 4137 2844 4173 ε(
2870 4120 2966 4173 Est
2987 4120 3141 4173 locus
3160 4119 3309 4189 apud
3330 4135 3439 4187 me,

1841 4216 1907 4264 et
1924 4209 2097 4263 stabis
2128 4226 2298 4280 supra
2329 4214 2572 4281 petram.
2626 4210 2883 4280 Cumque
2924 4208 3214 4263 transierit
3259 4208 3445 4278 gloria

1843 4314 1984 4361 mea,
2018 4298 2211 4352 tollam
2253 4314 2486 4351 manum
2529 4314 2735 4365 meam,
2786 4304 2843 4352 et
2881 4297 3092 4351 videbis
3130 4298 3447 4368 posteriora

159 4382 396 4449 sequitur
424 4384 683 4438 solitudo
731 4392 788 4440 et
822 4387 1029 4441 raritas
1060 4387 1389 4444 bestiarum.
1426 4410 1448 4443 ι
1484 4393 1553 4447 Et
1580 4378 1984 4448 ruianmea.
2039 4407 2065 4439 ))
2111 4389 2188 4440 De
2234 4392 2365 4458 post
2391 4393 2611 4459 tergum
2640 4387 2865 4442 υοηιὶηί
2895 4388 3185 4451 recedunt.
3219 4388 3315 4458 (111i
3345 4393 3447 4444 aut

158 4466 446 4538 impiorum
471 4480 667 4527 erunt.
702 4494 728 4526 »
768 4475 853 4528 Ad
884 4477 1127 4546 primum
1158 4495 1379 4550 quoque
1410 4479 1634 4535 Domini
1665 4483 1758 4536 ad-

152 4566 366 4614 ventum
386 4557 515 4616 haec
535 4563 660 4633 ipsa
682 4565 976 4635 prophetia
996 4564 1191 4619 referri
1213 4573 1413 4637 potest,
1448 4571 1672 4641 quando
1691 4588 1757 4625 ex

158 4644 347 4702 Judaais
378 4657 437 4703 et
468 4650 741 4720 gentibus
771 4669 873 4722 per
906 4654 1073 4707 ﬁdem
1105 4657 1427 4727 congregati
1454 4664 1605 4722 sunt,
1639 4659 1757 4730 qui-

156 4730 271 4788 dam
297 4738 451 4792 velut
482 4739 745 4794 homines
766 4741 1244 4803 rationeutentes.
1280 4746 1374 4799 alii
1401 4747 1561 4817 quasi
1586 4764 1758 4819 pecus

157 4822 427 4894 simplices
459 4834 521 4882 et
552 4828 845 4894 ineruditi,
890 4832 1037 4886 leves
1067 4838 1130 4887 ut
1155 4850 1303 4898 aves,
1353 4836 1558 4890 curiosi
1589 4837 1757 4892 veluti

158 4909 343 5002 pisces,
392 4917 496 4986 qui
534 4918 709 4972 maris
740 4920 1017 4990 profunda
1067 4921 1363 4977 rimantur.
1402 4941 1428 4973 «
1464 4925 1537 4978 Et
1581 4926 1758 4980 ruina:

158 4998 445 5067 impiorum
488 5007 681 5055 erunt.
722 5022 742 5053 ο
774 5004 902 5058 Non
949 5010 1169 5059 tantum
1210 5007 1268 5061 in
1299 5007 1498 5062 ultimo
1545 5009 1758 5079 judicio

160 5094 307 5143 erum
334 5090 524 5144 ruina
565 5090 886 5161 impiorum,
920 5110 1046 5147 cum
1079 5094 1382 5157 audierint,
1420 5114 1446 5148 α
1474 5096 1758 5153 Discedite

160 5189 189 5225 a
208 5192 309 5240 me,
326 5179 647 5248 maledicti,
662 5180 722 5234 in
738 5180 929 5251 ignem
961 5188 1251 5249 aeternum,
1265 5203 1286 5234 ι
1307 5185 1403 5239 sed
1425 5191 1482 5240 et
1500 5186 1559 5240 in
1573 5187 1757 5258 primo

157 5260 255 5328 jam
284 5267 541 5321 adventu
562 5268 674 5322 hoc
702 5268 909 5324 factum
933 5276 1037 5335 est,
1067 5274 1291 5343 quando
1313 5275 1464 5329 venit
1486 5276 1755 5331 Dominus

164 5352 209 5406 in
234 5357 481 5423 ruinam,
519 5363 586 5411 ut
612 5364 847 5415 ruerent
874 5361 967 5432 qui
1014 5363 1161 5417 male
1190 5362 1433 5429 stabant,
1468 5370 1524 5419 et
1555 5366 1649 5438 qui
1682 5368 1759 5421 vi-

164 5443 345 5499 vebant
403 5454 663 5519 peccato,
722 5455 1077 5505 morerentur
1124 5456 1181 5506 et
1228 5452 1538 5523 inciperent
1578 5454 1759 5509 vivere

160 5529 391 5596 iustitiae.
440 5537 576 5591 Sive
614 5537 947 5610 simpliciter
976 5532 1039 5595 in
1064 5541 1309 5597 adventu
1338 5542 1550 5597 Ghristi
1577 5544 1760 5613 primo

1840 4493 1967 4531 eum
2016 4476 2372 4531 incarnatum
2420 4493 2534 4531 non
2584 4477 2845 4546 credunt,
2874 4482 2974 4532 aut
3011 4478 3133 4546 ejus
3165 4481 3446 4547 praecepta
3527 4545 3529 4547 ι

1839 4571 2230 4621 contemnunt.
3040 4558 3045 4569 '

1914 4672 1940 4708 α
1974 4654 2144 4709 Silete
2172 4670 2207 4707 ει
2233 4654 2372 4708 facie
2415 4653 2638 4709 Domini
2687 4653 2809 4719 Dei,
2843 4653 2976 4724 quia
2999 4654 3161 4723 juxta
3189 4657 3277 4706 est
3323 4652 3445 4708 dies

1841 4743 2081 4798 Domini.
2113 4759 2140 4796 ι
2201 4743 2395 4810 Sileat,
2451 4748 2791 4806 revereatur,
2854 4741 3223 4795 intremiscat.
3282 4740 3444 4796 Diem

1840 4832 2086 4898 Domini,
2128 4834 2293 4903 juxta
2320 4833 2586 4897 litteram,
2618 4830 2989 4903 intelligimus
3019 4835 3246 4901 tempus
3271 4829 3448 4902 capti-

1840 4923 2028 4977 vitatis
2057 4927 2114 4976 et
2144 4921 2374 4976 ultionis
2401 4922 2459 4975 in
2489 4921 2756 4992 populum
2778 4910 3122 4975 Judaaorum.
3152 4920 3258 4974 Vel
3286 4920 3448 4992 spiri-

1839 5011 2069 5065 tualiter
2111 5010 2260 5064 diem
2309 5010 2542 5064 extremi
2583 5008 2800 5079 judicii,
2850 5025 2964 5063 non
3012 5014 3099 5063 est
3136 5008 3446 5064 absurdum

1840 5100 2171 5169 intelligere.
2228 5117 2255 5151 α
2291 5098 2445 5162 .Quia
2472 5098 2809 5170 praeparavit
2850 5098 3126 5153 Dominus
3174 5099 3442 5166 hostiam,

1839 5187 2207 5243 sanctificavit
2233 5192 2458 5241 vocatos
2487 5204 2638 5242 suos.
2693 5206 2721 5241 ii
2760 5188 3019 5243 Hostiam
3046 5193 3445 5259 praeparatam,

1839 5277 2104 5350 populum
2131 5274 2385 5347 dicit,qui
2408 5276 2469 5330 in
2499 5282 2753 5348 tempore
2788 5278 3047 5332 vindictas
3086 5278 3239 5331 velut
3260 5277 3447 5331 hostia

1843 5365 2174 5421 mactandus
2201 5370 2381 5419 erat.¢
2407 5363 2789 5422 Sanctificavit
2817 5372 3042 5421 vocatos
3061 5383 3250 5433 suos,»
3283 5365 3446 5437 quasi

1841 5456 1913 5509 ad
1944 5452 2161 5508 celebre
2183 5454 2496 5508 convivium
2519 5454 2801 5509 invitatos.
2830 5456 3098 5510 Solebant
3122 5454 3273 5510 enim
3303 5470 3446 5524 epu-

1844 5545 1966 5599 lum
1997 5540 2268 5599 habentes
2288 5543 2645 5611 sanctiﬁcari,
2661 5544 2720 5599 id
2735 5550 2823 5600 est
2841 5543 3096 5631 abluiket
3113 5540 3443 5598 cultioribus
