3970 6150
447 274 550 333 199

445 493 732 547 Chaldaeos
758 491 1027 545 debemus
1054 489 1328 558 accipere,
1371 504 1510 558 quos
1549 487 1665 557 ipse
1703 486 1933 539 vocabat
1969 486 2041 541 ad

444 581 757 651 puniendos
785 586 1121 650 peccatores;
1139 593 1267 629 nam
1298 581 1354 629 et
1380 575 1791 645 perJeremiam
1816 589 2037 627 servum

445 687 609 725 suum
632 670 766 723 dicit
789 688 837 721 :«
864 664 1889 736 Vocavi(inquiensiNabuchodonosor
1910 679 2037 715 ser-

443 775 572 813 vum
595 776 800 812 meum.
839 776 865 809 ι
885 756 1122 820 Quidam
1143 754 1289 807 diem
1305 752 1548 817 Domini,
1574 753 1798 823 quando
1821 768 2036 823 praepa-

444 848 589 901 ravit
607 847 845 903 hostiam
869 843 1126 909 suam,de
1145 842 1324 912 primo
1341 842 1583 895 adventu
1600 842 1722 911 ejus
1737 841 2035 911 accipiunt,

443 936 667 1008 quando
683 933 985 1005 singularis
1007 931 1208 994 hostia,
1239 930 1291 983 id
1315 937 1401 983 est
1424 946 1586 983 verus
1601 928 2041 999 agnusChristus

440 1025 766 1079 immolatus
812 1028 914 1075 est.
949 1021 1188 1074 Vocatos
1227 1026 1283 1072 et
1312 1020 1704 1081 sanctificatos,
1759 1018 2041 1088 apostolos

442 1119 500 1169 et
527 1130 621 1167 eos
654 1112 748 1184 qui
778 1128 877 1181 per
905 1127 1000 1164 eos
1032 1110 1102 1163 ad
1132 1109 1299 1163 ﬁdem
1327 1114 1620 1171 venerunt,
1654 1106 2001 1175 intelligunt.

514 1220 540 1255 α
576 1203 642 1256 Et
669 1202 777 1256 erit
797 1203 855 1253 in
868 1200 957 1253 die
974 1199 1173 1252 hostiae
1195 1197 1437 1261 Domini,
1457 1196 1688 1250 visitabo
1705 1213 1767 1250 su
1777 1212 1874 1266 per
1884 1195 2041 1266 prin-

440 1291 591 1362 cipes
624 1297 681 1344 et
710 1307 881 1360 super
932 1289 1073 1341 ﬁlios
1105 1287 1270 1356 regis.
1314 1306 1340 1337 io
1393 1285 1523 1339 Dies
1558 1285 1754 1338 hostiae
1794 1284 2038 1346 Domini,

439 1386 663 1451 tempus
694 1385 779 1431 cst
814 1378 1059 1432 Judaicze
1088 1374 1448 1446 captivitatis,
1483 1374 1706 1445 quando
1729 1373 1909 1426 omnis
1940 1390 2035 1443 po-

439 1470 607 1540 pulus
638 1474 760 1521 erat
788 1466 1164 1520 immolandus
1197 1464 1267 1517 ab
1308 1463 1561 1517 hostibus
1588 1482 1600 1529 ;
1634 1470 1769 1516 tunc
1799 1462 2043 1515 visitavit

440 1558 714 1612 Dominus
743 1573 911 1627 super
930 1553 1219 1632 principes
1250 1558 1306 1605 et
1337 1551 1664 1623 superﬁlios
1685 1552 1830 1620 regis
1856 1551 2037 1615 Josiaa,

443 1645 590 1717 quod
619 1662 815 1699 omnes
846 1644 1150 1715 veleaptos
1198 1646 1419 1695 constat
1448 1641 1635 1703 fuisse,
1694 1640 1779 1693 vel
1811 1639 2039 1693 occisos.

865 270 1248 330 HAYMONIS
1286 272 1781 331 HALBERSTAT.
1821 270 2045 328 EPISC.
2089 272 2249 329 OPP.
2290 274 2475 331 PARS
2512 276 2558 331 Ι.
2599 303 2663 317 -
2702 274 3078 331 COMMENT.
3118 276 3305 333 BIBL.

443 401 690 458 vestibus
737 402 915 457 indui.
956 401 1197 454 Vocatos
1254 415 1386 469 ergo
1439 397 1951 451 Nabuchodonosor
1988 398 2106 456 etA

3608 274 3718 335 200

2202 422 2222 447 ι
2260 400 2505 460 Ululate,
2532 398 2879 455 habitatores
2918 399 3069 453 Pilia.
3102 399 3370 454 conticuit
3398 398 3584 455 omnis
3613 415 3715 470 po-

2123 490 2287 559 pulus
2313 491 2603 543 Chanaan.
2628 510 2651 541 »
2672 490 2848 543 Pilam
2884 490 2986 542 hoc
3016 489 3139 542 loco
3161 506 3254 543 vas
3281 490 3552 543 debemus
3581 488 3720 543 acci-

2120 596 2270 649 pere,
2305 579 2361 632 in
2391 596 2500 649 quo
2534 579 2812 632 frumenta
2846 579 3165 649 pinsuntur,
3187 577 3244 632 id
3270 584 3356 633 est
3380 579 3716 639 tunduntur,

2122 675 2179 721 et
2207 676 2292 722 est
2323 670 2591 739 producta
2622 671 2681 737 pi
2718 668 2952 740 syllaba.
3004 668 3145 720 Nam
3192 668 3345 722 aliud
3384 673 3471 722 est
3512 668 3623 737 pila
3659 670 3722 737 pi

2121 761 2397 824 correpta,
2448 754 2667 831 spliazra
2716 753 2971 811 videlicet
3008 753 3268 823 pilorum,
3302 769 3415 824 qua
3443 752 3601 823 pueri
3631 752 3724 806 lu-

2124 842 2282 897 dunt.
2312 843 2486 895 l’ilam
2510 859 2643 913 ergo
2660 842 3293 913 appellatHierusalem.
3324 841 3485 913 quasi
3506 841 3655 896 enim
3668 841 3721 894 vi

2124 937 2181 985 et
2211 933 2422 1002 impetu
2454 932 2737 985 frumenta
2761 932 2993 986 feriente
3022 933 3264 1002 deSuper
3293 931 3406 1001 pilo
3436 931 3718 994 tunditur,

2129 1020 2207 1073 ita
2235 1021 2303 1073 de
2330 1026 2492 1090 porta
2516 1020 2750 1092 piscium
2774 1026 2829 1074 et
2847 1021 2916 1074 de
2942 1021 3189 1075 secunda
3206 1026 3375 1091 atque
3403 1020 3472 1073 de
3486 1019 3725 1074 collibus

2126 1125 2418 1179 proruens,
2450 1109 2709 1163 decurret
2755 1110 3141 1169 Chaldaeorum
3202 1110 3285 1164 vel
3341 1110 3726 1183 Romanorum

2124 1198 2420 1261 exercitus,
2480 1204 2539 1251 et
2592 1198 2939 1252 comminuet
2964 1198 3171 1253 omnia.
3208 1199 3485 1269 Populum
3529 1203 3726 1252 autem

2125 1285 2412 1349 Chanaan,
2443 1274 2710 1357 populum
2734 1287 3054 1341 Judaeorum
3086 1287 3491 1358 appellat,quia
3528 1286 3728 1356 impie-

2124 1381 2268 1429 tates
2300 1376 2742 1429 Chananmorum
2764 1376 3038 1446 agebant:
3077 1392 3207 1430 nam
3236 1381 3293 1430 et
3323 1375 3519 1437 Daniel
3543 1375 3730 1446 impu-

2125 1465 2311 1518 dicum
2372 1480 2563 1518 senem
2622 1481 2812 1519 semen
2844 1466 3113 1519 Chanaan
3151 1471 3326 1519 vocat.
3360 1463 3727 1518 Venientibus

2123 1553 2314 1624 itaque
2344 1552 2617 1613 hostibus,
2653 1554 3030 1608 conticescent
3073 1554 3249 1615 nimio
3289 1559 3463 1619 metu,
3504 1558 3563 1607 et
3597 1569 3729 1608 suo-

2126 1658 2251 1695 rum
2309 1642 2583 1695 scelerum
2641 1643 2983 1697 conscientia
3038 1643 3325 1713 exagitati,
3374 1659 3477 1696 nec
3521 1642 3728 1697 saltem

443 1734 567 1790 Sive
594 1733 935 1805 generaliter
980 1731 1123 1784 ﬁlios
1156 1730 1321 1800 regis,
1354 1730 1585 1799 stirpem
1642 1728 1853 1796 regiam
1884 1729 2038 1782 dicit.
2058 1712 2104 1771 Β
2124 1732 2298 1786 Deum
2328 1748 2494 1801 quem
2527 1731 2899 1797 offenderunt,
2928 1732 3185 1787 invocare
3209 1731 3517 1786 audebunt.
3552 1749 3579 1783 α
3603 1731 3728 1785 Dis-

445 1844 467 1875 ι
508 1825 576 1877 Et
595 1839 765 1893 super
788 1838 983 1875 omnes
1005 1821 1096 1890 qui
1126 1819 1309 1874 induti
1329 1825 1462 1872 sunt
1491 1825 1640 1871 veste
1664 1817 1982 1889 peregrina,
2013 1835 2036 1868 ι

439 1912 497 1965 id
527 1918 612 1965 est
640 1911 852 1965 exotica
877 1915 933 1964 et
962 1907 1353 1979 pretiosa,sive
1382 1924 1553 1977 super
1581 1907 1799 1978 eos,qui
1825 1923 1925 1977 pro
1941 1906 2043 1960 Dei

441 2001 596 2055 cultu
622 2000 771 2053 idola
793 1997 1224 2052 venerabantur.

516 2108 540 2141 «
572 2090 641 2143 Et
661 2087 895 2142 visitabo
926 2102 1097 2157 super
1126 2101 1348 2138 omnem
1378 2085 1473 2156 qui
1502 2089 1833 2155 arroganter
1852 2085 2042 2154 ingre-

441 2180 594 2234 ditur
621 2194 792 2249 super
821 2178 992 2230 limen
1026 2175 1081 2228 in
1112 2175 1202 2227 die
1240 2174 1369 2240 illa;
1402 2194 1426 2225 »
1452 2174 1506 2227 id
1530 2174 1735 2245 est,qui
1758 2174 2042 2245 quondam

442 2269 590 2323 fastu
637 2273 693 2320 et
745 2265 1036 2335 dignitatis
1076 2262 1396 2333 supercilio,
1444 2263 1655 2333 gradus
1707 2263 1821 2315 sive
1872 2263 2041 2315 limen

410 2358 638 2430 'templi
663 2356 1064 2412 conscendunt.
1100 2352 1167 2407 In
1198 2352 1470 2407 Hebraica
1502 2352 1735 2406 veritate
1758 2353 1997 2407 habetur
2027 2371 2038 2405 :

445 2470 474 2502 ι
503 2449 610 2515 Qui
639 2446 960 2501 transibunt
989 2442 1371 2512 limen;»quod
1394 2442 1609 2495 faciunt
1627 2442 1870 2495 cultores
1887 2447 2042 2496 veste

443 2537 730 2602 daemonis,
766 2535 861 2605 qui
887 2534 1057 2587 limen
1088 2530 1283 2602 templi
1317 2531 1466 2585 illius
1516 2548 1625 2584 non
1673 2531 1910 2594 calcant,
1945 2531 2044 2585 sed

441 2622 1033 2699 pertransibunt.«Qui
1053 2621 1335 2690 complent
1350 2620 1574 2673 domum
1594 2619 1815 2674 Domini
1840 2619 1936 2673 Dei
1954 2620 2042 2673 sui

440 2716 739 2787 iniquitate
769 2720 827 2767 et
845 2713 994 2779 dolo;
1022 2732 1043 2761 ι
1065 2711 1120 2763 id
1150 2714 1237 2763 est
1259 2709 1469 2762 divitiis
1491 2709 1790 2780 iniquitate
1808 2708 2038 2779 paratis.

439 2804 803 2876 Tropologice
828 2799 1070 2865 haeretici
1100 2799 1412 2869 peregrinis
1435 2798 1678 2852 vestibus
1708 2798 2039 2860 induuntur,

442 2895 537 2965 qui
553 2893 747 2951 relicta
762 2888 1321 2957 vesteChristi,quam
1337 2887 1653 2957 accepimus
1668 2887 1721 2939 in
1736 2886 2035 2956 baptismo,

441 2986 736 3037 assumunt
749 2979 1093 3049 impietatem
1108 2993 1207 3046 pro
1225 2976 1450 3045 pietate,
1463 2976 1797 3045 proveritate
1816 2975 2041 3029 menda-

2125 1821 2417 1891 perierunt
2444 1837 2638 1874 omnes
2658 1820 2893 1875 involuti
2921 1826 3182 1892 argento:
3205 1840 3231 1874 n
3254 1821 3337 1875 illi
3356 1820 3607 1875 videlicet
3628 1819 3729 1890 qui

2125 1909 2334 1963 divitiis
2365 1909 2738 1972 conﬁdebant,
2763 1915 2820 1964 et
2843 1927 2903 1965 se
2933 1913 3089 1980 quasi
3118 1911 3396 1964 involutos
3415 1915 3472 1965 et
3488 1909 3729 1963 circum-

2127 2004 2314 2068 septos
2343 1998 2534 2053 nimiis
2560 1999 2757 2069 opibus
2783 1999 3159 2063 aestimabant,
3187 2006 3245 2054 et
3271 2000 3477 2053 idcirco
3508 2015 3729 2070 paupe-

2124 2104 2215 2140 res
2245 2086 2644 2156 despiciebant.
2671 2088 2737 2142 Et
2763 2087 3072 2141 notandum
3092 2088 3240 2158 quod
3256 2104 3365 2157 non
3385 2088 3728 2142 futurotem-

2124 2192 2258 2246 pore
2291 2176 2433 2228 dixit
2466 2194 2479 2229 :
2511 2176 2858 2230 Conticescet
2890 2177 3179 2237 Chanaan,
3211 2185 3310 2231 aut
3346 2176 3724 2247 disperibunt,

2125 2265 2222 2317 sed
2251 2264 2319 2317 de
2350 2264 2652 2334 praeterito,
2688 2282 2715 2317 α
2737 2264 3007 2318 conticuit
3046 2285 3070 2316 »
3101 2271 3159 2319 et
3190 2284 3216 2316 α
3243 2264 3662 2335 disperierunt;
3694 2284 3724 2321 ν

2127 2353 2260 2423 quia
2292 2353 2440 2423 quod
2469 2353 2778 2406 certissime
2806 2360 3104 2409 venturum
3143 2354 3451 2425 erat,quasi
3482 2355 3597 2425 jam
3625 2371 3728 2409 ve-

2126 2441 2276 2495 nisse
2307 2441 2657 2511 praevidebat.
2700 2443 2826 2496 Non
2855 2449 3043 2496 autem
3074 2444 3179 2496 soli
3206 2442 3490 2514 peribunt,
3520 2443 3618 2513 qui
3667 2443 3728 2499 in

2127 2530 2243 2584 suis
2274 2531 2483 2584 divitiis
2505 2531 2843 2600 gloriantur,
2876 2532 2973 2585 sed
3000 2531 3168 2585 etiam
3201 2532 3296 2602 qui
3341 2532 3614 2586 inﬂantur
3652 2534 3737 2587 de.

2126 2619 2491 2689 dignitatibus
2520 2620 2728 2685 szeculi,
2783 2626 3007 2674 tument
3054 2637 3197 2674 vana
3249 2620 3561 2681 nobilitate.
3604 2623 3729 2692 pul-

2123 2708 2440 2762 chritudine
2477 2709 2559 2762 vel
2609 2708 2808 2761 robore
2855 2709 3124 2779 corporis,
3159 2709 3485 2780 ceterisque
3524 2710 3727 2765 mundi

2122 2797 2462 2851 vanitatibus
2490 2798 2851 2851 extolluntur.
3110 2862 3113 2869 ι

2198 2904 2225 2938 α
2252 2886 2319 2939 Et
2347 2886 2453 2940 erit
2485 2886 2541 2939 in
2572 2891 2825 2955 tempore
2848 2886 2946 2939 illo
2972 2884 3265 2940 scrutabor
3294 2884 3647 2941 Hierusalem
3660 2886 3725 2940 in

2123 2975 2386 3035 lucernis.
2415 2981 2473 3029 et
2500 2974 2734 3029 visitabo
2766 2992 2937 3045 super
2966 2975 3111 3029 viros
3147 2974 3357 3029 deﬁxos
3387 2975 3445 3028 in
3495 2973 3726 3045 facibus

440 3072 608 3131 cium.
628 3068 1164 3139 ipsiquoquesuper
1182 3065 1353 3118 limen
1376 3071 1705 3135 arroganter
1720 3064 2042 3134 ingrediun-
2061 3070 2104 3129 Ο
2123 3062 2258 3121 suis.
2294 3084 2319 3113 »
2349 3064 2489 3117 Cum
2519 3063 2749 3134 (inquit)
2798 3063 3045 3118 Chaldaei
3093 3063 3176 3118 vel
3204 3062 3438 3117 Romani
3466 3062 3727 3116 venerint

438 3157 691 3228 tur,quia
700 3160 891 3226 spreta
911 3152 1269 3223 simplicitate
1291 3152 1749 3215 ﬁdei,l§cclesiam
1773 3169 1871 3223 per
1890 3169 2040 3206 erro-

440 3247 518 3311 ris
547 3246 635 3300 sui
666 3243 1119 3316 praadicationem
1148 3240 1442 3311 iniquitate
1485 3247 1543 3294 et
1569 3241 1695 3295 dolo
1733 3242 2031 3311 complent.

517 3355 540 3387 ι
570 3336 643 3403 Et
663 3334 772 3387 erit
806 3332 864 3386 in
886 3332 977 3384 die
1008 3331 1121 3400 illa,
1155 3330 1292 3384 dicit
1321 3329 1610 3393 Dominus,
1636 3346 1743 3401 vox,
1775 3330 2038 3384 clamoris

440 3441 476 3478 a
505 3429 667 3495 porta
696 3422 954 3493 piscium,
987 3426 1045 3474 et
1070 3419 1317 3473 ululatus
1335 3435 1370 3471 a
1397 3418 1664 3478 secunda,
1695 3425 1749 3471 et
1775 3418 2037 3472 contritio

441 3529 647 3584 magna
676 3528 711 3565 a
736 3511 990 3565 collibus.
1028 3528 1053 3560 »
1098 3509 1323 3561 Portam
1364 3507 1602 3578 piscium
1654 3524 1774 3561 eam
1817 3514 2034 3578 portam

440 3602 749 3663 secundum
774 3602 1021 3657 litteram
1052 3597 1208 3661 dicit,
1242 3614 1364 3667 quae
1394 3596 1625 3649 vicinior
1644 3602 1766 3649 erat
1786 3596 1949 3663 mari,
1981 3602 2038 3650 et

439 3692 679 3746 ducebat
726 3688 1032 3760 Diospolim
1082 3692 1139 3740 et
1180 3687 1413 3756 Joppen.
1450 3684 1721 3755 Quodque
1760 3685 2032 3755 sequitur,

442 3797 470 3832 (ι
502 3779 760 3834 Ululatus
789 3794 824 3829 a
859 3774 1124 3839 secunda,
1160 3791 1185 3824 ι
1220 3779 1439 3842 portam
1471 3772 1607 3825 dicit
1633 3773 1861 3826 secundi
1891 3772 2037 3827 inuri

436 3868 496 3922 in
526 3866 721 3921 eadem
753 3864 923 3917 maris
950 3862 1053 3915 via.
1100 3861 1415 3915 Secundam
1443 3867 1631 3914 autem
1663 3860 2034 3926 Hierusalem,

437 3954 693 4015 etiamin
728 3939 871 4006 libro
900 3951 1117 4020 Regum
1165 3948 1441 4019 legimus:
1480 3967 1505 3999 ί(
1538 3948 1691 4001 Misit
1727 3948 1797 4001 ad
1837 3949 2037 4023 Oldam

436 4045 747 4117 prOpheten
779 4057 1009 4096 uxorem
1050 4037 1385 4112 Sellum,qui
1417 4036 1707 4091 habitabat
1735 4037 1793 4091 in
1834 4038 2033 4092 Hieru-

433 4136 607 4191 salem
637 4133 693 4186 in
723 4129 985 4185 secunda.
1031 4145 1057 4179 ι
1109 4126 1516 4181 Contritionem
1561 4142 1594 4179 a
1625 4126 1877 4189 collibus,
1907 4144 2036 4197 per-

434 4222 817 4279 turbationem
847 4216 1106 4286 designat
1132 4215 1201 4268 de
1228 4221 1416 4267 monte
1448 4215 1602 4277 Sion,
1652 4220 1710 4269 et
1736 4216 2035 4271 excelsiore

2119 3153 2481 3223 ceperintque
2504 3153 3013 3215 Hierusalem,tunc
3032 3151 3325 3206 scrutabor
3343 3168 3469 3205 cum
3487 3151 3726 3206 lucerna.

2120 3241 2309 3295 omnia
2334 3243 2455 3295 loca
2485 3242 2743 3304 civitatis,
2798 3242 2856 3295 in
2888 3241 3089 3312 quibus
3119 3240 3383 3296 abscondi
3430 3245 3718 3311 poterunt,

2120 3330 2290 3384 etiam
2318 3331 2533 3385 cloacas
2553 3337 2610 3385 et
2636 3330 2902 3385 obscuras
2929 3331 3244 3401 speluncas,
3279 3336 3343 3384 ut
3370 3330 3559 3383 nullus
3588 3345 3726 3399 pos-

2119 3420 2194 3473 sit
2222 3420 2487 3491 effugere.
2522 3421 2657 3486 Hoc,
2701 3421 2795 3491 qui
2826 3418 3247 3474 subversionem
3275 3434 3310 3471 a
3336 3418 3603 3472 Romanis
3640 3418 3727 3472 fa-

2120 3513 2266 3561 ctam
2300 3508 2513 3579 legerit,
2545 3508 2626 3562 ita
2665 3516 2888 3578 gestum
2919 3507 3183 3563 inveniet.
3238 3506 3498 3561 Visitabit
3542 3506 3723 3562 etiam

2120 3614 2291 3668 super
2328 3597 2474 3651 viros
2502 3598 2713 3651 deﬁxos
2743 3596 2801 3650 in
2843 3596 3069 3651 faecibus
3089 3596 3227 3659 suis,
3259 3595 3362 3650 hoc
3392 3601 3496 3657 est,
3530 3595 3629 3666 qui
3661 3596 3727 3650 in

2118 3684 2443 3755 corporibus
2463 3685 2769 3739 conﬁdunt.
2797 3684 3123 3755 Despective
3153 3684 3305 3738 enim
3333 3683 3726 3739 fortitudinem

2118 3773 2367 3843 corporis
2420 3773 2578 3827 faeces
2609 3780 2783 3827 vocat.
2828 3773 2951 3827 Sive
2980 3773 3189 3826 deﬁxos
3220 3773 3278 3827 in
3305 3772 3529 3827 faecibus
3560 3781 3729 3827 vocat

2118 3868 2458 3932 peccatores,
2490 3862 2585 3933 qui
2615 3861 3017 3915 consuetudine
3054 3861 3339 3932 peccandi,
3382 3861 3547 3915 deﬁxi
3585 3867 3725 3917 sunt

2119 3951 2176 4004 in
2204 3950 2321 4004 suis
2349 3950 2642 4011 illecebris,
2669 3967 2768 4004 nec
2788 3950 2859 4004 ab
2888 3950 2969 4004 eis
2989 3949 3311 4021 paenitendo
3331 3948 3482 4006 ablui
3500 3950 3725 4011 volunt.

2121 4037 2192 4092 Hi
2218 4039 2380 4104 tales,
2417 4061 2442 4087 α
2468 4038 2564 4110 qui
2594 4038 2791 4093 dicunt
2818 4038 2875 4092 in
2904 4039 3165 4092 cordibus
3192 4037 3309 4092 suis
3335 4056 3347 4091 :
3383 4038 3506 4092 Non
3547 4038 3727 4093 faciet

2118 4127 2261 4182 bene
2312 4128 2603 4189 Dominus,
2655 4133 2713 4181 et
2764 4144 2875 4182 non
2924 4127 3089 4182 faciet
3117 4127 3281 4190 male,
3321 4145 3345 4179 ii
3384 4126 3442 4181 id
3478 4132 3582 4189 est,
3612 4143 3727 4181 nec

2119 4216 2448 4281 bonisbona
2471 4217 2762 4281 retribuet,
2792 4233 2894 4270 nec
2924 4216 3086 4269 malis
3116 4215 3264 4269 mala
3291 4214 3729 4285 rependet.Tro-

435 4311 649 4366 scilicet
702 4305 856 4361 urbis
913 4308 1092 4375 parte.
1153 4318 1264 4373 qua
1301 4307 1482 4372 capta,
1535 4302 1747 4357 facilior
1796 4311 1920 4358 erat
1959 4304 2031 4358 ad
2116 4307 2367 4377 pologice
2396 4313 2583 4360 autem
2614 4306 2671 4358 in
2695 4305 2785 4359 die
2812 4305 2930 4367 illa,
2958 4304 3015 4358 id
3035 4310 3123 4358 est
3144 4302 3726 4373 inconsummatione

435 4415 613 4471 prona
639 4397 957 4451 descensus.
998 4391 1360 4463 Tropologice
1390 4408 1489 4463 per
1525 4398 1743 4463 portam
1776 4393 2033 4464 piscium,
2051 4388 2099 4446 D
2121 4396 2336 4460 mundi,
2360 4393 2704 4449 scrutabitur
2733 4395 2882 4449 Deus
2910 4392 3288 4457 Hierusalem,
3320 4392 3376 4446 id
3409 4396 3497 4446 est
3524 4392 3725 4447 Eccle-

433 4504 631 4544 sensus
668 4491 953 4539 oculorum
992 4480 1355 4553 exprimitur;
1405 4497 1505 4551 per
1540 4482 1864 4546 secundam,
1899 4499 2031 4536 sen-
2115 4484 2256 4537 siam
2277 4484 2335 4537 in
2364 4483 2611 4548 lucerna,
2646 4482 2751 4536 hoc
2778 4492 2866 4535 est
2906 4482 2964 4536 in
2989 4481 3204 4553 judicio
3248 4480 3479 4549 Christi,
3509 4480 3605 4552 qui
3650 4497 3729 4536 ex

434 4595 532 4632 sus
558 4562 803 4630 aurium.
835 4571 946 4626 Per
972 4571 1074 4623 hos
1104 4569 1310 4640 quippe
1349 4569 1490 4623 duos
1519 4587 1735 4633 sensus,
1777 4571 2035 4625 videlicet
2117 4572 2470 4626 humanitate
2500 4575 2721 4624 constat
2772 4575 2830 4623 et
2855 4569 3168 4636 divinitate,
3199 4569 3345 4623 sicut
3380 4568 3612 4623 lucerna
3650 4585 3727 4623 ex

430 4664 697 4722 audiendi
738 4667 796 4716 et
838 4659 1080 4719 videndi,
1117 4659 1358 4712 maxime
1386 4666 1703 4728 peccatores
1740 4660 2034 4733 judicandt
2115 4666 2263 4715 testa
2284 4667 2341 4715 et
2368 4660 2597 4724 lumine,
2627 4676 2727 4729 per
2767 4675 2934 4729 quem
2990 4659 3138 4713 Deus
3164 4659 3332 4712 Pater
3358 4673 3525 4713 omne
3552 4656 3731 4712 faciet

432 4762 583 4820 sunt,
607 4769 707 4825 per
735 4766 876 4820 quos
906 4747 1116 4819 peccati
1147 4747 1443 4801 delectatio
1467 4748 1537 4823 ad
1568 4764 1767 4802 sensus
1788 4749 2034 4820 reliquos
2110 4749 2385 4821 judicium
2410 4768 2423 4817 ;
2457 4755 2515 4803 et
2534 4746 2782 4802 visitabit
2810 4764 2981 4818 super
3008 4747 3153 4801 viros
3167 4747 3377 4802 deﬁxos
3396 4746 3452 4801 in
3485 4745 3727 4802 faecibus

432 4849 678 4901 emanat.
713 4840 831 4895 Erit
863 4839 1011 4892 enim
1033 4837 1307 4909 contritio
1333 4852 1539 4906 magna
1564 4836 1873 4909 acollibus,
1902 4839 2035 4908 quia
2116 4840 2251 4900 suis,
2284 4838 2389 4892 hoc
2435 4842 2539 4901 est,
2581 4836 2883 4890 ulciscetur
2928 4835 2985 4889 in
3033 4835 3131 4910 eis,
3183 4835 3386 4905 quibus
3435 4851 3539 4889 sua
3579 4851 3727 4905 pec-

430 4937 753 4989 conteretur
799 4925 1071 4999 quidquid
1125 4926 1310 4980 fuerat
1364 4925 1664 4979 excelsum.
1725 4926 1842 4979 Vox
1880 4926 2030 4981 enim
2114 4934 2239 4983 cata
2281 4928 2632 4999 placuerunt,
2665 4941 2791 4980 cum
2820 4925 3186 4979 defenderent
3212 4924 3363 4978 mala
3403 4941 3523 4983 sua.
3560 4924 3728 4979 blas-

429 5021 655 5080 Domini
682 5034 851 5090 super
879 5031 1103 5069 omnem
1131 5013 1435 5085 superbum
1471 5019 1526 5068 et
1558 5021 1941 5085 arrogantem,
1974 5026 2032 5070 et
2112 5018 2444 5089 phemantes
2490 5016 2689 5074 Deum.
2736 5020 3008 5085 tanquam
3057 5015 3198 5069 tales
3245 5031 3340 5069 eos
3369 5015 3612 5081 fecisset,
3658 5022 3730 5071 et

428 5108 838 5168 humiliabitur.
867 5105 1012 5160 Sunt
1027 5102 1273 5171 quiduas
1295 5101 2027 5174 portas,baptismuminte1—
2107 5107 2368 5161 tollentes
2395 5104 2803 5176 providentiam
2832 5104 2953 5165 Dei,
2980 5109 3046 5157 ut
3070 5120 3174 5158 nec
3200 5103 3339 5159 bene
3358 5104 3545 5161 facere
3576 5120 3727 5175 pro-

427 5204 614 5273 ligunt
637 5203 694 5252 et
712 5192 1119 5267 paenitentiam,
1150 5196 1206 5245 et
1234 5208 1268 5244 a
1296 5192 1479 5262 prima
1507 5198 1669 5264 porta
1694 5210 1797 5248 vox
1826 5194 2030 5248 clamo-
2110 5196 2315 5258 desset,
2336 5211 2438 5249 nec
2455 5194 2676 5249 obesset
2695 5194 2839 5247 male
2865 5193 3065 5247 facere.
3088 5193 3152 5247 In
3184 5192 3414 5247 lucerna
3437 5209 3572 5263 ergo
3598 5193 3726 5247 Do-

429 5292 508 5347 ris
536 5291 763 5343 illorum
780 5283 906 5346 erit,
930 5281 1026 5352 qui
1050 5297 1161 5334 non
1186 5288 1549 5336 servaverunt
1578 5284 1726 5353 quod
1759 5283 1817 5337 in
1844 5283 2027 5355 bapti-
2112 5284 2298 5339 minus
2350 5283 2699 5338 Hierusalem
2728 5281 3070 5336 scrutabitur
3116 5281 3173 5335 id
3203 5287 3291 5336 est
3312 5280 3559 5353 proferet
3584 5298 3731 5343 om-

430 5396 551 5436 smo
604 5372 1002 5446 promiserunt.
1053 5370 1312 5425 Ululatus
1339 5388 1374 5425 a
1399 5372 1663 5438 secunda,
1708 5388 1903 5427 eorum
1934 5372 2029 5445 qui
2112 5374 2206 5427 nia
2224 5373 2552 5428 abscondita
2569 5372 2628 5426 in
2650 5371 3059 5442 lucem.Neque
3076 5375 3303 5425 tantum
3331 5370 3401 5424 de
3420 5369 3723 5441 operibus,

428 5483 541 5524 non
570 5471 808 5535 egerunt
853 5460 1243 5531 paenitentiam
1281 5461 1350 5515 de
1378 5462 1464 5517 his
1497 5480 1619 5534 quae
1644 5468 1772 5534 post
1818 5463 2026 5535 baptis-
2107 5463 2205 5517 sed
2232 5462 2402 5517 etiam
2432 5461 2502 5515 de
2526 5460 2721 5515 otiosis
2749 5459 3101 5514 sermonibus
3132 5464 3190 5513 et
3214 5459 3283 5527 de
3326 5458 3728 5516 subtilissimis

431 5570 589 5615 mum
604 5549 1027 5608 commiserunt.
2105 5550 2536 5623 cogitationibus
2564 5549 2709 5605 ratio
2735 5550 2835 5605 ﬁet
2858 5554 2917 5605 et
2942 5547 3209 5604 vindicta.
