3926 6164
183 284 263 340 201
970 377 977 382 _
1033 295 1454 355 ENARRATIO
1494 302 1573 355 IN
1610 302 2037 360 SOPHONIAM
2076 309 2537 373 PROPHETAM.

239 424 262 459 α
287 405 347 459 Et
371 405 477 459 erit
516 406 788 464 fortitudo
813 427 1005 466 eorum
1035 414 1093 468 in
1121 416 1515 485 direptionem,
1547 426 1602 475 et
1633 421 1736 475 do-

181 508 282 547 mus
303 509 488 546 eorum
523 495 579 548 in
610 497 918 561 desertum,
964 508 1021 554 et
1048 503 1404 560 azditicabunt
1434 508 1648 568 domos,
1684 517 1740 563 et

176 598 267 634 non
286 580 647 637 habitabunt:
676 592 731 639 et
757 587 1095 656 plantabunt
1141 592 1350 658 vincas,
1381 602 1438 648 et
1494 612 1604 649 ncn
1652 597 1736 649 bi-
1822 599 1834 652 i

176 669 286 723 bent
308 670 487 724 vinum
521 689 735 727 earum.
776 695 799 726 ι)
833 677 1124 732 Manifeste
1153 680 1221 733 de
1254 682 1461 736 Judaeis
1506 684 1731 749 dicitur,
1819 688 1834 740 i

177 773 378 827 quorum
399 757 673 814 fortitudo
726 770 783 816 et
831 767 1013 819 omnis
1070 770 1344 824 exercitus
1397 772 1737 842 captivitatis

176 850 391 914 tempore
412 845 469 900 in
498 848 867 919 direptionem
901 854 1033 907 data
1062 862 1167 919 est,
1200 862 1256 910 et
1284 858 1485 914 domus
1513 862 1735 915 destru-

177 936 272 993 ttae,
299 939 349 985 et
378 935 504 1004 agri
534 943 591 989 et
636 939 808 993 vineae
852 947 1098 997 vastatas.
1125 945 1239 998 Nec
1283 948 1613 1019 prolongata
1650 955 1735 1003 est

172 1019 302 1081 ultio,
333 1038 433 1075 nec
458 1024 606 1079 ultra
635 1031 974 1099 exspectavit
1023 1033 1298 1102 patientia
1342 1036 1461 1097 Dei,
1497 1039 1593 1091 sed
1639 1056 1733 1092 ve-

174 1106 335 1161 lociter
358 1111 704 1168 restituiteis
734 1118 878 1186 quod
913 1121 1291 1176 merebantur.
1327 1124 1435 1178 Sed
1476 1131 1533 1180 et
1575 1128 1737 1197 juxta

172 1196 508 1267 trapologiam
540 1201 598 1255 in
624 1203 714 1257 die
733 1205 932 1273 judicii
953 1210 1136 1262 omnis
1158 1212 1434 1265 malorum
1461 1213 1732 1267 fortitudo

170 1283 360 1339 dabitur
397 1287 458 1341 in
488 1289 883 1361 direptionem.
939 1296 1043 1360 Qui
1083 1299 1496 1355 aedificaverunt
1537 1302 1732 1357 domos

170 1549 485 1608 Gomorrbae.
520 1556 673 1610 Talis
701 1574 834 1629 ergo
855 1560 1128 1630 plantatio
1153 1565 1376 1634 peribit.

228 1658 251 1691 α
280 1642 437 1695 Juxta
463 1649 553 1698 est
580 1644 704 1699 dies
733 1647 954 1702 Domini
996 1667 1255 1721 magnus,
1296 1655 1459 1723 juxta
1496 1661 1554 1710 et
1581 1656 1738 1709 velox

172 2172 248 2240 qui
272 2174 441 2228 Deum
477 2176 550 2229 ad
578 2179 1014 2236 amaritudinem
1045 2194 1491 2254 provocaverant.
1536 2189 1737 2243 Tribu-

170 2259 253 2313 lati
277 2271 400 2318 sunt
446 2265 532 2318 ibi
579 2268 752 2322 fortes
796 2275 853 2323 et
880 2278 1156 2341 potentes,
1197 2274 1301 2328 fuit
1329 2276 1447 2330 dies
1494 2277 1591 2331 illa
1618 2279 1737 2332 dies

170 2347 266 2411 iraa,
303 2353 432 2422 quia
476 2371 628 2425 saepe
663 2357 889 2427 quidem
945 2368 1111 2415 antea
1150 2364 1539 2419 sustinuerant
1594 2368 1735 2421 iram

170 2436 267 2503 Dei,
298 2442 386 2494 sed
416 2459 536 2497 non
569 2445 627 2498 in
658 2450 1160 2505 consummatione.
1195 2454 1323 2506 Haec
1353 2460 1542 2508 autem
1565 2455 1648 2509 ira
1668 2456 1738 2509 fi-

166 2526 237 2579 nis
262 2544 444 2583 corum
492 2531 619 2595 fuit,
656 2534 788 2604 quia
829 2537 1195 2609 perdiderunt
1229 2541 1432 2601 locum,
1476 2559 1732 2612 regnum,

166 2621 459 2685 etgentem,
495 2626 555 2674 et
593 2622 650 2676 in
685 2640 879 2678 omnes
932 2627 1124 2680 mundi
1179 2630 1448 2683 terminos
1500 2632 1737 2701 dispersi

162 2712 290 2758 sunt.
322 2707 570 2764 Possunt
599 2711 714 2765 haec
742 2714 1084 2784 trapolugice
1129 2716 1324 2771 referri
1373 2720 1444 2773 ad
1481 2736 1738 2775 consum-

163 2794 436 2850 mationem
473 2800 687 2857 saeculi.
711 2803 935 2870 quando
955 2804 1062 2858 erit
1091 2822 1190 2858 vox
1236 2823 1450 2870 amara,
1484 2827 1606 2879 quae
1649 2811 1736 2864 di-

157 2879 349 2951 rigetur
373 2885 441 2938 ad
469 2903 575 2940 eos
605 2886 700 2957 qui
732 2888 787 2941 in
818 2888 1062 2944 sinistris
1090 2899 1274 2947 erunt.
1305 2915 1326 2946 (
1361 2894 1446 2950 Ite
1466 2896 1523 2950 in
1545 2898 1736 2968 ignem

158 2976 421 3027 aeternum.
459 2994 491 3027 »
518 2982 624 3029 etc.
658 2977 1044 3034 Tribulabitur
1072 2981 1145 3035 ibi
1187 2983 1373 3053 fortis,
1400 2986 1533 3055 quia
1559 2988 1731 3041 etiam

1891 2998 1916 3029 ι
1948 2980 2283 3054 Priusquam
2313 2991 2497 3058 pariat
2521 2995 2661 3051 visio
2689 3003 2849 3070 quasi
2889 3008 3173 3076 pulverem
3224 3022 3413 3076 trans-

157 3061 312 3114 sancti
340 3079 551 3133 pavore
574 3065 881 3129 solventur,
915 3074 972 3121 et
994 3069 1225 3124 virtutes
1243 3073 1510 3128 caelorum
1544 3091 1731 3128 move-
1749 3087 1793 3146 ο
1816 3075 2042 3123 euntem
2073 3071 2243 3138 diem,
2281 3085 2583 3150 antequam
2610 3090 2799 3145 veniat
2826 3111 2998 3165 super
3030 3117 3123 3155 vos
3142 3103 3226 3159 ira
3258 3107 3409 3165 faro.

157 3144 195 3165 L-
258 3156 268 3165 Α
384 3152 426 3165 η
462 3151 473 3162 ο
493 3157 501 3165 .
812 3156 845 3165 ι.
955 3157 966 3165 .
1158 3159 1189 3165 --
1257 3161 1267 3165 _
1337 3162 1347 3165 _
1434 3163 1443 3165 Α
1850 3156 1859 3165 ι
1920 3158 1951 3165 Α
2060 3158 2071 3165 .
2121 3161 2131 3165 -

154 3144 358 3204 buntur.
382 3151 507 3205 Erit
536 3169 763 3223 quoque
791 3156 911 3210 dies
952 3157 1067 3223 irae,
1102 3159 1479 3215 tribulationis
1519 3168 1575 3217 et
1629 3180 1732 3217 an-

154 3237 346 3303 gustia,
379 3241 614 3309 quando
653 3243 922 3313 plangent
950 3262 1147 3301 omnes
1180 3256 1396 3318 gentes,
1431 3257 1488 3305 et
1544 3253 1732 3307 nullus

155 3324 246 3377 erit
289 3328 477 3398 etfugii
529 3330 709 3392 locus,
745 3334 931 3388 nullus
976 3336 1139 3389 alteri
1197 3339 1576 3395 auxiliabitur.
1613 3342 1732 3395 Erit

155 3428 177 3461 ι
202 3413 309 3468 dies
339 3417 709 3472 tenebrarum
741 3426 799 3474 et
827 3421 1100 3492 caliginis,
1134 3425 1254 3479 dies
1281 3426 1497 3482 nebulai
1524 3434 1580 3483 et
1608 3435 1729 3484 tur-

151 3498 291 3567 binis,
322 3525 348 3558 ι
381 3507 534 3575 quod
564 3523 792 3562 necesse
824 3516 909 3564 est
939 3518 1003 3565 ut
1027 3528 1122 3566 eos
1148 3524 1727 3587 persequanturtene-

151 3586 265 3653 brae,
297 3593 392 3663 qui
420 3594 564 3649 dum
594 3597 741 3650 male
770 3613 1020 3669 agerent.
1054 3602 1180 3657 odio
1202 3586 1484 3660 habebant
1520 3608 1723 3663 lucem.

204 3679 316 3734 Erit
333 3700 359 3733 α
376 3683 500 3737 dies
519 3684 674 3739 tubae
701 3692 759 3739 et
785 3687 1079 3758 clangoris,
1108 3710 1132 3743 »
1148 3693 1297 3763 quod
1316 3696 1406 3764 (ut
1425 3697 1727 3766 Apostolus

152 3766 233 3833 ait)
261 3770 354 3824 fiet
370 3772 657 3840 judicium
688 3774 746 3828 in
772 3785 1076 3843 momento,
1110 3781 1165 3834 in
1204 3782 1321 3836 ictu
1350 3784 1516 3849 oculi,
1541 3786 1597 3839 in
1622 3803 1724 3839 no-

144 3855 343 3913 vissima
369 3860 533 3915 tuba.
567 3880 595 3914 ι
626 3863 758 3918 Hec
783 3871 971 3919 autem
997 3869 1189 3922 omnia
1214 3878 1383 3924 erunt
1406 3892 1428 3921 α
1452 3890 1515 3926 su
1526 3890 1623 3943 per
1651 3875 1725 3929 ci-

145 3946 317 4002 vitates
336 3950 617 4017 munitas,
646 3972 669 4003 »
711 3952 768 4007 id
797 3960 880 4008 est
908 3972 1079 4026 super
1097 3974 1320 4013 omnem
1353 3961 1546 4014 mundi
1588 3979 1722 4017 con-

141 4034 408 4093 ﬁdentiam
434 4045 496 4094 et
540 4043 1056 4112 praesumptionem.
1086 4064 1109 4096 ε
1162 4047 1231 4101 Et
1280 4064 1451 4117 super
1492 4052 1721 4121 angelos

142 4126 382 4191 excelsos,
412 4146 440 4180 ι
460 4145 643 4200 opera
672 4130 931 4186 videlicet
958 4150 1236 4204 perversa,
1272 4141 1330 4191 et
1355 4144 1567 4192 rectam
1606 4139 1722 4193 Do-

141 4213 259 4269 mini
283 4217 425 4272 viam
453 4218 825 4274 declinantia.

206 4324 226 4353 ι
256 4304 324 4359 Et
338 4306 633 4361 tribulabo
663 4309 935 4375 homines,
969 4317 1027 4365 et
1054 4313 1424 4370 ambulabunt
1477 4322 1542 4371 ut
1568 4319 1716 4385 caeci,

1814 3156 1893 3210 ris
1919 3158 2155 3224 Domini,
2189 3183 2218 3215 ι)
2248 3165 2304 3219 id
2340 3176 2425 3223 est
2444 3180 3106 3253 antequamimpleantur
3134 3209 3258 3264 quae
3274 3214 3411 3268 pm-

1817 3245 1955 3268 ΔΖ-Α-
1991 3257 2112 3268 ,ηνκι
2321 3256 2354 3268 ο.
2460 3261 2479 3268 -
2545 3263 2576 3268 --

1813 3245 1963 3301 dicta
1987 3257 2139 3316 sunt,
2172 3269 2294 3324 quae
2317 3256 2398 3311 ita
2452 3261 2613 3318 facile
2660 3245 2905 3336 venient,
2938 3276 3046 3332 nisi
3089 3245 3410 3351 ptenitendo

1812 3340 2212 3437 praeveneritis,
2246 3348 2394 3401 sicut
2423 3348 2700 3409 levissime
2725 3361 2946 3431 rapitur
2970 3340 3150 3437 pulvis
3172 3382 3407 3436 avento.

1812 3421 1879 3522 in
1909 3443 2019 3497 quo
2064 3431 2531 3522 considerandum
2577 3421 2891 3512 quanta-sit
2940 3421 3040 3510 Dei

1808 3512 2080 3571 Provocat
2107 3519 2179 3572 ad
2213 3522 2677 3596 misericordiam,
2711 3551 2780 3590 ne
2798 3538 2967 3596 faciat
2986 3549 3133 3615 quod
3156 3552 3404 3610 minatus

1808 3607 1911 3656 est.
1945 3605 2308 3680 Tr0pologice
2332 3618 2615 3682 generalis
2644 3630 2730 3677 est
2750 3626 2821 3680 ad
2850 3605 3044 3687 omnes
3062 3605 3394 3713 exhortatio,

1808 3696 1872 3788 ut
1903 3706 2315 3767 congregentur
2344 3702 2401 3756 in
2430 3707 2754 3766 societatem
2782 3715 3058 3786 Ecclesiae,
3091 3731 3147 3779 et
3186 3696 3399 3799 prave:

1806 3783 1972 3877 niant
2006 3783 2146 3839 iram
2181 3789 2276 3842 Dei
2308 3807 2408 3860 per
2430 3796 2839 3870 paenitentiam,
2869 3823 2940 3862 ne
2964 3783 3400 3888 eosdiesjudicii

1803 3866 2112 3939 imparatos
2142 3874 2411 3935 inveniat.

1880 3977 1902 4008 α
1938 3958 2183 4022 Quaerite
2216 3967 2531 4035 Dominum,
2554 3990 2749 4032 omnes
2775 3990 3054 4044 mansueti
3084 3997 3265 4065 terrae,
3298 4003 3394 4071 qui

1880 4045 2068 4071 1ε-;.-...
2109 4051 2223 4071 _:._,
2268 4070 2271 4071 ,
2322 4056 2356 4071 ι·
2600 4063 2629 4071 λ.
2724 4068 2769 4071 __

1795 4043 2071 4114 judicium
2102 4051 2226 4121 ejus
2256 4056 2390 4110 estis
2418 4063 2688 4128 operati.»
2724 4068 2837 4123 Vox
2864 4043 3394 4147 prophetae—ad‘saln:

1804 4139 1923 4248 itos
1950 4135 2263 4248 'dirigJiItur‘:
2402 4150 2581 4248 sancti
2639 4159 2699 4207 et
2747 4135 2928 4225 electi,
2969 4135 3075 4236 .qui
3112 4135 3394 4248 praecepta

1802 4221 2024 4277 Domini
2046 4226 2383 4299 adimpletis,
2413 4240 2469 4289 et
2497 4237 2554 4291 in
2584 4245 2735 4298 terra
2792 4221 2959 4317 positi
2995 4221 3394 4322 audistis"on-

1801 4327 1921 4366 cem
1951 4313 2221 4372 dicentis:
2260 4339 2286 4372 (ι
2315 4322 2471 4379 Beati
2503 4328 2685 4398 mites,
2737 4313 3004 4406 quoniam
3050 4345 3158 4417 ipsi
3209 4356 3392 4423 possi-

1801 4399 2006 4423 J-I---_A
2036 4410 2083 4423 4-
2396 4420 2403 4423 -
2435 4413 2445 4423 ⁵
2515 4416 2545 4423 "
2621 4418 2632 4423 ‘

2674 4392 2683 4398 ,
2753 4392 2773 4406 ι
2920 4392 3004 4396 ηπ
3050 4392 3067 4399 -
3111 4392 3158 4402 ν.
3249 4392 3392 4411 νασι-

143 4392 258 4461 quia
300 4394 548 4450 Domino
610 4404 993 4466 peccaverum,
1028 4407 1086 4454 et
1123 4403 1443 4458 effundatur
1486 4399 2011 4477 sanguistebunt
2036 4410 2272 4474 terram,
2298 4430 2321 4460 ι
2355 4420 2412 4466 et
2430 4413 2636 4473 imitati
2672 4423 2806 4478 estis
2836 4428 2957 4498 ejus
3002 4392 3392 4500 mti'nsue’tudi-

140 4495 310 4536 eorum
338 4485 491 4539 sicut
526 4486 762 4550 humus,
794 4493 850 4541 et
874 4505 1092 4560 corpus,
1138 4492 1285 4547 sicut
1323 4500 1588 4556 stercora,
1623 4498 1719 4551 sed

139 4573 186 4620 et
208 4579 501 4641 argentum
527 4590 729 4627 eorum
754 4580 809 4629 et
836 4593 1036 4632 aurum
1068 4596 1259 4635 eorum
1295 4599 1405 4636 non
1438 4586 1639 4653 poterit
1660 4586 1723 4640 li-

140 4654 313 4713 berare
335 4677 432 4714 eos
465 4662 527 4715 in
556 4662 651 4715 die
683 4662 778 4717 irae
809 4665 1014 4720 furoris
1061 4668 1306 4723 Domini.
1340 4674 1403 4725 ln
1448 4672 1576 4742 igne
1614 4675 1717 4729 zeli

137 4745 242 4814 ejus
267 4748 636 4803 devorabitur
662 4752 846 4806 omnis
891 4759 1061 4819 terra,
1095 4758 1226 4827 quia
1278 4764 1716 4818 consummatio—

135 4849 245 4888 nem
273 4854 395 4892 cum
426 4839 798 4895 festinatione
849 4841 1017 4897 faciet
1062 4848 1275 4902 cunctis
1328 4849 1714 4907 habitantibus

134 4927 339 4981 terram.
382 4948 404 4978 ι
430 4928 804 4984 Manifestum
835 4938 921 4986 est
946 4936 1094 5004 quod
1125 4936 1327 4992 idcirco
1374 4939 1490 4994 hinc
1525 4942 1715 4996 omnia

136 5010 465 5071 Hierusalem
507 5018 864 5080 sustinuerit,
900 5023 1034 5092 quia
1069 5035 1436 5095 peccaverunt
1474 5030 1713 5086 Domino

135 5099 351 5171 Christo,
380 5106 672 5161 tradendo
708 5124 835 5162 eum
866 5112 1051 5165 morti.
1084 5114 1239 5168 Tunc
1264 5117 1710 5186 ambulaverunt,

136 5194 188 5241 ut
210 5192 349 5257 caeci,
380 5194 723 5264 ignorantes
752 5196 884 5267 quid
919 5208 1181 5269 agerent;
1210 5209 1267 5256 et
1290 5205 1423 5274 quia
1450 5206 1714 5262 fuderant

136 5280 441 5349 sanguinem
470 5284 903 5354 prophetarum,
939 5294 995 5341 et
1015 5290 1344 5360 sanguinem
1367 5296 1485 5363 ejus
1507 5296 1601 5367 qui
1628 5305 1714 5354 est

137 5361 378 5425 Dominus
398 5372 835 5443 prophetarum,
876 5375 1084 5431 idcirco
1131 5380 1339 5435 effusus
1371 5361 1456 5437 est
1479 5361 1711 5455 sanguis

138 5467 303 5510 eorum
331 5459 485 5514 sicut
514 5461 748 5526 humus,
778 5468 835 5518 et
879 5482 1117 5536 corpora
1179 5485 1372 5524 eorum
1411 5472 1712 5541 jacuerunt

139 5537 397 5616 insepulta
422 5548 589 5604 velut
603 5554 868 5608 stercora.
896 5553 1115 5611 Divitis:
1144 5572 1365 5628 quoque
1381 5537 1576 5616 eorum
1595 5562 1709 5619 ini-

346 5646 627 5710 PATROL.
670 5649 905 5715 CXVII.

1802 4506 1952 4556 nem,
1975 4500 2030 4546 et
2050 4495 2330 4564 justitiam
2377 4507 2591 4573 operati
2632 4511 2784 4573 estis,
2819 4495 3050 4586 quaerite
3089 4495 3391 4590 Dominum

1802 4582 2043 4635 amando
2072 4590 2129 4637 et
2152 4587 2386 4645 colendo
2423 4592 2600 4649 illum.
2634 4599 2704 4652 Et
2731 4582 2891 4672 quasi
2921 4608 3387 4696 interrogaretur,

1807 4669 1928 4696 ..ι-2η
1963 4680 2041 4696 -..ι
2072 4672 2173 4696 ΣΑΑ-
2206 4676 2274 4696 ἡᾼ
2349 4679 2359 4690 ι
2745 4691 2759 4696 -

1805 4669 1930 4740 quis
1959 4680 2045 4725 est
2072 4672 2177 4727 iste
2204 4676 2491 4748 Dominus,
2523 4669 2921 4757 respondetur:

1874 4778 1894 4808 ε
1910 4759 2153 4823 Quaerite
2166 4764 2644 4840 justum.quaerite
2667 4788 3093 4851 mansuetum,si
3107 4801 3387 4863 quomodo

1796 4845 2219 4907 abscondamini
2248 4854 2305 4908 in
2327 4857 2417 4911 die
2443 4860 2650 4915 furoris
2688 4865 2929 4933 Domini,
2971 4894 2992 4924 ι
3026 4876 3079 4931 id
3105 4845 3191 4936 est
3221 4886 3386 4944 Chri-

1795 4944 1963 5006 stum,
1988 4941 2078 5040 cui
2103 4958 2270 4998 omne
2291 4946 2564 5014 judicium
2596 4951 2751 5007 dedit
2778 4956 2962 5015 Pater.
2996 4964 3234 5027 Jubetur
3253 4941 3387 5050 ergo

1794 5029 2105 5083 mansuetis
2135 5038 2193 5085 ut
2220 5043 2472 5103 quaerant
2502 5049 2875 5111 mansuetum,
2912 5056 2976 5105 ut
3013 5063 3159 5124 quod

1795 5123 1881 5170 est
1899 5117 2118 5226 ‘i‘nillis,
2147 5119 2218 5226 δέ)
2248 5121 2343 5226 illo
2400 5124 2496 5226 qui
2551 5134 2637 5182 est
2657 5130 2928 5193 virtutum
2959 5117 3211 5205 omnium

1794 5207 2133 5276 perﬁciatur.
2165 5210 2271 5263 Sed
2306 5216 2362 5265 et
2399 5212 2501 5268 hoc
2547 5217 2867 5291 dicendum,
2927 5234 3076 5300 quod
3120 5207 3392 5308 justisﬂet

1795 5297 2105 5351 mansuetis
2135 5297 2387 5369 loquens.
2419 5306 2579 5374 quasi
2605 5308 2915 5370 dubitativa
2942 5297 3075 5377 dicit
3102 5297 3207 5385 {Si
3244 5297 3390 5394 forte

1792 5385 2216 5493 abscondamini
2240 5389 2298 5443 in
2317 5391 2408 5446 die
2422 5393 2629 5451 furoris
2654 5402 3036 5478 Domini,quid
3057 5413 3155 5470 ﬁet
3176 5385 3389 5493 depec:

1791 5476 2077 5532 catoribus
2094 5479 2123 5533 ?

1867 5586 1890 5619 α
1924 5567 2070 5631 Quia
2098 5568 2249 5627 Gaza
2276 5573 2562 5632 destructa
2587 5581 2713 5650 erit,
2756 5588 2814 5639 et
2842 5586 3082 5647 Ascalon
3106 5595 3165 5652 in
3193 5599 3384 5658 deser-

3114 5697 3150 5756 7
