3970 6150
415 284 522 344 203

831 284 1210 341 HAYMONIS
1251 284 1737 341 HALBERSTAT.
1784 282 2007 337 EPISC.
2049 281 2209 335 OPP.
2251 281 2434 335 PARS
2472 281 2516 333 l.
2560 309 2628 325 -ν
2666 256 3039 334 COMMENT.
3082 280 3266 337 BIBL.

3579 284 3683 340 204

408 419 551 475 tum.
582 414 820 473 Azotum
849 411 908 467 in
937 410 1170 464 meridie
1197 409 1441 479 ejicient,
1479 412 1534 461 et
1560 409 1777 462 Acaron
1825 404 2253 473 eradi-Apheta
2280 402 2641 463 convertitur,
2670 408 2725 456 et
2746 403 2826 457 eis
2841 403 3182 473 praenuntiat
3200 405 3349 458 mala
3371 412 3603 461 ventura
3617 424 3685 462 eo

413 501 632 561 canitur
645 544 657 556 .
676 520 695 549 ι
711 499 908 563 Tanta,
923 497 1124 567 inquit.
1145 496 1252 551 erit
1272 497 1540 550 fortitudo
1559 494 1841 549 Chaldaici
1855 511 2008 548 exer-

413 591 578 654 citus,
610 595 675 647 ut
703 588 872 642 etiam
899 586 1317 656 potentissimas
1356 585 1522 638 urbes
1556 584 2006 647 Philistinorum,

418 696 539 750 quae
559 677 719 738 nobis
748 692 970 745 semper
998 690 1155 744 aequo
1185 674 1490 727 certamine
1536 672 1884 733 restiterunt,
1919 688 2009 724 ea-

416 768 545 825 dem
592 765 883 839 captivitas
932 762 1337 835 apprehendat.
1372 760 1606 831 Mystice
1664 761 1833 822 Gaza,
1884 777 2006 830 quae

414 856 819 926 interpretatur
846 851 1113 909 fortitudo
1168 852 1310 919 ejus,
1343 865 1439 903 eos
1482 842 1752 918 'designat
1799 848 1895 919 qui
1949 848 2003 901 in

415 944 615 1011 robore
646 941 892 1017 corporis
921 940 1227 1001 confidunt,
1256 945 1314 992 et
1344 939 1402 992 in
1432 938 1683 993 saeculari
1734 943 2004 1007 potentia.

416 1034 487 1097 Hi
519 1050 652 1102 ergo
681 1032 1044 1087 destruantur
1062 1036 1120 1081 et
1147 1029 1216 1081 ad
1239 1027 1474 1082 nihilum
1490 1028 2008 1096 redigentur.Asca-

413 1123 507 1178 lon
558 1121 966 1190 interpretatur
1022 1117 1353 1188 ponderata,
1385 1116 1470 1169 vel
1516 1116 1662 1185 ignis
1708 1115 1999 1175 homicida,

413 1192 734 1280 peccatores
789 1207 1059 1269 insinuat,
1093 1204 1192 1277 qui
1231 1206 1393 1274 juxta
1449 1221 1770 1259 mensuram
1817 1205 2005 1257 crimi-

411 1314 547 1361 num
578 1295 1000 1368 judicabuntur,
1033 1301 1090 1347 et
1116 1294 1311 1347 eadem
1352 1308 1618 1346 mensura
1659 1307 1771 1362 qua
1827 1291 2005 1347 mensi

413 1384 893 1455 suntremetietur
934 1384 1033 1446 eis,
1060 1389 1116 1435 et
1162 1382 1256 1451 qui
1308 1387 1569 1435 arserunt
1606 1381 1883 1434 desiderio
1923 1382 2017 1434 ef-

410 1474 681 1529 fundendi
710 1472 1019 1545 sanguinis,
1053 1476 1111 1525 et
1136 1471 1323 1525 studio
1352 1469 1764 1527 scandalizaudi
1812 1476 1869 1522 et
1912 1486 2006 1524 ne-

415 1563 576 1619 candi
603 1563 840 1621 animas.
872 1561 943 1619 Hi
978 1561 1034 1617 in
1065 1560 1352 1616 desertum
1384 1559 1750 1613 deducentur.
1781 1558 2019 1633 ignibus.

408 1653 680 1725 gehennae
722 1650 936 1707 traditi.
981 1651 1209 1709 Azotus.
1251 1665 1374 1718 quae
1410 1648 1816 1718 interpretatur
1856 1648 2003 1717 ignis

2090 492 2238 561 quod
2269 491 2595 561 Babyloniis
2622 491 2893 545 auxilium
2925 491 3261 561 prtebuerint
3283 500 3477 548 contra
3502 511 3687 566 popu-

2089 580 2205 631 lum
2229 579 2347 639 Dei,
2379 586 2436 632 et
2461 596 2587 632 cum
2612 579 2693 632 eis
2722 580 3004 634 civitatem
3037 582 3424 652 templumque
3456 583 3689 637 subrue-

2091 666 2287 731 rint,et
2300 667 2636 720 insultantes
2647 667 2826 736 captis
2840 667 2868 719 J
2877 667 3045 721 udaeis
3060 668 3238 721 Deum
3264 668 3689 739 blasphemave-

2089 767 2238 809 runt.
2274 754 2849 824 AudiviOpprobrium
2866 755 3191 809 Moab.H:ec
3208 756 3397 811 civitas
3430 764 3517 811 est
3541 761 3687 812 Ara-

2090 845 2212 911 biae,
2234 854 2293 899 et
2319 862 2466 899 nunc
2494 846 2806 915 Areopolis,
2844 844 2902 899 id
2932 852 3019 898 est
3054 845 3252 899 Martis
3303 846 3498 899 civitas
3543 847 3689 903 dici-

2089 940 2201 987 tur.
2252 935 2319 987 Et
2368 933 2742 1003 blasphemias
2783 934 3026 988 ﬁliorum
3073 936 3279 999 Amen,
3309 951 3434 1004 quae
3479 936 3690 1006 ctipsa

2089 1022 2282 1075 civitas
2333 1022 2572 1083 Arabiae,
2628 1037 2778 1075 nunc
2823 1021 3216 1092 Philadelphia
3278 1027 3524 1076 vocatur.
3562 1024 3687 1077 Uno

2090 1120 2276 1164 autem
2310 1113 2536 1165 nomine
2567 1117 2625 1163 et
2652 1111 2806 1180 regio
2839 1115 2897 1163 et
2925 1110 3120 1165 civitas
3148 1118 3526 1181 nuncupatur.
3555 1131 3576 1162 ι
3618 1112 3689 1165 Et

2091 1199 2435 1267 magniﬁcati
2455 1206 2587 1252 sunt
2608 1199 3058 1268 superterminos
3079 1215 3274 1252 eorum
3298 1217 3324 1251 υ
3343 1200 3458 1270 qui,
3491 1200 3687 1270 ejectis

2087 1288 2217 1350 illis,
2258 1288 2637 1342 dilataverunt
2652 1289 2707 1341 in
2737 1293 2892 1341 terra
2919 1304 3116 1341 eorum
3135 1289 3276 1342 ﬁnes
3292 1304 3448 1342 suos.

2160 1396 2185 1428 (ί
2230 1378 2533 1446 PrOpterea
2558 1377 2679 1430 vivo
2709 1393 2832 1446 ego,
2865 1376 3002 1429 dicit
3029 1377 3303 1430 Dominus
3332 1377 3680 1432 exercituum

2088 1466 2236 1519 Deus
2260 1465 2455 1530 Israel,
2490 1466 2625 1535 quia
2650 1465 2812 1518 Moab
2834 1470 2897 1518 ut
2912 1465 3156 1519 Sodoma
3176 1466 3368 1527 erit,et
3387 1466 3684 1521 ﬁliiAmon

2088 1554 2246 1623 quasi
2297 1554 2631 1607 Gomorrha.
2668 1573 2691 1604 ›
2742 1553 2864 1607 Hoc
2921 1554 3201 1622 quomodo
3231 1555 3394 1623 juxta
3434 1555 3684 1609 litteram

2088 1646 2295 1696 tactum
2326 1642 2416 1707 sit,
2450 1642 2649 1712 exponi
2672 1658 2782 1695 non
2810 1648 3009 1711 potest.
3044 1643 3240 1712 Neque
3267 1643 3417 1696 enim
3454 1643 3540 1698 lue
3590 1661 3686 1699 ur-

406 1713 808 1813 geuerationis,
832 1756 930 1793 eos
944 1739 1201 1808 designat
1226 1713 1322 1809 qui
1348 1738 1527 1792 libero
1549 1713 1607 1790 in
1630 1738 1715 1790 his
1744 1713 2002 1790 incendio
2026 1713 2069 1770 Β
2089 1732 2184 1786 bes
2219 1745 2352 1786 sunt
2369 1731 2647 1785 subversae
2667 1732 2812 1785 sicut
2844 1732 3085 1785 Sodoma
3117 1737 3172 1786 et
3222 1732 3556 1799 Gomorrha,
3588 1748 3688 1787 ne-

409 1831 626 1887 ardent.
660 1829 781 1887 Hos
809 1844 942 1899 ergo
971 1827 1029 1881 in
1057 1827 1312 1891 meridie,
1343 1826 1399 1879 id
1433 1831 1519 1879 est
1544 1831 1740 1894 aperta
1770 1831 1830 1878 et.
1856 1826 2006 1878 clara

405 1919 531 1987 luce
563 1918 788 1989 ejicient
813 1919 872 1970 in
890 1915 1151 1973 tenebras
1190 1915 1515 1979 exteriores,
1551 1913 1776 1984 quando
1824 1908 2003 1968 sancti

405 2009 627 2078 plenam
662 2006 936 2076 recipient
976 2004 1332 2061 charitatem.
1355 2005 1593 2065 Acaron,
1628 2019 1753 2071 quae
1793 2002 2004 2057 dicitur

404 2096 675 2162 sterilitas
702 2095 788 2147 vel
817 2092 1143 2153 eradicatio,
1174 2109 1270 2145 eos
1292 2092 1475 2162 typice
1494 2091 1855 2160 designatqui
1882 2090 2002 2143 nul-

403 2184 487 2237 los
506 2183 639 2235 boni
671 2182 856 2252 operis
876 2181 1090 2239 fructus
1122 2179 1475 2243 habentes,et
1504 2180 1709 2233 multos
1741 2195 2001 2250 perversa

403 2271 657 2325 doctrina
685 2269 933 2322 avellant
951 2268 1020 2321 ab
1045 2284 1236 2321 amore
1262 2269 1382 2321 Dei.
1416 2269 1483 2321 Ι·Ιί
1508 2284 1729 2338 quoque
1752 2268 1998 2321 eradica-

405 2359 615 2414 buntur
638 2359 708 2412 de
734 2363 889 2411 terra
916 2357 1240 2410 viventium.

478 2466 504 2501 α
526 2448 621 2507 Vae
650 2446 746 2518 qui
777 2445 1045 2503 habitatis
1071 2445 1380 2499 funiculum
1413 2446 1602 2509 maris,
1627 2462 1765 2516 gens
1815 2447 1995 2516 perdi-

398 2544 604 2595 torum.
642 2555 670 2591 »
702 2536 956 2599 Quatuor
992 2534 1212 2603 magnis
1227 2534 1460 2587 urbibus
1486 2535 1793 2589 Palaestinae
1815 2536 1997 2589 nomi-

396 2625 565 2688 natis,
591 2640 742 2685 nunc
773 2622 845 2677 ad
873 2627 1049 2680 totam
1073 2622 1413 2692 provinciam
1436 2624 1795 2692 propheticus
1817 2639 2000 2675 sermo

401 2714 683 2783 dirigitur,
715 2718 773 2766 et
801 2711 1124 2782 praedicitur
1151 2711 1301 2781 quod
1331 2718 1386 2764 et
1407 2711 1511 2782 ipsi
1541 2711 1635 2781 qui
1662 2712 1825 2780 juxta
1847 2727 1999 2764 mare

403 2801 736 2863 habitabant
762 2798 1024 2854 vastandi
1048 2799 1179 2852 sint.
1213 2798 1359 2862 Quid
1390 2815 1517 2852 vero
1529 2801 1803 2868 sequitur.
1831 2819 1851 2849 ε
1868 2799 2002 2852 Ver-

399 2890 534 2944 bum
548 2888 770 2943 Domini
784 2903 954 2957 super
966 2904 1076 2949 vos,
1087 2886 1238 2940 Char:
1247 2903 1371 2949 aan,
1380 2892 1533 2940 terra
1548 2887 1995 2952 Philistinorum,

400 2985 458 3035 et
484 2977 803 3048 disperdam
832 2981 888 3029 te
908 2976 1010 3043 ita,
1042 2980 1230 3030 utnon
1249 2975 1323 3028 sit
1343 2975 1739 3037 inhabitatum»
1757 2976 2002 3029 ostendit

399 3067 754 3127 Philisthaeos
768 3066 1113 3125 Chananaeos
1127 3081 1269 3125 esse,
1292 3064 1649 3134 minaturque
1662 3064 1744 3118 eis
1757 3064 1999 3134 prophe-

400 3160 463 3209 ta
480 3154 630 3225 quod
659 3155 730 3209 ad
750 3160 968 3216 tantam
1000 3153 1218 3207 venturi
1247 3153 1361 3206 sint
1387 3152 1728 3216 vastitatem,
1745 3160 1813 3206 ut
1826 3153 1993 3206 urbes

401 3243 793 3305 munitissimae
821 3243 880 3303 in
911 3242 1075 3299 ovilia
1105 3246 1392 3312 pastorum
1421 3247 1737 3295 vertantur:

470 3352 495 3383 ι
523 3332 593 3387 Et
622 3330 729 3387 erit
756 3329 1035 3387 funiculus
1087 3329 1260 3382 maris
1310 3328 1536 3398 requies
1588 3334 1878 3398 pastorum
1938 3335 1997 3381 et

398 3421 571 3491 caulae
600 3435 885 3490 pecorum,
916 3424 973 3475 et
997 3417 1104 3471 erit
1133 3416 1417 3470 funiculus
1443 3418 1567 3485 ejus
1585 3418 1682 3487 qui
1710 3433 2001 3473 remanse-

398 3509 518 3569 rint
535 3509 604 3563 de
632 3508 798 3563 domo
822 3509 855 3565 ,Ι
865 3507 992 3572 uda,
1028 3526 1053 3557 »
1086 3506 1139 3561 id
1156 3513 1243 3558 est
1259 3506 1526 3559 Chanaan
1556 3506 1641 3558 vel
1666 3505 2002 3559 Philisthiim

405 3617 434 3649 α
460 3597 543 3653 lbi
572 3602 871 3668 pascentur
900 3595 959 3648 in
994 3592 1251 3649 domibus
1277 3593 1587 3658 Ascalonis,
1621 3593 1691 3646 ad
1713 3610 2001 3664 vesperam

402 3685 773 3756 requiescent.
812 3702 837 3735 υ
896 3684 1151 3751 Cumque
1200 3681 1303 3735 ﬁlii
1348 3682 1492 3735 Juda
1541 3682 1749 3736 reversi
1794 3682 2006 3737 fuerint

401 3772 816 3843 deceptivitate
841 3771 946 3827 sub
973 3769 1281 3827 Zorobabel
1320 3776 1377 3823 et
1431 3771 1565 3824 Jesu
1602 3777 1659 3823 et
1705 3771 1997 3833 Nehemia,

405 3861 589 3916 omnis
618 3866 771 3914 terra
798 3860 1247 3924 Philistinorum,
1287 3858 1382 3929 qui
1408 3859 1466 3912 in
1496 3859 1820 3929 captivitate
1848 3866 2003 3914 tene-

400 3951 629 4031 bantur,
659 3950 771 4011 erit
798 3966 991 4005 eorum
1025 3948 1320 4019 possessio,
1353 3955 1411 4002 et
1464 3948 1545 4001 sic
1599 3949 1708 4001 erit
1753 3949 1998 4014 deserta,

401 4045 470 4097 ut.
484 4045 742 4111 pastores
771 4039 840 4094 de
871 4037 1121 4108 reliquiis
1151 4037 1468 4093 Judaeorum
1508 4036 1567 4089 in
1596 4037 1870 4090 Ascalone
1898 4053 2001 4090 no-

401 4129 675 4187 bilissima
707 4128 994 4196 quondam
1019 4125 1156 4181 urbe
1178 4142 1382 4194 greges
1410 4141 1541 4178 suos
1564 4131 1690 4193 post
1709 4125 2000 4178 meridiem

401 4217 611 4273 faciant
638 4214 989 4277 accumbere.
1024 4214 1141 4271 Hoc
1168 4218 1355 4269 autem
1387 4212 1505 4275 ﬁet,
1543 4233 1564 4263 ι
1597 4212 1727 4282 quia
1756 4214 2006 4267 visitabit

2088 1838 2196 1890 que
2223 1829 2375 1875 terra
2413 1837 2609 1875 eorum
2659 1820 2944 1891 sulphuris
2989 1820 3231 1875 nubibus
3268 1825 3483 1887 exusta,
3512 1827 3573 1875 et
3619 1822 3681 1876 in

2087 1910 2302 1963 cineres
2330 1910 2658 1979 favillasque
2686 1925 2953 1963 conversa
2989 1915 3092 1975 est,
3133 1910 3231 1963 sed
3281 1911 3466 1964 adhuc
3510 1910 3682 1965 urbes

2087 1998 2495 2065 inhabitantur,
2524 1998 2654 2052 licet
2698 1998 3034 2068 permutatis
3085 1998 3385 2061 vocabulis,
3422 2004 3479 2052 et
3524 2000 3681 2068 regio

2085 2086 2375 2139 excolitur.
2387 2087 2530 2156 Ergo
2545 2087 2616 2139 ad
2636 2086 2985 2156 spiritualem
3002 2103 3230 2140 sensum
3245 2088 3687 2157 confugiendum

2082 2180 2186 2227 est.
2221 2175 2384 2229 Moab
2413 2181 2468 2227 et
2496 2177 2675 2228 Amen
2704 2174 2805 2229 ﬁlii
2822 2175 3053 2228 fuerunt
3080 2176 3204 2241 Lot,
3227 2176 3296 2230 de
3324 2177 3553 2230 incestis
3572 2193 3685 2232 nu—

2080 2263 2212 2333 ptiis
2248 2263 2523 2332 generati.
2564 2264 2670 2316 Lot
2716 2264 3125 2334 interpretatur
3177 2265 3486 2329 declinans,
3518 2265 3685 2319 Moab

2081 2368 2147 2405 ex
2174 2359 2352 2422 patre,
2390 2355 2571 2406 Amen
2596 2354 2837 2423 populus
2867 2370 3044 2407 meus.
3070 2353 3184 2408 Per
3220 2355 3321 2408 hos
3351 2371 3483 2425 ergo
3529 2355 3686 2409 desi-

2079 2448 2329 2511 gnantur
2356 2442 2622 2505 haeretici,
2641 2449 2697 2495 et
2725 2458 2920 2497 omnes
2947 2442 3107 2513 gravi
3125 2444 3405 2514 dogmatis
3432 2449 3686 2514 reperto-

2082 2548 2188 2587 res.
2211 2532 2304 2601 qui
2325 2531 2670 2586 declinantes
2692 2548 2725 2584 a
2741 2549 2870 2586 vero
2888 2533 3053 2586 Patre
3086 2532 3219 2599 Deo,
3248 2533 3379 2586 facti
3400 2538 3535 2586 sunt
3576 2531 3683 2587 ﬁlii

2082 2619 2309 2683 diaboli,
2345 2628 2400 2673 et
2418 2621 2659 2674 audiunt
2686 2638 2716 2673 a
2732 2621 2969 2674 Domino
2990 2639 3001 2674 :
3021 2640 3046 2671 α
3068 2622 3178 2674 Vos
3206 2638 3268 2674 ex
3287 2621 3684 2692 patrediabolo

2082 2709 2236 2771 estis,
2266 2728 2289 2759 ι
2325 2716 2381 2762 et
2419 2726 2520 2762 nec
2541 2711 2660 2779 jam
2691 2711 2930 2779 populus
2960 2716 3095 2763 sunt
3124 2710 3242 2774 Dei,
3277 2710 3395 2763 nati
3424 2710 3485 2763 in
3518 2716 3682 2765 tene.

2081 2796 2249 2877 brosa
2273 2798 2556 2867 spelunca.
2596 2798 2667 2851 Hi
2697 2814 2829 2868 ergo
2858 2798 3137 2853 insultant
3177 2799 3525 2869 simplicitati
3582 2799 3684 2852 Ec-

2082 2887 2284 2950 clesiae,
2316 2892 2373 2939 et
2404 2888 2768 2956 magniﬁcam
2814 2903 2875 2940 se
2920 2904 3089 2957 super
3118 2888 3387 2940 terminos
3417 2888 3559 2957 ejus,
3599 2888 3683 2941 fa—

2083 2976 2293 3028 cientes
2323 2984 2523 3030 contra
2553 2976 2657 3028 hoc
2680 2976 2827 3046 quod
2846 2976 3109 3029 Salomon
3140 2976 3308 3029 dicit:
3338 2996 3359 3026 ι
3390 2977 3474 3029 Ne
3494 2983 3682 3030 trans-

2079 3064 2355 3133 grediaris
2403 3065 2677 3118 terminos
2738 3081 2877 3134 quos
2923 3070 3234 3134 posuerunt
3276 3070 3463 3134 patres
3508 3065 3613 3118 tui.
3648 3084 3679 3116 ι

2083 3154 2183 3206 His
2207 3169 2339 3223 ergo
2364 3153 2468 3207 sub
2499 3155 2740 3223 quadam
2771 3154 3180 3208 contestatione
3236 3155 3503 3218 minatur,
3528 3154 3682 3225 quod

2082 3243 2230 3297 sicut
2258 3244 2368 3297 illae
2398 3244 2653 3297 civitates
2698 3242 2976 3296 subversa;
3023 3249 3155 3297 sunt
3183 3243 3568 3314 corporaliter,
3600 3243 3687 3296 sic

2083 3331 2174 3384 isti
2206 3338 2340 3385 sunt
2367 3331 2723 3385 subvertendi
2754 3335 2967 3385 acterna
3009 3331 3390 3395 damnatidne,
3425 3336 3483 3385 et
3509 3330 3683 3400 ignis.

2085 3419 2342 3488 sulphur,
2374 3436 2439 3472 ac
2490 3419 2723 3490 spiritus
2764 3418 3159 3489 procellarum,
3183 3419 3259 3473 sit
3311 3435 3440 3489 pars
3492 3418 3688 3472 calicis

2087 3524 2300 3560 eorum.
2332 3508 2567 3562 Siccitas
2596 3508 2884 3578 spinarum
2912 3513 2970 3561 et
3004 3508 3186 3562 acervi
3212 3507 3361 3571 salis,
3396 3512 3455 3562 et
3496 3508 3689 3561 deser-

2085 3602 2203 3649 tum
2234 3613 2412 3666 usque
2440 3597 2497 3649 in
2526 3605 2821 3651 aiter-num.
2858 3614 2881 3647 ι
2945 3597 3117 3651 Recte
3163 3596 3410 3651 haeretici
3460 3596 3690 3650 siccitas

2086 3685 2375 3755 spinarum
2405 3692 2693 3751 vocantur,
2720 3685 2853 3755 quia
2882 3686 3035 3739 velut
3059 3685 3232 3755 spina:
3261 3686 3516 3739 lacerant
3539 3702 3690 3739 sem-

2082 3790 2185 3844 per
2208 3780 2266 3827 et
2293 3774 2505 3827 discind
2516 3774 2903 3828 untunitatem
2926 3774 3207 3837 Ecclesiae,
3233 3779 3558 3831 arescentes
3585 3789 3694 3844 per

2084 3860 2430 3932 impietatem
2463 3878 2644 3928 suam,
2679 3868 2736 3916 et
2761 3862 2831 3915 ad
2870 3862 3012 3915 nihil
3032 3862 3185 3933 aliud
3218 3862 3335 3932 apti
3365 3878 3532 3932 quam
3550 3862 3689 3915 utin

2084 3950 2269 4019 ignem
2312 3950 2610 4004 mittantur
2636 3960 2929 4007 nmmum.
2960 3949 3081 4020 Ipsi
3106 3966 3329 4021 quoque
3348 3963 3482 4004 sunt
3500 3952 3691 4005 acervi

2084 4039 2237 4104 salis,
2270 4040 2404 4109 quia
2431 4040 2583 4093 velut
2610 4040 2691 4092 sal
2721 4039 3059 4095 infamatum
3089 4040 3461 4110 projiciuutur
3480 4039 3551 4092 de
3577 4039 3689 4093 Ec-

2084 4127 2272 4183 clesia.
2304 4132 2360 4180 et
2384 4126 2455 4180 ab
2481 4125 2741 4180 omnibus
2780 4128 3204 4184 conculcantur.
3237 4126 3357 4181 Hos
3387 4144 3523 4197 ergo
3553 4145 3581 4179 α
3602 4144 3690 4181 re-

2085 4215 2270 4286 liquiae
2287 4216 2473 4286 populi
2494 4215 2600 4268 mei
2617 4215 2885 4285 diripient
2900 4216 3109 4274 illos.et
3121 4215 3328 4269 residui
3346 4215 3531 4286 gentis
3545 4232 3688 4269 mea

401 4304 497 4357 eos
516 4303 790 4365 Dominus
824 4303 972 4363 Deus
1012 4317 1228 4365 eorum,
1268 4308 1327 4354 et
1362 4306 1576 4355 avertet
1617 4302 1996 4371 captivitatem
2016 4299 2064 4356 D
2085 4305 2451 4375 possidebunt
2478 4321 2593 4367 eos,
2622 4304 2727 4357 hoc
2756 4304 2836 4357 eis
2866 4304 3087 4358 eveniet
3108 4321 3210 4375 pro
3262 4302 3527 4374 superbia
3554 4321 3681 4369 sua,

402 4407 619 4451 eorum.
646 4409 671 4444 ι
699 4391 815 4445 Hoc
825 4390 986 4460 juxta
1004 4388 1298 4442 historiam
1325 4407 1336 4441 :
1367 4390 1648 4459 spirituali
1666 4407 1793 4444 vero
1809 4407 1993 4456 sensu,

400 4480 653 4547 civitates
683 4478 1107 4535 Philistinorum
1142 4494 1379 4548 quarum
1397 4480 2000 4551 praanuntiaturinter-

398 4568 533 4637 itus,
555 4567 877 4643 superbiam
905 4567 1201 4637 gentilium
1226 4566 1545 4637 designant,
1557 4569 1719 4637 juxta
1739 4570 2001 4639 praeposi-

398 4664 513 4713 tam
526 4656 817 4711 nominum
848 4655 1391 4726 interpretationem.
1431 4656 1497 4710 Hi
1530 4664 1661 4710 sunt
1682 4657 2001 4713 habitantes

395 4745 455 4803 in
496 4746 742 4803 funiculo
772 4745 967 4803 maris.
1009 4744 1139 4814 quia
1167 4744 1399 4799 diversis
1442 4745 1704 4799 ﬂuctibus
1745 4762 1998 4803 errorum

397 4836 733 4903 tunduntur.
777 4834 1075 4893 Destructa
1105 4850 1240 4904 ergo
1268 4848 1461 4888 eorum
1497 4835 1782 4905 superbia,
1803 4836 2004 4891 domus

397 4925 545 4987 Iuda
573 4925 679 4981 hoc
709 4929 794 4981 est
822 4940 954 4978 vera
982 4924 1238 4979 Ecclesiae
1266 4922 1541 4979 confessio
1570 4925 1627 4977 in
1658 4941 1851 4978 eorum
1880 4926 2006 4980 loca

398 5005 598 5085 incipit
616 5013 890 5078 habitare,
922 5013 1055 5073 dum
1080 5028 1180 5082 pro
1203 5012 1494 5082 impietate
1522 5013 1771 5066 succedit
1802 5014 2000 5083 pietas,

396 5102 735 5173 injustitiam
781 5100 1029 5155 extrudit
1057 5101 1297 5169 justitia.
1347 5100 1667 5171 superbiam
1707 5102 1997 5158 humilitas

394 5189 503 5246 sibi
530 5188 857 5245 substernit.

472 5296 499 5331 α
523 5277 722 5341 Audivi
751 5274 1113 5346 opprobrium
1163 5275 1327 5330 Moab
1356 5282 1412 5331 et
1442 5276 1818 5348 blasphemias
1848 5280 1995 5334 ﬁlio-

393 5383 519 5421 rum
542 5368 743 5424 Amen.
768 5381 890 5434 quae
917 5364 1389 5434 exprobraverunt
1411 5368 1615 5437 papulo
1634 5385 1780 5422 meo.
1804 5387 1827 5418 ι
1851 5369 1998 5423 Prae-

388 5454 548 5508 dicta
585 5451 743 5505 clade
773 5453 1216 5517 Palaestinorum,
1250 5462 1307 5507 et
1336 5456 1666 5509 exterminio
1706 5456 1993 5512 civitatum

388 5541 541 5599 illius
570 5549 760 5610 terrae,
797 5558 945 5601 nunc
973 5548 1168 5599 contra
1206 5544 1370 5604 Moab
1399 5544 1623 5601 ettilios
1655 5545 1840 5601 Amen
1874 5562 1999 5617 pro-

2084 4394 2217 4463 quia
2246 4393 2774 4463 blasphemaverunt
2819 4399 2876 4446 et
2923 4393 3268 4463 magniﬁcati
3325 4399 3460 4447 sunt
3513 4409 3690 4463 super

2083 4484 2350 4553 populum
2382 4482 2605 4536 Domini
2663 4482 3030 4536 exercituum.
3060 4481 3356 4537 Horribilis
3408 4481 3687 4536 Dominus

2085 4588 2254 4642 super
2278 4588 2371 4625 eos
2402 4576 2459 4625 et
2477 4570 2796 4624 attenuabit
2818 4588 3014 4625 omnes
3042 4571 3177 4625 deos
3190 4577 3376 4635 terra,
3400 4576 3459 4624 et
3477 4571 3686 4625 adora-

2087 4660 2227 4714 bunt
2253 4676 2381 4714 eum
2412 4659 2513 4713 viri
2534 4660 2604 4714 de
2624 4660 2744 4713 loco
2768 4676 3094 4727 suo,omnes
3123 4660 3344 4722 insulas,
3364 4659 3683 4729 gentium.»

2086 4750 2205 4802 Hoc
2222 4755 2308 4802 est
2332 4748 2586 4802 doctores
2631 4752 2687 4801 et
2717 4748 3111 4817 pra-dicatam
3170 4746 3440 4807 veritatis,
3474 4747 3570 4817 qui
3630 4753 3691 4801 et

2085 4838 2282 4891 falsam
2311 4837 2703 4891 haereticorum
2743 4837 3035 4891 scientiam
3072 4837 3390 4903 destruunt,
3417 4841 3479 4890 et
3501 4835 3684 4907 impia

2085 4928 2351 4996 dogmata
2377 4926 2668 4996 diripiunt.

2162 5036 2184 5066 ι
2219 5015 2329 5070 Sed
2359 5021 2417 5068 et
2428 5032 2522 5069 vos
2533 5014 2821 5086 IEthiopes
2849 5015 3127 5073 interfecti
3145 5015 3335 5085 gladio
3352 5031 3481 5069 meo
3500 5014 3684 5080 eritis,

2079 5113 2138 5157 et
2166 5103 2427 5157 extendet
2456 5119 2687 5157 manum
2716 5109 2875 5158 suam
2906 5121 3077 5175 super
3102 5104 3443 5175 aquilonem,
3478 5109 3687 5174 etper-

2080 5191 2176 5245 det
2207 5194 2415 5246 Assur:
2452 5198 2509 5246 et
2538 5199 2708 5263 ponet
2730 5194 3042 5264 speciosam
3071 5194 3127 5246 in
3146 5192 3507 5251 solitudinem
3526 5198 3589 5246 et
3625 5192 3689 5246 in

2078 5280 2310 5343 invium,
2338 5287 2395 5335 et
2425 5282 2586 5352 quasi
2614 5282 2925 5351 desertum,
2957 5288 3016 5336 et
3038 5281 3392 5339 accubabant
3410 5282 3471 5334 in
3494 5281 3686 5335 medio

2081 5370 2204 5438 ejus
2228 5386 2446 5439 greges,
2475 5388 2670 5425 omnes
2696 5371 2885 5425 bestia;
2926 5371 3203 5442 gentium,
3236 5377 3296 5424 et
3322 5370 3684 5424 onocrotali}:

2080 5462 2135 5511 et
2163 5458 2365 5512 ericius
2384 5459 2439 5514 in
2452 5459 2741 5513 liminibus
2755 5460 2876 5528 ejus
2891 5460 3317 5514 morabuntur.»
3336 5460 3471 5513 Hinc
3486 5458 3685 5512 onmia

2079 5564 2202 5618 qua:
2233 5548 2301 5602 de
2322 5549 2669 5611 Philisthiim-
2685 5547 2920 5603 etMoab
2947 5555 3005 5605 et
3028 5549 3164 5605 ﬁliis
3182 5550 3368 5604 Amen
3385 5547 3678 5611 dicuntur,
