3926 6164
174 279 251 341 205
334 240 343 249 ι
1003 268 1426 325 ENARRATIO
1457 271 1535 325 IN
1566 270 1993 327 SOPHONIAM
2021 272 2483 331 PROPHETAM.
3261 286 3367 343 205

170 395 595 456 judeiadchristi
617 394 1015 451 suiadventum
1027 394 1298 457 referunt,
1316 410 1481 465 quem
1496 393 1891 464 putantAciet
1916 395 2119 464 spiritu
2144 395 2257 449 oris
2302 396 2409 451 sui.
2449 396 2605 452 Tunc
2653 400 2903 468 speciosa
2949 402 3165 470 Ninive,
3197 406 3256 469 id
3285 414 3373 463 est

170 494 405 542 venturum
432 482 490 537 in
518 480 703 537 saeculi
734 481 1240 548 consummatione,
1269 487 1326 534 et
1345 497 1570 534 rursum
1609 497 1698 533 ex-
1783 482 2026 538 mundus
2055 500 2181 537 cum
2213 484 2463 555 principe
2491 502 2591 539 suo
2609 486 2828 557 peribit,
2852 488 2932 542 ita
2963 496 3026 544 ut
3043 490 3230 548 nullus
3250 497 3373 567 ejus

171 564 457 629 structurum
492 568 866 634 Hierusalem,
898 574 953 622 et
973 568 1343 623 liberaturum
1374 570 1595 623 Judaeos
1632 569 1701 622 de
1785 570 2137 641 misereatur.
2169 572 2281 625 Nec
2311 571 2577 626 abhorret
2603 573 2647 626 si
2667 577 2973 646 speciosam
3005 578 3256 637 dicamus
3278 564 3374 638 Ec-

171 667 392 735 potestate
411 658 664 713 omnium
680 658 955 727 gentium,
989 674 1229 729 eumque
1251 658 1601 713 adorandum
1633 656 1703 713 ab
1788 657 2036 721 clesiam,
2068 676 2189 730 quae
2220 660 2279 714 in
2309 661 2419 713 ﬁne
2446 660 2641 715 mundi
2678 663 2782 717 sub
2818 664 3152 729 Antichristi
3182 688 3374 741 perse-

172 748 393 811 omnibus,
418 748 582 817 juxta
600 745 746 816 quod
764 762 935 816 supra
953 745 1196 801 dictum:
1220 766 1240 798 ι
1271 746 1339 799 Et
1368 744 1700 803 adorabunt.
1787 745 2026 809 cutione,
2059 762 2185 801 cum
2244 745 2613 800 abundaverit
2664 749 2954 821 iniquitas,
2996 761 3052 810 et
3097 756 3379 821 refrixerit

170 855 268 894 eum
292 835 382 895 viri
404 832 473 889 de
504 835 622 888 loco
634 839 824 897 suo,et
841 850 1035 889 omnes
1050 834 1248 889 insulae
1260 833 1572 903 gentium.»
1591 834 1706 887 Nec
1787 830 2052 891 Charitas.
2086 840 2326 904 ponetur
2352 835 2412 889 in
2440 834 2816 907 solitudinem,
2832 842 3182 911 paucissimis
3201 865 3382 907 rema-

170 928 309 982 solum
330 940 492 997 supra
510 923 687 983 dictas
714 927 911 993 gentes
938 922 1148 977 vicinas
1179 922 1513 986 Iudaeis,sed
1534 922 1705 976 etiam
1788 920 2181 992 nentibus.qui
2209 939 2269 975 se
2285 939 2412 976 vere
2442 929 2499 976 et
2524 940 2635 977 non
2655 926 2917 983 simulate
2951 930 3236 990 fateantur
3254 954 3380 993 esse

167 1016 404 1085 Ethiopes
429 1018 489 1067 et
517 1014 777 1081 Assyrios
809 1011 1155 1083 superandos
1182 1010 1382 1076 abillo,
1406 1012 1585 1082 ipsam
1613 1011 1708 1064 Ni-
1789 1008 2153 1067 Christianos.
2188 1011 2256 1065 Et
2273 1010 2529 1065 tradetur
2550 1012 2762 1080 bestiis,
2795 1023 2849 1070 et
2879 1017 3203 1087 implebitur
3224 1000 3381 1089 mon-

168 1104 311 1159 nivem
332 1101 382 1156 in
410 1100 773 1155 solitudinem
805 1099 1187 1169 redigendum,
1220 1099 1301 1153 ita
1328 1106 1392 1154 ut
1420 1101 1520 1154 fiat
1547 1092 1705 1154 habi—
1790 1098 1921 1151 stris
1955 1098 2238 1153 vitiorum.
2261 1099 2629 1154 Onocrotalus
2644 1102 2916 1178 enim,qui
2936 1114 3091 1163 amat
3118 1111 3381 1177 solitudi-

166 1193 273 1246 tatio
299 1188 746 1245 bestiarum.Hoc
767 1188 1011 1242 estenim
1034 1188 1181 1259 quod
1194 1188 1417 1242 dicitur.
1448 1188 1710 1258 Speciosa
1790 1200 1939 1251 nem»
1973 1203 2068 1243 θοδ
2088 1188 2362 1257 designati
2395 1187 2490 1257 qni
2532 1205 2591 1241 se
2636 1186 2705 1243 ab
2730 1192 2973 1249 ΕθθῙθδίδ
3000 1198 3283 1267 “ﬁndunt,
3325 1209 3384 1275 ei

167 1280 401 1349 redigetur
426 1277 485 1333 in
518 1276 1045 1347 solitudinem,quia
1072 1277 1330 1331 Ninivem
1362 1276 1706 1347 Babylonem
1791 1290 1894 1328 sua
1921 1275 2002 1329 illi
2030 1277 2413 1333 conventicula
2459 1281 2776 1352 praeferunt,
2830 1288 2886 1336 et
2927 1284 3220 1351 stridorem
3266 1285 3382 1353 sive

162 1368 398 1437 intelligit,
432 1365 676 1421 maxime
705 1370 936 1436 prapter
958 1364 1385 1419 similitudinem
1428 1369 1708 1419 monstro-
1790 1360 2070 1431 fragorem
2120 1364 2388 1421 falsorum
2422 1370 2749 1441 dogmatum
2780 1371 2958 1441 magis
2996 1391 3161 1445 quam
3193 1394 3385 1433 vocem

164 1473 263 1511 rum
281 1454 574 1510 onocrotali
605 1460 660 1509 et
690 1453 866 1516 ericii,
889 1470 1009 1524 quae
1040 1451 1216 1507 Isaias
1231 1453 1504 1524 propheta
1523 1453 1580 1507 in
1602 1452 1709 1507 Ba-
1793 1449 1986 1505 edunt.
2045 1452 2416 1525 Septuaginta
2458 1475 2559 1529 pro
2612 1460 2934 1513 onocrotalo
2966 1479 2991 1512 «
3020 1462 3388 1529 chamaeleon-

163 1544 347 1616 bylonia
359 1542 529 1596 fuisse
545 1541 811 1594 describit
830 1541 1087 1611 postejus
1109 1540 1497 1594 vastationem.
1524 1541 1713 1596 Scien-
1794 1542 1909 1592 tem
1949 1561 1962 1583 ι
2001 1549 2332 1611 posuerunt,
2367 1546 2514 1615 quod
2546 1552 2631 1601 est
2646 1547 2853 1601 animal
2883 1548 3132 1605 diversos
3160 1558 3388 1611 mutans

162 1635 266 1695 dum
303 1649 421 1687 vero
470 1632 925 1687 onocrotalorum
964 1632 1075 1686 duo
1122 1648 1243 1685 esse
1277 1648 1507 1701 genera,
1536 1648 1712 1687 unum
1794 1642 1896 1696 per
1922 1636 2207 1685 momenta
2225 1633 2458 1700 colores,
2486 1651 2580 1688 eos
2602 1635 2899 1705 designans
2921 1637 3016 1708 qui
3044 1656 3144 1710 per
3167 1640 3390 1705 diversa

161 1721 545 1794 aquatile,aliud
561 1720 895 1775 solitudinis.
920 1720 1113 1774 Dictus
1126 1726 1314 1775 autem
1335 1721 1709 1785 onocrotalus,
1732 1743 1780 1801 Β
1794 1715 1947 1782 Vitia.
1981 1734 2128 1773 nunc
2159 1720 2405 1785 libidine.
2425 1739 2572 1778 nunc
2588 1724 2839 1789 avaritia.
2864 1742 3013 1780 nunc
3032 1728 3387 1801 crudelitate,

161 1812 266 1880 quia
287 1811 533 1864 crotalon
548 1809 733 1871 Graeci
762 1808 1080 1880 cymbalum
1117 1814 1331 1875 vocant,
1357 1814 1414 1862 et
1434 1809 1550 1862 haec
1572 1809 1711 1872 avis,
1795 1805 1961 1859 modo
1990 1806 2237 1875 tristitia,
2264 1810 2430 1864 modo
2458 1812 2644 1869 inutili
2676 1813 3044 1869 exsultatione
3072 1822 3384 1879 mutantur.

164 1899 267 1973 quia
299 1916 415 1953 voce
462 1903 642 1966 caret,
686 1903 932 1951 rostrum
980 1898 1039 1951 in
1071 1897 1298 1951 modum
1329 1896 1714 1968 cymbalorum
1796 1891 2011 1951 Ericius
2048 1912 2177 1951 vero
2229 1898 2521 1970 spinosum
2568 1900 2780 1954 animal
2827 1908 2884 1955 et
2928 1903 3210 1973 timidum,
3244 1912 3304 1959 et
3326 1906 3390 1965 in

159 1985 678 2058 repercutiens,vocis
692 1985 1120 2039 similitudinem
1144 1984 1345 2041 reddit.
1370 1984 1441 2039 Et
1467 1985 1617 2057 quod
1636 1985 1717 2038 di-
1798 1982 2075 2052 sphmram
2105 2001 2164 2039 se
2187 1986 2455 2056 colligens
2484 2004 2557 2042 ne
2583 1988 2926 2059 deprehendi
2956 1991 3150 2062 possit,
3183 2009 3278 2048 eos
3297 1989 3389 2055 in-

162 2076 291 2140 citur,
320 2093 343 2129 σ
374 2092 473 2129 vox
507 2075 789 2131 cantantis
816 2074 875 2128 in
903 2074 1369 2133 fenestra,corvus
1397 2074 1455 2133 in
1485 2074 1720 2144 superli-

161 2166 331 2221 minari
358 2185 381 2217 ››
414 2164 500 2218 vel
534 2164 816 2219 daemones
830 2162 1295 2233 voluntintelligi,
1326 2163 1413 2217 vel
1436 2162 1719 2216 variarum

159 2270 289 2308 voces
314 2255 619 2314 volucrum,
640 2270 763 2323 qua:
793 2252 974 2307 solent
1000 2251 1059 2306 in
1089 2252 1325 2306 desertis
1351 2250 1582 2306 urbibus
1603 2268 1720 2305 mo-

156 2342 262 2403 rari,
310 2343 452 2397 sicut
504 2342 694 2403 ululae,
739 2340 1005 2405 bubones,
1042 2345 1098 2394 et
1125 2345 1366 2411 stryges,
1399 2346 1717 2413 ceteraque

156 2432 401 2502 perplura,
433 2448 562 2503 qua:
582 2431 775 2485 omnia
801 2430 1008 2487 indicia
1036 2434 1169 2483 sunt
1196 2429 1535 2484 solitudinis.

216 2540 237 2571 α
258 2520 531 2583 Quoniam
557 2517 863 2574 attenuabo
893 2517 1064 2572 robur
1087 2519 1226 2589 ejus,
1265 2537 1287 2569 ι
1321 2517 1378 2572 id
1407 2523 1493 2571 est
1522 2518 1720 2573 Ninive

152 2608 219 2661 vel
245 2608 537 2681 Babylonis
580 2608 916 2662 imminuam
953 2606 1362 2661 fortitudinem.
1410 2627 1429 2657 ι
1468 2608 1599 2661 Haec
1636 2612 1721 2661 est

150 2696 313 2751 civitas
337 2697 607 2767 gloriosa.
631 2717 653 2746 ι
688 2696 808 2750 Vox
828 2695 1115 2767 prophetae
1139 2696 1299 2766 quasi
1318 2695 1642 2750 insultantis
1668 2695 1720 2748 ei

150 2794 251 2853 post
275 2786 588 2852 ruinam,et
610 2785 847 2840 dicentis
873 2803 883 2837 :
908 2805 929 2835 ι
951 2785 1081 2839 Haec
1100 2784 1387 2838 estcivitas
1401 2784 1665 2853 gloriosa,
1692 2803 1715 2835 ι

155 2874 427 2929 «habitans
447 2874 505 2927 in
536 2873 897 2939 conﬁdentia,
922 2890 1046 2943 qua:
1069 2873 1290 2929 dicebat
1309 2873 1368 2926 in
1386 2872 1551 2926 corde
1572 2889 1673 2927 suo
1704 2889 1715 2924 :

150 2962 242 3032 Ego
268 2981 410 3029 sum,
442 2969 500 3017 et
534 2967 696 3016 extra
723 2979 814 3016 me
841 2978 953 3016 non
977 2966 1062 3015 est
1081 2961 1189 3015 alia
1219 2962 1479 3032 amplius.
1503 2982 1525 3013 ο
1562 2961 1721 3025 Quod

151 3068 240 3105 non
258 3053 435 3107 solum
457 3069 559 3106 ore
585 3052 776 3106 locuta
796 3056 900 3117 est,
931 3068 1125 3105 verum
1147 3056 1204 3104 et
1223 3051 1281 3104 in
1306 3050 1472 3105 corde
1492 3050 1571 3104 sic
1601 3067 1723 3105 esse

147 3142 354 3208 putavit.
387 3162 408 3191 ι
436 3140 737 3205 Quomodo
751 3140 901 3194 facta
917 3146 1001 3193 est
1016 3140 1074 3194 in
1095 3140 1381 3193 desertum
1395 3139 1576 3193 cubile
1596 3138 1694 3193 bes
1708 3169 1725 3180 ι

150 3228 255 3282 ua?
274 3229 469 3284 Omnis
483 3230 586 3301 qui
601 3228 806 3283 transit
827 3245 927 3300 per
956 3244 1081 3282 eam
1110 3227 1374 3294 sibilabit,
1408 3233 1464 3282 et
1483 3227 1728 3282 movebit

148 3333 349 3371 manum
382 3335 574 3372 suam.
604 3337 631 3369 »
652 3315 812 3381 Quod
831 3316 1031 3386 ergoin
1052 3316 1275 3370 deserta
1293 3315 1518 3370 civitate
1542 3332 1726 3370 mons-

148 3411 326 3461 truosaa
354 3407 553 3461 bestiae
582 3406 852 3461 dicuntur
875 3404 1178 3470 habitasse,
1212 3410 1311 3458 aut
1329 3405 1409 3458 ita
1440 3404 1545 3458 fuit
1570 3405 1728 3474 juxta

146 3492 385 3559 litteram,
416 3501 527 3551 aut
555 3494 664 3550 sub
695 3495 876 3564 ﬁgura
902 3492 1209 3548 bestiarum
1248 3494 1457 3547 mutari
1482 3482 1744 3546 varieta-i

145 3587 215 3635 tes
236 3586 531 3639 nationum
566 3583 868 3638 indicatur.
899 3582 1263 3652 Tropologice
1294 3581 1580 3651 [EthiOpes
1596 3586 1729 3635 sunt

144 3670 503 3745 inﬁdeles,qui
521 3673 781 3728 nondum
810 3672 1099 3725 horrorem
1122 3671 1324 3724 veteris
1351 3670 1589 3724 hominis
1608 3676 1728 3723 tan-

150 3775 287 3827 quam
335 3762 706 3832 nigredinem
739 3760 1136 3831 deposuerunt.
1170 3758 1559 3813 Comminatur
1596 3774 1727 3827 ergo

145 3846 212 3901 his
235 3850 324 3921 qui
340 3853 557 3905 nolunt
586 3849 659 3902 ad
682 3849 914 3902 meliora
930 3848 1263 3912 converti,et
1290 3847 1518 3901 abluere
1540 3847 1728 3917 nigre-

148 3935 304 3993 dinem
334 3946 732 4012 peccatorum,
776 3938 923 4010 quod
963 3938 1084 4007 ejus
1125 3936 1313 4006 gladio
1358 3935 1731 3989 interﬁciendi

148 4025 444 4099 sintgladio
463 4028 734 4084 videlicet
750 4026 901 4080 verbi
922 4026 1023 4081 Dei
1043 4026 1390 4091 acutissimo,
1413 4031 1479 4079 ut
1501 4030 1734 4095 agentes

146 4118 517 4182 penitentiam
550 4117 706 4173 sicut
733 4115 1008 4180 Ninivite,
1042 4115 1318 4171 moriatur
1344 4115 1404 4168 in
1433 4114 1515 4167 eis
1545 4129 1732 4184 pecca-

147 4208 262 4269 tum,
290 4213 345 4262 et
378 4208 540 4272 vivat
566 4205 812 4276 justitia.
845 4204 916 4259 Et
942 4204 1045 4258 hoc
1066 4202 1289 4274 quidem
1312 4203 1432 4273 ipse
1460 4202 1733 4257 Dominus

146 4296 368 4352 minatus
406 4304 522 4366 est,
570 4307 895 4352 nunc'vero
935 4295 1204 4366 propheta
1234 4292 1484 4364 loquitur
1511 4292 1579 4346 de
1618 4292 1733 4346 Deo

1798 2070 1924 2124 nuit
1950 2072 2045 2143 qui
2067 2073 2277 2129 obsessi
2304 2085 2437 2129 sunt
2473 2076 2728 2131 sensibus
2775 2084 3153 2149 peccatorum,
3185 2087 3242 2135 et
3268 2082 3394 2159 ipsa

1801 2167 2031 2229 peccata
2082 2160 2409 2230 detendunt,
2458 2180 2560 2221 nec
2610 2166 2708 2221 uni
2765 2167 2990 2237 quidem
3036 2186 3139 2226 sua
3182 2172 3395 2231 scelera

1800 2250 2052 2304 confiteri
2080 2252 2293 2307 volunt.
2344 2253 2555 2308 Corvus
2601 2254 2895 2313 immunda
2931 2257 3047 2311 avis
3070 2264 3127 2312 et
3150 2259 3392 2327 lanians,

1800 2338 2064 2409 designat
2091 2356 2186 2394 eos
2214 2340 2310 2411 qui
2339 2358 2466 2396 cum
2489 2342 2606 2397 sint
2632 2342 2909 2399 immundi
2942 2345 3107 2413 vitiis,
3140 2346 3268 2403 aliis
3292 2348 3391 2404 de-

1801 2427 2054 2491 trahunt,
2087 2434 2145 2482 et
2188 2428 2497 2499 loquuntur
2525 2446 2720 2502 pacem
2757 2449 2886 2488 cum
2923 2434 3199 2505 proximo,
3248 2436 3399 2497 mala

1801 2520 1990 2569 autem
2013 2521 2147 2570 sunt
2174 2517 2233 2571 in
2262 2518 2523 2573 cordibus
2554 2536 2771 2576 eorum.

2404 2660 2647 2717 CAPUT
2684 2661 2792 2717 III.

1882 2804 1903 2831 ι
1936 2783 2053 2849 ναξ,
2079 2785 2431 2855 provocatrix
2458 2790 2516 2841 et
2541 2786 2835 2856 redempta
2878 2786 3093 2854 civitas,
3133 2789 3396 2847 columba

1802 2886 1916 2925 non
1946 2872 2160 2927 audivit
2187 2888 2397 2939 vocem,
2430 2879 2487 2928 et
2508 2890 2623 2928 non
2641 2875 2887 2947 suscepit
2914 2876 3287 2949 disciplinam.
3330 2877 3400 2937 In

1808 2959 2045 3014 Domino
2073 2978 2186 3015 non
2213 2967 2300 3016 est
2323 2963 2548 3026 confisa,
2571 2963 2637 3016 ad
2661 2964 2837 3017 Deum
2868 2981 3029 3019 suum
3059 2982 3171 3022 non
3200 2984 3403 3038 appro-

1807 3049 2043 3119 piavit.»
2068 3050 2205 3104 Post
2231 3051 2552 3120 praedictam
2575 3052 2924 3108 diversarum
2953 3055 3210 3124 gentium
3230 3057 3403 3128 capti-

1806 3137 2058 3203 vitatem,
2105 3138 2410 3193 revertitur
2437 3140 2711 3211 propheta
2747 3140 2819 3195 ad
2860 3140 3101 3208 Iudaeos,
3135 3149 3193 3199 et
3217 3146 3401 3201 omnis

1809 3226 1931 3295 ejus
1949 3242 2135 3280 sermo
2153 3233 2351 3302 contra
2366 3228 2721 3283 Hierusalem
2743 3236 2847 3284 est.
2872 3229 2970 3284 Vae
2993 3231 3243 3303 (inquit),
3269 3251 3301 3290 ο
3329 3234 3404 3289 ci-

1807 3314 1970 3378 vitas,
2005 3315 2288 3385 quondam
2316 3316 2593 3381 columba,
2624 3334 2727 3388 per
2754 3317 2935 3388 legem
2967 3319 3037 3374 ad
3065 3322 3403 3379 servandam

1806 3403 2183 3459 innocentiam
2228 3411 2518 3475 generata,
2568 3423 2714 3477 saepe
2752 3423 3003 3476 peccans,
3038 3410 3318 3481 captivata
3347 3417 3406 3467 et

1796 3508 2032 3546 rursum
2063 3493 2375 3564 redempta.
2403 3494 2516 3555 Vae,
2533 3494 2727 3549 civitas
2756 3497 3197 3566 provocatrix,id
3218 3505 3306 3555 est
3331 3501 3404 3559 ad

1808 3582 2245 3637 amaritudinem
2268 3583 2385 3637 suis
2405 3583 2708 3638 sceleribus
2737 3585 3049 3654 perducens
3082 3587 3404 3653 Deum,sive

1811 3670 2177 3740 provocatrix,
2228 3672 2362 3742 quia
2407 3678 2535 3743 post
2571 3679 2856 3744 acceptam
2886 3675 3113 3745 pietatis
3141 3676 3405 3733 notitiam

1810 3759 1879 3812 ad
1912 3758 2259 3828 impietatem
2281 3776 2548 3814 conversa
2577 3768 2677 3815 est.
2710 3763 3017 3817 Provocare
3047 3764 3195 3820 enim
3222 3766 3406 3831 Deum

1811 3852 1897 3900 est
1915 3847 2140 3901 sciendo
2169 3863 2418 3917 peccare,
2450 3847 2577 3901 Non
2607 3848 2819 3902 audivit
2847 3858 3185 3922 praeceptum
3210 3852 3404 3911 Domi-

1812 3935 1891 4001 ni,
1924 3942 1981 3989 et
2007 3940 2263 4005 correpta
2307 3935 2490 3989 noluit
2521 3937 2767 4008 recipere
2791 3938 3161 4009 disciplinam,
3196 3958 3402 4012 neque,

1812 4040 1938 4077 cum
1971 4023 2132 4077 malis
2161 4030 2530 4093 premeretur,
2569 4024 2781 4081 conﬁsa
2820 4031 2907 4080 est
2935 4027 2994 4080 in
3032 4027 3292 4083 Domino.
3336 4030 3406 4084 Et

1813 4129 1938 4167 cum
1990 4111 2263 4166 Dominus
2309 4112 2456 4166 dicat
2501 4130 2512 4164 :
2563 4131 2589 4165 ι
2620 4114 2735 4183 Ego
2764 4131 2889 4171 sum
2918 4115 3067 4169 Deus
3095 4117 3403 4189 appropin—

1815 4217 2013 4272 quans,
2046 4206 2104 4255 et
2131 4217 2244 4257 non
2272 4201 2421 4255 Deus
2450 4201 2520 4256 de
2548 4201 2732 4273 longe,
2776 4223 2801 4257 »
2854 4202 2977 4276 ipsa
3007 4208 3197 4260 tamen
3225 4204 3408 4263 noluit

1816 4290 1866 4343 ei
1894 4289 2366 4361 appropinquare.

145 4400 229 4455 per
251 4386 479 4443 tertiam
514 4401 821 4457 personam
880 4402 907 4437 ι
929 4384 998 4437 Et
1025 4383 1284 4437 extendet
1314 4397 1543 4435 manum
1573 4369 1796 4437 suamD
1891 4398 1918 4433 (ι
1946 4379 2233 4450 Principes
2270 4381 2413 4450 ejus,
2447 4379 2506 4435 in
2536 4380 2720 4435 medio
2741 4382 2864 4452 ejus
2891 4382 3053 4455 quasi
3078 4384 3269 4440 leones
3306 4403 3405 4441 ru-

146 4490 291 4545 super
318 4478 685 4549 aquilonem,
711 4479 767 4529 et
804 4472 1002 4545 perdet
1026 4473 1222 4527 Assur.
1254 4490 1277 4523 »
1305 4470 1512 4542 Aquilo
1537 4476 1735 4524 ventus

147 4568 215 4616 est
257 4564 690 4637 frigidissimus,
723 4561 819 4633 qui
849 4567 906 4615 et
945 4561 1139 4616 dexter
1166 4565 1410 4615 vocatur.
1446 4559 1737 4629 Signiﬁcat

144 4658 309 4707 autem
339 4654 674 4717 diabolum,
708 4650 804 4723 qui
831 4650 891 4704 in
930 4665 1125 4703 eorum
1149 4648 1408 4702 cordibus
1438 4647 1738 4718 requiescit

146 4739 191 4794 in
218 4742 411 4814 quibus
430 4740 669 4799 refrixit
692 4739 957 4804 charitas,
991 4753 1158 4809 quem
1198 4743 1254 4790 et
1287 4752 1493 4807 sponsa
1524 4736 1641 4789 vult
1668 4734 1738 4790 ab

144 4829 375 4894 Ecclesiae
403 4831 590 4887 horto
613 4828 892 4893 recedere,
916 4827 1105 4882 dicens
1130 4842 1142 4879 :
1171 4845 1192 4875 ι
1216 4826 1415 4895 Surge,
1438 4824 1647 4895 aquilo,
1682 4830 1740 4879 et

144 4920 267 4985 Veni,
298 4923 534 4977 Auster.
583 4939 609 4971 ι
651 4919 859 4973 Dexter
895 4921 1084 4970 autem
1117 4914 1187 4968 ab
1212 4914 1323 4967 illis
1354 4922 1600 4971 vocatur.
1642 4914 1738 4983 qui

144 5009 246 5079 ejus
270 5011 486 5083 frigore
506 5009 892 5070 delectantur,
915 5010 1177 5059 caeterum
1199 5019 1367 5075 opere
1387 5003 1616 5057 sinister
1629 5008 1733 5056 est.

146 5095 431 5170 Postquam
447 5115 597 5153 vero
629 5095 942 5151 extenderit
959 5109 1189 5148 manum
1210 5109 1371 5147 suam
1397 5109 1566 5163 super
1585 5092 1739 5164 aqui-

146 5185 327 5255 lonem,
360 5189 582 5262 perdet
617 5189 812 5249 Assur,
841 5185 935 5254 qui
972 5182 1240 5252 dirigens,
1272 5182 1357 5236 vel
1380 5182 1559 5253 magis
1581 5198 1741 5236 coar-

146 5291 299 5344 guens
322 5279 781 5353 interpretatur,
814 5272 1072 5327 eumdem
1099 5271 1401 5341 designans
1433 5270 1740 5337 diabolum,

1815 4468 2051 4538 gientes.
2080 4487 2105 4519 »
2129 4466 2404 4522 Describit
2416 4466 2690 4538 prapheta
2709 4470 2902 4540 quales
2922 4471 3204 4545 principes
3234 4480 3291 4529 et
3310 4475 3406 4545 ju-

1817 4557 1967 4611 dices
1997 4557 2112 4610 sive
2137 4556 2454 4611 sacerdotes
2503 4555 2820 4613 habuerint.
2857 4558 3147 4631 Principes
3176 4562 3405 4634 (inquit)

1820 4646 1941 4717 ejus
1954 4646 2114 4716 quasi
2134 4646 2322 4700 leones
2337 4662 2560 4716 semper
2588 4646 2953 4702 versabantur
2970 4649 3027 4702 in
3048 4650 3317 4719 praedam,
3352 4658 3410 4708 et

1821 4735 2156 4805 pronierant
2166 4735 2237 4788 ad
2248 4734 2646 4799 effundendum
2660 4736 2993 4806 sanguinem
3005 4737 3410 4807 subjectorum.

1824 4842 1852 4874 α
1878 4824 2101 4878 Judices
2141 4823 2260 4893 ejus
2306 4823 2425 4894 lupi
2470 4840 2716 4893 vespere,
2768 4840 2881 4877 non
2923 4823 3319 4896 relinquebant
3352 4829 3415 4884 in

1822 4928 2044 4973 mane,»
2074 4927 2186 4965 non
2210 4910 2557 4965 dimittentes
2596 4911 2721 4964 aliis
2754 4911 2901 4982 quod
2932 4929 3133 4983 rapere
3170 4915 3414 4988 mssint.

1892 5000 2181 5071 Prophetas
2196 5001 2320 5069 ejus
2340 4999 2548 5064 vesani,
2583 5022 2598 5043 ο
2626 4999 2681 5053 id
2709 5005 2795 5054 est
2831 4999 3196 5059 insanientes.
3232 5023 3259 5060 α
3290 5006 3413 5063 Viri

1818 5090 2092 5154 inﬁdeles,
2128 5109 2151 5141 ν
2178 5089 2311 5160 quia
2340 5087 2718 5158 loquebantur
2747 5089 2909 5160 quasi
2946 5107 3013 5146 ex
3040 5108 3138 5147 ore
3168 5094 3416 5164 Domini,

1824 5180 1923 5234 sed
1963 5178 2152 5233 omnia
2180 5178 2336 5231 fatua
2359 5183 2418 5230 et
2444 5176 2585 5231 falsa
2614 5177 2973 5249 proferebant
2999 5199 3010 5233 :
3046 5202 3069 5232 ε
3099 5185 3421 5242 sacerdotes

1828 5270 1950 5339 ejus
1972 5268 2292 5339 polluerunt
2311 5270 2588 5328 sanctum,
2604 5266 2814 5336 injuste
2837 5276 3075 5339 egerunt
3103 5278 3300 5330 contra
3330 5276 3423 5331 le-

148 5368 226 5435 qui
250 5386 448 5425 omnes
476 5380 766 5437 sequaces
792 5379 922 5418 suos
943 5362 1014 5417 ad
1041 5367 1277 5416 mortem
1299 5360 1511 5431 dirigit,
1536 5359 1745 5431 quique
1824 5374 1953 5428 gem
1973 5375 1998 5410 ι
2017 5355 2432 5410 committentes
2453 5355 2809 5427 sacrilegium
2848 5358 2907 5413 in
2938 5358 3060 5414 loco
3090 5365 3417 5429 sanctuarii,

147 5453 251 5512 mos
272 5459 483 5530 quibus
519 5459 765 5528 peccata
790 5452 1060 5525 suggerit,
1074 5455 1273 5521 postea
1290 5450 1566 5520 coarguit,
1601 5455 1659 5504 et
1676 5449 1748 5504 ab
1828 5446 2082 5503 dicentes
2108 5445 2419 5501 secundum
2457 5445 2639 5518 legem
2670 5446 2871 5514 facere,
2905 5462 3033 5503 cum
3071 5452 3261 5508 omnia
3289 5469 3424 5524 age-

684 5543 847 5613 Hunc
875 5559 1007 5615 ergo
1030 5540 1305 5605 Dominus
1334 5540 1364 5596 ,Ι
1370 5555 1498 5605 esus
1528 5538 1747 5620 interﬁj
1827 5540 1956 5619 rent
1981 5539 2179 5595 contra
2204 5534 2408 5608 legem.
2460 5535 2606 5604 Quia
2650 5552 2786 5609 ergo
2812 5537 2897 5603 illi
2925 5546 3164 5611 egerunt
3187 5540 3420 5615 injuste,
