3970 6150
487 295 592 355 207
976 290 1352 346 HAYMONIS
1386 285 1868 341 HALBERSTAT.
1906 282 2133 337 EPISC.
2167 281 2324 335 OPP.
2360 282 2587 336 PARS]
2622 313 2686 322 —
2718 282 3088 338 COMMENT.
3123 283 3303 337 BlBL.
3653 282 3754 341 208

562 442 589 476 α
618 423 893 480 Dominus
917 424 1105 490 justus
1126 420 1180 470 in
1206 415 1389 469 medio
1414 416 1673 482 ejus,non
1687 410 1852 462 faciet
1872 408 2078 478 iniqni-
2097 408 2145 465 A
2167 422 2290 469 mae,
2322 407 2391 459 ad
2423 406 2625 459 bonam
2660 406 2825 460 vitam
2859 424 3258 477 praeparamur,
3292 410 3536 480 resurgit
3554 410 3623 477 in
3656 427 3755 464 no-

486 520 683 575 tatem,
713 530 739 564 ι»
769 510 865 563 sed
914 509 1173 562 restituet
1213 505 1292 557 illi
1340 502 1485 572 quod
1533 503 1797 552 meretur.
1835 516 1859 546 (ι
1893 497 2074 557 Mane,
2164 494 2245 546 bis
2277 495 2549 549 Christus.
2583 495 2725 558 Quia
2755 495 2904 548 enim
2928 496 3046 567 ipse.
3063 504 3250 566 caput.
3283 504 3341 550 et
3371 513 3566 551 omnes
3596 498 3757 553 electi

487 618 653 655 mane
685 619 732 662 »,
763 600 817 652 id
847 603 933 651 est
959 595 1269 653 manifeste,
1301 613 1320 640 ι
1354 588 1625 656 judicium
1653 602 1816 639 suum
1845 585 2000 637 dabit
2022 585 2079 637 in
2164 583 2413 636 membra
2442 586 2564 651 ejus
2593 589 2742 647 sunt,
2781 590 2930 637 recte
2960 591 3016 637 et
3063 586 3333 638 commori
3373 593 3430 639 et
3470 602 3760 640 conresur-

486 690 692 753 lucem,
722 694 780 741 et
805 703 914 740 non
947 682 1335 737 abscondetur.
1366 676 1611 730 Nescivit
1640 680 1826 727 autem
1854 673 2078 741 iniquus
2159 686 2293 737 gere
2327 671 2532 724 dicitur
2558 671 2823 725 membris
2846 672 2982 727 suis.
3016 674 3161 725 sicut
3192 679 3247 726 et
3277 674 3580 728 consedere
3608 674 3659 727 ei
3701 674 3759 727 in

485 776 886 831 confusionem.
920 794 939 822 ν
970 774 1035 825 Et
1066 772 1179 823 haec
1209 766 1341 820 fecit
1363 773 1425 818 ut
1453 770 1709 833 correpta
1738 761 1931 813 civitas
1953 777 2079 812 con-
2159 758 2361 811 throno
2388 760 2528 827 ejus,
2576 760 2737 828 juxta
2768 760 2915 830 quod
2964 761 3020 813 in
3068 762 3401 832 Apocalypsi
3447 763 3707 833 promisit
3740 780 3750 815 ;

485 869 798 918 verteretur
838 862 908 915 ad
952 858 1170 921 melius,
1205 854 1303 909 sed
1332 853 1506 907 Israel
1534 849 1767 905 nescivit
1793 847 2074 902 confusio-
2164 864 2185 894 ι
2213 845 2317 908 Qui
2356 846 2571 910 vicerit,
2606 847 2805 900 faciam
2827 849 2984 902 illum
3016 849 3211 902 sedere
3234 850 3291 903 in
3314 851 3517 904 throno
3542 867 3687 904 meo.
3728 871 3751 901 »

483 969 633 1007 nem.
2158 933 2227 986 Et
2253 934 2552 1002 Apostolus
2578 953 2588 987 :
2620 955 2643 985 ι
2677 936 3090 991 Conviviﬁcavit
3121 946 3177 992 et
3206 940 3507 993 consedere
3536 956 3638 993 nos
3669 940 3753 1016 fe:-

556 1059 583 1094 ς(
616 1037 933 1109 Disperdidi
968 1038 1184 1105 gentes,
1227 1037 1284 1085 et
1312 1028 1567 1099 dissipati
1598 1031 1729 1081 sunt
1757 1026 1946 1095 anguli
1988 1040 2075 1077 ea-
2156 1021 2232 1074 cit
2259 1022 2316 1075 in
2346 1023 2682 1077 cmlestibus.
2711 1043 2735 1077 ι»
2774 1026 2965 1079 Potest
2989 1033 3047 1080 et
3076 1028 3155 1081 sic
3190 1029 3386 1099 accipi.
3423 1047 3447 1080 α
3482 1029 3755 1099 Exspecta

479 1146 625 1183 rum.
682 1128 944 1181 Desertas
994 1123 1097 1177 feci
1139 1122 1256 1173 vias
1300 1134 1514 1181 eorum,
1555 1117 1688 1169 dum
1720 1131 1829 1168 non
1862 1120 1947 1167 est
1978 1113 2074 1182 qui
2156 1126 2246 1163 me
2272 1110 2326 1163 in
2357 1111 2446 1164 die
2478 1113 2904 1167 resurrectionis
2931 1132 3121 1179 meze,v
3158 1117 3261 1170 hoc
3293 1124 3395 1182 est,
3415 1118 3471 1171 in
3496 1124 3751 1188 tempore

476 1223 748 1272 transeat.
790 1214 1066 1269 Desolata:
1090 1216 1223 1264 sunt
1242 1208 1499 1261 civitates
1530 1220 1860 1266 eorum,non
1893 1218 2072 1255 rema-
2153 1198 2436 1252 novissimi
2461 1200 2683 1269 judicii,
2729 1203 2952 1272 quando
2988 1221 3182 1259 omnes
3211 1212 3523 1275 resurgent,
3557 1213 3615 1259 et
3643 1223 3748 1277 ego

479 1312 648 1361 nente
673 1305 809 1367 viro,
844 1317 1027 1368 neque
1070 1299 1182 1352 ullo
1222 1295 1556 1349 habitatore.
1601 1292 1727 1347 Dixi
1767 1310 1777 1343 :
1808 1294 2071 1344 Attamen
2153 1302 2277 1339 cum
2305 1288 2567 1341 membris
2596 1290 2735 1342 meis
2765 1292 3186 1359 resurgentibus
3213 1310 3521 1364 resurgam,
3542 1300 3747 1349 ettunc

476 1393 701 1448 timebis
725 1408 836 1453 me,
857 1387 1125 1457 suscipies
1141 1385 1515 1453 disciplinam,
1541 1388 1597 1435 et
1617 1397 1730 1433 non
1750 1379 1953 1450 peribit
1976 1380 2072 1431 ha-
2152 1376 2642 1445 congregabuntur
2668 1386 2952 1447 gentes,et
2983 1382 3316 1451 colligantur
3342 1399 3534 1453 regna,
3564 1383 3623 1437 id
3663 1388 3749 1436 est

476 1481 783 1535 bitaculum
825 1479 967 1547 ejus,
988 1481 1215 1545 propter
1261 1472 1450 1525 omnia
1490 1470 1549 1523 in
1601 1469 1803 1539 quibus
1852 1467 2068 1519 visitavi
2151 1470 2457 1533 potestates
2485 1466 2690 1530 saeculi,
2717 1468 2802 1519 vel
2826 1469 3079 1539 magistri
3101 1486 3489 1540 perversorum
3516 1470 3750 1541 dogma-

475 1587 621 1624 eam.
654 1569 1053 1622 Verumtamen
1080 1562 1324 1615 diluculo
1353 1563 1666 1628 surgentes.
1697 1560 2069 1625 corruperunt
2150 1556 2291 1605 tum.

475 1673 668 1711 omnes
697 1654 1060 1725 cogitationes
1083 1667 1230 1703 suas.
1263 1669 1288 1698 η
1325 1648 1467 1710 Quia
1497 1646 1730 1715 (inquit)
1758 1661 1856 1715 per
1873 1644 2065 1714 plagas
2088 1712 2131 1725 ﬁ
2229 1658 2255 1689 «
2283 1641 2349 1693 Et
2375 1641 2653 1695 effundam
2686 1660 2856 1713 super
2874 1662 2969 1699 eas
2990 1646 3428 1717 indignationem
3452 1666 3661 1712 meam,
3696 1655 3752 1704 et

472 1763 585 1800 non
617 1743 772 1814 potui
800 1743 926 1795 illos
952 1739 1229 1807 corrigere
1256 1737 1401 1790 volui
1424 1735 1621 1788 saltem
1650 1743 1709 1786 ut
1736 1749 1834 1803 per
1862 1732 2067 1786 beneﬁ-
2088 1712 2134 1772 Β
2152 1746 2372 1782 omnem
2396 1729 2533 1782 iram
2562 1730 2767 1785 furoris
2789 1734 2916 1787 mei.
2945 1753 2970 1785 .v
2992 1735 3172 1804 Super
3193 1753 3286 1789 eos
3304 1738 3395 1807 qui
3414 1739 3598 1792 minus
3624 1746 3749 1809 pec-

471 1834 555 1887 cia
580 1835 1056 1886 converterentur.
1081 1833 1138 1879 et
1153 1831 1385 1895 agerent
1405 1823 1808 1894 paenitentiam.
1838 1821 2067 1888 Disper-
2148 1824 2433 1883 caverunt,
2477 1820 2785 1874 effunditur
2832 1822 3146 1894 indignatio
3179 1823 3420 1891 Domini,
3456 1827 3550 1896 qui
3590 1828 3746 1881 desi-

470 1921 586 1975 didi
616 1936 749 1989 ergo
784 1925 980 1988 gentes
1025 1914 1150 1978 tibi,
1186 1932 1217 1967 o
1246 1914 1411 1967 Juda.
1450 1910 1777 1973 contrarias,
1819 1908 2062 1962 desolavi
2145 1914 2395 1975 gnantur
2425 1923 2523 1975 per
2548 1914 2765 1975 gentes.
2792 1909 2895 1972 Qui
2922 1928 3047 1965 vero
3071 1920 3326 1982 potentes
3352 1922 3484 1969 sunt
3504 1916 3560 1969 in
3592 1918 3746 1971 malo

468 2009 719 2062 civitates
761 2013 987 2077 propter
1024 2010 1099 2064 te,
1157 2010 1213 2056 et
1259 2002 1374 2054 vias
1404 2017 1597 2054 earum
1630 1999 1730 2052 feci
1761 1998 1956 2062 invias,
2000 2002 2063 2050 ut
2146 2001 2204 2045 et
2229 1994 2631 2057 haeresiarchze,
2658 2013 2828 2066 super
2847 2015 2940 2051 eos
2957 2000 3262 2054 effunditur
3280 2003 3460 2056 omnis
3490 2004 3571 2057 ira
3590 2005 3748 2059 furo-

466 2099 656 2152 nullus
682 2113 780 2167 per
809 2112 903 2148 eas
930 2093 1214 2147 transiret.
1250 2092 1316 2144 Et
1335 2095 1459 2160 post
1479 2090 1594 2142 haec
1613 2087 1735 2140 misi
1760 2086 2061 2157 prophetas
2145 2082 2221 2134 ris
2239 2081 2479 2136 Domini.
2518 2101 2542 2133 (‹
2565 2084 2626 2136 ln
2648 2084 2773 2153 igne
2793 2087 2943 2140 enim
2965 2088 3068 2141 zeli
3096 2091 3205 2142 mei
3228 2091 3588 2147 devorabitur
3621 2110 3744 2147 om-

466 2187 564 2256 qui
605 2190 915 2243 monerent,
950 2188 1006 2235 et
1056 2180 1124 2234 ad
1172 2178 1559 2250 paenitentiam
1587 2184 1643 2229 te
1676 2181 2052 2245 provocarent.
2142 2172 2230 2225 nis
2255 2178 2424 2229 terra,
2456 2190 2477 2221 ι
2505 2170 2558 2223 id
2590 2178 2677 2224 est
2696 2175 2966 2246 quidquid
3007 2182 3294 2232 terrenum
3324 2188 3427 2245 est,
3448 2188 3504 2234 et
3522 2182 3591 2234 ad
3621 2198 3745 2236 car-

465 2274 592 2328 Feci
620 2274 738 2328 haec
775 2271 964 2326 omnia
1004 2276 1064 2324 ut
1094 2268 1322 2322 timeres
1349 2283 1437 2319 me
1468 2272 1525 2320 et
1560 2264 1871 2333 susciperes
1898 2263 2061 2315 disci-
2141 2260 2228 2314 nis
2261 2276 2427 2330 opera
2456 2260 2714 2329 pertinet.
2748 2264 2892 2334 Ergo
2917 2267 3061 2336 quod
3085 2268 3343 2338 superius
3361 2270 3606 2323 minatus
3631 2276 3741 2336 est,

464 2362 698 2433 plinam.
728 2360 885 2424 Quod
913 2361 960 2412 si
991 2358 1231 2419 fecisses,
1266 2372 1376 2409 non
1426 2354 1632 2424 periret
1674 2352 2058 2406 habitaculum
2141 2366 2251 2403 non
2283 2356 2368 2402 est
2389 2349 2758 2413 crudelitatis,
2787 2355 2885 2407 sed
2923 2355 3341 2423 misericordia,
3372 2375 3499 2412 cum
3530 2359 3598 2412 ad
3634 2360 3745 2414 hoc

461 2450 708 2511 tuum,id
732 2454 818 2503 est
846 2448 1117 2518 templum
1135 2451 1365 2516 propter
1393 2444 1605 2496 scelera
1630 2458 1751 2511 quae
1776 2456 2052 2510 gesseras.
2140 2438 2451 2508 indignatio
2478 2443 2536 2491 et
2563 2438 2720 2492 furor
2756 2442 3079 2510 eﬁ'unditur,
3114 2451 3178 2499 ut
3204 2452 3375 2513 terra,
3410 2446 3466 2501 id
3493 2453 3581 2502 est
3611 2465 3744 2519 pec-

462 2541 593 2594 Haec
623 2538 861 2593 Domino
888 2536 1146 2598 faciente,
1180 2534 1259 2587 illi
1288 2533 1447 2603 quasi
1478 2532 1546 2584 de
1576 2530 1856 2583 industria
1894 2535 1951 2582 et
1991 2546 2055 2582 ex
2138 2534 2394 2581 catorum
2428 2526 2626 2596 rubigo
2657 2537 2940 2586 exuratur.

460 2627 820 2683 contentione
849 2641 1012 2678 mane
1043 2626 1424 2676 surrexerunt.
1444 2625 1504 2672 ut
1524 2619 1820 2688 implerent
1852 2617 2056 2685 cogita—
2216 2638 2236 2667 α
2274 2617 2417 2680 Quia
2454 2625 2587 2674 tunc
2609 2622 2837 2675 reddam
2881 2621 3102 2692 populis
3131 2621 3341 2676 labium
3370 2624 3634 2691 electum,
3680 2634 3748 2681 ut

459 2716 639 2771 tiones
667 2732 816 2776 suas,
843 2714 940 2785 qui
972 2712 1238 2766 festinare
1279 2708 1590 2762 debuerant
1614 2714 1676 2759 ut
1706 2706 1956 2758 redirent
1984 2704 2052 2757 ad
2137 2712 2333 2759 vocent
2354 2724 2548 2762 omnes
2579 2709 2635 2781 in
2656 2710 2882 2763 nomine
2917 2711 3158 2770 Domini,
3190 2718 3247 2765 et
3276 2713 3525 2767 serviant
3550 2714 3601 2768 ei
3632 2715 3748 2769 hu-

456 2807 656 2869 Deum,
692 2811 935 2859 econtra
964 2802 1369 2856 festinaverunt
1388 2804 1451 2852 ut
1472 2797 1681 2849 malum
1698 2795 1842 2865 quod
1864 2800 2052 2847 mente
2137 2810 2291 2848 mero
2325 2813 2457 2850 uno.
2496 2816 2521 2850 ν
2552 2799 2714 2856 Tum.
2754 2799 2957 2869 inquit,
3004 2799 3061 2852 id
3092 2807 3179 2853 est
3214 2816 3339 2854 cum
3372 2802 3752 2872 deposuerint

457 2899 1023 2964 conceperant,opere
1040 2896 1291 2960 agerent.
1317 2888 1560 2941 Possunt
1573 2886 1686 2939 hzec
1710 2882 2051 2953 tropologice
2136 2900 2356 2937 errores
2377 2888 2764 2952 suos,reddam
2790 2888 2899 2941 illis
2915 2887 3121 2941 labium
3147 2889 3468 2951 electum,id
3483 2899 3569 2946 est
3585 2894 3749 2948 anti-

455 2982 653 3036 referri
684 2981 755 3034 ad
786 2979 1106 3041 Ecclesiam,
1140 2994 1261 3048 qua:
1310 2981 1462 3029 recte
1510 2980 1739 3027 vocatur
1767 2971 2047 3036 columba,
2074 3025 2113 3050 ρ
2136 2989 2307 3041 quum
2340 2975 2704 3029 confessionis
2737 2993 2873 3030 meae
2903 2977 3207 3050 eloquium.
3242 2979 3359 3032 Hoc
3388 2987 3579 3033 autem
3603 2982 3745 3046 erit,

455 3070 589 3139 quia
609 3069 890 3139 simplices
908 3074 966 3120 et
982 3066 1102 3120 sine
1127 3063 1518 3117 malitiahabet
1544 3062 1755 3115 ﬁdeles.
1786 3061 1894 3114 Sed
1918 3060 2052 3130 quia
2073 3060 2114 3083 υ
2134 3077 2258 3114 cum
2311 3065 2619 3117 secundum
2671 3067 2997 3135 Apostolum
3047 3066 3105 3119 in
3137 3067 3362 3121 nomine
3398 3070 3529 3124 Jesu
3567 3087 3746 3126 omne

454 3157 606 3211 intra
632 3173 756 3210 eam
788 3162 939 3219 sunt,
971 3154 1419 3225 quiconﬁtentur
1431 3167 1593 3204 nosse
1608 3167 1666 3202 se
1688 3148 2051 3212 Deum,factis
2131 3166 2279 3218 genu
2299 3152 2556 3206 ﬂectetur
2574 3155 3741 3226 caelestium,terrestrium,etinfernorum,

454 3252 645 3299 autem
685 3252 912 3315 negant,
948 3243 1140 3313 quales
1169 3247 1303 3294 sunt
1345 3238 1593 3292 haeretici
1626 3243 1682 3291 et
1714 3236 1842 3289 mali
1890 3236 2049 3290 Cliri-
2134 3246 2189 3291 et
2217 3241 2399 3295 omnis
2425 3243 2619 3312 lingua
2657 3245 2993 3297 conﬁteatur
3012 3245 3141 3315 quia
3166 3246 3437 3301 Dominus
3456 3250 3622 3303 Jesus
3647 3257 3742 3304 est

453 3334 640 3397 stiani,
679 3334 804 3387 ideo
829 3332 1035 3386 dicitur
1066 3349 1076 3384 :
1114 3348 1137 3381 α
1174 3329 1302 3383 Haec
1335 3344 1444 3380 non
1474 3325 1689 3379 audivit
1716 3341 1903 3377 vocem
1946 3325 2049 3377 Do-
2132 3329 2188 3382 in
2224 3331 2403 3398 gloria
2450 3332 2547 3385 Dei
2594 3333 2809 3386 Patris:
2840 3334 2943 3386 hoc
2973 3338 3059 3386 est
3096 3334 3245 3388 enim
3275 3352 3286 3386 :
3324 3354 3349 3387 ((
3385 3337 3651 3392 Serviant
3683 3340 3741 3393 ei

453 3425 650 3479 mini.»
670 3424 845 3494 Cujus
868 3422 1002 3475 mali
1026 3419 1302 3491 principes
1325 3416 1743 3486 etjudices,hoc
1764 3421 1849 3468 est
1864 3415 2051 3467 docto-
2130 3417 2367 3472 humero
2397 3436 2529 3483 uno,
2573 3441 2593 3469 »
2628 3421 2681 3475 id
2702 3428 2786 3475 est
2808 3423 2926 3492 pari
2942 3422 3449 3494 devotionejugum
3472 3426 3750 3481 domina-

452 3530 542 3568 res
564 3519 620 3567 et
650 3511 925 3582 magistri,
957 3509 1343 3563 assimilantur
1372 3504 1626 3558 leonibus
1657 3509 1715 3557 et
1756 3503 1899 3573 lupis
1925 3519 2050 3556 ves-
2130 3505 2300 3558 tionis
2332 3507 2451 3575 ejus
2482 3525 2668 3566 suave.
2693 3516 2749 3563 et
2775 3527 2916 3564 onus
2939 3512 3062 3579 ejus
3090 3512 3209 3565 leve
3238 3514 3643 3584 suscipientes.

449 3601 706 3671 pertinis.
742 3601 954 3653 Horum
990 3599 1123 3653 vias.
1155 3596 1208 3648 id
1253 3601 1338 3649 est
1370 3609 1566 3664 pravas
1607 3591 1853 3645 actiones
1884 3591 2050 3644 dissi-
2210 3613 2234 3643 (ι
2263 3594 2423 3648 Ultra
2448 3597 2683 3651 ﬁumina
2705 3598 2997 3669 {Ethiopian
3030 3600 3159 3653 inde
3176 3602 3453 3672 supplices
3469 3603 3599 3666 mei,
3638 3607 3755 3660 ﬁlii

451 3693 548 3758 pat
576 3687 867 3743 Dominus.
887 3694 943 3739 et
972 3684 1156 3747 urbes,
1191 3683 1245 3735 id
1271 3688 1355 3735 est
1383 3679 1776 3734 conﬁdentiam
1807 3694 1971 3748 quam
1994 3678 2052 3730 in
2136 3682 2515 3752 dispersorum
2549 3703 2799 3740 meorum
2823 3688 3076 3741 deferent
3107 3706 3310 3744 munus
3334 3691 3489 3745 mihi.
3522 3712 3546 3744 ))
3580 3693 3758 3749 Ordo

449 3780 635 3851 pravis
681 3776 1036 3848 dogmatibus
1088 3775 1313 3835 habent,
1362 3773 1629 3826 destruet.
1684 3771 1799 3824 Dab
1823 3777 1847 3823 t
1876 3771 2043 3824 etiam
2136 3770 2429 3824 verborum
2455 3780 2542 3826 est
2581 3792 2591 3825 :
2625 3774 2670 3828 Ο
2702 3775 2817 3827 ﬁlia
2849 3777 3228 3844 dispersorum
3272 3794 3544 3846 meorum,
3579 3782 3759 3837 ultra

443 3868 718 3938 judicium
737 3884 900 3921 suum
933 3866 988 3919 in
1020 3866 1221 3929 lucem,
1253 3862 1410 3915 ﬁnita
1441 3867 1600 3914 nocte
1632 3860 1797 3929 hujus
1828 3860 2039 3912 saeculi.
2129 3857 2670 3929 ﬂuxniianthiOpim
2692 3862 2947 3916 deferent
2968 3880 3189 3917 munus.
3230 3865 3425 3918 Filiam
3445 3866 3758 3937 disperso-

449 3957 519 4011 Et
558 3972 672 4010 non
720 3955 1092 4009 abscondetur
1115 3969 1239 4006 cum
1274 3951 1499 4019 exigere
1530 3948 1761 4018 cceperit
1798 3964 1828 4000 a
1868 3948 2041 4001 servis
2125 3961 2249 3998 rum
2284 3955 2443 4000 vocat
2468 3948 2844 4019 Synagogam,
2878 3951 3158 4020 quondam
3190 3953 3381 4017 ﬁliam,
3413 3971 3581 4025 quam
3606 3958 3751 4025 jam

447 4046 801 4100 commissam
835 4043 1223 4115 pecuniam,et
1241 4046 1378 4117 tunc
1398 4037 1821 4108 dissipabuntur
1850 4037 2043 4107 anguli
2124 4051 2265 4104 pene
2294 4036 2351 4088 in
2381 4042 2499 4090 toto
2530 4037 2663 4091 orbe
2701 4039 3059 4110 disperserat.
3113 4040 3213 4094 Est
3251 4048 3437 4096 autem
3468 4060 3687 4101 sensus
3729 4066 3746 4105 :

448 4135 727 4194 eorum,id
748 4141 832 4186 est
853 4148 1032 4202 pravae
1048 4131 1379 4198 voluptates,
1413 4143 1447 4179 a
1476 4125 1841 4179 rectoitinere
1870 4126 2042 4178 decli-
2126 4124 2171 4179 Ο
2202 4124 2398 4188 Israel,
2430 4144 2462 4180 ο
2493 4128 2791 4198 Synagoga
2820 4129 3100 4199 quondam
3124 4129 3255 4193 ﬁlia,
3290 4146 3438 4184 nunc
3467 4132 3755 4204 dispersa

449 4221 782 4276 nantes.Sed
801 4220 928 4273 licet
950 4220 1064 4272 haec.
1084 4218 1310 4273 faciant.
1345 4224 1534 4267 tamen
1556 4230 1666 4266 non
1691 4214 1898 4267 recedit
1937 4215 2043 4267 Do-
2125 4220 2182 4267 et
2205 4215 2504 4285 captivata,
2538 4217 2667 4270 licet
2699 4219 3053 4272 aemulatione
3073 4218 3356 4284 crucieris,
3391 4226 3448 4274 et
3467 4220 3751 4280 invideas

449 4309 635 4363 minus
667 4308 736 4361 ab
769 4325 854 4368 ea,
879 4307 975 4360 sed
997 4306 1263 4358 admonet
1282 4310 1343 4357 ut
1363 4303 1602 4355 timeant
1622 4318 1751 4355 eum
1779 4310 1836 4354 et
1865 4303 2040 4355 susci-
2064 4333 2107 4393 υ
2124 4303 2292 4359 saluti
2318 4304 2594 4373 gentium,
2621 4311 2809 4358 tamen
2848 4312 2904 4359 te
2934 4307 3161 4360 nolente
3184 4306 3253 4360 de
3282 4306 3569 4380 Ethiopia
3597 4313 3757 4375 (hoc

449 4398 609 4468 piant
636 4395 1008 4465 disciplinam.
1046 4394 1249 4447 Verum
1282 4392 1411 4462 quia
1436 4392 1626 4459 justus
1647 4396 1749 4451 est,
1777 4407 1887 4445 non
1917 4407 2042 4461 par-
2070 4392 2083 4393 ί
2125 4399 2227 4456 est,
2257 4392 2325 4445 de
2338 4393 2655 4462 gentilitate
2680 4394 2918 4463 peccatis
2948 4394 3110 4464 nigra
3139 4400 3196 4448 et
3215 4395 3548 4452 inﬁdelitate
3570 4405 3757 4457 tene-

446 4486 524 4540 cit
549 4485 922 4556 peccantibus,
948 4483 1044 4537 sed
1066 4482 1314 4535 restituit
1335 4481 1482 4551 quod
1514 4486 1822 4533 merentur.
2120 4479 2303 4545 brosa)
2323 4481 2576 4535 deferent
2604 4482 2741 4534 mihi
2769 4499 3021 4539 munera.
3048 4483 3116 4537 Et
3138 4500 3286 4537 nunc
3323 4485 3519 4556 regina
3550 4488 3752 4558 Saba,

525 4596 544 4623 α
584 4574 936 4645 QuaprOpter
962 4579 1222 4642 exspecta
1253 4587 1359 4633 me,
1394 4568 1529 4621 dicit
1558 4568 1848 4632 Dominus,
1868 4568 1922 4621 in
1947 4569 2038 4621 die
2119 4568 2172 4621 id
2204 4575 2288 4622 est
2313 4570 2567 4639 gentium
2613 4570 2877 4637 Ecclesia,
2930 4572 3116 4626 veniet
3156 4575 3351 4629 audire
3381 4575 3753 4645 sapientiam

442 4660 868 4717 resurrectionis
900 4659 1105 4714 mezein
1127 4656 1548 4727 futurum,quia
1554 4656 1824 4725 judicium
1848 4673 2035 4710 meum
2095 4656 2229 4709 .veri
2261 4658 2590 4712 Salomonis.
2613 4659 2757 4712 Hinc
2779 4666 2836 4713 et
2858 4659 3158 4715 Psalmista
3182 4681 3195 4715 :
3225 4684 3246 4714 ι
3266 4663 3553 4735 Ethiopia
3573 4683 3759 4737 prae-

441 4760 504 4807 ut
533 4768 868 4822 congregem
889 4757 1105 4821 gentes,
1140 4755 1197 4802 et
1219 4748 1479 4817 colligam
1510 4762 1700 4814 regna.
1732 4768 1753 4793 ι
1786 4746 2037 4799 ,ἱυάξείοῐ
2118 4746 2303 4800 veniet
2334 4763 2533 4800 manus
2574 4748 2693 4817 ejus
2727 4749 2859 4803 Deo.
2901 4770 2921 4799 ι
2954 4750 3214 4805 Flumina
3237 4752 3531 4825 Ethiopians
3554 4756 3755 4825 juxta

440 4842 617 4897 nostri
647 4840 1001 4912 judaizantes
1034 4838 1103 4892 ad
1128 4845 1385 4907 tempora
1406 4834 1737 4889 Antichristi
1764 4834 1867 4887 hoc
1890 4836 2033 4888 refe-
2118 4833 2364 4887 litteram
2396 4836 2585 4889 Nilum
2607 4837 2873 4907 dicit,qui
2899 4838 2957 4892 in
2984 4846 3197 4909 septem
3230 4841 3465 4895 ﬁumina
3484 4842 3748 4902 deduci-

439 4937 591 4985 runt.
638 4930 847 4983 Putant
894 4926 1042 4981 enim
1074 4925 1143 4978 ab
1172 4926 1268 4977 illo
1298 4923 1667 4977 coadunanda
1696 4940 1817 4976 esse
1846 4924 2034 4976 omnia
2117 4922 2619 4992 tur.Spiritualiter
2646 4926 2881 4979 ﬂumina
2900 4926 3197 4997 EthioPiaz
3222 4929 3413 4998 populi
3431 4936 3569 4984 sunt
3585 4950 3762 5002 gen-

440 5018 637 5074 mundi
663 5033 856 5087 regna,
880 5016 977 5069 sed
998 5029 1107 5067 uno
1130 5013 1248 5082 ejus
1275 5010 1532 5082 imperio,
1567 5017 1622 5064 et
1648 5017 1782 5064 tunc
1812 5027 1943 5076 una,
1978 5011 2034 5065 id
2116 5010 2278 5075 tium,
2312 5011 2405 5081 qui
2443 5011 2679 5066 Domino
2712 5013 2961 5069 victimas
3006 5016 3321 5085 gratiarum
3352 5024 3410 5071 et
3437 5020 3762 5082 sacriﬁcia

440 5115 525 5162 est
544 5107 778 5161 Hebraea
811 5104 1004 5173 lingua
1033 5118 1226 5155 omnes
1256 5100 1511 5153 homines
1541 5100 1841 5161 locuturos,
1887 5100 2034 5154 sicut
2114 5098 2244 5152 ﬁdei
2273 5115 2337 5152 ac
2361 5099 2545 5154 devoti
2577 5102 2817 5173 pectoris
2844 5103 3188 5158 detulerunt.

437 5204 569 5250 ante
600 5193 870 5248 diluvium
901 5191 1025 5243 fuit.
1053 5190 1167 5242 Nos
1191 5205 1338 5247 vero.
1371 5188 1598 5241 beatum
1626 5188 2028 5258 Hieronymum
2188 5207 2213 5241 α
2243 5187 2309 5242 In
2338 5189 2427 5242 die
2461 5209 2509 5252 λ),
2528 5190 2728 5260 inquit,
2748 5209 2773 5242 «
2799 5191 2914 5252 illa,
2936 5212 2956 5241 ι
2993 5193 3050 5246 id
3083 5200 3169 5247 est
3196 5195 3254 5248 in
3283 5200 3559 5266 tempore,
3581 5218 3757 5262 cum

435 5290 753 5355 sequentes,
796 5280 866 5332 ad
911 5285 1168 5347 tempora
1226 5277 1333 5329 ista
1388 5282 1696 5330 reteramus
1746 5275 2024 5332 Ecclesiae.
2108 5279 2362 5347 gentium
2395 5279 2696 5333 crediderit
2728 5280 3047 5346 multitudo,
3085 5300 3112 5334 α
3145 5299 3253 5336 non
3287 5284 3674 5346 confunderis
3716 5314 3752 5348 ι

440 5392 462 5423 ι
488 5373 759 5441 Exspecta
778 5384 866 5421 me
886 5367 1109 5436 iinquit)
1141 5366 1199 5418 in
1230 5366 1318 5418 die
1355 5367 1779 5418 resurrectionis
1812 5383 1967 5431 meaa,
1998 5387 2020 5415 ι
2108 5374 2188 5425 tu,
2222 5384 2254 5420 o
2286 5368 2399 5421 ﬁlia
2442 5368 2821 5437 dispersorum
2864 5386 3140 5424 meorum.
3197 5378 3239 5424 «⁵
3269 5373 3451 5443 Super
3487 5385 3757 5441 cunctis

433 5462 490 5517 id
521 5468 606 5514 est
649 5474 901 5530 praepara
944 5462 999 5509 te
1044 5455 1116 5507 ad
1148 5462 1370 5525 tempus
1401 5454 1825 5507 resurrectionis
1867 5471 2021 5508 meai.
2108 5456 2594 5509 adinventionibus
2615 5457 2965 5527 tuis,quibus"
2978 5460 3342 5529 praevaricata
3365 5478 3424 5516 es
3442 5462 3502 5516 in
3534 5481 3675 5533 me,
3716 5494 3754 5528 ι)

432 5552 575 5611 Cum
604 5548 757 5606 enim
785 5553 914 5622 post
940 5551 1169 5621 peccata
1191 5551 1247 5600 et
1271 5543 1423 5609 vitia,
1442 5559 1566 5619 quae
1586 5552 1721 5598 sunt
1739 5559 1891 5598 mors
1908 5544 2026 5599 ani-
2106 5544 2362 5615 eligendo
2418 5544 2747 5614 Barabbam,
2798 5552 2856 5602 et
2900 5546 3002 5603 Dei
3030 5548 3236 5606 Filium
3273 5551 3690 5624 cruciﬁgendo
3735 5582 3753 5620 ;
