3926 6164
228 234 321 293 209
1086 239 1504 295 ENARRATIO
1544 242 1620 296 IN
1663 238 2090 295 SOPHONIAM
2126 237 2587 295 PROPHETAM.
3371 233 3477 289 ‘2l0

224 378 247 415 ε
274 360 408 425 Quia
435 366 574 416 tunc
600 363 853 417 auferam
873 363 943 417 de
973 362 1156 417 medio
1178 364 1257 418 tui
1284 366 1669 437 magniloquos
1699 383 1794 419 su-
1815 369 1857 422 Α
1884 362 2068 416 medio
2093 369 2347 416 nostrum
2390 362 2700 423 habitante,
2749 376 2859 413 non
2900 358 3225 413 timebimus
3256 357 3472 432 malum

222 450 407 522 perbiae
426 456 557 514 tuae,
589 471 610 500 ι
625 452 681 505 id
704 458 792 506 est
813 452 1119 506 Pharisaaos
1147 460 1204 505 et
1233 453 1460 515 scribas,
1482 456 1593 507 sive
1614 472 1799 508 sacer-
1882 451 2050 503 ultra.

220 540 377 597 dotes.
418 556 631 608 magna
660 546 857 594 contra
878 541 1173 593 Dominum
1204 542 1515 611 loquentes.
1546 563 1567 593 ι
1596 544 1662 596 Et
1690 561 1799 597 non
1956 557 1979 589 ι
2008 539 2062 591 1η
2081 538 2171 591 die
2194 538 2288 590 illa
2308 537 2526 590 dicetur
2561 534 2905 588 Hierusalem
2935 533 3088 587 :Noli
3112 534 3333 587 timere.
3359 553 3381 583 ι
3409 535 3472 588 In

220 628 428 697 adjicies
457 628 692 682 exaltari
717 630 957 699 amplius
981 628 1038 682 in
1070 636 1261 682 monte
1283 638 1475 684 sancto
1509 648 1651 691 meo,
1692 652 1715 682 ι)
1742 633 1797 685 id
1880 625 1969 679 die
1990 627 2103 687 illa.
2140 626 2243 678 hoc
2274 632 2361 677 est
2396 626 2452 678 in
2489 624 2599 677 ﬁne
2631 622 2834 680 833011ιὶ.
2869 623 3091 675 dicetur
3115 622 3184 674 ad
3217 622 3479 677 Hierusa-

219 715 367 769 estin
395 715 644 769 Ecclesia
669 716 1210 785 ﬁdelium,jactando
1234 723 1290 771 te
1311 718 1617 787 degeneris
1644 720 1799 772 ηοω-
1878 714 1987 766 lem
2019 712 2249 766 liberam
2278 717 2598 766 sanctorum
2633 717 2891 776 matrem,
2922 710 3007 764 vel
3039 710 3110 763 ab
3134 710 3350 779 angelis
3390 713 3474 765 vel

218 805 354 857 litate
399 810 459 857 et
503 804 775 858 electione
804 810 1048 874 patrum.
1083 805 1199 859 Hoc
1235 811 1423 858 autem
1471 806 1680 860 factum
1708 814 1793 860 est
1873 819 1909 855 a
1952 801 2163 871 Spiritu
2195 807 2405 865 sancto,
2451 818 2477 851 (ι
2514 800 2641 853 Noli
2686 799 2901 852 timere.
2955 819 2977 849 ι
3027 798 3254 852 Dicetur
3299 804 3357 851 et
3401 799 3472 851 ad

216 890 418 961 quando
451 898 580 962 post
606 894 1075 947 resurrectionem
1107 894 1328 947 Domini
1359 895 1790 965 praedicantibus
1877 908 1900 939 ε
1946 890 2096 953 Sion,
2142 908 2167 941 ν
2201 888 2257 941 id
2298 895 2384 942 est
2425 889 2605 959 ipsam
2653 888 2973 949 Εεϐιθείειω.
3024 888 3204 941 Deum
3233 886 3472 940 feliCitel‘

214 979 463 1050 apostolis
486 996 598 1034 una
635 981 728 1034 die
768 981 1130 1035 crediderunt
1168 981 1279 1035 tria
1330 983 1523 1039 millia.
1557 984 1667 1037 alia
1698 984 1789 1038 die
1872 979 2281 1048 speculantem:
2310 1003 2324 1025 ι
2362 978 2487 1031 Non
2504 977 2878 1030 dissolvantur
2903 992 3103 1029 manus
3130 981 3261 1039 tuae,
3293 993 3314 1025 ι
3337 976 3471 1047 quia

214 1067 441 1138 quinque
460 1069 653 1123 millia.
670 1070 1002 1140 etdeinceps
1024 1062 1203 1124 multa
1222 1069 1601 1134 millia,multa
1619 1073 1788 1126 etiam
1871 1081 2228 1136 neqanUam
2274 1065 2597 1136 Operaberis
2642 1065 2792 1118 ultra
2830 1064 2978 1132 quod
3022 1069 3079 1117 te
3121 1063 3319 1116 fecisse
3350 1078 3470 1133 pm-

211 1154 354 1209 turba
380 1157 741 1211 sacerdotum
769 1158 1066 1212 obediebat
1093 1158 1240 1212 ﬁdei.
1870 1154 2066 1208 niteat.
2115 1155 2183 1208 Et
2230 1155 2377 1207 unde
2416 1155 2468 1207 ei
2512 1158 2671 1206 tanta
2718 1152 3010 1215 securitas,
3053 1151 3301 1205 ostendit
3339 1151 3465 1204 sub-

272 1261 296 1295 ‹
320 1243 385 1296 Et
406 1244 867 1315 derelinquamin
889 1246 1163 1300 mediotui
1183 1246 1448 1317 populum
1480 1264 1785 1317 pauperem
1868 1242 2006 1295 dens
2049 1260 2059 1293 τ

208 1336 608 1400 εἴθεθηιιωμεῐ
632 1333 939 1403 sperabunt
966 1334 1023 1387 in
1052 1334 1511 1389 nomineDomini
1534 1336 1783 1406 reliquiae
1941 1349 1968 1380 οι
2014 1330 2285 1384 Dominus
2322 1331 2472 1383 Deus
2510 1333 2641 1381 tuus
2677 1328 2737 1381 in
2775 1327 2958 1380 medio
2998 1326 3100 1386 tui,
3140 1326 3301 1379 fortis
3342 1326 3463 1397 ipse

208 1419 374 1471 Israel.
411 1442 435 1466 ι
473 1421 613 1474 Cum
644 1421 942 1475 abstulerit
972 1422 1242 1476 Dominus
1268 1423 1657 1494 magniloquos
1684 1442 1780 1478 su-
1863 1418 2104 1472 salvabit
2138 1438 2161 1469 r
2185 1424 2259 1472 te.
2291 1436 2315 1470 α
2356 1416 2635 1471 Οἱὶυίὶίιὺίῐ
2677 1432 2844 1485 super
2888 1421 2944 1468 te
2988 1414 3045 1467 in
3087 1413 3301 1477 laetitia,
3344 1430 3374 1464 ι
3408 1419 3467 1466 et

205 1506 386 1578 perbize
405 1507 481 1561 de
499 1525 668 1563 manu
688 1510 876 1580 populi
897 1510 1487 1581 sui.derelinquentur
1507 1529 1780 1582 pauperes
1868 1525 1889 1556 α
1925 1506 2113 1559 silebit
2143 1528 2163 1554 ι·
2203 1523 2315 1560 non
2347 1512 2613 1575 reputans
2644 1504 2746 1556 tibi
2797 1508 3021 1573 peccata
3063 1509 3179 1555 tua.
3213 1519 3239 1554 cr
3281 1502 3345 1555 In
3383 1501 3465 1554 di-

205 1596 683 1665 etegeni,apostoli
707 1597 960 1650 videlicet
981 1598 1779 1661 illitteratihoiuines,etnu|lis
1861 1594 2099 1647 lectione
2135 1600 2250 1657 tua.
2290 1615 2310 1642 ι
2346 1594 2403 1647 id
2434 1599 2538 1655 est.
2588 1592 2644 1645 in
2684 1591 2977 1652 charitate.
3026 1607 3137 1660 qua
3182 1595 3237 1643 te
3284 1590 3463 1659 gratis

202 1683 373 1736 mundi
428 1683 632 1754 Opibus
659 1684 804 1748 fulti,
843 1692 906 1741 et
951 1686 1057 1756 ipsi
1104 1687 1410 1757 sperabunt
1451 1688 1509 1741 in
1554 1666 2071 1743 nomineBdilexit.
2104 1702 2124 1731 ε
2165 1683 2231 1735 Et
2259 1677 3089 1748 exsultabitsuperteinlaude,
3120 1698 3142 1724 ι
3169 1677 3253 1730 vel
3270 1694 3383 1747 qua
3407 1684 3461 1731 te

202 1770 422 1824 Domini.
463 1772 574 1842 ipsi
602 1773 753 1826 enim
791 1780 924 1827 sunt
968 1775 1216 1845 reliquiae
1263 1777 1456 1837 Israel.
1483 1777 1552 1830 de
1578 1778 1780 1847 quibus
1861 1767 2028 1821 laUde
2058 1769 2285 1837 dignam
2308 1768 2458 1830 feeit.
2483 1768 2565 1820 Vel
2593 1781 2705 1836 qua
2735 1772 2796 1817 tu
2824 1781 2952 1817 eum
2982 1764 3313 1818 θκευῖωηάο
3340 1766 3461 1819 lall-

202 1857 354 1912 Isaias
384 1877 396 1911 :
422 1877 453 1909 a
481 1861 748 1929 Reliquiae
776 1862 939 1915 salvae
978 1863 1146 1915 ﬁent:
1176 1883 1196 1912 ι
1217 1864 1310 1917 Ha:
1341 1865 1587 1934 reliquiae
1612 1887 1632 1917 σ
1667 1883 1779 1921 non
1861 1855 2038 1911 dabis-

201 1947 378 2000 facient
406 1947 793 2017 iniquitatem,
833 1966 937 2002 nec
974 1950 1276 2020 loquentur
1306 1970 1327 2000 ι
1362 1960 1555 2005 contra
1586 1953 1777 2007 Domi-
1938 1962 1962 1995 α
1996 1944 2186 2011 Nugas
2208 1942 2300 2012 (Illi
2323 1959 2354 1995 ³
2382 1943 2503 2011 lege
2532 1945 2876 1995 recesserant
2890 1940 3259 2009 congregabO.
3294 1959 3319 1991 ν
3352 1940 3457 1994 hoc

200 2051 352 2088 nume
383 2037 769 2101 mendacium,
799 2044 857 2091 et
884 2054 994 2091 non
1024 2038 1339 2091 invenietur
1366 2039 1422 2090 in
1455 2057 1550 2092 ore
1582 2058 1776 2094 eorum

200 2125 368 2194 lingua
382 2126 606 2189 dolosa,
639 2150 658 2174 ι
687 2133 750 2180 ut
763 2128 915 2180 aliud
934 2126 1113 2179 verbis
1136 2134 1412 2195 promant,
1437 2128 1590 2181 aliud
1612 2130 1779 2183 corde

201 2214 579 2267 machinentur
620 2232 631 2265 :
672 2232 694 2264 ι
739 2214 1001 2282 quoniam
1051 2214 1155 2283 ipsi
1204 2222 1503 2283 pascentur
1549 2237 1571 2266 ι
1606 2218 1778 2271 divini

198 2294 339 2353 verbi‘
362 2301 593 2369 pabulo,
641 2304 698 2352 et
743 2305 1007 2369 poterunt
1035 2301 1219 2354 dicere
1264 2319 1390 2355 cum
1432 2303 1727 2357 Psalmista
1762 2324 1773 2357 :

202 2406 219 2435 ι
249 2387 511 2440 Dominus
532 2387 836 2457 pascitme,
862 2394 918 2441 et
938 2388 1079 2441 nihil
1101 2388 1235 2441 mihi
1252 2389 1447 2443 deerit.
1479 2408 1505 2441 »
1537 2411 1557 2441 ι
1588 2392 1653 2444 Et
1681 2408 1778 2445 ac-

197 2474 458 2528 cubabunt
476 2492 731 2540 asecure,
759 2476 1112 2545 requiescent
1148 2477 1203 2529 in
1246 2478 1464 2547 pascuis
1498 2479 1769 2533 Ecclesiae

200 2581 220 2612 ι
236 2569 285 2616 et
303 2579 408 2616 non
424 2563 542 2616 erit
562 2580 684 2634 quae
715 2570 992 2617 exterreat
1016 2585 1041 2615 ι)
1070 2583 1081 2617 :
1109 2565 1217 2618 ﬁde
1239 2566 1585 2619 credentium
1605 2584 1774 2638 supe-

194 2658 333 2704 rante
359 2668 591 2705 omnem
619 2657 1041 2722 persecutorum
1077 2653 1364 2707 szevitiam.
1385 2655 1625 2710 Possunt
1659 2657 1777 2710 haec

194 2745 242 2793 et
259 2740 319 2793 ad
351 2740 667 2793 secundum
697 2740 891 2793 referri
911 2741 1133 2795 Domini
1155 2743 1481 2805 adventum,
1505 2760 1631 2797 cum
1662 2745 1774 2814 iam

193 2830 529 2883 evacuaverit
557 2845 782 2882 omnem
810 2829 1186 2901 principatum
1236 2837 1293 2883 et
1332 2838 1686 2901 potestatem,
1718 2839 1776 2888 et

1860 2038 1964 2089 est,
1991 2032 2217 2084 inutiles
2241 2039 2298 2084 et
2324 2032 2497 2096 leves,
2517 2030 2611 2099 qui
2645 2032 2824 2098 legem
2850 2029 3455 2098 praevaricandoasinu

1860 2124 1959 2170 tuo
1990 2126 2354 2179 recesserant,
2389 2117 2758 2186 congregabo.
2787 2136 2812 2167 ι
2842 2117 2983 2180 Quia
3013 2133 3079 2169 ex
3107 2123 3164 2169 te
3194 2122 3374 2181 erant,
3393 2123 3457 2177 ut

1861 2204 2010 2256 ultra
2037 2221 2147 2257 non
2176 2204 2382 2258 habeas
2410 2221 2580 2274 super
2608 2204 2689 2257 eis
2718 2203 3098 2273 cpprobrium,
3132 2222 3157 2255 »
3182 2209 3238 2257 et
3256 2220 3458 2257 secun-

1860 2290 1992 2342 dum
2012 2293 2339 2360 Apostolum
2365 2308 2475 2345 non
2494 2291 2702 2361 repulit
2715 2292 2859 2344 Deus
2876 2290 3090 2360 plebem
3109 2306 3268 2344 suam
3287 2307 3457 2361 quam

1860 2378 2151 2446 praescivit.
2204 2380 2315 2431 Hos
2357 2396 2491 2448 ergo
2530 2378 2879 2448 congregabo
2910 2384 2965 2431 et
2994 2378 3256 2432 reducam
3285 2381 3353 2433 ad
3377 2385 3453 2446 te,

1858 2465 2103 2518 liberans
2131 2482 2227 2519 eos
2247 2467 2315 2519 de
2346 2473 2619 2536 potestate
2639 2468 2975 2530 daemonum,
2998 2472 3064 2519 ut
3081 2483 3192 2520 non
3214 2468 3457 2538 amplius

1859 2553 1928 2606 de
1953 2570 2148 2606 eorum
2186 2556 2499 2624 perditione
2542 2556 2820 2608 sustineas
2863 2555 3455 2624 opprobriumScnen-

1858 2641 1991 2693 dum
2024 2657 2204 2711 nugas
2251 2642 2548 2696 Hebraeum
2593 2660 2712 2696 esse
2758 2642 3010 2706 verbum,
3044 2643 3193 2712 apud
3226 2643 3454 2696 Latinos

1858 2731 2148 2784 usitatum.
2182 2731 2341 2785 Unde
2370 2731 2512 2784 scire
2543 2747 2836 2800 possumus
2870 2729 3161 2784 Hebraeam
3201 2731 3451 2799 linguam

1856 2826 2099 2872 matrem
2134 2836 2254 2873 esse
2284 2820 2534 2873 omnium
2567 2819 2909 2888 linguarum.

191 2934 299 2971 cum
320 2918 625 2971 novissime
645 2917 930 2971 destructa
946 2918 1354 2972 fueritinimica
1374 2923 1775 2990 mors,quando
1796 2928 1840 2986 ί]
1929 2924 1955 2957 α
1994 2907 2128 2960 Ecce
2156 2924 2260 2977 ego
2288 2907 2617 2960 ίηῐθτθείθιη
2642 2923 2835 2959 omnes
2860 2905 3288 2977 qniamixemnt
3307 2911 3364 2960 te
3394 2908 3455 2961 ίη

191 3006 329 3060 electi
358 3007 529 3060 liberi
573 3006 645 3059 ab
694 3005 847 3059 omni
897 3007 1253 3076 corruptione
1283 3013 1340 3061 et
1369 3016 1524 3062 metu
1556 3011 1769 3075 mortis,

190 3095 519 3150 accubabunt
552 3096 737 3149 securi
767 3095 823 3148 in
854 3097 1075 3166 pascuis
1108 3096 1282 3150 beatae
1321 3097 1547 3151 visionis
1580 3099 1695 3152 Dei.

250 3201 274 3236 ι
298 3184 509 3245 Lauda,
542 3185 659 3237 ﬁlia
688 3184 1036 3253 Sion,jubila
1056 3205 1081 3234 ι)
1102 3192 1183 3247 tu,
1213 3205 1238 3237 α
1262 3186 1450 3239 Israel.
1480 3185 1695 3240 Lietare
1716 3193 1773 3241 et

190 3273 377 3326 exsulta
392 3278 447 3327 in
470 3271 637 3326 omni
657 3272 844 3336 corde,
868 3273 981 3325 ﬁlia
1008 3273 1384 3326 Hierusalem:
1411 3295 1433 3323 υ
1458 3274 1594 3327 Filia
1613 3275 1767 3341 Sion,

188 3368 355 3415 sancta
387 3368 473 3415 est
519 3361 828 3414 electorum
868 3360 1128 3420 Ecclesia.
1153 3379 1274 3432 quae
1304 3362 1359 3415 in
1390 3363 1633 3432 Specula,
1670 3364 1773 3418 hoc

188 3456 272 3509 est,
301 3451 355 3503 in
384 3444 871 3518 contemplatione
898 3450 1119 3503 Domini
1147 3450 1417 3503 consistit.
1453 3452 1606 3504 Hanc
1638 3453 1773 3505 allo-

189 3537 352 3607 quitur
371 3538 623 3609 Spiritus
644 3543 889 3601 sanctus,
906 3544 966 3591 ut
987 3538 1178 3590 laudet
1197 3544 1249 3590 et
1264 3539 1477 3606 gratias
1493 3547 1627 3607 agat
1650 3541 1769 3609 regi

190 3621 338 3678 Israel
378 3627 614 3679 Christo
648 3625 906 3687 Domino,
953 3625 1047 3694 qui
1092 3641 1212 3677 eam
1262 3626 1519 3687 redemit.
1562 3627 1769 3698 quique

190 3709 340 3767 factus
367 3721 452 3767 est
480 3714 535 3767 ei
562 3730 599 3766 a
633 3714 744 3766 Deo
765 3713 989 3782 justitia
1010 3718 1067 3766 et
1080 3713 1445 3767 sanctiﬁcatio
1468 3721 1523 3768 et
1547 3716 1767 3769 redem-

188 3802 298 3869 ptio.
315 3804 437 3873 Ipsa
451 3804 632 3857 etiam
655 3809 741 3855 est
760 3802 875 3855 tilia
890 3802 1390 3873 Hierusalem,quae
1410 3803 1559 3857 videt
1582 3821 1767 3858 veram

188 3905 373 3958 pacem,
399 3892 537 3962 quia
573 3891 927 3943 Hierusalem
954 3890 1089 3943 visio
1141 3890 1288 3956 pacis
1334 3891 1757 3962 interpretatur.

190 3978 241 4030 Et
262 3996 493 4049 praesens
525 3978 777 4033 Ecclesia
812 3979 925 4031 ﬁlia
958 3984 1043 4032 est
1067 3979 1234 4036 illius.
1273 3996 1393 4049 quae
1423 3997 1647 4033 sursum
1679 3988 1765 4034 est

191 4064 540 4131 Hierusalem,
578 4083 705 4137 qua:
735 4073 819 4119 est
845 4073 1024 4120 mater
1053 4075 1261 4121 nostra.
1278 4069 1468 4121 Monet
1488 4085 1621 4138 ergo
1641 4086 1764 4123 eam

189 4161 239 4205 ut
261 4157 510 4219 exsultet,
564 4171 684 4208 non
735 4154 1111 4224 qualicunque
1154 4156 1546 4216 exsultatione,
1581 4157 1678 4209 sed
1708 4157 1766 4210 in

1854 2998 2106 3063 tempore
2129 2995 2244 3060 illo,
2282 3001 2338 3047 et
2367 2995 2589 3048 salvabo
2617 2994 3046 3055 claudicantem,
3082 3002 3138 3048 et
3163 3011 3286 3048 eam
3325 3011 3447 3066 qua:

1855 3083 2033 3150 ejecta
2061 3083 2265 3145 fuerat,
2306 3083 2679 3153 congregabo.
2706 3106 2731 3131 ι»
2754 3086 2964 3154 Aperta
2995 3082 3450 3153 Spiritus-sancti

1854 3171 2161 3224 consolatio
2184 3172 2253 3224 ad
2274 3171 2571 3224 Ecclesium
2584 3172 3039 3241 generaliter,vel
3053 3171 3456 3242 specialiterad

1852 3273 2023 3310 unam
2042 3275 2323 3329 quamque
2345 3259 2564 3312 ﬁdelem
2589 3259 3024 3313 animam.Multi
3047 3258 3193 3313 enim
3210 3258 3453 3329 suntqui

1854 3348 1941 3399 vel
1961 3352 2135 3400 totam
2160 3348 2482 3407 Eeclesiam,
2502 3349 2586 3400 vel
2607 3355 2857 3402 sanctam
2890 3363 3171 3418 quamque
3202 3346 3452 3401 animam

1854 3434 2303 3504 improperantes
2333 3443 2390 3489 et
2417 3436 2735 3500 irridentes,
2785 3453 2912 3489 cum
2963 3436 3151 3489 vident
3202 3436 3451 3506 aliquem

1855 3523 2030 3576 virum
2063 3532 2317 3577 sanctum
2342 3542 2463 3595 quae
2487 3526 2823 3579 mundisunt
2841 3539 3107 3594 spernere
3129 3530 3184 3576 et
3204 3524 3453 3578 coelestia

1851 3623 2132 3681 appetere.
2173 3612 2365 3665 Solent
2385 3615 2534 3666 enim
2568 3614 2753 3667 dicere
2778 3633 2789 3666 :
2820 3612 3059 3666 Insanus
3089 3616 3194 3677 est,
3218 3627 3328 3665 non
3371 3612 3452 3666 sic

1848 3700 1985 3752 vivit
2014 3708 2075 3753 ut
2128 3716 2249 3764 nos,
2304 3709 2608 3755 conventus
2664 3702 2955 3755 hominum
3003 3701 3163 3771 fugit,
3220 3699 3451 3754 delicias

1848 3788 2041 3840 mundi
2072 3788 2303 3858 spernit,
2329 3795 2386 3843 et
2399 3797 2596 3843 caetera
2614 3791 2952 3859 hujusmodi.
2976 3789 3083 3853 Qui
3105 3806 3235 3843 vero
3249 3788 3453 3843 inﬁde.

1847 3875 1928 3928 les
1943 3882 2075 3929 sunt
2113 3878 2550 3947 exprobrantilli
2571 3894 2790 3931 crucem
2828 3878 3054 3939 Christi,
3098 3883 3155 3930 et
3184 3878 3309 3930 siin
3349 3877 3452 3930 ali-

1847 3979 1959 4033 qua
1992 3981 2120 4016 eum
2151 3964 2393 4018 viderint
2425 3965 2755 4029 tentatione,
2782 3966 2986 4019 dicitur
3018 3967 3164 4034 quod
3187 3970 3245 4018 et
3262 3964 3449 4018 Tobiae

1847 4058 2039 4105 sancto
2067 4052 2361 4123 propinqui
2393 4054 2653 4106 dicebant
2687 4071 2697 4104 :
2737 4071 2762 4103 «
2806 4052 2910 4107 Ubi
2955 4060 3088 4106 sunt
3113 4052 3344 4121 justitiae
3391 4060 3450 4107 et

1848 4140 2213 4211 eleemosyme
2243 4157 2382 4211 quas
2407 4141 2686 4195 faciebas?
2722 4160 2746 4192 ι
2764 4140 3062 4194 Pollicetur
3090 4156 3224 4209 ergo
3254 4140 3445 4192 Domi-

191 4244 318 4295 omni
343 4244 529 4298 corde.
568 4243 642 4297 Et
670 4258 839 4295 causa
854 4242 1113 4296 subditur
1149 4259 1323 4313 quare
1355 4244 1534 4297 laetari
1564 4244 1952 4324 debeatDml?
1974 4230 2042 4281 de
2068 4229 2276 4324 ἴξιὶὶδῠξ
2305 4247 2363 4324 se
2395 4229 2672 4283 facturum
2725 4229 3024 4324 vindictam
3062 4247 3089 4324 :7
3113 4248 3137 4324 «ν
3174 4229 3332 4324 Ecce,
3368 4229 3449 4281 in-

192 4335 236 4382 et
258 4334 527 4387 exsultare
566 4351 579 4384 :

249 4422 271 4453 ί
306 4404 551 4458 Abstulit
581 4403 857 4457 Dominus
892 4403 1166 4473 judicium
1210 4409 1393 4468 tuum,
1433 4404 1634 4457 avertit
1663 4404 1766 4458 ini-

191 4489 335 4544 micos
378 4498 508 4547 tuos
563 4508 662 4545 rex
708 4493 900 4545 lsrael.
954 4512 973 4541 ι
1023 4494 1135 4545 Hoc
1184 4498 1268 4545 est
1318 4493 1759 4557 damnationem,

190 4580 382 4646 quando
408 4581 636 4635 remisit
677 4580 1033 4649 iniquitatem
1082 4581 1257 4650 plebis
1298 4597 1431 4645 suae,
1473 4597 1599 4634 cum
1638 4598 1762 4635 eam

190 4667 397 4723 redemit
422 4670 678 4741 pretioso
707 4669 983 4737 sanguine
1014 4686 1134 4722 suo.
1154 4670 1378 4723 Plenius
1402 4687 1532 4723 vero
1548 4670 1763 4723 ablatu-

188 4770 267 4808 rus
286 4759 438 4812 estin
468 4758 666 4812 saeculi
688 4758 1172 4811 consummatione
1186 4759 1459 4826 judicium
1478 4760 1619 4828 ejus,
1635 4776 1761 4813 cum

188 4858 289 4897 eam
306 4847 539 4906 redimet
568 4846 639 4900 de
667 4846 923 4911 interitu,
948 4852 1005 4899 et
1023 4846 1409 4900 corroborabit
1449 4848 1505 4900 in
1541 4848 1761 4901 miseri-

188 4933 363 4989 cordia.
395 4939 629 4989 Avertet
668 4951 890 5004 quoque
922 4933 1198 4999 inimicos,
1218 4935 1275 4987 id
1300 4941 1385 4989 est
1403 4953 1599 4989 omnes
1632 4953 1759 5006 per-

189 5029 457 5089 secutores,
488 5024 610 5077 sive
638 5023 810 5077 etiam
847 5021 1043 5076 turbas
1088 5023 1427 5085 daemonum,
1460 5025 1760 5095 omniaque

189 5108 288 5173 paci
313 5118 530 5166 :eternm
561 5112 768 5182 quietis
793 5111 1091 5163 contraria.
1132 5129 1157 5162 α
1190 5110 1460 5165 Dominus
1488 5112 1547 5165 in
1578 5114 1761 5166 medio

193 5196 274 5257 tui,
299 5214 401 5251 non
428 5200 660 5253 timebis
706 5200 916 5252 malum
965 5200 1131 5253 ultra.
1184 5219 1207 5252 ι)
1250 5200 1373 5269 Ipse
1418 5201 1565 5254 enim
1598 5202 1757 5265 dixit,

198 5304 215 5326 ι
249 5284 562 5341 lnhabitabo
595 5288 651 5341 in
682 5288 810 5350 illis,
847 5295 903 5340 et
928 5288 1077 5340 inter
1119 5288 1242 5341 illos
1282 5289 1597 5343 ambulabo.
1642 5311 1663 5341 ι
1698 5293 1764 5345 Et

196 5368 290 5439 ipse
304 5374 468 5429 Filius
490 5378 791 5447 promittit,
826 5376 1015 5429 dicens
1052 5395 1062 5428 :
1093 5376 1416 5434 Veniemus.
1439 5385 1494 5431 et
1526 5379 1764 5432 mansio-

196 5473 297 5513 nem
324 5466 468 5534 apud
515 5482 650 5519 eum
677 5465 965 5520 faciemus.
999 5464 1099 5518 illo
1136 5482 1269 5534 ergo
1310 5467 1598 5521 nobiscum
1625 5476 1683 5521 et
1704 5468 1763 5521 in

1847 4317 2062 4385 quiens,
2090 4318 2420 4371 interficiam
2449 4335 2642 4371 omnes
2667 4318 2761 4388 qui
2779 4317 3102 4371 aﬂlixerunt
3126 4323 3180 4370 te
3210 4316 3265 4369 in
3290 4320 3449 4370 tem-

1846 4421 1981 4474 pore
2012 4406 2124 4470 illo,
2155 4413 2211 4460 et
2248 4407 2470 4460 salvabo
2507 4407 2934 4473 claudicantem,
2976 4424 3005 4455 ν
3039 4406 3154 4459 sive
3173 4405 3445 4458 afﬂictam

1848 4494 2169 4560 Ecclesium,
2204 4497 2286 4548 vel
2332 4497 2551 4549 ﬁdelem
2594 4496 2859 4561 animam,
2912 4512 3033 4565 quae
3078 4495 3137 4547 in
3184 4493 3447 4564 praesenti

1848 4584 1976 4637 vita.
2003 4583 2207 4636 diaboli
2232 4585 2313 4637 vel
2333 4585 2709 4637 membrorum
2735 4585 2857 4653 ejus
2887 4583 3271 4652 persecutione
3294 4599 3445 4652 pres-

1847 4687 1928 4737 sa,
1974 4679 2137 4724 nutat
2187 4672 2335 4725 inter
2377 4673 2648 4743 procellas
2685 4671 2890 4733 saeculi,
2940 4687 3064 4723 cum
3113 4677 3305 4723 tamen
3334 4671 3444 4724 ﬁxo

1842 4760 2021 4833 gradu
2055 4766 2111 4812 et
2152 4760 2328 4813 solido
2376 4778 2575 4830 gressu
2612 4760 2739 4813 ﬁdei
2788 4758 3053 4811 ambulet.
3104 4759 3261 4811 Hanc
3308 4774 3442 4828 ergo

1845 4849 2250 4902 claudicantem
2275 4856 2331 4901 et
2348 4850 2611 4901 afﬂictam
2634 4846 2893 4911 salvabit,
2926 4854 2983 4899 et
3011 4846 3288 4915 abjectam
3315 4863 3445 4901 con-

1840 4936 2113 5006 gregabit.
2141 4938 2371 5005 Abjecta
2407 4937 2610 5005 quippe
2642 4942 2698 4989 et
2734 4936 2997 4998 Ecclesia,
3021 4934 3237 5005 abjecta
3259 4936 3443 4991 omnis

1842 5025 2022 5078 ﬁdelis
2054 5025 2243 5078 anima
2273 5024 2421 5094 apud
2452 5023 2640 5077 saeculi
2690 5030 2992 5087 amatores,
3032 5031 3095 5077 ut
3136 5024 3445 5094 saepissime

1843 5113 1899 5166 in
1935 5114 2161 5182 psalmis
2190 5113 2365 5165 sancti
2398 5120 2712 5182 queruntur
2740 5119 2794 5166 et
2823 5113 3017 5166 dicunt
3042 5113 3227 5166 :Nunc
3249 5118 3443 5166 autem

1844 5202 2096 5271 repulisti
2128 5210 2185 5255 et
2212 5201 2512 5254 confudisti
2565 5217 2685 5254 nos.
2720 5202 2835 5254 Nec
2882 5202 3107 5265 mirum,
3141 5217 3266 5255 cum
3321 5202 3442 5271 ipse

1846 5308 2066 5360 quoque
2088 5291 2182 5344 Dei
2208 5290 2378 5343 Filius
2393 5307 2456 5343 ex
2482 5299 2639 5360 parte
2660 5290 3029 5344 humanitatis
3057 5290 3206 5343 dicat
3239 5290 3393 5342 Patri
3427 5308 3439 5342 :

1844 5380 1925 5432 Tu
1978 5395 2102 5431 vero
2136 5379 2387 5448 repulisti
2418 5387 2473 5432 et
2502 5379 2823 5449 despexisti.
2858 5378 3123 5431 distulisti
3157 5376 3443 5430 Christum

1844 5473 2024 5539 tuum.
2062 5485 2090 5519 ι
2118 5467 2186 5521 Et
2211 5483 2417 5538 ponam
2446 5484 2540 5522 eos
2562 5469 2622 5523 in
2651 5468 2895 5533 laudem,
2936 5475 2994 5520 et
3032 5468 3090 5520 in
3134 5478 3338 5519 nomen
3380 5462 3440 5513 in
