3926 6164
507 259 609 326 211

938 266 1316 324 HAYMONIS
1354 257 1845 327 HALBERSTAT.
1889 264 2113 327 EPISC.
2158 266 2318 327 OPP.
2358 252 2541 321 PARS
2578 258 2623 319 I.
2658 292 2724 306 -—
2765 258 3131 317 COMMENT.
3174 260 3346 317 BIBL.

3618 261 3704 321 21⁸2

510 394 666 447 omni
689 397 844 447 terra
871 384 1212 446 confusionis
1238 407 1452 458 eorum,
1493 388 1554 445 in
1592 396 1844 462 tempore
1876 393 1972 446 illo
1997 410 2106 463 quo
2122 395 2160 452 Α
2184 391 2345 446 ducet
2377 395 2433 443 et
2453 386 2720 457 suscipiet
2730 384 2871 438 ﬁlios
2892 381 3130 450 afflictae,
3151 395 3272 436 cum
3291 380 3486 437 fuerint
3500 380 3642 454 positi
3660 385 3707 440 in

513 481 790 537 adducam
815 496 931 546 vos,
978 486 1036 533 et
1070 480 1128 537 in
1176 485 1429 550 tempore
1467 496 1577 551 quo
1614 480 1962 550 congregabo
1987 498 2101 534 vos.
2186 481 2447 552 gloriam,
2473 483 2530 530 et
2549 493 2676 530 cum
2706 475 2774 528 de
2798 489 2991 527 eorum
3009 471 3238 525 victoria
3257 475 3311 525 et
3324 472 3594 542 triumphis
3618 474 3712 528 fue-

512 559 669 627 Dabo
700 568 848 625 enim
880 584 975 625 vos
998 568 1057 623 in
1085 583 1287 621 nomen
1314 562 1446 621 etin
1466 566 1689 623 laudem
1729 567 1986 623 omnibus
2006 586 2107 639 po-

513 656 662 728 pulis
691 646 875 719 terrae,
917 672 1043 713 cum
1086 662 1411 709 convertero
1453 656 1833 726 captivitatem
1866 646 2107 711 vestram

516 759 707 801 coram
738 744 915 800 oculis
939 742 1153 809 vestris,
1187 739 1322 799 dicit
1342 738 1632 797 Dominus.
1686 766 1702 788 ι
1742 744 1893 807 Quos
1940 751 2109 815 ponet

2189 570 2264 623 rit
2280 568 2554 639 gloriatus
2586 563 2875 625 Dominus,
2912 561 3057 615 sicut
3075 564 3132 614 et
3149 559 3216 614 de
3237 559 3492 630 patientia
3515 559 3603 614 Job
3621 562 3713 632 glo-

2189 658 2270 713 ria
2279 658 2442 711 batur
2460 659 2656 708 contra
2674 649 2978 705 diabolum.
2990 648 3144 703 Tunc
3154 644 3411 702 videbunt
3427 648 3713 716 essefeli‘ces,

2190 763 2331 820 quos
2368 740 2426 797 in
2474 740 2734 817 praesenti
2772 737 3049 810 putabant
3075 735 3323 790 miseros.
3360 734 3503 790 Tunc
3530 745 3718 793 cernth

515 823 576 889 in
604 822 829 889 laudem
858 838 917 887 et
940 847 1165 896 nomen,
1198 831 1308 887 nisi
1358 830 1500 885 ﬁlios
1547 831 1777 902 abiectae
1808 838 1865 886 et
1893 831 2107 888 claudi-
2187 832 2564 905 captivitatem
2598 843 2793 883 eorum
2813 825 3003 881 reduci
3024 825 3083 878 in
3112 823 3385 877 caelestem
3416 823 3718 880 Hierusalem

515 912 697 978 cautis
730 938 742 972 :
770 910 998 976 Petrum
1033 914 1306 983 videlicet,
1339 919 1599 985 Paulum,
1624 925 1680 973 et
1708 918 1952 991 reliquos
1976 938 2112 976 san-

514 997 652 1086 ctas,
678 1000 915 1089 quorum
935 1002 1166 1085 nomina
1192 1024 1325 1091 cum
1352 1006 1535 1079 gloria
1563 1008 1994 1079 magniﬁcantur
2010 1026 2110 1091 per

514 1094 778 1152 ecclesias
810 1099 931 1152 toto
952 1090 1086 1150 orbe
1106 1090 1353 1150 diffusas.
1373 1095 1490 1151 Hoc
1510 1100 1699 1151 autem
1721 1096 1836 1160 ﬁet,
1859 1113 1987 1153 cum
2015 1094 2111 1152 ad-

2191 921 2250 975 in
2276 920 2515 993 gloriam
2546 924 2833 983 aeternam,
2866 926 2926 970 se
2954 916 3145 969 autem
3174 917 3455 983 reSurger‘e
3478 913 3533 966 in
3558 913 3719 968 confu-

2190 1009 2403 1064 sionem
2434 1015 2723 1063 mternam.

1447 1304 1566 1379 IN
1614 1305 2112 1382 AGGEUM
2168 1295 2857 1385 PROPHETAM.

585 1545 830 1631 Aggeus
858 1548 1149 1618 propheta,
1177 1548 1409 1605 festivus
1433 1551 1515 1607 vel
1544 1551 1810 1606 solemnis
1836 1552 2109 1625 interpre-
2132 1634 2157 1635 7
2191 1551 2393 1606 sedech
2410 1542 2757 1635 sacerdotem
2776 1565 3063 1619 magnum,
3087 1544 3294 1603 dicens.
3314 1564 3340 1600 ι
3366 1538 3608 1635 Salathiel
3623 1546 3707 1635 iste

516 1630 691 1701 tatur;
709 1635 1044 1690 vaticinatus
1060 1642 1144 1691 est
1162 1639 1629 1696 restaurationem
1656 1641 1849 1712 templi
1871 1640 2112 1705 Domini,
2131 1634 2176 1693 Β
2202 1641 2363 1710 cujus
2389 1630 2537 1695 ﬁlius
2566 1639 2771 1694 dicitur
2781 1636 3278 1699 fuisseZorobabel,
3299 1635 3441 1689 ﬁlius
3461 1630 3560 1689 fuit
3576 1634 3732 1689 Jecho-

518 1725 577 1777 et
605 1723 998 1781 contritionem
1035 1725 1312 1794 gentium,
1346 1734 1404 1781 et
1433 1728 1626 1783 mundi
1658 1729 2108 1795 commotionem,

516 1813 575 1861 et
601 1808 704 1862 sub
732 1811 912 1879 ﬁgura
937 1812 1258 1880 Zorobabel,
1275 1812 1479 1867 Christi
1518 1816 1769 1885 praedicit
1789 1817 2109 1872 adventum.

515 1895 648 1955 Fuit
675 1903 865 1953 autem
896 1914 1042 1955 unus
1061 1916 1126 1952 ex
1157 1900 1268 1955 illis
1298 1902 1393 1971 qui
1420 1918 1599 1975 nuper
1639 1905 1848 1959 reversi
1890 1905 2115 1960 fuerant

517 1984 589 2041 de
617 1982 941 2056 captivitate
984 1987 1284 2058 Babylonis
1311 1989 1415 2043 sub
1444 1991 1745 2045 Zorobabel
1776 1999 1833 2047 et
1859 1994 1886 2046 J
1893 2010 1991 2046 esu
2020 2011 2111 2048 sa-

516 2073 742 2131 cerdote
777 2078 835 2127 et
874 2074 1069 2139 Esdra,
1120 2077 1368 2136 nondum
1397 2078 1737 2135 reaedilicata
1766 2080 2114 2136 Hierusalem

517 2175 622 2217 nec
646 2160 857 2230 templo
903 2162 1145 2217 Domini.
1188 2163 1491 2219 Habitabat
1534 2171 1723 2220 autem
1770 2169 2011 2237 populus
2058 2168 2119 2225 in

518 2246 779 2306 domibus
804 2249 1060 2305 concavis
1084 2254 1142 2304 et
1169 2251 1494 2317 humilibus,
1541 2260 1883 2323 quapropter
1910 2256 1982 2309 ad
2023 2272 2118 2310 eos

519 2350 633 2401 non
662 2336 728 2390 ﬁt
755 2352 940 2391 sermo
958 2337 1197 2392 Domini.
1230 2339 1451 2409 Indigni
1478 2341 1627 2395 enim
1658 2348 1820 2395 erant
1843 2348 1906 2395 ut
1930 2344 2001 2397 ad
2019 2360 2114 2398 eos

520 2424 698 2495 ﬁeret,
735 2425 832 2495 qui
870 2425 1085 2480 nullam
1113 2424 1396 2483 habebant
1423 2444 1617 2483 curam
1653 2429 1852 2499 templi
1884 2431 2117 2486 reaediﬁ-

521 2512 706 2577 candi,
737 2512 938 2567 humili
966 2519 1024 2568 et
1051 2515 1350 2585 campestri
1387 2516 1736 2571 habitatione
1761 2520 2028 2586 contenti,
2060 2525 2118 2574 et

520 2607 686 2659 erant
725 2601 830 2657 sub
859 2603 1027 2657 Dario
1066 2604 1365 2663 Persarum
1407 2622 1559 2676 rege,
1587 2608 1684 2677 qui
1714 2607 2119 2679 interpretatur

519 2690 813 2761 generatio
842 2707 954 2747 non
993 2691 1158 2759 facta,
1172 2692 1304 2747 sive.
1328 2694 1424 2764 qui
1448 2694 1675 2758 fuerint,
1700 2713 1796 2751 eos
1817 2697 2117 2767 designans

523 2778 621 2848 qui
650 2779 834 2832 carnis
864 2779 1127 2850 operibus
1165 2786 1223 2835 et
1264 2781 1480 2837 libidini
1501 2781 1770 2841 serviunt.
1808 2785 1999 2841 Talem
2029 2804 2121 2841 re-

520 2883 653 2938 gem
699 2865 1022 2926 merebatur
1061 2869 1270 2925 habere
1312 2871 1551 2941 populus
1596 2872 1693 2942 qui
1738 2872 1860 2929 sine
1912 2875 2121 2946 templo

523 2951 628 3024 Dei
656 2958 798 3011 erat.
824 2958 883 3009 et
908 2969 1025 3009 non
1047 2952 1108 3010 in
1134 2965 1325 3013 monte
1350 2958 1505 3024 Sion,

526 3018 706 3099 tabat.

675 3192 679 3197 ,
1040 3131 1274 3189 CAPUT
1310 3129 1618 3191 PRIMUM.

564 3294 570 3302 ι
602 3232 631 3275 ς
659 3216 726 3275 In
767 3212 915 3277 anno
952 3220 1193 3293 secundo
1222 3221 1397 3288 Darii,
1432 3223 1582 3293 regis
1624 3243 1646 3276 ι
1675 3224 1974 3281 Persarum
2014 3245 2037 3278 ι
2066 3226 2125 3281 in

528 3319 725 3376 mense
743 3308 993 3368 sexto,in
1022 3309 1114 3367 die
1143 3326 1258 3368 una
1278 3311 1506 3375 mensis,
1540 3311 1750 3369 factum
1776 3318 1863 3367 est
1893 3314 2123 3374 verbum

529 3392 755 3453 Domini
774 3396 832 3450 in
856 3412 1026 3453 manu
1047 3400 1236 3470 Aggaei
1256 3400 1558 3471 prephetee.
1592 3420 1613 3451 ι
1634 3401 1893 3457 Binarius
1923 3419 2122 3459 nume-

532 3497 630 3539 rus
666 3481 1117 3554 frequentissime
1145 3488 1204 3547 in
1235 3489 1439 3545 malam
1490 3488 1718 3559 ponitur
1762 3490 2124 3560 signiﬁcatio-

531 3587 683 3639 nem.
703 3573 913 3633 Dividit
941 3575 1089 3633 enim
1118 3576 1359 3647 primam
1388 3577 1685 3643 unitatem,
1715 3583 1771 3633 et
1799 3579 2005 3635 idcirco
2033 3598 2127 3637 co-

532 3658 726 3730 pulam
747 3663 1099 3733 coniugalem
1128 3663 1243 3719 sive
1263 3664 1598 3731 discordiam
1624 3664 1904 3735 designat.
1932 3669 1996 3722 In
2027 3668 2131 3723 Ge-

534 3746 655 3807 nesi
686 3765 909 3819 quoque
938 3767 1064 3804 cum
1104 3751 1163 3808 in
1202 3753 1442 3808 aliorum
1472 3754 1724 3811 omnium
1755 3755 1973 3813 dierum
2003 3773 2131 3813 con-

535 3838 911 3903 summatione
940 3839 1188 3899 dicatur:
1216 3841 1364 3897 Vidit
1395 3842 1543 3899 Deus
1578 3843 1726 3913 quod
1755 3850 1900 3899 esset
1921 3845 2131 3899 bonum

536 3923 597 3981 in
624 3926 852 3985 secundi
881 3926 993 3984 diei
1033 3929 1143 3986 fine
1190 3920 1303 3984 non
1343 3930 1601 3987 habetur.
1633 3933 1698 3987 In
1727 3937 1881 3988 sexto
1910 3950 2133 4004 quoque

535 4028 731 4073 mense
746 4016 901 4073 nulla
919 4022 1003 4072 est
1022 4018 1218 4089 legalis
1233 4019 1578 4084 solemnitas,
1592 4020 1738 4077 sicut
1755 4021 1813 4075 in
1832 4021 1976 4086 aliis,
2000 4038 2134 4092 quo-

536 4103 694 4161 niam
710 4105 997 4164 servitutis
1009 4123 1182 4176 opera
1196 4112 1253 4161 et
1265 4108 1486 4171 labores
1505 4108 1780 4179 designat.
1807 4110 1977 4165 Recte
1999 4126 2131 4180 ergo

539 4196 599 4257 et
612 4191 672 4244 in
696 4207 845 4257 anno
865 4194 1109 4249 secundo
1125 4194 1298 4257 Darii,
1325 4196 1457 4251 etin
1476 4201 1631 4249 sexto
1654 4213 1844 4250 mense
1865 4198 1929 4251 ﬁt
1947 4214 2131 4253 sermo

439 4328 447 4336 .
539 4276 644 4335 Dei
669 4278 738 4333 ad
761 4279 1052 4348 Aggseum,
1085 4285 1314 4351 propter
1334 4298 1506 4352 supra
1532 4283 1713 4337 dictas
1741 4300 1956 4349 causas,
1992 4302 2132 4355 quo-

542 4364 696 4429 niam
715 4367 989 4437 templum
1007 4384 1118 4434 non
1144 4368 1442 4433 habebant,
1459 4376 1516 4424 et
1542 4371 1602 4426 in
1630 4373 1883 4429 concavis
1909 4373 2131 4428 habita-

541 4453 772 4519 bant.et
797 4455 923 4525 quia
956 4455 1059 4512 sub
1080 4457 1248 4517 Dario
1279 4459 1464 4512 carnis
1506 4459 1766 4530 operibus
1795 4461 2128 4518 serviebant.

542 4541 687 4607 Quia
706 4532 835 4600 vero
847 4545 967 4615 jam
990 4546 1169 4603 altare
1183 4546 1518 4603 aediﬁcatum
1531 4553 1668 4609 erat,
1694 4554 1751 4602 et
1767 4549 2136 4605 fundamenta

540 4634 739 4704 templi
749 4634 981 4704 jactata,
1007 4635 1213 4699 idcirco
1235 4637 1291 4689 in
1312 4652 1425 4690 una
1440 4637 1531 4693 die
1547 4638 1776 4704 mensis,
1807 4639 2021 4693 factum
2051 4646 2134 4694 est

541 4721 772 4802 verbum
802 4724 1040 4787 Domini,
1074 4730 1140 4781 ut
1163 4725 1246 4779 illi
1278 4726 1660 4796 relinquentes
1696 4727 2003 4782 secundum
2033 4744 2136 4782 an-

542 4802 678 4871 num
699 4812 874 4878 Darii,
892 4819 1309 4875 reverterentur
1330 4815 1398 4873 ad
1424 4815 1697 4873 unitatem
1724 4816 1840 4871 Dei.
1860 4815 2019 4880 Quod
2041 4806 2135 4872 ve-

540 4915 607 4959 ro
648 4900 872 4966 dicitur,
901 4922 924 4954 ι
959 4903 1191 4961 Factum
1222 4908 1308 4958 est
1335 4903 1564 4960 verbum
1609 4902 1833 4961 Domini
1865 4905 1924 4959 in
1964 4921 2135 4959 manu

540 4986 765 5058 Agguai,
802 5008 828 5041 »
848 4992 1096 5047 ostendit
1105 5008 1231 5048 eum
1248 4992 1394 5051 bona
1409 4993 1670 5050 habuisse
1690 5009 1878 5064 opera,
1898 4994 2135 5063 atquein

541 5077 624 5135 eis
643 5077 806 5135 factis
826 5079 1166 5148 requievisse
1194 5081 1423 5139 verbum
1454 5082 1575 5137 Dei.
1603 5084 1841 5153 Aggaeus
1865 5082 2137 5153 interpre-

539 5170 695 5228 tatur
719 5164 966 5227 festivus.
990 5168 1064 5221 Ex
1080 5184 1190 5238 quo
1208 5168 1464 5224 innuitur
1484 5171 1618 5241 quia
1637 5172 1732 5242 qui
1753 5172 2136 5227 solemnitates

538 5251 765 5313 Domini
783 5268 895 5311 non
924 5253 981 5312 in
1015 5254 1290 5311 fermento
1318 5257 1543 5325 malitiae
1574 5265 1630 5314 et
1656 5260 1924 5330 nequitiae
1953 5259 2050 5314 sed
2080 5260 2139 5317 in

539 5340 750 5411 azymis
777 5341 1117 5400 sinceritatis
1145 5349 1204 5398 et
1233 5344 1482 5399 veritatis
1510 5347 1700 5405 studet
1718 5348 2018 5412 celebrare,
2045 5348 2137 5403 hic

537 5429 668 5494 talis
687 5434 873 5500 potest
901 5447 1219 5488 sermonem
1246 5432 1347 5498 Dei
1378 5432 1643 5504 recipere.
1669 5454 1695 5488 α
1718 5437 1804 5491 Ad
1832 5436 2139 5493 Zorobabel

537 5518 719 5573 ﬁlium
744 5518 1013 5575 Salathiel
1039 5520 1239 5574 ducem
1265 5520 1430 5588 Juda,
1456 5528 1515 5576 et
1537 5523 1608 5577 ad
1636 5524 1829 5578 Jesum
1858 5526 2140 5580 ﬁliumJo-

2195 1729 2304 1783 nias
2335 1728 2504 1797 regis,
2529 1727 2623 1798 qui
2645 1727 2702 1780 in
2718 1725 3060 1797 Babylonem
3090 1725 3291 1779 ductus
3311 1716 3409 1777 est.
3438 1712 3732 1796 Interpreta-

2194 1824 2289 1871 tur
2307 1824 2497 1870 autem
2519 1814 2821 1871 Zorobabel
2834 1816 3019 1869 ﬂuxus
3038 1814 3318 1884 adjacens,
3341 1810 3452 1870 sive
3477 1812 3731 1881 expositus,

2194 1905 2275 1959 vel
2301 1910 2458 1958 ortus
2502 1904 2560 1959 in
2604 1903 2905 1974 Babylone,
2955 1919 3069 1957 sive
3113 1903 3368 1972 princeps
3397 1900 3449 1953 in
3478 1899 3731 1969 Babylone.

2201 1992 2492 2061 Signiﬁcat
2522 1991 2806 2046 Christum
2836 1991 3049 2052 Jesum,
3075 1989 3172 2058 qui
3200 1986 3485 2043 aediﬁcavit
3504 1984 3731 2057 templum

2199 2080 2314 2133 Deo
2364 2079 2541 2139 Patri,
2574 2078 2644 2131 de
2682 2078 2816 2132 vivis
2870 2068 3171 2147 lapidibus,
3220 2077 3323 2128 hoc
3364 2079 3445 2128 est
3491 2071 3735 2142 utriusque

2198 2166 2523 2221 testamenti
2564 2156 2839 2217 ﬁdelibus.
2875 2164 3001 2232 Ipse
3040 2162 3201 2233 quasi
3242 2156 3554 2231 largissimae
3589 2158 3737 2212 ﬂuxus

2198 2270 2350 2307 venae
2380 2250 2664 2324 expositus
2694 2257 2779 2304 est
2799 2248 2960 2304 nobis
2982 2250 3053 2301 ad
3075 2248 3394 2303 bibendum.
3419 2248 3518 2300 Sed
3538 2252 3600 2301 ut
3618 2247 3739 2298 hunc

2196 2341 2477 2410 possimus
2494 2338 2702 2405 bibere,
2726 2355 2760 2391 a
2780 2338 2895 2391 Deo
2918 2334 3186 2391 debemus
3214 2342 3416 2408 petere,
3432 2326 3565 2405 quod
3590 2330 3741 2386 innuit

2199 2427 2469 2482 Salathiel
2502 2434 2661 2498 pater
2690 2427 2832 2496 ejus,
2867 2425 2962 2499 qui
3004 2424 3414 2496 interpretatur
3442 2418 3618 2495 petitio
3646 2418 3739 2477 Dei.

2200 2516 2302 2570 Hic
2330 2522 2496 2570 natus
2526 2521 2614 2569 est
2641 2515 2699 2573 in
2728 2510 3028 2584 Babylone,
3050 2518 3106 2566 et
3122 2512 3378 2567 Christus
3401 2508 3496 2566 Dei
3523 2508 3671 2562 Filius
3695 2502 3741 2560 in

2198 2604 2520 2659 confusione
2548 2602 2716 2673 hujus
2748 2601 2942 2656 mundi
2966 2598 3566 2671 incarnatusapparuit,
3594 2602 3649 2650 ut
3663 2612 3743 2648 nos

2199 2692 2294 2767 qui
2324 2692 2381 2746 in
2409 2692 2733 2760 captivitate
2754 2688 2965 2761 peccati
2990 2688 3328 2746 tenebamur
3348 2678 3592 2759 eriperet,
3619 2686 3667 2737 et
3687 2683 3744 2739 ad

2204 2778 2591 2852 promissionis
2628 2788 2841 2833 terram
2888 2777 3200 2831 reduceret.
3251 2777 3449 2831 Factus
3495 2776 3572 2828 est
3596 2786 3748 2826 sermo

2206 2867 2428 2924 Domini
2453 2858 2523 2921 ad
2544 2864 2869 2927 Zorobabel.
2908 2867 3089 2920 factus
3109 2870 3197 2923 est
3223 2862 3283 2919 et
3308 2864 3378 2918 ad
3402 2864 3577 2918 Jesum
3605 2875 3750 2913 sacer-

1544 2959 1642 3013 sed
1669 2959 1931 3016 deorsum
1968 2961 2124 3017 habi-
2142 2989 2187 3048 Ο
2207 2955 2392 3011 dotem
2424 2972 2711 3041 magnum.
2747 2952 3123 3048 lIisto‘rialiter
3146 2970 3279 3048 vero
3307 2951 3417 3048 duo
3443 2950 3648 3048 fuerunt
3668 2948 3750 3048 ho-

2209 3046 2408 3108 mines,
2442 3061 2588 3099 unus
2617 3040 2685 3098 de
2713 3043 2865 3101 tribu
2894 3042 3041 3097 Juda
3068 3034 3125 3096 et
3148 3040 3220 3096 de
3250 3036 3423 3116 stirpe
3450 3039 3611 3110 regia,
3639 3036 3755 3090 alter

2208 3134 2277 3188 de
2296 3128 2446 3189 tribu
2467 3130 2818 3189 sacerdotali.
2835 3132 3066 3202 Mystice
3081 3147 3213 3184 vero
3236 3147 3411 3186 unum
3433 3127 3754 3193 eumdemque

2207 3222 2522 3293 designavit
2540 3220 2847 3287 Christum,
2864 3220 2958 3291 qui
2980 3225 3069 3275 est
3084 3236 3253 3274 verus
3274 3236 3369 3274 rex
3392 3220 3448 3273 et
3464 3230 3677 3287 magnus
3690 3227 3759 3265 sa-

2206 3311 2420 3376 cerdos,
2445 3312 2604 3382 cujus
2624 3315 2821 3384 typum
2843 3308 3152 3363 secundum
3174 3308 3324 3378 quod
3341 3323 3431 3363 rex
3454 3306 3550 3371 est,
3566 3296 3760 3377 gerebat

2205 3398 2506 3456 Zorobabel
2540 3417 2550 3450 :
2584 3396 2893 3455 secundum
2927 3396 3075 3469 quod
3125 3397 3406 3472 sacerdos,
3455 3396 3633 3469 typum
3663 3390 3761 3459 ejus

2207 3480 2469 3560 portabat
2491 3489 2672 3549 Jesus,
2703 3486 2799 3558 qui
2828 3492 2951 3540 erat
2974 3484 3124 3538 ﬁlius
3155 3472 3448 3550 Josedech,
3479 3478 3534 3538 id
3559 3478 3652 3545 eSt,
3678 3478 3764 3532 Do-

2209 3577 2396 3633 minus
2434 3578 2643 3646 justus.
2684 3576 2834 3628 Deus
2879 3572 3029 3627 enim
3072 3571 3242 3626 Pater
3283 3572 3471 3647 justus
3496 3574 3551 3627 et
3574 3569 3765 3623 sanctus

2211 3672 2317 3730 est,
2346 3666 2507 3735 cujus
2528 3672 2614 3719 est
2632 3664 2807 3720 Filius
2830 3652 2859 3719 ,ἶ
2864 3680 2993 3721 esus
3022 3656 3305 3733 Christus,
3328 3658 3586 3717 Dominus
3601 3660 3650 3711 et
3671 3653 3767 3709 Sal-

2210 3760 2370 3811 vator
2399 3748 2610 3809 noster.

2291 3864 2312 3894 α
2348 3843 2477 3897 Haec
2507 3842 2587 3895 ait
2612 3842 2885 3899 Dominus
2916 3839 3283 3907 exercituum,
3308 3837 3496 3897 dicens
3522 3858 3533 3892 :
3558 3832 3768 3907 Populus

2215 3922 2320 3987 iste
2341 3931 2478 3986 dicit
2499 3949 2509 3983 :
2536 3931 2798 3988 Nondum
2822 3930 2972 3985 venit
2992 3935 3214 4003 tempus
3226 3926 3429 3984 domus
3449 3920 3655 3983 Domini
3669 3920 3773 3979 aedi-

2216 4020 2464 4077 ﬁcandae.
2508 4039 2535 4074 »
2560 4018 2684 4075 Non
2719 4008 2825 4073 hoc
2868 4015 3190 4083 Zorobabel,
3223 4033 3329 4071 nec
3368 4016 3525 4071 Jesus
3552 4006 3773 4067 sacerdos

2216 4124 2455 4179 magnus
2483 4106 2721 4171 dicebat,
2754 4104 2852 4161 sed
2884 4105 3121 4181 p0pulus
3155 4104 3251 4177 qui
3280 4104 3351 4159 de
3382 4094 3684 4179 captivitate
3707 4114 3775 4152 re-

2212 4212 2427 4259 versus,
2443 4196 2628 4254 adhuc
2650 4194 2753 4249 sub
2776 4195 2945 4253 Dario
2969 4199 3107 4249 erat.
3134 4188 3224 4251 Sic
3244 4186 3606 4264 spiritualitcr
3623 4186 3774 4243 omnis

2216 4283 2311 4355 qui
2334 4287 2508 4338 servit
2538 4282 2921 4354 voluptatibus
2961 4280 3166 4349 carnis,
3193 4298 3308 4336 non
3342 4282 3459 4335 vult
3488 4268 3629 4335 ultra
3656 4276 3777 4329 intra

2214 4371 2404 4427 sedem
2424 4371 2665 4442 pectoris
2685 4370 2771 4425 sui
2790 4371 3066 4439 aediﬁcare
3094 4371 3368 4441 templum
3392 4366 3619 4427 Domino
3645 4362 3777 4436 pudi-

2215 4460 2380 4515 citiae.
2402 4454 2604 4515 ‘Potest
2646 4459 2752 4515 hoc
2788 4464 2846 4514 et
2873 4459 2944 4513 ad
2981 4460 3204 4527 Judaeos
3232 4460 3402 4530 hujus
3432 4455 3688 4527 temporis
3712 4466 3780 4508 re-

2214 4548 2371 4614 ferri,
2404 4548 2497 4619 qui
2530 4565 2629 4618 pro
2671 4546 2895 4602 Christo
2931 4546 3343 4617 Antichristum
3383 4547 3706 4618 exspectant,
3736 4543 3782 4594 et

2216 4637 2412 4692 dicunt
2439 4637 2688 4694 nondum
2719 4652 2842 4691 esse
2869 4641 3094 4706 tempus
3116 4636 3398 4701 Ecclesiae,
3414 4635 3546 4706 quia
3564 4626 3781 4688 nondum

2221 4727 2371 4782 venit
2382 4726 2655 4783 Christus.

2292 4833 2319 4869 α
2358 4816 2428 4871 Et
2458 4815 2664 4871 factum
2697 4820 2783 4869 est
2812 4813 3043 4868 verbum
3072 4812 3297 4869 Domini
3339 4814 3399 4867 in
3433 4827 3601 4869 manu
3620 4803 3786 4879 Αεεεί

2216 4905 2522 4975 prophetae,
2559 4904 2750 4959 dicens
2777 4902 3072 4973 :Nunquid
3093 4908 3318 4973 tempus
3346 4901 3501 4956 vobis
3517 4904 3601 4955 est
3624 4903 3683 4952 ut
3708 4895 3789 4951 ha-

2219 4991 2474 5047 bitetisin
2502 4991 2761 5046 domibus
2774 4992 3070 5062 laqueatis,
3095 4980 3151 5047 et
3164 4991 3364 5047 domus
3381 4992 3493 5044 ista
3506 4983 3744 5044 deserta?
3765 5000 3783 5032 ι

2219 5081 2432 5136 Contra
2470 5080 2577 5139 hoc
2627 5081 2774 5151 quod
2812 5081 3053 5150 populus
3095 5078 3334 5145 dicebat,
3368 5078 3613 5134 nondum
3662 5069 3791 5128 venit

2218 5178 2440 5240 tempus
2483 5169 2684 5225 domus
2727 5169 2951 5225 Domini
3003 5167 3363 5231 aedificandae,
3409 5165 3682 5243 profertur
3721 5174 3792 5215 re-

2221 5258 2443 5329 sponsio
2474 5258 2714 5313 Domini.
2742 5259 2887 5328 Ergo
2912 5274 3095 5328 neque
3116 5265 3340 5327 tempus
3362 5264 3448 5310 est
3467 5259 3531 5310 ut
3551 5269 3640 5309 vos
3658 5246 3793 5306 habi-

2220 5347 2352 5402 tetis
2381 5348 2439 5404 in
2468 5347 2791 5417 compositis
2817 5353 2874 5401 et
2902 5346 3117 5413 ornatis
3145 5344 3422 5411 domibus,
3448 5359 3571 5415 quas
3598 5355 3701 5396 non
3720 5350 3793 5388 so.

2219 5437 2338 5493 lum
2366 5436 2435 5490 ad
2467 5452 2633 5493 usum
2665 5441 2816 5502 sunt,
2858 5436 2955 5491 sed
2987 5435 3058 5493 ad
3085 5434 3330 5491 delicias.
3363 5433 3437 5488 Et
3463 5430 3641 5489 dicitis
3667 5440 3791 5481 non-

2220 5525 2356 5579 dum
2383 5540 2506 5577 esse
2534 5529 2758 5595 tempus
2785 5530 2849 5578 ut
2880 5539 3009 5579 mea
3034 5525 3243 5595 domus.
3277 5514 3598 5585 aediﬁcetur,
3625 5518 3682 5571 in
3700 5529 3797 5584 qua
