3926 6164
242 261 345 320 213

1185 272 1601 328 ENARRATIO
1640 273 1719 329 ΙΝ
1757 272 2084 330 ΛζπῖΘᾹΞΠΜ
2122 270 2581 341 PROPHETAM.

3417 278 3521 336 2H

236 386 689 446 tuerunt'sancta
717 400 1039 451 sanctorum
1069 402 1122 450 et
1171 398 1473 461 Cherubin,
1522 414 1645 468 quae
1694 415 1843 453 nunc
1865 404 1905 460 A
1929 417 2054 464 nus,
2086 406 2142 455 et
2165 401 2436 456 intulistis
2474 402 2531 455 in
2563 401 2814 466 domum,
2862 404 2919 454 et
2965 401 3250 457 exsttﬂlavi
3297 402 3455 457 illud.
3491 421 3519 456 in

236 478 456 576 squalet
508 479 832 549 solitudine,
857 489 1107 539 torretur
1133 492 1291 547 testu,
1339 487 1692 557 perfunditur
1722 489 1841 559 plu-

237 581 353 619 ωε.

308 679 330 702 ι
359 655 433 709 Et
459 660 761 719 πληθώρα
778 660 914 715 dicit
936 660 1208 717 Dominus
1231 664 1576 718 exercituum
1607 682 1618 716 :
1649 665 1838 735 ponite

236 743 405 798 corda
438 752 624 800 vestra
647 763 821 820 super
848 751 965 804 vias
992 756 1222 805 vestras.
1262 769 1287 803 ι
1320 752 1464 816 Quia
1487 754 1717 823 (inquit)
1748 753 1836 807 di-

234 832 358 886 cstis
390 847 404 882 ε
462 834 729 890 Nondum
770 844 859 892 est
880 845 1104 909 tempus
1133 841 1471 894 mdificandaa
1499 841 1698 895 domus
1729 842 1835 895 Do-

234 921 407 985 mini;
442 922 796 980 considerate
821 941 944 997 que
972 928 1199 991 fecistis,
1228 934 1285 983 et
1314 944 1437 999 quae
1482 930 1632 999 passi
1676 931 1830 984 estis.

1923 489 2114 543 Dicam
2151 491 2370 560 (inquit)
2403 490 2575 544 aliud.
2609 490 2756 558 quod
2791 488 2941 543 vobis
2970 488 3190 544 accidit.
3227 495 3365 546 Cum
3403 491 3522 561 jam

1922 579 2167 632 metendi
2197 582 2420 649 tempus
2450 580 2706 647 instaret,
2739 586 2795 631 et
2817 579 3099 632 frumenta
3126 594 3219 633 vos
3251 579 3304 633 in
3338 580 3525 634 mani-

1922 666 2023 720 bus
2051 672 2242 722 tenere
2275 668 2567 738 putaretis.
2604 667 2918 720 messuistis
2958 680 3161 722 vacuos
3208 662 3441 733 culmos,
3467 676 3526 729 et

1920 755 2115 809 inanes
2144 757 2378 826 stipulas
2407 755 2526 809 sine
2550 756 2744 825 granis
2773 757 3173 827 congregastis.
3202 756 3308 811 Sed
3339 762 3396 810 et
3415 757 3522 811 hcc

1918 843 2066 913 quod
2112 844 2183 897 de
2227 840 2443 913 magnis
2473 844 2682 898 acervis
2710 840 2986 897 modicum
3039 846 3225 899 fderat
3255 838 3518 911 eiectum,

1916 947 2042 984 cum
2066 931 2395 985 iutulissetis
2422 932 2479 985 in
2508 931 2702 986 domos
2724 936 2955 999 vestras,
2981 930 3163 988 efﬂavi
3197 932 3354 997 illud,
3374 939 3431 987 et
3453 946 3520 988 ex

235 1009 431 1064 Omnis
456 1012 610 1067 enim
629 1015 791 1069 labor
813 1022 996 1071 vester
1022 1018 1238 1070 nullum
1273 1018 1453 1087 potuit
1474 1018 1679 1073 habere
1704 1034 1835 1089 pro-

234 1104 462 1153 ventum
472 1138 485 1153 .

306 1204 333 1238 ι
352 1187 690 1245 Seminastis
703 1195 963 1257 multum,
990 1201 1049 1248 et
1064 1195 1333 1250 intulistis
1354 1210 1608 1267 parum,»
1630 1197 1837 1250 etmul-
1918 1196 2218 1266 recipiunt,
2241 1197 2335 1266 qui
2367 1197 2435 1250 de
2458 1197 2574 1250 suis
2604 1195 2862 1267 operibus
2890 1197 3213 1267 gloriantes,
3247 1196 3519 1253 aeternam

236 1278 352 1328 tum
380 1277 574 1332 minus
603 1295 770 1349 quam
803 1284 1090 1349 severatis,
1124 1285 1449 1354 collegistis.
1490 1286 1612 1338 Non
1642 1291 1833 1339 tamen
1919 1285 2233 1338 mercedem
2265 1285 2369 1338 sibi
2400 1284 2540 1338 falso
2571 1300 2603 1338 a
2634 1285 2875 1339 Domino
2905 1286 3256 1355 pollicentur.
3289 1302 3310 1337 ι
3341 1288 3524 1351 Quam

236 1367 670 1432 potestisdicere
692 1384 703 1420 :
728 1370 860 1425 Ideo
882 1371 1086 1425 famem‘
1120 1379 1389 1435 secutam,
1417 1375 1565 1443 quod
1596 1374 1653 1426 in
1677 1389 1835 1427 exer-
1917 1371 1986 1424 ob
2015 1380 2242 1426 causam
2273 1372 2409 1426 dicit
2449 1372 2722 1427 Dominus
2751 1370 3117 1436 exercituum,
3151 1364 3283 1444 quia
3319 1374 3521 1428 domus

233 1452 409 1506 senda
438 1460 597 1509 terra
625 1458 875 1527 agricola
895 1461 1246 1514 cessaverim
1274 1460 1630 1527 Comedistis,
1646 1466 1702 1515 et
1721 1477 1833 1515 non
1917 1477 2043 1513 mea
2073 1462 2298 1514 deserta
2343 1467 2445 1521 est,
2491 1465 2542 1514 et
2589 1478 2684 1513 vos
2715 1460 2996 1515 festinatis
3040 1458 3429 1535 unuSquisque
3460 1462 3522 1516 in

234 1541 364 1594 estis
394 1544 622 1611 satiati;
655 1545 890 1611 bibistis,
914 1554 971 1602 et
995 1564 1106 1602 non
1133 1550 1268 1603 estis
1294 1549 1583 1617 inebriati;
1614 1551 1835 1620 operui—
1914 1542 2144 1602 domum
2170 1562 2385 1603 suam»
2406 1549 2638 1620 Mystice
2667 1548 2745 1602 illi
2769 1549 2825 1603 in
2857 1551 3087 1603 domum
3109 1562 3267 1603 snam
3298 1544 3523 1614 deserta

233 1630 329 1682 stis
353 1647 475 1696 vos,
513 1638 572 1686 et
598 1650 711 1688 non
733 1636 867 1690 estis
895 1632 1165 1691 ealefacti.
1191 1636 1259 1691 Et
1273 1639 1369 1706 qui
1400 1639 1686 1693 mercedes
1708 1656 1834 1692 con—
1860 1700 1867 1708 _
1915 1635 2083 1690 domo
2114 1639 2214 1691 Dei
2244 1637 2637 1708 t‘edinanhqui
2667 1634 2967 1691 mundanis
2996 1634 3399 1708 capiditatibus
3435 1650 3523 1691 ca—

232 1720 505 1788 gregavit,
556 1724 710 1778 misit
759 1740 854 1779 eas
896 1726 954 1778 in
984 1726 1266 1780 sacculum
1294 1700 1610 1797 pertusum.
1649 1747 1672 1778 ι)
1707 1729 1831 1780 Νοη
1853 1700 1897 1770 Β
1916 1726 2018 1795 pti,
2052 1732 2109 1779 et
2137 1727 2376 1780 terrenis
2406 1700 2621 1780 actibus
2649 1724 2921 1796 occupati,
2951 1700 3226 1796 templum
3260 1718 3361 1779 Dei
3387 1726 3522 1780 con-

1921 1035 2045 1101 mea
2072 1020 2279 1073 virtute
2307 1020 2619 1091 dispersum
2646 1027 2702 1074 et
2722 1018 2793 1074 ad
2819 1016 3055 1075 nihilum
3090 1022 3379 1075 redactum
3409 1024 3518 1076 est.

1921 1108 2301 1178 Spiritualiter
2323 1108 2403 1161 illi
2431 1108 2500 1161 ad
2552 1104 2793 1178 amplius
2831 1106 3156 1180 respiciunt,
3196 1115 3254 1164 et
3299 1106 3521 1164 minora.

234 1812 420 1861 tamen
451 1812 686 1879 potestis
712 1813 901 1867 dicere
928 1815 1307 1868 voluntarium
1334 1815 1508 1869 fuisse
1530 1816 1828 1885 jejunium,

234 1896 321 1947 sed
354 1898 489 1966 quia
514 1914 714 1968 parvos
735 1901 949 1956 fructus
977 1904 1462 1973 congregaveratis
1506 1905 1561 1956 in
1611 1904 1829 1957 horrea.

236 1984 440 2038 Vinum
488 1986 729 2046 bibistis.
755 1991 853 2043 sed
884 2006 995 2044 non
1017 1999 1238 2045 tantum
1272 1986 1419 2061 quod
1447 1992 1728 2044 sufficeret
1764 1993 1833 2045 ad

233 2072 602 2127 eshilaranda
623 2077 792 2129 corda
820 2079 1157 2146 potentium.
1198 2077 1383 2147 ipsum
1414 2094 1637 2148 quoque
1665 2080 1834 2132 vesti-

234 2170 487 2215 mentum
508 2177 624 2216 non
651 2166 835 2234 potuit
859 2165 1038 2233 frigus
1066 2166 1275 2234 pellere
1303 2172 1404 2219 aut
1429 2168 1833 2224 calefacere.Si

234 2251 354 2318 quis
384 2255 579 2302 autem
609 2252 894 2305 mercedes
922 2261 1377 2323 congregaverat,
1410 2254 1523 2307 sive
1566 2255 1624 2307 in
1661 2270 1833 2324 nego-

230 2337 484 2407 tiatione,
519 2351 621 2391 seu
653 2341 1001 2393 mercenaria
1043 2355 1232 2402 manu,
1282 2343 1493 2395 frustra
1540 2342 1830 2407 laboravit,

230 2425 362 2494 quia
393 2434 593 2479 omnes
613 2428 863 2496 pecuniae
883 2429 1434 2493 deﬂuxerunt,veluti
1458 2432 1514 2483 in
1545 2439 1834 2501 pertusum

229 2514 513 2566 sacculum
529 2514 1117 2586 missae.Spiritualiter
1128 2519 1204 2571 illi
1217 2520 1385 2572 corda
1395 2534 1566 2589 super
1578 2520 1692 2573 vias
1706 2536 1836 2573 suas

228 2602 569 2672 ponunt.qui
589 2598 800 2674 absque
818 2605 1030 2674 judicio
1052 2606 1404 2660 discretionis
1434 2608 1573 2661 nihil
1594 2609 1823 2673 faciunt,

226 2690 315 2758 qui
342 2697 484 2743 ante
527 2693 734 2745 mentis
763 2686 954 2746 oculos
982 2694 1270 2747 lucernam
1304 2694 1451 2748 verbi
1485 2696 1581 2748 Dei
1606 2712 1829 2765 semper

224 2778 447 2833 habent.
486 2780 729 2834 Multum
757 2787 946 2835 autem
963 2783 1223 2841 seminat,
1244 2784 1340 2836 sed
1373 2798 1568 2853 parum
1596 2783 1823 2853 colligit,

224 2869 314 2938 qui
344 2869 406 2922 in
437 2869 853 2939 prtedicationis
884 2886 1051 2940 opere
1081 2872 1304 2925 assidue
1334 2872 1553 2925 laborat
1575 2890 1587 2937 ;
1608 2873 1705 2925 sed
1732 2874 1831 2925 mi-

224 2956 441 3011 nimum
472 2973 542 3011 ex
559 2957 883 3011 auditorum
904 2960 1014 3012 ﬁde
1033 2966 1090 3012 et
1107 2960 1436 3030 Operatione
1453 2961 1694 3015 fructum
1712 2977 1833 3031 per-

223 3045 372 3116 cipit,
390 3046 531 3099 dum
553 3062 651 3100 eos
666 3047 830 3100 verbo
860 3054 918 3100 et
944 3050 1198 3118 exemplo
1217 3042 1621 3105 scandalizatos
1643 3056 1831 3103 osten-

226 3134 321 3187 dit.
354 3134 640 3199 Comedit,
700 3141 758 3188 et
805 3150 916 3189 non
954 3141 1275 3204 saturatur;
1311 3135 1467 3201 bibit,
1497 3145 1555 3191 et
1600 3152 1713 3192 non
1742 3139 1831 3192 in-

227 3221 495 3288 ebriatur,
534 3224 629 3293 qui
658 3231 812 3278 recta
840 3240 961 3295 quae
1000 3226 1172 3279 novit.
1214 3240 1327 3280 non
1367 3233 1651 3298 operatur.
1688 3227 1829 3281 Hinc

228 3311 494 3365 Salomon
532 3312 670 3366 dicit
700 3331 713 3365 :
747 3314 940 3367 Justus
969 3314 1229 3377 comedit,
1264 3321 1320 3368 et
1354 3316 1533 3385 replet
1574 3317 1823 3369 animam

225 3414 401 3466 suam,
433 3407 635 3454 vent/er
660 3407 848 3455 autem
893 3402 1193 3473 impiorum
1228 3402 1630 3460 insaturabilis.
1684 3405 1825 3458 Con-

223 3496 488 3558 gregatas
504 3505 636 3543 vero
648 3491 929 3544 mercedes
942 3491 999 3544 in
1017 3499 1304 3561 pertusum
1327 3492 1608 3545 sacculum
1628 3493 1820 3555 mittit,

224 3576 312 3647 qui
334 3580 617 3631 virtutum
640 3594 812 3648 opera
831 3587 1060 3650 prepter
1078 3582 1508 3634 ostentationem
1527 3594 1681 3635 vanae
1699 3582 1822 3650 glo-

224 3667 313 3721 riae
338 3668 589 3738 peragit,
625 3668 710 3720 vel
753 3668 849 3737 qui
897 3669 966 3721 de
993 3669 1208 3739 rapinis
1235 3670 1648 3740 eleemosynam
1680 3669 1823 3723 indi-

222 3755 483 3821 gentibus
514 3753 734 3808 tribuit.
768 3755 1033 3825 Operitur
1055 3763 1268 3817 autem,
1302 3762 1359 3809 et
1386 3772 1452 3810 ex
1492 3759 1677 3810 calore
1708 3774 1819 3811 non

222 3841 452 3904 fovetur,
489 3844 590 3913 qui
617 3844 862 3897 divinam
889 3845 1241 3914 sapientiam,
1278 3860 1388 3915 qua
1431 3851 1665 3899 ornetur
1699 3851 1759 3899 et
1789 3862 1823 3898 a

224 3933 448 3986 malitiae
497 3931 709 4001 frigore
754 3930 1106 3995 defendatur,
1143 3933 1360 4003 accipit,
1396 3935 1492 3987 sed
1541 3932 1728 4004 tepide
1766 3940 1824 3987 et

221 4019 499 4075 desidiose
530 4034 657 4074 eam
683 4022 1055 4090 exsequendo,
1085 4022 1288 4075 caloris
1317 4022 1469 4076 illius
1497 4023 1683 4092 gratia
1714 4023 1825 4093 pri-

223 4114 395 4162 vatur.

288 4215 313 4247 α
342 4199 476 4252 Hae
500 4198 639 4251 dicit
658 4198 930 4252 Dominus
945 4201 1314 4253 exercituum:
1342 4200 1539 4253 Ponite
1556 4199 1823 4252 cordave-

1916 1820 2135 1868 struere
2159 1816 2471 1884 negligunt.

1992 1922 2014 1952 ‹
2046 1903 2284 1972 Propter
2304 1903 2426 1966 hoc,
2449 1914 2620 1973 super
2633 1918 2729 1955 vos
2749 1898 3015 1972 prohibiti
3036 1904 3170 1955 sunt
3189 1902 3312 1955 coeli
3326 1916 3396 1955 ne
3418 1901 3522 1955 da-

1918 1996 2044 2043 rent
2072 2006 2277 2051 rorem,
2310 1997 2367 2044 et
2393 1996 2546 2044 terra
2576 1990 2854 2060 prohibita
2888 1995 2972 2043 est
2991 1994 3061 2043 ne
3091 1990 3252 2044 daret
3278 2006 3513 2060 germen

1916 2092 2102 2131 suum.
2139 2098 2164 2127 ι)
2204 2080 2327 2132 Non
2355 2079 2536 2131 solum
2589 2077 2813 2149 (inquit)
2843 2072 2966 2130 coeli
2995 2078 3240 2148 plaviam
3275 2092 3386 2131 non
3417 2076 3521 2131 de-

1916 2166 2139 2231 derunt,
2162 2168 2257 2220 sed
2281 2178 2381 2221 nec
2400 2178 2583 2219 rorem
2608 2160 2831 2236 quidem
2856 2162 3523 2230 matutinum,utarent'es

1916 2255 2037 2322 agri
2067 2255 2280 2307 modico
2305 2256 2504 2309 saltem
2534 2255 2770 2307 humore
2800 2260 3271 2325 temperarentur.
3290 2250 3518 2325 Typice,

1917 2341 2041 2393 caeli
2073 2351 2205 2396 sunt
2232 2343 2489 2412 apostoli,
2533 2355 2716 2395 rorem
2755 2342 2812 2395 et
2844 2341 3088 2412 pluviam
3121 2334 3386 2396 doctrina:
3418 2358 3523 2396 coe-

1918 2428 2094 2481 lestis.
2138 2436 2318 2489 terrae,
2348 2431 2401 2482 id
2430 2434 2515 2482 est
2562 2430 2882 2483 auditorum
2922 2426 3184 2483 cordibus
3229 2428 3525 2484 infunden-

1919 2520 2018 2569 tes.
2057 2518 2329 2571 Prohibiti
2365 2524 2495 2571 sunt
2525 2519 2647 2571 coeli
2695 2530 2765 2571 ne
2814 2518 3017 2571 darent
3057 2530 3262 2581 rorem,
3295 2510 3521 2588 quando

1919 2606 2145 2673 perﬁdis
2173 2606 2378 2660 Judaeis
2410 2606 2638 2660 verbum
2659 2606 2857 2659 salutis
2890 2606 3284 2675 spernentibus
3315 2624 3517 2676 praece-

1914 2701 2069 2763 ptum
2099 2702 2185 2747 est
2204 2692 2851 2764 apostolis,ut,euntesin
2881 2693 3149 2746 mundum
3172 2694 3517 2760 universum,

1912 2783 2282 2852 praedicarent
2308 2783 2588 2852 gentibus.

1989 2888 2012 2920 ι
2072 2870 2142 2924 Et
2189 2872 2374 2925 vocavi
2423 2869 2731 2925 siccitatem
2778 2878 2947 2941 super
2995 2876 3226 2935 terram,
3261 2873 3318 2925 et
3345 2859 3517 2942 super

1914 2965 2152 3023 montes,
2177 2966 2236 3012 et
2262 2974 2430 3028 super
2458 2954 2730 3021 triticum,
2757 2964 2815 3012 et
2833 2972 3003 3029 snper
3022 2958 3234 3024 vinum,
3263 2962 3320 3012 et
3347 2970 3517 3029 super

1915 3048 2122 3110 oleum,
2141 3054 2200 3101 et
2219 3060 2565 3118 quascunque
2579 3047 2791 3118 profert
2810 3048 3039 3109 humus,
3064 3052 3121 3101 et
3142 3058 3314 3118 super
3334 3048 3513 3101 homi-

1914 3151 2033 3199 nes,
2065 3144 2123 3190 et
2146 3150 2314 3207 super
2331 3129 2607 3206 jumenta,
2632 3142 2687 3190 et
2702 3148 2872 3206 super
2890 3146 3113 3190 omnem
3130 3135 3380 3191 laborem
3402 3140 3519 3190 ma.

1913 3238 2107 3277 nuum.
2137 3242 2164 3275 s
2186 3224 2431 3278 Vocatur
2450 3226 2671 3278 siccitas
2693 3224 2873 3295 primo
2884 3230 3054 3295 super
3073 3220 3515 3290 terram,deinde

1908 3327 2081 3382 super
2106 3327 2298 3367 omnia
2326 3324 2448 3384 quae
2479 3313 2691 3385 profert
2714 3313 2939 3375 humus,
2964 3313 3037 3366 ad
3056 3303 3318 3367 ultimum
3343 3302 3514 3384 super

1906 3401 2159 3455 homines
2189 3408 2247 3455 et
2272 3414 2441 3472 super
2463 3404 2738 3472 juinenta,
2775 3402 2925 3472 quia,
2958 3402 3307 3472 praecedente
3334 3402 3502 3468 fame,

1905 3490 2153 3559 profecto
2185 3504 2356 3561 super
2385 3491 2639 3544 homines
2670 3496 2725 3543 et
2745 3491 3002 3558 jumenta
3031 3505 3182 3543 mors
3208 3491 3374 3553 venit,
3406 3491 3513 3544 sie-

1904 3594 2013 3647 que
2032 3579 2178 3632 idem
2200 3580 2422 3648 gladius
2447 3591 2793 3648 quaecunque
2818 3594 3016 3632 manus
3040 3578 3329 3632 hominum
3353 3578 3506 3633 labo-

1903 3674 2141 3729 raverat,
2176 3667 2472 3720 consumit.
2526 3690 2535 3695 -

1977 3774 2006 3805 tl
2040 3755 2107 3809 Et
2135 3756 2346 3809 audivit
2373 3755 2696 3822 Zorobabel,
2728 3755 2879 3808 {ilius
2918 3754 3208 3821 Salathiel,
3237 3760 3293 3809 et
3321 3755 3506 3819 Iesus,

1905 3845 2050 3898 illius
2068 3845 2357 3909 Iosedech,
2381 3844 2639 3898 sacerdos
2659 3856 2917 3912 magnus,
2954 3849 3011 3895 et
3039 3856 3234 3896 omnes
3252 3843 3503 3914 reliquiae

1906 3933 2094 4003 populi
2126 3949 2310 3985 vocem
2342 3932 2565 3986 Domini
2592 3932 2691 3984 Dei
2718 3931 2823 3994 sui,
2857 3937 2914 3983 et
2940 3930 3110 3983 verba
3146 3932 3336 3999 Aggaei
3367 3944 3498 4001 pro-

1907 4020 2259 4092 phetae,sicut
2276 4020 2427 4072 misit
2438 4036 2565 4072 eum
2587 4018 2857 4072 Dominus
2874 4018 3023 4071 Deus
3037 4030 3228 4071 eorum
3244 4018 3310 4071 ad
3326 4018 3497 4088 ipsos,

1905 4119 1964 4164 et
1985 4110 2179 4163 timuit
2205 4109 2443 4179 populus
2467 4124 2502 4160 a
2527 4107 2668 4161 facie
2699 4105 2937 4160 Domini.
2958 4106 3299 4176 sDiligenter
3318 4111 3498 4160 atten-

1904 4199 2170 4261 dendum,
2202 4197 2352 4267 quod
2379 4212 2493 4250 non
2537 4194 2840 4249 Zorobabel
2886 4209 2988 4248 nec
3036 4195 3199 4248 Iesus
3239 4195 3499 4249 sacerdOs

221 4291 330 4339 stra
353 4300 536 4357 super
565 4286 681 4339 vias
707 4292 939 4340 vestras.
970 4287 1267 4340 Ascmdite
1296 4287 1353 4340 in
1386 4293 1650 4351 montem,
1683 4300 1818 4357 por-
1836 4285 1884 4341 D
1902 4288 2156 4341 timuisse
2174 4284 2561 4349 dicuntur,sed
2579 4284 2817 4354 populus
2830 4276 3024 4337 timuit
3040 4299 3074 4336 a
3091 4283 3228 4336 facie
3250 4272 3495 4347 Domini,

219 4380 327 4428 tate
351 4376 601 4444 lignum,
630 4380 690 4428 et
711 4375 980 4429 aadiﬁcate
994 4376 1246 4429 domum.
1275 4394 1295 4421 ο
1320 4376 1682 4430 Considerate
1704 4376 1815 4445 (in-

1900 4383 2139 4445 uterque
2167 4375 2314 4430 enim
2362 4373 2646 4428 Christum
2685 4372 2982 4442 signiﬁcat,
3014 4372 3111 4442 qui
3159 4376 3245 4426 est
3294 4382 3397 4425 rex
3440 4376 3498 4427 et

220 4465 349 4532 quit)
390 4470 601 4518 cuncta
629 4470 753 4535 qua)
781 4464 996 4533 geritis,
1038 4471 1096 4517 et
1122 4465 1309 4519 relicta
1341 4482 1477 4518 cura
1504 4472 1814 4518 vestrarum
1898 4466 2159 4518 sacerdos
2188 4466 2247 4517 in
2285 4463 2503 4518 duabus
2528 4462 2744 4516 naturis
2792 4460 2892 4514 Dei
2936 4467 2991 4514 et
3024 4454 3266 4515 hominis
3297 4466 3355 4514 et
3381 4474 3497 4515 una

219 4551 511 4618 domuum,
540 4553 826 4606 ascendite
856 4553 915 4605 in
945 4558 1191 4606 montem
1212 4554 1505 4615 Libanum,
1535 4554 1816 4624 praecidite
1897 4568 2151 4623 persona.
2179 4552 2551 4607 Audientibms
2573 4564 2707 4620 ergo
2735 4548 3037 4603 Zorobabel
3059 4553 3116 4601 et
3130 4548 3269 4603 σθω
3289 4562 3496 4617 magno

220 4639 381 4709 ligna,
409 4649 472 4697 et
502 4642 776 4695 zediﬂcate
806 4641 1035 4694 domum
1062 4656 1266 4694 meam.
1296 4658 1318 4692 ι
1347 4643 1413 4696 Et
1454 4643 1810 4713 acceptabilis
1893 4643 2181 4695 sacerdote
2207 4641 2373 4694 verba
2402 4640 2643 4701 Domini,
2679 4638 2868 4691 timuit
2892 4638 3011 4690 sola
3035 4629 3356 4697 multitudo,
3372 4650 3495 4705 que

221 4730 350 4784 mihi
377 4732 514 4795 erit,
548 4736 607 4784 et
632 4730 1009 4800 glorificabor,
1054 4730 1190 4783 dicit
1229 4731 1519 4785 Dominus.
1581 4747 1609 4783 ι
1670 4732 1814 4794 Quid
1898 4730 2139 4783 necdum
2170 4729 2228 4783 in
2253 4729 2429 4782 virum
2460 4728 2765 4798 perfectum
2792 4724 3069 4785 evaserat,
3089 4737 3125 4778 a
3150 4723 3290 4776 facie
3310 4714 3501 4777 Domi-

220 4826 397 4873 autem
417 4821 580 4890 ligna
602 4824 848 4883 tantum,
881 4833 993 4872 non
1024 4819 1236 4889 lapides
1259 4818 1421 4888 jubet
1444 4819 1648 4884 afferri,
1682 4819 1821 4873 illud
1903 4817 1981 4882 ni,
2017 4818 2071 4871 id
2100 4824 2188 4871 est
2207 4816 2592 4887 indignatione
2613 4815 2751 4884 ejus,
2779 4811 3043 4882 quoniam
3060 4811 3245 4865 vultus
3272 4810 3497 4867 Domini

221 4914 300 4964 est
323 4910 475 4978 quod
508 4907 734 4961 Hebmi
758 4906 973 4970 dicunt,
1023 4907 1157 4975 quia
1184 4913 1310 4977 post
1356 4908 1646 4961 incensum
1673 4914 1820 4961 tem-

220 4996 363 5064 plum
395 4997 647 5067 parietes
671 5001 1081 5061 remanserant,
1114 4999 1171 5048 et
1190 4995 1393 5048 idcirco
1422 4995 1574 5064 ligna
1601 5001 1820 5049 tantum

222 5085 285 5137 ad
312 5084 702 5155 contignanda
726 5085 1043 5137 necessaria
1065 5089 1228 5137 erant
1259 5101 1269 5135 :
1304 5084 1555 5153 Mystice,
1588 5084 1647 5136 in
1670 5099 1824 5138 mon-

222 5177 328 5226 tem
363 5174 693 5235 ascendere,
727 5178 814 5226 est
842 5173 1200 5226 altitudinem
1245 5173 1443 5226 divinae
1485 5172 1824 5241 contempla-

222 5261 383 5315 tionis
410 5263 691 5315 virtutum
718 5262 1059 5332 profectibus
1095 5260 1382 5325 scandere,
1413 5276 1476 5313 ac
1504 5260 1825 5314 testimonia

228 5350 639 5421 Scripturarum
666 5350 967 5420 quaerendo
997 5350 1261 5414 incidere,
1285 5356 1349 5402 ut
1369 5348 1499 5402 inde
1524 5348 1827 5402 aediﬁcetur

227 5441 491 5510 templum
523 5439 865 5509 acceptabile
892 5439 1149 5492 Domino.

304 5549 325 5575 ι
356 5528 705 5599 Reepexistis
737 5528 810 5582 ad
839 5527 1101 5598 amplius,
1137 5530 1195 5581 et
1221 5541 1350 5580 ecce
1379 5525 1591 5579 factum
1614 5530 1701 5578 est
1727 5524 1830 5577 mi~

1900 4920 2072 4977 super
2098 4907 2366 4959 facientes
2396 4905 2558 4957 mala.

1978 5013 2003 5047 α
2029 4996 2097 5048 Et
2124 4995 2265 5048 dixit
2283 4997 2542 5063 Aggaeus,
2564 4990 2792 5044 nuntius
2812 4988 3037 5043 Domini
3055 4988 3127 5043 de
3158 4989 3374 5047 nuntiis
3388 4990 3503 5045 Do-

1904 5084 2063 5146 mini,
2086 5084 2290 5154 pOpuio
2311 5083 2520 5134 dicens.
2549 5099 2580 5132 ιι
2610 5080 2687 5133 Ex
2712 5078 2817 5132 hoc
2844 5079 2966 5132 loco
2986 5078 3217 5149 quidam
3238 5093 3496 5150 sumpse-

1904 5177 2039 5225 runt
2061 5185 2329 5228 errorem,
2368 5173 2630 5238 putantes
2659 5171 2927 5237 Aggaeum
2974 5166 3241 5236 angelum
3292 5173 3500 5221 natura

1904 5260 2094 5324 tuisse,
2126 5265 2183 5312 et
2211 5257 2454 5327 quadam
2502 5254 2707 5333 divina”
2741 5255 3157 5325 dispensatione
3183 5255 3496 5311 humanum

1907 5360 2108 5416 corpus
2129 5344 2754 5415 assumpsisse,propter
2776 5344 2879 5396 hoc
2899 5343 3046 5413 quod
3068 5340 3308 5398 dicitur:
3350 5336 3498 5395 Dixit
3564 5366 3567 5369 λ

1906 5438 2167 5504 Aggaeus,
2191 5433 2423 5487 nuntius
2453 5432 2698 5486 Domini.
2724 5433 2840 5485 Hoc
2860 5431 3007 5484 idem
3030 5437 3087 5484 et
3102 5431 3174 5483 de
3202 5428 3496 5490 nam,

1906 5528 1965 5577 et
1984 5522 2056 5576 de
2084 5523 2299 5575 Joanne
2320 5521 2573 5594 Baptista
2592 5520 2913 5591 opinantur.
2931 5518 3040 5572 Sed
3059 5516 3361 5571 sciendum.
3390 5523 3493 5565 ns-

3592 5626 3631 5647 :I'l‘

3554 5648 3591 5679 ί
