3970 6150
409 272 513 328 215

845 274 1221 332 HAYMONIS
1261 278 1745 335 HALBERSTAT.
1792 282 2012 338 EPISC.
2055 284 2213 340 OPP.
2254 286 2437 363 PARS
2474 285 2518 340 Ι.
2568 315 2629 325 —
2671 281 3039 338 COMMENT.
3082 280 3264 336 BIBL.

3576 282 3679 341 216

406 401 539 450 tura
559 412 654 451 eos
683 398 935 454 homines
958 400 1151 463 fuisse,
1176 401 1356 455 officio
1387 418 1514 455 vero
1557 404 1802 473 angelos,
1837 406 1890 459 id
1922 410 2073 469 estA
2091 409 2259 463 etiam
2285 428 2475 464 mense
2504 408 2742 481 septimo
2767 411 2825 460 et
2854 402 3113 459 vicesima
3131 404 3314 474 prima
3341 405 3432 459 die
3453 407 3675 472 mensis,

408 486 657 550 nuntios,
692 487 785 557 qui
817 489 1036 558 populis
1064 489 1164 542 Dei
1196 491 1535 543 voluntatem
1571 495 1998 548 annuntiabont.

413 572 518 625 Hic
548 589 681 642 ergo
711 575 985 645 propheta
1013 576 1245 630 nuntius
1275 578 1503 643 dicitur,
1535 580 1589 632 id
1620 590 1704 634 est
1746 584 1999 651 angelus,

414 662 678 731 quoniam
708 669 904 733 typum
931 665 1191 733 gestabat
1218 667 1440 720 Domini
1473 668 1795 735 Salvatoris,
1831 672 1924 742 qui
1950 678 2008 725 et

408 749 531 821 ipse
556 752 742 822 magni
767 754 981 807 consilii
1009 755 1241 823 angelus
1259 756 1484 811 dicitur.
1511 757 1671 823 Quod
1702 768 1890 814 autem
1918 761 2007 814 di-

410 839 487 893 cit
519 856 530 891 :
568 857 592 891 a
622 840 865 894 Nuntius
894 841 1116 895 Domini
1142 843 1211 895 de
1240 844 1453 899 nuntiis
1484 847 1762 910 Domini,»
1785 850 1896 903 tale.
1921 857 2009 904 est

413 943 478 980 ac
506 928 554 980 si
574 928 1081 1001 diceret,pr0pheta
1110 932 1178 985 de
1205 934 1490 1003 prOphetis
1521 956 1541 985 ι
1564 936 1677 1006 Ego
1699 937 2004 1003 vobiscum,

414 1016 553 1069 dicit
572 1016 862 1073 Dominus.
893 1041 918 1066 ι
942 1020 1067 1072 Non
1088 1020 1192 1074 hoc
1211 1021 1280 1074 ad
1302 1022 1603 1078 Zorobabel
1616 1043 1721 1079 nec
1732 1028 1799 1080 ad
1814 1028 2006 1081 Jesum

412 1103 567 1163 dicit,
594 1105 694 1159 sed
726 1105 796 1159 ad
826 1107 1093 1178 populum
1123 1109 1216 1179 qui
1249 1110 1516 1166 timuerat
1535 1130 1568 1166 a
1596 1114 1736 1169 facie
1762 1116 2003 1173 Domini.

412 1190 504 1245 Illi
534 1193 683 1247 enim
714 1193 771 1247 in
802 1212 1042 1265 persona
1062 1196 1271 1252 Christi
1306 1200 1675 1271 accipiuntur,
1702 1209 1767 1258 ut
1793 1206 2005 1261 dictum

413 1286 519 1346 est,
543 1286 601 1334 et
630 1298 756 1336 cum
786 1283 868 1336 eis
899 1290 1069 1355 atque
1098 1285 1155 1339 in
1194 1287 1274 1339 eis
1303 1304 1525 1359 semper
1553 1297 1675 1345 erat
1713 1295 1998 1349 Dominus.

415 1367 708 1424 Jonfortat
734 1387 867 1442 ergo
888 1372 1161 1427 Dominus
1186 1377 1472 1446 pOpulum,
1498 1379 1715 1434 dicens:
1732 1407 1753 1431 ει
1777 1383 1892 1453 Ego
1912 1401 2009 1438 vo-

414 1456 633 1512 biscum
663 1475 809 1524 sum,
835 1477 938 1531 ego
965 1478 1061 1516 ero
1082 1470 1265 1519 vester
1291 1467 1535 1536 adjutor.
1572 1488 1599 1522 ι

492 1564 516 1597 ι
542 1545 611 1599 Et
638 1547 926 1602 suscitavit
955 1548 1227 1605 Dominus
1257 1553 1516 1623 spiritum
1555 1557 1879 1619 Zorobabel,
1909 1560 2010 1613 filii

2089 499 2289 552 iterum
2317 500 2523 552 factum
2555 504 2637 551 est
2670 495 2896 549 verbum
2931 494 3153 548 Domin‘i
3174 494 3231 547 in
3270 510 3443 548 manu
3470 496 3678 566 Aggazi.

2088 588 2299 641 Mensis
2328 588 2600 657 septimus
2628 591 2780 639 totus
2805 583 3033 637 festivus
3052 588 3175 637 erat
3197 588 3366 653 atque
3395 584 3681 640 solemnis.

2085 676 2220 729 Jure
2250 677 2439 746 itaque
2486 676 2549 729 ﬁt
2587 691 2773 728 sermo
2808 672 3026 726 Domini
3057 672 3128 726 ad
3167 673 3463 742 Aggazum,
3504 673 3560 727 id
3599 679 3688 728 est

2086 763 2366 823 festivum,
2397 764 2452 817 in
2473 763 2710 833 septimo
2737 761 2817 825 (id
2841 767 2923 814 est
2952 760 3166 824 festivo)
3188 776 3398 825 mense,
3427 766 3485 814 et
3514 760 3573 814 in
3601 762 3686 815 vi-

2082 853 2296 906 cesima
2325 853 2507 922 prima
2549 851 2639 905 die
2689 850 2915 914 mensis,
2947 848 3193 919 impletis
3241 848 3455 902 scilicet
3505 848 3686 903 tribus

2087 940 2550 1003 hebdomadibus,
2583 946 2637 993 et
2666 939 2944 1008 completo
2976 937 3243 1008 mysterio
3259 937 3689 992 Trinitatis.Ter

2089 1029 2236 1082 enim
2267 1034 2503 1099 septem,
2536 1027 2732 1096 viginti
2763 1043 2937 1080 unum
2960 1031 3112 1080 sunt.

2164 1137 2186 1168 ι
2224 1118 2362 1181 Quis
2407 1118 2464 1170 in
2515 1116 2665 1169 vobis
2696 1123 2781 1168 est
2822 1114 3140 1178 derelictus,
3166 1113 3260 1185 qui
3290 1114 3430 1167 vidit
3456 1114 3690 1168 domum

2086 1205 2252 1259 istam
2283 1205 2340 1258 in
2364 1205 2547 1275 gloria
2566 1221 2670 1258 sua
2695 1205 2879 1274 prima
2897 1204 2922 1256 ?
2952 1204 3021 1257 Et
3037 1202 3171 1273 quid
3197 1219 3293 1256 vos
3322 1202 3522 1257 videtis
3542 1203 3691 1256 hanc

2091 1294 2277 1348 nunc?
2306 1294 2573 1364 Nunquid
2598 1309 2709 1347 non
2734 1292 2812 1346 ita
2842 1297 2929 1346 est
2956 1291 3118 1362 quasi
3156 1307 3267 1345 non
3301 1291 3375 1344 sit
3413 1292 3469 1344 in
3511 1291 3692 1344 oculis

2090 1383 2324 1447 vestris;
2359 1388 2417 1436 et
2444 1399 2593 1436 nunc
2613 1382 2948 1445 confortare,
2982 1379 3304 1443 Zorobabel,
3337 1379 3471 1433 dicit
3495 1379 3694 1433 Domi-

2089 1478 2277 1535 nus,et
2288 1467 3451 1534 confortare.Jesu,filiiJosedech,sacerdos
3465 1483 3691 1537 magne,

2093 1566 2146 1614 et
2173 1561 2506 1622 confortare,
2535 1559 2719 1614 omnis
2756 1558 2995 1629 populus
3023 1563 3206 1622 terrae,
3246 1557 3382 1611 dicit
3418 1555 3695 1610 Dominus

418 1633 707 1695 Salathiel,
731 1635 888 1690 ducis
910 1638 939 1691 ,Ι
945 1639 1073 1701 uda,
1095 1646 1151 1693 et
1167 1641 1425 1711 spiritum
1442 1645 1595 1710 Jesu,
1621 1647 2034 1716 filiiJosedech,
2092 1648 2458 1709 exercituum,
2492 1653 2547 1702 et
2576 1646 2742 1700 facite
2773 1646 3038 1716 quoniam
3081 1661 3185 1715 ego
3232 1644 3515 1698 vobiscum
3542 1661 3694 1711 sum,

413 1722 722 1777 sacerdotis
754 1726 961 1795 magni,
997 1733 1051 1782 et
1086 1730 1346 1799 spiritum
1380 1734 1725 1804 reliquorum
1754 1736 1824 1789 de
1855 1738 2008 1792 omni
2026 1715 2072 1775 B
2092 1736 2228 1791 dicit
2256 1737 2528 1790 Dominus
2552 1736 2921 1803 exercituum,
2948 1733 3177 1788 verbum
3202 1733 3350 1804 quod
3388 1732 3571 1803 placui
3595 1749 3699 1786 vo-

413 1811 642 1880 populo.
677 1830 705 1865 ι)
740 1813 1059 1870 Suscitatur
1099 1818 1330 1888 spiritus
1359 1823 1662 1877 Zorobabel
1693 1831 1747 1879 et
1776 1827 2010 1896 spiritus
2091 1825 2328 1890 hiscum,
2357 1842 2484 1879 cum
2511 1823 2916 1894 egrederemini
2946 1823 3016 1876 de
3047 1827 3198 1876 terra
3232 1821 3482 1893 ngypti.
3520 1843 3538 1868 ο
3564 1821 3698 1875 Cle-

411 1897 449 1951 J
453 1906 889 1972 esu,utregnum
901 1908 959 1958 et
974 1908 1346 1963 sacerdotium
1359 1912 2006 1985 aedificarenttemplum.
2093 1913 2441 1967 mentissime
2467 1914 2786 1967 consolatur
2806 1911 3077 1965 Dominus
3109 1909 3501 1981 populum,qui
3541 1908 3700 1979 prio-

417 1987 734 2044 Suscitatur
752 1992 984 2061 spiritus
1006 1994 1207 2065 reliqui
1235 2000 1445 2068 populi,
1462 2000 1519 2053 id
1541 2006 1626 2054 est
1645 2002 1865 2056 devotio
1886 2004 2009 2057 ani-

412 2076 494 2130 mi
524 2082 581 2131 et
599 2079 875 2140 voluntas,
895 2086 959 2133 ut
982 2081 1191 2136 faceret
1210 2101 1332 2154 qua:
1355 2095 1696 2157 praeceperat
1718 2090 2006 2144 Dominus.

418 2184 440 2211 ι
472 2164 543 2218 Et
563 2166 803 2235 ingressi
818 2174 969 2231 sunt,
984 2176 1041 2222 et
1060 2169 1338 2226 faciebant
1362 2190 1501 2243 opus
1520 2175 1578 2229 in
1599 2176 1764 2230 domo
1785 2177 2008 2231 Domini

412 2253 757 2307 exercituum
781 2256 881 2308 Dei
911 2256 1016 2310 sui.
1057 2278 1079 2307 ι
1116 2257 1360 2328 Ingressi
1392 2268 1542 2327 sunt,
1567 2265 1832 2334 quoniam
1860 2267 2008 2319 foras

412 2340 681 2406 exierant,
715 2342 771 2395 id
799 2350 884 2397 est
910 2344 1119 2400 suimet
1147 2346 1302 2401 obliti
1334 2357 1513 2413 erant,
1554 2350 1696 2404 sicut
1743 2353 2009 2422 prodigus

413 2429 585 2491 ﬁlius,
609 2431 678 2484 de
701 2448 809 2502 quo
831 2432 1037 2487 dicitur
1057 2435 1205 2504 quod
1225 2436 1281 2490 in
1303 2454 1362 2491 se
1396 2454 1651 2493 reversus
1672 2442 2008 2511 est,quando

412 2516 657 2573 decrevit
684 2520 756 2575 ad
775 2527 995 2591 patrem
1025 2523 1227 2577 redire.

1055 2667 1288 2723 CAPUT
1317 2668 1392 2723 II.

491 2809 520 2846 ι
550 2790 619 2845 In
647 2790 739 2845 die
757 2790 1022 2845 vicesima
1036 2797 1094 2845 et
1114 2798 1315 2863 quarta
1334 2795 1542 2849 mensis
1564 2795 1620 2849 in
1642 2802 1797 2851 sexto
1819 2815 2010 2854 mense

411 2882 475 2937 in
499 2896 647 2934 anno
675 2880 919 2935 secundo
952 2881 1102 2935 Darii
1131 2883 1297 2952 regis.
1338 2904 1359 2933 ι
1405 2884 1709 2955 Coeperunt
1737 2887 2011 2942 aedificare

415 2970 611 3025 eodem
656 2985 824 3034 anno,
875 2969 972 3040 qui
1008 2986 1180 3038 supra
1223 2972 1437 3041 positus
1480 2979 1588 3042 est,
1617 2983 1675 3028 et
1716 2975 1775 3029 in
1815 2977 2009 3030 eodem

412 3073 630 3120 mense,
652 3056 748 3111 sed
772 3074 882 3111 non
904 3057 959 3111 in
975 3058 1168 3112 eadem
1188 3060 1278 3112 die
1324 3060 1505 3132 Supra
1523 3062 1671 3115 enim
1695 3080 1840 3117 unus
1860 3081 2011 3118 men-

414 3145 516 3207 sis,
541 3145 597 3199 id
625 3150 711 3200 est
738 3146 953 3217 primus
974 3146 1217 3216 ponitur,
1239 3147 1327 3201 hic
1365 3165 1492 3202 vero
1523 3150 1817 3205 vicesimus
1848 3169 2013 3222 quar-

2093 2018 2211 2055 rem
2235 2002 2463 2055 domum
2486 2001 2544 2054 in
2563 2017 2666 2055 sua
2683 2000 2864 2069 gloria
2887 2000 3161 2060 viderant,
3187 1999 3245 2052 in
3274 1998 3435 2068 cujus
3466 2004 3700 2067 compa"-

2092 2090 2309 2143 raiione
2377 2090 2494 2143 haec
2552 2089 2849 2142 videbatur
2899 2088 3059 2159 quasi
3123 2104 3236 2140 non
3302 2103 3441 2141 esse.
3506 2086 3701 2140 Nolite

2090 2178 2396 2247 (inquiens)
2423 2178 2742 2247 desperare,
2782 2173 2956 2228 nolite
2995 2191 3196 2229 manus
3214 2174 3567 2239 submittere,
3586 2190 3698 2245 ego

2092 2266 2241 2319 enim
2272 2282 2396 2319 sum
2419 2264 2725 2327 vobiscum,
2766 2280 2868 2333 ego
2906 2264 3261 2332 omnipotens
3290 2264 3508 2315 locutus
3539 2279 3693 2329 sum,

2090 2355 2251 2423 cujus
2264 2353 2470 2406 dixisse
2490 2352 2682 2406 fecisse
2704 2357 2870 2408 est.et
2889 2351 2985 2405 illa
3003 2350 3245 2420 implebo
3263 2366 3385 2419 quae
3405 2348 3695 2403 vobiscum

2091 2441 2298 2512 pepigi,
2360 2456 2485 2494 cum
2538 2456 2635 2493 vos
2664 2439 2733 2492 de
2778 2439 3019 2509 )Egypto
3076 2437 3261 2491 eduxi.
3293 2455 3317 2487 α
3365 2437 3434 2490 Et
3460 2437 3701 2507 spiritus

2093 2545 2271 2591 meus,
2310 2547 2332 2579 ι
2366 2528 2420 2581 id
2447 2533 2533 2582 est
2560 2527 2824 2581 divinitas
2864 2526 3176 2596 majestatis
3220 2541 3378 2585 meae,
3430 2524 3545 2578 sive
3573 2525 3704 2595 Spi-

2095 2618 2237 2671 ritus
2265 2624 2512 2677 sanctus,
2546 2617 2706 2685 cujus
2743 2621 2831 2669 est
2866 2615 3048 2669 omnis
3092 2613 3416 2679 consolatio,
3449 2612 3598 2667 unde
3641 2620 3703 2667 et

2096 2706 2410 2776 paracletus
2440 2705 2773 2775 appellatur,
2802 2724 2824 2754 ι
2857 2704 2966 2758 erit
3013 2703 3070 2756 in
3118 2702 3303 2756 medio
3335 2707 3602 2755 vestrum.
3672 2722 3699 2754 »

2093 2795 2191 2849 Est
2221 2800 2407 2847 autem
2429 2794 2519 2847 hic
2545 2799 2663 2846 tota
2681 2790 3395 2846 commemorataTrinitas.
3413 2790 3580 2843 Pater
3610 2797 3705 2845 est

2095 2882 2191 2953 qui
2218 2882 2354 2936 dicit
2387 2900 2398 2934 :
2434 2882 2545 2952 Ego
2567 2898 2690 2935 sum
2719 2881 3001 2934 vobiscum
3027 2898 3037 2932 :
3067 2880 3260 2942 Filius,
3285 2878 3513 2932 verbum
3543 2879 3703 2953 quod

2097 2972 2279 3041 placui
2309 2970 2624 3036 vobiscum;
2660 2968 2899 3039 Spiritus
2921 2978 3151 3022 sanctus
3177 2986 3189 3020 :
3223 2966 3297 3021 Et
3324 2967 3555 3038 spiritus
3587 2967 3703 3035 (in-

2093 3063 2238 3130 quit)
2270 3076 2427 3113 meus
2454 3059 2564 3112 erit
2589 3060 2645 3112 in
2678 3059 2863 3112 medio
2884 3062 3148 3112 vestrum.
3186 3076 3208 3107 ι
3259 3056 3445 3110 Nolite
3473 3056 3699 3121 timere,

2094 3149 2222 3218 quia
2244 3149 2362 3202 haec
2387 3148 2525 3201 dicit
2556 3148 2827 3201 Dominus
2860 3145 3203 3200 exercituum
3247 3162 3259 3197 :
3291 3145 3489 3199 Adhuc
3517 3161 3703 3199 unum

414 3238 529 3288 tus.
560 3234 635 3287 Ex
665 3251 775 3304 quo
806 3234 1171 3304 intelligimus
1210 3235 1361 3288 inter
1398 3237 1637 3306 primum
1688 3239 1860 3307 diem,
1900 3258 2011 3311 quo
2094 3237 2374 3290 modicum
2407 3246 2510 3301 est,
2543 3242 2599 3290 et
2628 3252 2731 3305 ego
2760 3233 3119 3289 commovebo
3158 3234 3359 3288 celum
3393 3240 3449 3287 et
3484 3239 3705 3287 terram

414 3322 691 3378 Dominus
735 3324 953 3377 locutus
999 3329 1087 3377 est
1135 3340 1235 3394 per
1265 3326 1551 3394 Aggmum.
1584 3333 1641 3380 et
1684 3328 2008 3383 vicesimum
2094 3332 2152 3380 et
2173 3342 2328 3379 mare
2358 3324 2664 3384 etaridam,
2690 3331 2746 3377 et
2771 3323 2998 3378 movebo
3021 3338 3215 3376 omnes
3240 3321 3708 3392 gentes.»Quan-

418 3416 687 3482 quartum
728 3427 838 3481 quo
873 3412 1092 3481 operari
1138 3420 1443 3482 ceperunt,
1476 3414 1647 3468 fuisse
1686 3417 1897 3471 medios
1936 3418 2012 3471 vi-
2092 3414 2164 3469 do
2191 3414 2434 3484 primum
2483 3414 2538 3466 in
2581 3419 2770 3467 monte
2799 3413 2935 3467 Sina
2975 3413 3396 3466 Testamentum
3435 3410 3705 3477 dabatur,

417 3499 561 3569 ginti
602 3500 743 3553 duos
779 3498 917 3554 dies.
948 3499 1105 3569 Apud
1135 3499 1395 3555 Hebraeus
1427 3501 1619 3571 viginti
1657 3503 1780 3557 duae
1810 3504 2010 3561 litterae
2092 3503 2239 3557 movi
2265 3502 2715 3573 cmlum,quando
2732 3501 2883 3554 vobis
2907 3501 2976 3554 de
2996 3501 3134 3553 celo
3158 3500 3376 3554 locutus
3395 3499 3707 3556 sum.movi

420 3593 573 3642 sunt.
606 3587 715 3641 Per
744 3586 848 3640 hoc
869 3587 1185 3641 ostenditur
1228 3590 1493 3658 quoniam
1530 3592 1765 3661 populus
1794 3610 2019 3648 necesse
2099 3598 2333 3655 terram,
2358 3591 2581 3661 quando
2612 3607 2791 3644 meam
2809 3590 3163 3661 praesentiam
3185 3590 3362 3659 caligo
3382 3595 3437 3642 et
3456 3587 3708 3643 tenebrae

418 3674 663 3729 habebat
706 3675 893 3728 doceri
944 3680 1001 3727 et
1027 3675 1243 3730 discere
1271 3677 1545 3730 elementa
1572 3682 1845 3736 sermonis
1899 3682 2013 3736 Dei.
2102 3687 2159 3733 et
2185 3680 2352 3737 turbo
2380 3680 2701 3744 cernebant,
2742 3685 2800 3733 et
2827 3685 2891 3732 ut
2920 3678 3217 3732 Psalinista
3247 3678 3329 3731 ait
3372 3696 3385 3730 :
3425 3696 3451 3727 α
3482 3677 3636 3730 Deus
3692 3695 3704 3729 :

420 3762 674 3833 Mystice,
708 3762 956 3833 quandiu
976 3762 1035 3817 in
1067 3765 1172 3818 hac
1197 3766 1308 3819 vita
1328 3769 1709 3837 sumus.quasi
1730 3770 1833 3823 sub
1856 3770 2023 3825 Dario
2104 3784 2231 3821 cum
2272 3767 2619 3838 egredereris
2650 3766 2707 3819 in
2736 3773 3031 3837 conspectu
3064 3764 3252 3835 p0puli
3281 3764 3385 3826 tui,
3421 3782 3446 3815 ›)
3480 3768 3537 3818 et
3564 3764 3708 3817 reli-

422 3850 677 3913 vivimus,
727 3851 861 3922 quia
909 3868 1038 3906 caro
1094 3861 1372 3925 repugnat
1414 3856 1657 3926 spiritui,
1703 3866 1760 3911 et
1788 3860 2020 3929 spiritus

423 3939 600 4005 carni,
650 3945 706 3995 et
735 3940 794 3994 in
836 3946 992 3995 sexto
1019 3959 1230 4010 mense,
1259 3944 1316 3997 in
1348 3961 1458 4015 quo
1491 3962 1727 4000 numero
1778 3950 2020 4018 perfecte

424 4028 580 4084 Deus
599 4029 810 4097 omnia,
828 4036 885 4084 et
903 4030 962 4084 in
991 4032 1234 4086 secundo
1257 4034 1487 4097 anno,in
1509 4052 1618 4105 quo
1638 4053 1873 4090 numero
1894 4054 2020 4092 con-

423 4124 541 4174 stat
567 4119 774 4174 sobolis’
799 4121 1099 4190 reparatio.
1116 4123 1353 4177 Necesse
1373 4113 1606 4193 estergo
1627 4132 1690 4179 ut
1718 4126 2019 4181 timeamus

424 4223 461 4262 a
488 4208 628 4263 facie
649 4209 892 4269 Domini,
913 4214 965 4262 et
997 4210 1401 4277 ingrediamur.
1448 4218 1502 4265 et
1532 4212 1803 4267 faciamus
1849 4231 2021 4285 opera

425 4296 669 4359 Domini,
705 4296 760 4348 id
790 4302 877 4349 est
896 4312 960 4350 ex
1003 4297 1305 4351 virtutibus
1336 4299 1571 4353 Domino
1603 4301 1660 4354 in
1691 4302 1848 4356 nobis
1873 4309 2018 4356 tem-

2105 3856 2386 3927 qua,movi
2407 3872 2559 3909 mare
2581 3854 3081 3925 Rubrum,quando
3103 3850 3449 3919 divisi'illud,
3471 3857 3528 3905 et
3548 3852 3709 3906 viam

2102 3945 2312 4016 praebui
2342 3945 2547 4015 populo
2577 3943 2910 3997 transeunti.
2954 3942 3095 3997 Movi
3124 3947 3181 3995 et
3205 3941 3438 4004 aridam,
3474 3940 3709 4010 quando

2101 4034 2446 4088 circumduxi
2467 4033 2734 4104 populum
2758 4031 3131 4102 quadraginta
3145 4030 3309 4084 anuis
3326 4046 3424 4100 per
3436 4028 3578 4082 viam
3612 4029 3710 4083 in-

2100 4124 2248 4176 viam
2281 4129 2339 4177 et
2382 4123 2650 4176 incultam
2698 4128 2867 4190 atque
2893 4119 3108 4172 aridam
3158 4119 3539 4172 solitudinem.
3584 4118 3707 4187 Ego

2102 4211 2292 4282 itaque
2322 4211 2417 4282 qui
2438 4218 2572 4264 tunc
2600 4210 2696 4263 illa
2740 4209 2861 4272 feci,
2914 4208 3097 4261 adhuc
3149 4206 3378 4260 movebo
3424 4207 3548 4277 ipsa
3596 4206 3713 4261 ele-

2105 4304 2313 4364 menta,
2347 4299 2493 4368 quod
2525 4298 2717 4367 utique
2743 4297 2950 4351 factum
2982 4301 3069 4348 est
3097 4295 3153 4348 in
3177 4296 3422 4348 adventu
3450 4294 3705 4349 Domini.

424 4383 580 4454 plum
603 4383 1280 4439 aedificemus.\’icesimus
1302 4393 1536 4455 quartus
1555 4388 1795 4459 dies,qui
1829 4407 2019 4445 nume-
2038 4372 2086 4429 D
2106 4388 2246 4440 Nam
2278 4393 2528 4456 tempore
2560 4385 2835 4456 passionis
2884 4384 3055 4443 illius,
3084 4389 3295 4436 motum
3349 4389 3438 4436 est
3473 4373 3707 4447 coelum,

425 4487 553 4524 rum
597 4470 943 4542 duplicatum
983 4473 1154 4526 habet
1192 4474 1622 4538 duodenarium,
1664 4478 1920 4548 designat
1956 4497 2023 4533 ex

425 4565 668 4631 utroque
685 4561 889 4631 populo
909 4560 1143 4615 Iudaico
1163 4571 1219 4615 et
1234 4563 1431 4631 gentili
1448 4567 1868 4634 congregandos
1889 4567 2023 4621 lide-

424 4648 528 4715 les,
561 4656 618 4703 et
645 4650 936 4721 spirituale
963 4651 1235 4721 templum
1263 4651 1782 4708 zedificaturoleoc
1803 4672 2023 4726 quoque

426 4739 745 4804 dicendum,
771 4740 919 4811 quod
947 4740 1262 4811 triplicatus
1289 4742 1611 4795 octonarius
1658 4742 1852 4813 viginti
1891 4762 2024 4814 qua-

425 4831 558 4882 tuor
572 4827 790 4899 perficit
813 4846 823 4880 :
850 4828 983 4898 quia
996 4844 1124 4882 vero
1146 4828 1514 4891 circumcisio,
1541 4846 1662 4900 quae
1696 4838 1891 4884 octava
1931 4831 2023 4885 die

426 4915 619 4978 ﬁebat,
641 4922 698 4969 et
718 4916 1027 4986 spiritualis
1054 4918 1246 4988 templi
1260 4917 1573 4985 aedificatio,
1596 4918 1655 4971 in
1674 4918 1783 4972 fide
1807 4926 2026 4975 constat

426 5019 562 5058 sane
658 5003 966 5057 Trinitatis.

502 5118 533 5144 ε
556 5089 623 5145 In
643 5091 881 5162 septimo
911 5108 1122 5153 mense,
1154 5093 1415 5148 vicesima
1434 5095 1615 5164 prima
1639 5117 1661 5145 ιι
1682 5096 1773 5149 die
1805 5113 1833 5147 α
1856 5113 2019 5150 men-

427 5181 523 5246 sis,
546 5180 755 5233 factum
784 5184 870 5233 est
900 5179 1125 5233 verbum
1156 5182 1377 5236 Domini
1409 5182 1466 5236 in
1489 5200 1658 5237 manu
1684 5185 1875 5254 Aggaai
1898 5202 2023 5256 pro-

424 5269 627 5340 pheta,
658 5268 883 5322 dicens:
918 5268 1171 5338 Loquere
1199 5270 1269 5322 ad
1297 5270 1617 5328 Zorobabel.
1651 5272 1826 5326 filium
1860 5274 2019 5327 Sala-

423 5356 788 5416 thiel,ducem
808 5356 1437 5425 Judu,etJesum_,ﬁlium
1459 5360 2017 5415 Josedech.sacerdo-

421 5449 538 5499 tem
559 5461 843 5514 magnum,
867 5452 925 5499 et
939 5445 1007 5498 ad
1028 5446 1274 5516 reliquos
1297 5448 1505 5518 populi.
1520 5448 1730 5502 dicens.
1757 5468 1782 5499 »
1810 5448 2018 5501 Eodem

424 5533 653 5605 quidam
668 5550 954 5606 anno,quo
983 5540 1040 5589 et
1066 5551 1255 5606 supra,
1275 5536 1333 5590 id
1362 5541 1449 5589 est
1461 5535 1702 5591 secundo
1722 5535 1898 5601 Darii,
1920 5536 2019 5590 sed

2107 4474 2331 4544 quando
2360 4475 2443 4528 sol
2472 4474 2802 4527 obscuratus
2831 4480 2935 4531 est,
2957 4482 3014 4526 et
3042 4471 3285 4525 tenebrae
3301 4472 3460 4525 factae
3478 4479 3613 4525 sunt
3632 4473 3709 4527 ab

2106 4564 2246 4617 hora
2265 4570 2421 4616 sexta
2440 4580 2617 4633 usque
2646 4563 2715 4615 ad
2746 4562 2941 4615 horam
2972 4577 3209 4626 nonam;
3242 4567 3394 4614 terra
3425 4566 3579 4613 mota
3618 4568 3711 4616 est

2107 4667 2233 4705 cum
2280 4667 2413 4703 saxa
2439 4650 2802 4713 finderentur,
2834 4649 3090 4719 sepulcra
3146 4654 3513 4718 patescerent,
3578 4648 3711 4719 ipsa

2107 4756 2329 4811 quoque
2356 4745 2510 4793 terra
2532 4745 2817 4798 tremeret,
2850 4743 3068 4791 motum
3099 4744 3186 4790 est
3227 4752 3382 4789 mare
3414 4738 3711 4806 praesentis

2104 4828 2311 4893 saeculi,
2332 4828 2555 4882 flatibus
2571 4828 2885 4882 daemonum
2908 4827 2964 4880 in
2985 4826 3318 4880 seditionem
3334 4826 3708 4895 concitatum,

2108 4918 2331 4988 quando
2366 4922 2423 4970 et
2467 4916 2634 4970 draco
2683 4915 3011 4969 interfectus
3053 4922 3158 4979 est,
3210 4915 3266 4967 id
3319 4919 3405 4968 est
3445 4914 3710 4970 diabolus

2106 5010 2422 5075 superatus,
2453 5004 2548 5074 qui
2579 5002 2819 5057 cubabat
2846 5002 2903 5056 in
2936 5002 3076 5055 mari
3106 5002 3277 5072 hujus
3304 5002 3508 5055 saeculi.
3531 5002 3712 5056 Movit

2105 5099 2163 5146 et
2189 5093 2428 5159 aridam,
2458 5092 2713 5163 squalida
2740 5096 2797 5145 et
2826 5090 3169 5144 infructuosa
3191 5091 3362 5144 corda
3377 5089 3703 5160 gentilium.

2106 5182 2271 5235 ()mni
2301 5196 2438 5250 ergo
2471 5180 2835 5234 universitate
2849 5185 3149 5239 commota.
3169 5186 3333 5234 motae
3354 5185 3702 5233 suntomnes

2098 5277 2295 5338 gentes
2326 5269 2753 5338 praedicantibus
2781 5267 3070 5338 apostolis,
3090 5267 3354 5337 quoniam
3389 5266 3444 5319 in
3473 5283 3705 5321 omnem

2100 5364 2308 5411 terram
2338 5357 2505 5411 exivit
2530 5374 2701 5411 sonus
2729 5373 2943 5410 eorum.
2973 5375 2993 5405 ι
3032 5354 3105 5408 Et
3132 5356 3315 5409 veniet
3346 5355 3703 5409 desideratus

2100 5446 2313 5499 cunctis
2338 5445 2619 5515 gentibus,
2640 5452 2695 5499 et
2711 5444 2951 5514 implebo
2970 5444 3199 5497 domum
3221 5444 3385 5497 istam
3400 5443 3601 5513 gloria,
3622 5443 3705 5497 dis

2100 5536 2177 5589 cit
2201 5534 2472 5589 Dominus
2496 5534 2861 5589 exercituum.
2885 5532 3277 5588 )Mauifestum
3295 5539 3384 5587 est
3398 5532 3703 5586 adventum
