3970 6150
214 359 309 420 217
1144 358 1557 416 ENARRATIO
1594 360 1675 414 IN
1710 359 1800 413 AG

1887 359 2037 415 EUM
2075 358 2534 415 PROPHETAM.
2561 345 2565 349 ’
3369 353 3403 406 2
3416 352 3475 409 l8

211 486 412 542 Christi
442 484 830 558 praenuntiari,
865 484 959 555 qui
991 484 1419 541 desiderabatur
1434 491 1488 541 et
1519 491 1802 557 exspecta-
1818 489 1866 547 Α
1885 502 2022 540 sona
2036 486 2257 541 Domini
2266 486 2477 550 ,dicens
2501 504 2545 537 τε
2575 484 2629 541 Si
2645 484 3014 538 tulerithomo
3035 498 3259 536 carnem
3279 481 3479 535 sancti-

209 575 385 640 balur,
416 582 480 629 ut
514 575 817 629 redimeret
844 573 1134 643 gentes,de
1159 591 1269 644 quo
1307 576 1606 644 Apostolus
1639 591 1649 626 :
1683 596 1703 625 ι
1740 576 1802 629 1η
1887 576 2129 628 ﬁcatam.
2169 599 2190 623 υ
2220 577 2361 629 Caro
2385 576 2733 627 sanctiﬁcata
2769 573 3078 635 dicebatur,
3111 588 3239 625 caro
3261 570 3476 635 hostiaa,

212 681 366 736 quem
421 663 752 717 desiderant
797 662 982 731 angeli
1029 663 1365 732 prospicere.
1423 682 1445 712 ι
1497 664 1799 733 Postquam
1886 679 2007 732 quae
2036 663 2435 717 immolabatur
2460 664 2515 717 in
2542 662 2873 724 altari,licet
2903 660 3215 731 interipsas
3234 659 3479 713 sanctiﬁ-

213 766 332 819 ergo
353 751 451 804 ille
474 750 642 804 venit.
666 750 897 821 impleta
922 755 1009 803 est
1025 750 1206 818 gloria
1235 750 1436 804 domus
1476 751 1720 814 Domini,
1745 751 1800 804 id
1883 756 2038 805 ratas
2060 767 2255 805 carnes
2270 757 2418 804 esset
2434 767 2637 821 magna
2658 749 2969 813 diversitas,
2990 749 3137 819 quod
3158 748 3214 801 in
3236 746 3477 802 Levitico

213 844 281 892 est
316 839 582 903 Ecclesia,
618 856 740 909 quae
782 845 867 892 est
897 839 1098 893 domus
1126 840 1224 892 Dei
1255 839 1323 892 de
1361 839 1495 893 vivis
1526 839 1803 910 lapidibus

216 928 498 982 aedificata.
513 927 575 982 Si
592 928 740 982 enim
772 927 1021 999 gloriosa
1038 928 1147 981 fuit
1164 928 1513 998 domusque;
1532 928 1804 982 aediﬁcata

214 1021 285 1069 est
317 1031 352 1067 a
380 1031 562 1080 servo,
593 1021 865 1086 quantum
889 1016 1065 1070 distat
1094 1033 1286 1070 servus
1313 1035 1347 1069 a
1366 1015 1800 1079 Domino,tanto

214 1104 401 1157 melior
438 1110 527 1158 est
563 1105 787 1171 domus,
817 1105 907 1158 cui
945 1110 1148 1176 praeest
1175 1105 1466 1171 Dominus,
1494 1104 1565 1159 ab
1594 1105 1693 1159 illa
1710 1105 1800 1160 cui

214 1191 425 1262 praefuit
449 1209 661 1246 servus.

277 1300 299 1331 ι
323 1281 513 1335 Meum
529 1286 615 1335 est
632 1286 1011 1351 argentum,et
1023 1298 1209 1335 meum
1227 1286 1314 1335 est
1324 1281 1683 1347 aurum,dicit
1697 1282 1802 1335 Do-

214 1369 389 1422 minus
422 1370 793 1424 exercituum.
825 1369 1036 1440 Magna
1063 1370 1173 1423 erit
1200 1370 1383 1440 gloria
1411 1370 1609 1425 domus
1638 1370 1800 1424 istius

215 1457 523 1512 novissima:
544 1458 669 1528 plus
697 1474 863 1529 quam
892 1459 1106 1529 primae,
1133 1458 1270 1512 dicit
1297 1458 1569 1512 Dominus
1598 1458 1802 1512 exerci-

215 1552 381 1601 tuum.
420 1565 447 1598 »
479 1549 558 1600 Ac
582 1547 630 1601 si
658 1547 896 1601 diceret:
915 1547 1102 1600 Nolite
1127 1546 1385 1600 dubitare
1413 1547 1562 1617 quod
1592 1546 1800 1617 possim

1885 840 2127 910 pleniter
2146 840 2367 893 dicitur.
2403 839 2733 892 Immundus
2749 845 2938 891 autem
2970 837 3026 890 in
3043 836 3232 890 anima
3262 834 3483 890 diceba-

1885 933 1997 990 tur,
2026 927 2121 997 qui
2167 934 2451 981 mortuum
2489 929 2774 997 tangebat.
2809 926 3070 990 Quandiu
3110 925 3258 979 enim
3290 925 3481 978 anima

1885 1016 1942 1069 in
1972 1032 2203 1086 corpore
2234 1023 2337 1080 est,
2364 1032 2473 1068 non
2504 1022 2591 1069 est
2617 1014 2972 1069 immundum
3013 1015 3321 1067 humanum
3353 1028 3478 1066 cor-

1881 1121 2003 1176 pus.
2024 1105 2117 1175 qui
2139 1104 2309 1158 habet
2324 1103 2566 1157 animam
2584 1103 2655 1156 ad
2670 1103 2971 1172 imaginem
2985 1108 3041 1155 et
3055 1100 3479 1155 similitudinem

1881 1193 1981 1247 Dei
2005 1194 2227 1246 factum.
2258 1193 2459 1246 Statim
2483 1208 2611 1245 vero
2631 1196 2696 1245 ut
2720 1192 2907 1245 anima
2924 1207 3125 1262 corpus
3144 1189 3476 1251 deseruerit,

1882 1281 2122 1336 efﬁcitur
2155 1298 2357 1351 corpus
2387 1280 2760 1343 immundum,
2793 1286 2987 1350 utpote
3007 1285 3295 1333 terrenum
3329 1282 3386 1331 et
3413 1294 3479 1331 ex

1882 1371 2065 1425 carnis
2094 1372 2378 1441 voluptate
2409 1374 2753 1423 concretum.
2787 1369 2903 1421 Hoc
2934 1365 3171 1419 dicimus
3201 1371 3475 1434 quantum

1883 1460 1953 1514 ad
1983 1466 2243 1514 naturam
2269 1477 2281 1525 ;
2315 1464 2577 1511 caeterum
2614 1460 2937 1510 sanctorum
2965 1466 3215 1523 corpora,
3238 1467 3477 1522 quorum

1883 1565 2037 1602 mors
2065 1554 2152 1602 est
2179 1547 2646 1618 pretiosa,sancta
2669 1550 2801 1598 sunt
2821 1560 2887 1597 ex
2900 1542 3100 1595 merito
3120 1538 3479 1621 inhabit‘atri-

217 1634 445 1705 implere
475 1636 623 1705 quod
652 1635 947 1707 promitto.
987 1635 1102 1706 Ego
1132 1635 1279 1690 enim
1308 1652 1430 1689 sum
1460 1635 1553 1705 qui
1580 1633 1804 1688 condidi
1883 1637 1962 1691 cis
1982 1643 2188 1691 sanctae
2217 1636 2771 1703 animaelnterrogat
2791 1649 2916 1685 vero
2936 1629 3290 1702 propheta,si
3313 1629 3480 1682 homo

213 1722 413 1787 omnia,
450 1723 510 1776 in
533 1739 705 1777 manu
728 1739 852 1777 mea
874 1730 961 1777 est
987 1729 1283 1794 argentum
1316 1731 1373 1777 et
1400 1740 1601 1777 aurum
1634 1728 1803 1793 atque
1885 1725 2206 1796 quicunque
2226 1724 2416 1778 tulerit
2447 1718 2671 1776 carnem
2694 1720 3119 1779 sanctificatum,
3142 1724 3199 1771 et
3225 1716 3483 1787 ligaverit

217 1826 400 1864 omnes
430 1826 586 1881 opes,
620 1828 723 1881 ego
752 1812 941 1866 omnia
969 1828 1092 1883 quae
1117 1812 1575 1866 necessariasunt
1593 1812 1649 1865 in
1670 1811 1807 1867 aedi-
1826 1805 2011 1867 Beam
2042 1814 2100 1866 in
2128 1813 2454 1866 summitate
2474 1809 2790 1864 vestimenti
2819 1809 2926 1872 sui,
2946 1814 3004 1862 et
3030 1808 3154 1877 ipsa
3183 1805 3479 1859 summitas

214 1898 421 1953 ﬁcando
457 1900 542 1952 vel
581 1901 834 1954 ornando
866 1901 1138 1971 templum
1179 1900 1342 1954 dabo.
1374 1900 1547 1954 Juxta
1575 1917 1800 1954 sensum
1884 1900 2200 1955 vestimenti
2232 1900 2483 1970 tetigerit
2502 1902 2841 1970 panem,aut
2869 1895 3176 1967 quemlibet
3203 1894 3375 1946 alium
3396 1892 3479 1945 ci.

213 1987 526 2056 mysticum,
560 2004 762 2042 aurum
794 1993 881 2042 est
899 2006 1098 2043 sensus
1119 1996 1177 2043 et
1195 1989 1516 2043 intellectus
1533 1988 1801 2060 spirittra-
1884 1988 2038 2053 bum,
2071 1989 2326 2059 nunquid
2358 1988 2565 2060 poterit
2589 1986 2925 2041 sanctiﬁcari
2955 1990 3107 2038 tactu
3138 1979 3474 2045 vestimenti,

214 2074 291 2137 lis,
322 2075 421 2144 qui
455 2075 516 2128 in
571 2076 874 2146 Scripturis
916 2077 1075 2146 latet,
1120 2078 1189 2131 de
1231 2094 1342 2148 quo
1377 2059 1642 2131 SalomOn
1674 2077 1755 2130 ait
1785 2094 1796 2129 :
1885 2078 1943 2132 in
1972 2094 2083 2148 quo
2121 2084 2317 2131 sancta
2351 2093 2480 2130 caro
2509 2076 2684 2146 ligata
2712 2059 2828 2129 est?
2862 2091 2888 2125 ι
2917 2071 3341 2143 Respondentes
3372 2085 3477 2122 au-

216 2180 238 2212 ‹
261 2163 583 2218 Thesaurus
613 2165 1002 2220 desiderabilis
1040 2167 1340 2237 requiescit
1367 2167 1423 2219 in
1454 2182 1549 2220 ore
1578 2166 1803 2236 sapien-
1888 2170 2000 2220 tem
2029 2167 2364 2231 sacerdotes,
2397 2166 2658 2219 dixerunt
2692 2183 2703 2218 :
2735 2165 2882 2218 Non.
2922 2182 2943 2214 ι
2973 2163 3219 2216 Rursum
3250 2158 3480 2229 ponitur

211 2249 293 2303 tis.
328 2270 355 2304 ι
400 2255 720 2322 Argentum
772 2260 900 2309 vkro
929 2255 1081 2308 clara
1110 2255 1331 2326 eloquia
1359 2255 1821 2325 Scripturarum,_
1885 2255 1995 2309 alia
2026 2255 2276 2325 quaestio,
2320 2260 2378 2309 et
2406 2254 2718 2323 interrogat
2738 2253 3032 2323 propheta.

213 2338 347 2392 unde
373 2341 724 2395 Psalmista:
762 2362 784 2393 ι
832 2343 1067 2414 Eloquia
1118 2343 1339 2396 Domini
1383 2342 1603 2413 eloquia
1627 2348 1798 2407 casta,

214 2435 526 2497 argentum,
558 2448 584 2481 ι
609 2437 668 2483 et
699 2431 937 2502 reliqua.
958 2432 1057 2485 His
1088 2432 1329 2485 metallis
1359 2440 1593 2485 ornatur
1623 2431 1803 2485 Eccle-

214 2513 306 2581 sia,
330 2524 387 2570 et
412 2518 473 2570 ﬁl
506 2517 778 2573 illustrior
793 2536 961 2590 quam
982 2521 1263 2591 quondam
1286 2521 1456 2574 fuerit
1484 2520 1797 2591 Synagoga.

1959 2365 1980 2393 α
2016 2342 2091 2396 Et
2109 2343 2248 2396 dixit
2263 2342 2581 2412 Aggaaus,si
2603 2342 2851 2411 tetigerit
2869 2340 3116 2411 pollutus
3141 2337 3196 2391 in
3215 2336 3423 2399 anima,
3448 2351 3476 2387 θ

1884 2432 1989 2486 hoc
2018 2436 2105 2485 est
2133 2432 2227 2501 qui
2257 2437 2516 2485 contactu
2548 2430 2757 2483 mortui
2788 2424 3375 2481 honzinisimmundus
3394 2423 3479 2477 fa-

1884 2526 2005 2574 ctus
2022 2527 2124 2574 est.
2137 2540 2158 2571 ι
2178 2521 2253 2573 Ex
2265 2520 2525 2573 omnibus
2535 2518 2665 2571 boni
2679 2534 2705 2571 s
2717 2515 2965 2586 nunquid
2980 2512 3482 2569 contaminabitur?

212 2621 235 2650 ι
264 2604 323 2657 Et
351 2605 413 2658 in
446 2606 568 2659 loco
588 2607 695 2660 isto
716 2608 859 2661 dabo
896 2625 1112 2678 pacem.
1145 2608 1278 2661 dicit
1302 2608 1573 2661 Dominus
1601 2609 1806 2661 exerci-
1886 2616 1943 2662 et
1965 2609 2380 2677 responderunt
2401 2607 2738 2669 sacerdotes,
2762 2612 2819 2658 et
2843 2591 3171 2658 dixiaruntu
3191 2601 3478 2657 Contami-

211 2694 377 2743 tuum.
419 2711 443 2743 θ
477 2694 620 2755 Quia
642 2694 712 2747 ad
735 2695 962 2747 domum
976 2696 1243 2766 inclytam
1266 2695 1646 2748 aediﬁcandam
1666 2696 1805 2749 nihil
1886 2696 2131 2749 nabitur.
2171 2717 2195 2743 υ
2231 2696 2299 2749 Et
2320 2695 2608 2764 respondit
2631 2696 2888 2763 Aggaaus,
2916 2697 2973 2745 et
3001 2692 3142 2745 dixit
3173 2709 3185 2743 :
3217 2710 3241 2741 α
3277 2691 3367 2745 Sic
3385 2705 3480 2760 po-

210 2778 378 2847 magis
404 2782 621 2834 scimus
662 2783 926 2852 prodesse
967 2800 1135 2853 quam
1187 2799 1399 2853 pacem,
1446 2782 1571 2835 ideo
1622 2783 1804 2852 ipsam
1887 2784 2053 2854 pulus
2074 2784 2199 2845 iste,
2232 2790 2290 2836 et
2316 2783 2395 2836 sic
2416 2799 2554 2852 gens
2583 2783 2693 2836 ista
2715 2789 2846 2835 ante
2878 2780 3078 2833 faciem
3109 2796 3312 2844 meam,
3343 2778 3482 2832 dicit

207 2868 550 2937 repromittit
594 2870 698 2923 llla
713 2870 862 2945 enim
885 2887 1169 2929 concessa.
1201 2871 1417 2924 facilius
1442 2877 1644 2925 caetera
1661 2870 1805 2925 bona
1886 2872 2179 2935 Dominus,
2212 2878 2270 2925 et
2290 2872 2369 2925 sic
2394 2888 2558 2925 omne
2583 2888 2722 2941 opus
2743 2885 3010 2923 manuum
3041 2884 3256 2931 eorum,
3278 2873 3337 2921 et
3355 2882 3479 2920 om-

206 2958 655 3024 sequuntur.Sed
686 2959 984 3029 allegorico
1006 2976 1175 3013 sensu
1203 2959 1301 3012 dat
1318 2958 1590 3012 Dominus
1610 2975 1803 3029 pacem
1887 2961 1979 3014 nia
2021 2977 2144 3031 quae
2194 2960 2519 3014 obtulerunt
2556 2959 2652 3025 ibi,
2706 2958 3089 3013 contaminata
3126 2961 3310 3010 erunt.
3347 2974 3372 3007 ι
3399 2955 3480 3009 De

204 3040 257 3094 in
286 3044 535 3097 Ecclesia
556 3047 836 3116 praesenti,
868 3048 1200 3119 compressis
1220 3047 1449 3117 maligni
1482 3032 1865 3100 hostisinsi-C
1887 3049 2059 3120 priori
2094 3048 2535 3119 interrogatione
2564 3054 2757 3102 tacens
2798 3047 3091 3118 prepheta,
3126 3045 3194 3098 de
3233 3043 3479 3097 secunda

205 3129 323 3197 diis,
356 3141 417 3187 et
449 3134 726 3204 mitigatis
757 3136 1017 3191 vitiorum
1050 3136 1307 3205 bellis,in
1336 3137 1524 3189 futuro
1553 3152 1683 3189 vero
1712 3137 1807 3189 da-

207 3214 283 3270 bit
307 3236 507 3289 pacem
540 3238 731 3275 veram
762 3229 817 3275 et
845 3230 1131 3276 aeternam.

272 3324 297 3357 α
323 3309 390 3362 In
421 3309 691 3363 vicesima
723 3317 786 3364 et
807 3317 1009 3382 quarta
1033 3311 1167 3365 noni
1214 3310 1421 3366 mensis
1451 3312 1508 3366 in
1537 3328 1685 3366 anno
1713 3329 1803 3366 se-

204 3396 374 3450 cundo
401 3398 564 3452 Darii
611 3400 782 3468 regis,
820 3400 1036 3475 factum
1089 3408 1174 3454 est
1219 3400 1452 3455 verbum
1486 3401 1701 3455 Domini
1732 3402 1801 3455 ad

201 3484 464 3554 Aggzeum
501 3488 853 3558 praphetam,
883 3489 1073 3543 dicens
1124 3509 1135 3542 :
1190 3490 1320 3543 Haec
1355 3490 1490 3543 dicit
1530 3490 1803 3544 Dominus

202 3576 544 3628 exercituum
573 3596 584 3628 ;
611 3580 901 3647 interroga
920 3578 1238 3631 sacerdotes
1262 3578 1464 3647 legem,
1490 3578 1681 3631 dicens
1708 3597 1718 3631 :
1745 3579 1803 3632 Si

200 3660 384 3716 tulerit
415 3664 591 3717 homo
607 3680 829 3718 carnem
856 3667 1261 3720 sanctificatam
1293 3666 1351 3719 in
1373 3683 1471 3719 ora
1484 3667 1803 3719 vestimenti

202 3748 302 3809 sui,
338 3757 395 3805 et
429 3753 688 3822 tetigerit
717 3753 785 3807 de
814 3754 1137 3808 summitate
1163 3756 1285 3824 ejus
1315 3771 1517 3825 panem
1549 3761 1649 3807 aut
1676 3753 1801 3824 pul-

200 3844 471 3905 mentum,
494 3848 595 3895 aut
614 3842 824 3905 vinum,
859 3850 959 3897 aut
984 3843 1186 3903 oleum,
1221 3850 1321 3897 aut
1348 3859 1571 3896 omnem
1589 3842 1797 3908 cibum,

200 3929 448 3997 nunquid
461 3932 750 3984 sanctifica
759 3931 1021 3985 biturhN
1024 3933 1190 3986 otand
1200 3948 1291 3984 um
1307 3932 1453 4002 quod
1471 3947 1639 4002 supra
1654 3948 1799 3985 sem-

201 4026 294 4081 per
306 4016 528 4071 dictum
551 4025 637 4072 est
661 4038 673 4072 :
700 4019 929 4073 Factum
952 4026 1038 4073 est
1053 4020 1283 4073 verbum
1312 4020 1528 4073 Domini
1550 4020 1605 4073 in
1628 4036 1797 4073 manu

200 4102 401 4171 Aggaei,
434 4125 465 4157 ιι
500 4106 591 4159 hic
616 4123 746 4161 vero
776 4126 824 4160 ε(
856 4107 1091 4162 Factum
1125 4114 1212 4162 est
1242 4107 1469 4161 verbum
1493 4108 1713 4161 Domini
1729 4108 1800 4161 ad

202 4189 484 4259 Aggeum.
513 4215 535 4245 ι
560 4196 744 4266 Supra
775 4197 922 4250 enim
948 4197 1080 4267 quia
1101 4197 1308 4250 munda
1330 4196 1572 4250 habebat
1602 4213 1792 4266 opera,

1886 3137 2206 3208 respondet,
2239 3138 2539 3192 ostendens
2560 3153 2660 3190 cur
2679 3137 2786 3190 ista
2815 3133 3299 3206 proposuerit.Qui
3329 3132 3480 3185 enim

1885 3226 2212 3279 immundus
2237 3230 2323 3278 est
2374 3225 2437 3278 in
2486 3225 2692 3287 anima,
2729 3230 2787 3277 et
2823 3222 3179 3276 morticinum
3205 3220 3476 3289 tetigerit,

1886 3329 2052 3368 omne
2087 3315 2236 3385 quod
2266 3314 2521 3384 tetigerit
2552 3313 2631 3366 vel
2657 3312 2942 3377 obtulerit,
2967 3310 3320 3364 immundum
3347 3308 3477 3364 erit.

1884 3402 1984 3456 Est
2013 3409 2199 3457 autem
2232 3418 2460 3456 sensus:
2489 3404 2534 3456 Ο
2558 3401 2887 3472 pupule,qui
2912 3401 3075 3453 altari
3096 3404 3317 3453 tantum
3335 3403 3481 3451 stru-

1887 3498 1997 3556 cto,
2029 3498 2087 3545 et
2114 3491 2297 3544 adhuc
2326 3492 2491 3544 domo
2521 3507 2647 3545 mea
2667 3490 2859 3560 diruta
2883 3489 3097 3542 hostias
3125 3488 3290 3541 ofiers
3313 3486 3372 3540 in
3395 3486 3478 3539 al-

1885 3580 2015 3644 tari,
2049 3590 2105 3633 et
2142 3588 2306 3650 putas
2343 3584 2400 3633 te
2429 3580 2517 3632 his
2545 3578 2803 3632 carnibus
2818 3576 3171 3639 sanctiﬁcari,
3200 3575 3337 3628 scito
3366 3590 3479 3628 non

1883 3673 2105 3721 tantum
2139 3675 2192 3721 te
2221 3668 2555 3721 sanctificari
2572 3684 2635 3720 ex
2659 3666 2854 3720 hostiis
2884 3681 3021 3736 quas
3044 3664 3102 3717 in
3131 3664 3340 3733 templo
3355 3679 3480 3717 meo

1885 3756 2072 3810 diruto
2099 3757 2285 3825 offers,
2317 3773 2484 3827 quam
2515 3755 2887 3809 contaminari
2933 3753 3123 3807 omnia
3164 3769 3287 3822 qua:
3334 3751 3474 3821 agis,

1881 3852 2111 3916 propter
2144 3846 2247 3899 hoc
2282 3845 2429 3915 quod
2476 3845 2710 3914 negligis
2757 3844 2988 3897 domum
3029 3858 3232 3907 meam,
3267 3846 3322 3895 et
3350 3846 3477 3894 tuas

1882 3935 2084 3988 domus
2115 3933 2415 4003 diligenter
2443 3934 2703 3986 exstruis.

1956 4039 1981 4072 «
2018 4023 2086 4075 Et
2117 4038 2282 4085 nunc,
2308 4021 2496 4091 ponite
2512 4021 2680 4074 corda
2696 4024 2879 4074 vestra
2901 4036 2934 4072 a
2956 4019 3045 4072 die
3074 4018 3178 4071 hac
3206 4023 3261 4070 et
3284 4033 3477 4087 supra,

1881 4117 2183 4181 antequam
2215 4115 2519 4179 poneretur
2548 4109 2688 4178 lapis
2716 4124 2884 4178 super
2913 4106 3154 4177 lapidem
3175 4106 3232 4159 in
3264 4107 3474 4176 templo

1883 4198 2128 4262 Domini,
2151 4213 2275 4250 cum
2306 4197 2649 4251 accederetis
2678 4197 2748 4250 ad
2778 4212 3036 4249 acervum
3058 4193 3479 4264 vigintimodio-

201 4278 288 4330 sed
309 4284 363 4335 in
380 4284 556 4337 corde
578 4285 825 4338 nondum
849 4286 1073 4356 plenam
1093 4290 1419 4355 perceperat
1438 4286 1793 4365 sapientiam,
1878 4303 2026 4351 rum,
2060 4293 2116 4339 et
2144 4288 2344 4339 ﬁerent
2371 4285 2879 4348 decem,mtraretis
2908 4284 2977 4337 ad
3006 4284 3272 4347 torcular,
3297 4288 3362 4336 ut
3381 4298 3478 4336 ex-

202 4372 422 4425 eterant
438 4372 595 4425 inter
612 4389 706 4426 eos
719 4373 811 4444 qui
836 4374 1101 4428 nolebant
1117 4374 1393 4427 aediﬁcare
1407 4381 1515 4427 tem
1525 4375 1676 4444 plum
1696 4375 1800 4428 Do-

1880 4376 2200 4445 primeretis
2222 4373 2892 4444 quinquagintalagenas,
2916 4378 2974 4426 et
2994 4372 3203 4427 liebant
3221 4371 3473 4441 viginti.»

200 4457 501 4523 mino,ideo
521 4462 579 4514 in
600 4463 769 4515 manu
793 4464 913 4531 ejus
934 4463 1137 4516 factum
1154 4462 1362 4515 dicitur
1377 4462 1602 4515 verbum
1618 4463 1801 4516 Domi-
1818 4455 1866 4512 D
1883 4464 1929 4518 Ο
1951 4465 2153 4534 pepule
2187 4462 2383 4523 Israel,
2406 4463 2622 4533 respice
2637 4463 2706 4516 ad
2725 4464 3035 4533 praeteritos
3054 4462 3190 4521 dies,
3215 4466 3272 4515 et
3284 4460 3352 4514 ab
3374 4461 3479 4514 hac

201 4545 272 4596 ni.
296 4547 464 4600 Nunc
487 4549 623 4618 quia
645 4549 1013 4603 fundamenta
1036 4552 1152 4619 jam
1175 4551 1541 4620 templijacta
1563 4557 1713 4616 sunt,
1746 4557 1802 4604 et

196 4631 304 4699 jam
326 4638 577 4706 populus
596 4654 723 4691 cum
747 4638 1093 4709 principibus
1121 4640 1255 4693 facit
1280 4656 1450 4709 opera
1481 4639 1670 4710 templi
1688 4641 1800 4694 Do-

201 4721 351 4783 mini,
376 4737 683 4794 propterea
696 4727 765 4779 ad
786 4732 1049 4797 Aggazum
1073 4728 1137 4781 fit
1156 4744 1340 4781 sermo
1362 4726 1608 4781 Domini.
1639 4729 1799 4781 Nono

199 4818 380 4864 autem
415 4829 617 4867 mense
657 4814 721 4866 fit
755 4831 963 4880 sermo,
990 4815 1205 4886 quiade
1230 4815 1586 4868 immunditia
1610 4817 1799 4886 populi

198 4901 510 4964 peccatoris
532 4903 827 4957 locuturus
852 4911 956 4956 est.
984 4904 1281 4973 Nunquam
1312 4904 1461 4957 enim
1492 4920 1673 4957 nanus
1702 4920 1801 4958 nu-

199 5000 378 5042 merus
402 4990 465 5043 in
502 4991 702 5045 bonam
734 4998 951 5062 partem
984 4993 1210 5062 ponitur
1240 4993 1297 5046 in
1320 4992 1626 5063 Scripturis
1658 4992 1799 5046 divi-

199 5076 297 5129 nis.
322 5078 436 5132 Sed
470 5081 738 5150 quoniam
773 5081 955 5134 adhuc
980 5081 1218 5134 dabatur
1243 5082 1324 5134 eis
1340 5088 1562 5151 tempus
1574 5082 1802 5150 agendae

199 5166 566 5233 paenitentiae,
585 5168 708 5221 ideo
731 5169 991 5222 vicesima
1014 5176 1215 5239 quarta
1240 5169 1329 5222 die
1368 5170 1619 5239 ejusdem
1652 5188 1803 5225 men-

202 5255 271 5305 sis
298 5256 362 5308 ﬁt
389 5272 587 5309 sermo
616 5257 841 5311 Domini
864 5258 935 5310 ad
972 5259 1325 5328 prolihetam,
1346 5259 1404 5312 in
1434 5275 1544 5329 quo
1567 5276 1801 5313 numero

203 5339 525 5411 duplicatur
565 5344 963 5408 duodenarius,
994 5345 1198 5416 ubique
1226 5355 1478 5400 sacratus
1506 5363 1792 5401 numerus.

1886 4552 2154 4605 vicesima
2179 4556 2382 4621 quarta
2403 4552 2493 4605 die
2510 4552 2642 4605 noni
2674 4552 2882 4605 mensis
2906 4552 3132 4605 secundi
3152 4551 3284 4603 anni
3303 4550 3473 4615 Darii,

1884 4641 2155 4712 quidquid
2207 4646 2358 4694 retro
2395 4645 2617 4710 gestum
2660 4647 2764 4701 est,
2796 4640 3086 4693 conSIdera
3116 4646 3170 4691 et
3196 4637 3478 4707 perpende

1883 4738 2096 4799 quanta
2125 4735 2277 4782 retro
2299 4729 2655 4791 sustinueris.
2679 4745 2805 4782 cum
2828 4728 3076 4781 nondum
3106 4726 3485 4780 zediticaretur

1882 4818 2174 4888 templum,
2216 4822 2274 4870 et
2302 4822 2515 4886 quanta
2539 4816 2638 4869 tibi
2661 4816 2947 4883 evenerint
2974 4829 3238 4884 prospera
3268 4828 3332 4865 ex
3367 4829 3477 4883 quo

1881 4906 2049 4976 C(Bpit
2071 4905 2341 4959 construi.
2376 4905 2510 4968 Quae
2550 4921 2679 4957 vero
2718 4904 2831 4956 sint
2869 4903 2983 4955 illa.
3016 4901 3133 4972 ipse
3162 4901 3481 4971 Specialiter

1882 5001 2176 5048 enumerat
2220 4996 2537 5063 Antequam
2563 4991 2868 5062 cmpissetis
2897 4990 3172 5044 aediﬁcare
3203 4990 3477 5061 templum

1883 5082 2127 5145 Domini,
2161 5089 2216 5135 et
2242 5080 2586 5136 accederetis
2614 5080 2680 5133 ad
2713 5096 2970 5134 acervum
3004 5078 3197 5133 hordei
3244 5079 3326 5132 vel
3357 5079 3475 5133 fru—

1884 5171 2079 5233 menti,
2122 5171 2178 5223 in
2205 5186 2313 5240 quo
2345 5169 2556 5239 putatis
2582 5186 2676 5222 vos
2704 5185 2865 5239 posse
2897 5168 3101 5222 habere
3131 5168 3330 5238 viginti
3363 5184 3479 5222 mo-

1883 5259 2023 5313 dios.
2057 5259 2142 5311 vix
2190 5258 2431 5310 mediam
2486 5264 2705 5326 partem
2736 5257 3122 5312 inveniebatis.
3156 5257 3284 5311 Pari
3312 5257 3477 5310 modo

1883 5364 2009 5400 cum
2043 5345 2301 5399 veniretis
2330 5345 2397 5398 ad
2422 5346 2688 5407 torcular,
2720 5351 2777 5398 et
2806 5346 3213 5415 quinquaginta
3241 5345 3478 5415 ampho-

206 5448 229 5473 α
260 5432 559 5502 Interroga
618 5434 938 5486 sacerdotes
968 5434 1221 5503 legem.»
1258 5436 1459 5488 Eorum
1493 5435 1643 5489 enim
1711 5442 1797 5489 est
1876 5452 1969 5488 ras
2012 5451 2105 5487 vos
2153 5434 2351 5487 exinde
2402 5433 2696 5488 habituros
2744 5434 3117 5495 mstimaretis,
3149 5434 3233 5486 vix
3280 5432 3476 5502 viginti

204 5516 336 5569 scire
356 5519 569 5589 legem.
593 5527 647 5574 et
666 5521 773 5591 ipsi
795 5522 1128 5591 interrogati
1147 5522 1353 5576 debent
1373 5526 1710 5593 respondere
1725 5526 1794 5578 de
1876 5523 2177 5593 amphoras
2199 5522 2707 5591 reperiebatisCur
2735 5522 2850 5575 haec
2880 5523 3185 5583 evenerint,
3205 5521 3465 5574 ostendit.

202 5601 338 5673 lege.
381 5605 710 5681 Interrogat
745 5625 878 5683 ergo
905 5626 1000 5663 eos
1027 5612 1266 5680 Aggaeus
1285 5613 1560 5683 propheta
1581 5629 1645 5665 ex
1672 5629 1796 5682 per—
1951 5629 1976 5661 (ί
2010 5610 2287 5676 Percussi,
2307 5627 2402 5665 vos
2422 5616 2588 5665 vento
2612 5617 2812 5665 urente
2831 5616 2889 5665 et
2923 5611 3197 5679 aurugine
3227 5616 3281 5662 et
3307 5620 3472 5676 gran-
