3970 6150
484 267 613 338 ’219

949 283 1326 339 HAYMONIS
1357 282 1844 339 HALBERSTAT.
1878 283 2114 340 EPISC.
2155 283 2313 341 ΟΡΡ.
2346 284 2531 340 PARS
2558 285 2603 341 Ι.
2639 306 2704 328 -ι
2738 286 3107 343 COMMENT.
3149 286 3324 340 BIBL.

3634 287 3729 343 Si)

506 405 660 471 dine,
691 407 884 462 omnia
922 423 1092 477 opera
1120 424 1388 462 manuum
1420 414 1750 463 vestrarum.
1774 414 1832 462 et
1861 425 1970 463 non
1996 408 2353 469 fuitAetiam
2384 409 2522 463 dicit
2552 426 2567 469 ;
2616 432 2638 461 ι
2674 412 2737 466 In
2767 428 2937 465 manu
2975 412 3184 481 Aggzei,
3217 430 3242 461 ιι
3265 412 3407 467 sicut
3432 413 3731 493 primegnec

507 494 570 566 in
596 494 751 548 vobis
781 494 873 566 qui
906 502 1286 549 reverteretur
1327 496 1397 548 ad
1446 513 1554 561 me,
1592 496 1728 551 dicit
1748 497 2037 551 Dominus.
2075 517 2098 549 ι

511 565 616 644 Est
643 565 832 637 autem
863 582 1056 637 vitium
1088 585 1310 655 frugum
1352 584 1423 637 ab
1450 601 1634 655 aureo
1662 587 1846 639 colore
1871 586 2101 641 dictum.

513 671 663 745 Haec,
696 666 900 743 inquit,
924 671 1051 737 feci,
1075 677 1141 725 ut
1164 674 1365 726 saltem
1388 672 1583 727 afflicti
1604 674 1677 728 ad
1707 690 1797 728 me
1824 675 2104 741 rediretis,

509 760 614 815 sed
656 777 758 814 nec
804 760 880 815 sit
906 759 1011 815 fuit
1042 775 1108 814 ex
1138 759 1305 831 vobis
1330 760 1424 834 qui
1474 762 1547 835 ad
1575 779 1663 833 me
1710 769 2104 831 reverteretur.

515 850 662 921 Ergo
693 848 942 921 quandiu
962 849 1234 920 templum
1267 850 1492 921 Domini
1521 851 1867 906 destructum
1902 852 2028 917 fuit,
2054 859 2112 907 et

513 938 640 1009 eius
668 937 960 1011 mdiﬁcatio
991 936 1370 1011 differebatur,
1404 938 1592 993 omnia
1618 940 1698 992 eis
1716 957 1948 994 evenere
1977 957 2112 995 con-

516 1025 714 1080 traria.
737 1029 813 1079 At
835 1030 1131 1098 postquam
1148 1026 1421 1096 templum
1438 1026 1778 1100 raeediﬁcare
1795 1034 2110 1098 cmperunt,

512 1130 787 1187 prospera
831 1114 1119 1183 fluxerunt
1153 1115 1361 1168 omnia.
1396 1116 1483 1170 Exi
1511 1132 1620 1187 quo
1659 1116 1826 1169 datur
1852 1117 2106 1187 ῑιιίυιιῑεί,

514 1201 725 1256 frustra
755 1195 1063 1273 quemlibet
1105 1203 1344 1257 Domino
1372 1204 1571 1257 offerre
1603 1221 1856 1269 munera,
1891 1212 1946 1259 et
1972 1207 2115 1260 elee-

516 1290 768 1360 mosynis
800 1289 882 1344 vel
903 1289 1277 1345 oblationibus
1297 1292 1435 1345 velle
1469 1292 1646 1347 Deum
1668 1294 1911 1367 placare,
1935 1312 2114 1365 quan-

516 1378 614 1432 diu
642 1395 756 1433 non
789 1378 1027 1433 exstruit
1050 1378 1108 1432 in
1137 1396 1198 1434 se
1219 1381 1491 1452 templum
1515 1381 1943 1438 Domino.Prius
1964 1385 2115 1438 enim

513 1466 883 1540 semetipsum
896 1467 1061 1540 debet
1089 1468 1292 1540 aliquis
1318 1468 1500 1523 facere
1524 1470 1795 1542 templum
1825 1472 1925 1527 Dei
1946 1474 2117 1543 proﬁ-

519 1554 735 1620 ciendo,
769 1561 828 1609 et
855 1555 934 1610 sic
963 1555 1022 1609 in
1042 1556 1218 1612 altare
1240 1557 1368 1613 ﬁdei
1397 1564 1622 1629 accepta
1646 1560 1760 1613 Deo
1787 1560 1936 1615 dona
1963 1562 2106 1616 vale-

516 1641 601 1697 bit
619 1643 838 1699 offerre.

596 1749 624 1785 ¢
655 1716 852 1786 Ponite
878 1734 1048 1788 corda
1076 1716 1261 1789 vestra
1289 1752 1354 1789 ex
1381 1736 1473 1790 die
1501 1737 1608 1792 ista
1636 1743 1694 1792 et
1728 1739 1785 1792 in
1806 1738 2057 1795 futurum
2082 1756 2117 1794 a
2135 1775 2181 1834 Β

520 1820 612 1875 die
640 1821 903 1878 vicesima
928 1831 984 1878 et
1015 1831 1217 1896 quarta
1243 1826 1377 1881 noni
1404 1827 1634 1893 mensis,
1671 1845 1706 1882 a
1733 1828 1823 1882 die
1850 1845 1961 1899 qua
1986 1829 2115 1884 fun-

519 1909 788 1966 damenta
809 1913 965 1981 jacta
991 1921 1126 1967 sunt
1144 1915 1340 1984 templi
1354 1915 1598 1980 Domini,
1617 1917 1806 1986 ponite
1835 1934 2004 1987 super
2020 1935 2117 1972 cor

520 2003 793 2071 vestrum.
823 2000 1089 2072 Nunquid
1136 2004 1252 2072 jam
1306 2020 1499 2058 semen
1546 2005 1604 2057 in
1649 2005 1904 2074 germine
1932 2012 2035 2061 est.
2062 2012 2119 2060 et

519 2084 703 2140 adhuc
769 2088 916 2142 vinea
974 2096 1029 2142 et
1079 2090 1216 2143 ﬁcus
1246 2096 1303 2143 et
1339 2092 1786 2161 malogranatum
1817 2099 1876 2148 et
1902 2094 2116 2163 lignum

523 2173 680 2227 olivm
703 2191 813 2227 non
845 2176 1078 2232 ﬂoruit?
1110 2196 1135 2230 ι
1168 2179 1361 2232 Nonus
1391 2180 1603 2233 mensis
1621 2181 1770 2251 apud
1790 2198 1890 2251 nos
1910 2189 1996 2237 est
2008 2184 2117 2247 No-

526 2260 766 2325 vember,
795 2263 890 2336 qui
920 2280 953 2316 a
985 2260 1186 2318 Martio
1214 2283 1428 2337 annum
1459 2267 1786 2339 incipimus;
1820 2272 1968 2341 apud
2000 2273 2114 2325 He-

526 2347 703 2413 braeos
733 2357 946 2410 autem.
968 2369 1207 2421 quorum
1234 2354 1466 2424 primus,
1486 2357 1692 2419 mensis
1712 2368 1817 2421 est,
1841 2359 2035 2424 Nisan,
2061 2361 2117 2414 id

523 2444 610 2512 est
633 2439 859 2511 Aprilis,
883 2441 1190 2495 December
1209 2459 1392 2497 nonus
1421 2445 1677 2509 habetur,
1692 2463 1803 2516 quo
1822 2464 2012 2503 mense
2031 2465 2118 2505 se-

528 2526 686 2583 mina
707 2527 894 2599 latent
919 2528 976 2582 in
1007 2536 1177 2591 terra,
1224 2548 1325 2585 nec
1363 2540 1550 2603 potest
1588 2536 1891 2604 eonjectari
1929 2543 2118 2590 utrum

522 2615 791 2669 sterilitas
825 2633 896 2670 an
936 2618 1250 2674 fecunditas
1278 2628 1566 2691 sequatur.
1600 2623 1741 2687 Quia
1771 2640 1902 2691 ergo
1940 2640 2120 2678 nonus

524 2700 737 2779 mensis
770 2706 1227 2779 erat,interrogat
1247 2710 1584 2780 prophetam
1620 2712 1887 2782 Nunquid
1901 2712 2017 2780 jam
2035 2729 2121 2765 se-

523 2807 653 2871 men
675 2793 731 2847 in
751 2795 1008 2867 germine
1029 2798 1153 2851 est?
1176 2818 1200 2848 ι
1229 2799 1330 2864 vel,
1350 2806 1415 2853 ut
1430 2800 1543 2867 alia
1562 2800 1855 2855 translatio
1869 2801 2121 2870 apertius

524 2879 744 2955 dicit,in
765 2882 1033 2957 folliculo,
1051 2885 1155 2940 hoc
1173 2893 1259 2942 est
1278 2887 1336 2941 in
1356 2893 1502 2942 testa
1520 2888 1806 2957 frumenti.
1834 2891 1949 2942 Aut
1980 2906 2120 2944 nun-

2191 505 2227 546 ‹(
2249 494 2331 547 Ad
2358 498 2626 566 Aggieum
2654 500 3006 569 prophetam,
3038 518 3064 550 b
3089 499 3228 577 sicut
3245 499 3297 552 in
3324 506 3515 568 quarta
3529 500 3728 567 visione,

2187 583 2283 635 sed
2314 589 2525 650 tamen,
2557 606 2579 636 ι
2602 587 2687 640 Ad
2697 588 2989 657 Aggaeum,
3008 609 3030 638 ι
3060 588 3115 640 id
3138 587 3309 643 estad
3326 588 3462 641 festa
3483 587 3734 645 celebran-

2189 677 2325 740 tem,
2359 674 2455 745 qui
2473 674 2596 745 jam
2615 692 2726 731 non
2752 676 3091 747 prenuntiat
3111 676 3526 741 venturum,sed
3544 676 3736 739 venien-

2191 767 2305 815 tem
2335 763 2689 820 demonstrat
2715 772 2781 819 ut
2809 766 3012 821 videat.

2269 904 2292 936 α
2327 876 2582 959 Loquere
2601 886 3014 953 amZorobabel,
3029 886 3226 944 ducem
3246 885 3409 942 Juda.
3433 907 3459 940 δ)
3484 886 3562 942 Λᾶ
3580 888 3741 943 solum

2194 974 2734 1047 Zorobabeljubetur
2751 980 3025 1050 propheta
3043 979 3216 1048 loqui,
3239 977 3332 1048 Qui
3352 980 3540 1048 typum
3560 976 3741 1031 Christi

2190 1056 2442 1135 gerebat,
2475 1067 2606 1136 quia
2625 1068 2875 1138 typicum
2891 1070 2977 1121 est
2993 1066 3136 1138 quod
3155 1066 3374 1134 dicitur,
3397 1058 3452 1118 et
3472 1065 3538 1118 ad
3575 1063 3743 1117 mundi

2194 1153 2440 1223 pertinet
2460 1156 2997 1209 consummationem
3009 1156 3161 1219 .Quae
3176 1155 3289 1209 sint
3301 1150 3416 1214 illa,
3441 1164 3745 1223 consequen-

2196 1244 2283 1296 ter
2324 1242 2640 1298 ostenditur
2681 1244 2738 1297 in
2770 1244 2965 1298 ordine
3013 1243 3262 1298 historias
3295 1262 3306 1296 :
3349 1260 3374 1294 α
3405 1240 3514 1309 Ego
3540 1240 3743 1294 movebo

2197 1331 2397 1385 caelum
2431 1332 2644 1397 pariter
2671 1337 2729 1386 et
2756 1340 2985 1386 terram.
3031 1352 3056 1384 »
3113 1331 3227 1386 Soli
3265 1327 3577 1397 Zorobabel,
3602 1344 3744 1401 quem

2197 1419 2436 1474 diximus
2454 1425 2675 1491 gestare
2693 1436 2988 1492 personam
3010 1418 3238 1485 Christi,
3255 1419 3548 1473 secundum
3563 1432 3748 1470 assum-

2196 1509 2357 1577 ptum
2391 1508 2674 1562 hominem
2714 1510 2980 1563 dicuntur
3008 1514 3131 1579 quae
3160 1508 3351 1561 futura
3379 1513 3523 1560 sunt.
3546 1500 3747 1558 Movebo

2198 1594 2419 1666 (inquit)
2450 1598 2651 1651 omium
2681 1600 2739 1651 et
2765 1603 2995 1660 terram,
3028 1597 3085 1650 id
3113 1601 3199 1651 est
3226 1593 3450 1648 mutabo
3477 1593 3531 1646 in
3556 1592 3748 1661 melius,

2197 1687 2262 1737 ut
2280 1684 2355 1737 sit
2378 1684 2579 1739 caelum
2608 1702 2813 1739 novum
2845 1690 2904 1740 et
2928 1692 3082 1739 terra
3106 1699 3269 1737 nova.
3303 1683 3390 1737 Sic
3414 1681 3555 1736 enim
3584 1686 3752 1752 prete-

2197 1772 2273 1826 rit
2291 1773 2471 1842 ﬁgura
2511 1772 2680 1844 hujus
2710 1774 2905 1828 mundi
2926 1776 3190 1828 manente
3220 1769 3545 1825 substantia.
3566 1764 3751 1823 Deinde

2198 1861 2455 1931 sequitur
2485 1880 2498 1915 :

2276 2006 2303 2041 (ι
2337 1988 2405 2042 Et
2440 1988 2757 2043 subvertam
2794 1988 2996 2067 solium
3036 2003 3360 2066 regnorum,
3403 1991 3460 2040 et
3492 1989 3748 2039 conteram

2199 2076 2586 2151 fortitudinem
2604 2078 2759 2148 regni
2773 2077 3050 2151 gentium,
3065 2077 3149 2153 vid
3163 2084 3250 2153 est
3267 2077 3546 2149 destruam
3560 2086 3756 2145 omnem

2198 2165 2574 2236 principatum
2608 2170 2665 2218 et
2680 2171 3020 2236 potestatem
3041 2172 3099 2220 et
3126 2166 3410 2231 virtutem,
3428 2164 3538 2217 sive
3557 2166 3753 2232 contra-

2197 2235 2311 2307 rias
2326 2235 2681 2309 fortitudines
2712 2254 2975 2324 nequitia:
2995 2254 3396 2325 spiritualis,ut
3417 2249 3569 2325 regni
3586 2261 3753 2305 eorum

2198 2341 2504 2396 destructio
2535 2330 2716 2412 prosit
2743 2359 2855 2396 non
2876 2342 3057 2396 solum
3086 2341 3372 2412 gentibus,
3398 2354 3580 2413 verum
3608 2335 3758 2407 etiam

2200 2429 2426 2500 regibus
2454 2431 2551 2501 qui
2577 2431 2659 2484 eis
2681 2430 3050 2505 imperabant.
3081 2448 3105 2482 α
3122 2424 3192 2485 Et
3219 2429 3534 2505 subvertam
3555 2421 3760 2496 quadri-

2197 2535 2327 2588 gam
2360 2524 2416 2572 et
2463 2506 2813 2573 ascensorem
2845 2521 2983 2585 eius.
3015 2524 3072 2573 et
3100 2520 3442 2583 descendent
3460 2514 3584 2584 equi
3613 2518 3664 2565 et
3688 2526 3760 2562 as-

2201 2622 2458 2660 oensores
2478 2624 2691 2669 eorum,
2715 2626 2734 2655 ι
2765 2607 2822 2659 id
2841 2613 3100 2659 estomne
3122 2606 3374 2658 studium
3400 2596 3755 2669 belligerandi.

2203 2711 2313 2764 quo
2346 2694 2567 2747 sublato
2588 2695 2839 2769 sequitur
2864 2709 2987 2771 pax.
3008 2694 3122 2746 lloc
3151 2693 3208 2745 in
3241 2682 3465 2746 Christo
3494 2686 3762 2760 impletum

2202 2780 2497 2837 Zacharias
2552 2782 2826 2852 propheta
2872 2780 3167 2857 manifeste
3211 2779 3475 2855 ostendit,
3503 2776 3680 2851 dicens

2203 2859 2424 2925 Christo
2456 2884 2468 2918 :
2503 2888 2532 2921 (ι
2554 2870 2691 2923 Ecce
2720 2886 2814 2923 rex
2845 2874 2975 2923 tuus
2996 2852 3150 2922 venit
3176 2867 3284 2922 tibi
3310 2852 3645 2937 mansuetus,
3665 2861 3767 2931 ipse

526 2967 661 3046 quid
691 2952 747 3024 et
768 2969 909 3045 ﬁcus,
927 2952 1238 3046 caeteraque
1263 2954 1541 3030 dederunt
1569 2977 1785 3043 ﬂorem,
1806 2982 1870 3031 ut
1889 2994 1955 3030 ex
1983 2978 2119 3033 flore
2140 3014 2178 3050 λ
2200 2958 2783 3050 Ρεξιρθτνῄειεοθηξιθηξ
2802 2974 2972 3050 θυι)θῖ
2990 2957 3204 3033 Puuum
3223 2956 3398 3050 “inf”
3423 2952 3766 3050 νῗωίξωίῖωῗ

524 3030 754 3133 ubertas
766 3040 946 3129 possit
959 3030 1456 3134 agnosci’Mstergo
1474 3081 1586 3118 non
1598 3030 1709 3119 alia
1725 3030 1892 3135 quam
1914 3030 2118 3121 ﬂorum
2138 3040 2181 3100 δ
2201 3036 2489 3118 “bium”;
2519 3066 2531 3100 ⁵
2568 3066 2594 3099 α
2627 3047 2697 3100 Et
2732 3030 3017 3125 disi’erdet
3045 3030 3275 3100 cnﬂum
3322 3030 3391 3099 de
3425 3040 3770 3135 Ffplimit‘n'ft

520 3145 867 3217 conjectura,
883 3149 979 3219 sed
1001 3149 1328 3223 prophetico
1353 3152 1556 3222 spiritu
1582 3154 1822 3223 praedico
1852 3144 2003 3209 vobis
2031 3155 2119 3213 fu-

524 3236 711 3311 turam
741 3250 933 3290 rerum
964 3239 1216 3293 omnium
1248 3241 1487 3310 copiam,
1518 3241 1654 3311 quia
1670 3242 1917 3312 coepistis
1942 3243 2119 3299 aedifi-

526 3336 656 3376 care
682 3326 954 3400 templum
985 3326 1227 3384 Domini.
1250 3328 1481 3397 Mystice
1502 3330 1764 3384 vicesima
1780 3337 1982 3400 quarta
2000 3332 2120 3386 dies

524 3410 660 3488 noni
688 3412 896 3466 mensis
912 3415 1081 3485 ﬁnem
1107 3414 1366 3507 desigilat
1377 3418 1651 3471 malorum
1666 3420 2121 3489 operum.Nonus

529 3499 676 3552 enim
712 3515 1001 3575 numerus,
1026 3508 1089 3556 ut
1110 3499 1505 3574 supra'dictum
1530 3513 1635 3569 est,
1658 3523 1880 3577 semper
1901 3508 1955 3561 in
1974 3509 2120 3562 malo

524 3587 774 3663 ponitur.
809 3592 1072 3662 quoniam
1100 3593 1257 3666 deest
1279 3594 1358 3646 illi
1389 3595 1595 3663 unitas,
1630 3612 1752 3665 quae
1781 3597 2120 3666 adjectaim-

525 3676 645 3755 plet
675 3675 977 3753 denariamv
1008 3682 1422 3751 perfectionem.
1475 3684 1581 3748 Qui
1621 3701 1748 3739 vero
1787 3686 1937 3743 mala
1963 3685 2019 3739 in
2057 3701 2119 3739 se

528 3764 750 3840 ﬁniens,
784 3768 943 3837 quasi
969 3767 1025 3821 in
1069 3770 1180 3822 ﬁne
1210 3769 1345 3823 noni
1376 3772 1585 3827 mensis
1621 3772 1853 3835 domum
1896 3772 2120 3827 Domini

530 3852 807 3907 aediﬁcare
832 3856 963 3922 (hoc
1005 3863 1090 3910 est
1126 3858 1374 3928 seipsum
1412 3860 1586 3914 cultui
1624 3860 1811 3928 divino
1838 3861 2116 3929 dedicare)

528 3943 781 4019 creperit,
806 3943 1112 4019 abundavit
1135 3945 1409 4002 fructibus
1435 3949 1629 4013 vineae,
1673 3940 1833 4019 ﬁcus,
1861 3955 1919 4004 et
1944 3951 2119 4013 olivae,

530 4031 701 4109 idest
728 4032 1038 4105 replebitur
1077 4036 1263 4107 gratia
1317 4042 1373 4091 et
1418 4028 1804 4093 benedictione
1845 4039 2028 4093 Patris
2065 4045 2122 4093 et
2156 4032 2169 4045 ”

530 4104 658 4172 Filii
686 4127 744 4174 et
772 4104 1013 4193 Spiritus
1041 4104 1238 4195 sancti,
1270 4125 1621 4195 spiritualem
1668 4127 1940 4191 laetitiam,
1974 4128 2119 4182 refe-

529 4207 792 4276 ctionem,
841 4214 1011 4283 atque
1068 4211 1536 4269 illuminationem
1578 4220 1785 4270 sancite
1829 4215 2119 4271 Trinitatis

2202 3153 2408 3206 equum
2433 3137 2502 3190 de
2538 3135 2908 3189 Hierusalem.
2947 3156 2971 3209 ν
3006 3135 3325 3205 Consurget
3354 3153 3377 3186 ι
3414 3133 3495 3185 vir
3523 3131 3578 3185 in
3600 3125 3766 3198 gladio

2201 3224 2393 3284 fratris
2421 3229 2529 3278 sui.
2568 3242 2592 3277 »
2617 3224 2919 3292 Apostolus
2939 3223 3077 3277 dicit
3109 3223 3403 3297 thaleam
3429 3217 3619 3274 salutis
3636 3214 3770 3269 assu-

2202 3312 2355 3377 mite,
2377 3318 2434 3367 et
2445 3312 2698 3389 gladium
2724 3311 3131 3385 spiritus,quod
3147 3316 3235 3385 est
3258 3309 3486 3365 verbum
3506 3300 3770 3361 DeiJGla-

2202 3401 2328 3455 dius
2360 3407 2444 3455 est
2469 3401 2643 3471 igitur
2662 3417 2847 3455 sermo
2878 3399 3144 3454 doctrinae
3166 3399 3428 3473 calcatis.
3457 3407 3702 3451 resecans
3722 3394 3771 3444 et

2200 3475 2497 3545 concidens
2527 3489 2716 3563 omnia
2755 3475 3012 3563 perverSa
3042 3487 3327 3557 dogmata.
3370 3488 3486 3539 Hoc
3511 3481 3685 3557 gladio
3699 3493 3772 3532 se-

2200 3582 2478 3655 parantur
2520 3577 2604 3629 vir
2631 3593 2665 3629 a
2694 3560 2885 3640 fratre,
2920 3560 3072 3630 filius
3102 3592 3151 3653 al
3170 3582 3363 3649 patre,
3393 3574 3509 3627 ﬁlia
3531 3588 3561 3625 a
3592 3573 3772 3630 matre,

2200 3680 2376 3718 nurus
2404 3681 2438 3717 a
2465 3680 2649 3729 socru,
2679 3671 2737 3718 et
2760 3664 2975 3718 inimici
3005 3663 3250 3718 hominis
3276 3660 3571 3717 domestici
3598 3660 3726 3727 ejus.

2278 3754 2301 3823 ἆ
2332 3771 2396 3826 In
2416 3771 2507 3825 die
2526 3770 2623 3824 illa
2642 3754 2779 3824 dicit
2801 3770 3072 3825 Dominus
3091 3769 3466 3830 exercituum,
3498 3769 3774 3823 Assumam

2202 3865 2279 3924 te,
2311 3858 2634 3917 Zorobabel.
2666 3860 2766 3925 fili,
2798 3858 3068 3913 Salathiel
3081 3873 3240 3912 serve
3263 3855 3585 3920 meus,dicit
3607 3849 3781 3908 Domi-

2205 3963 2334 4015 nus,
2361 3952 2418 4009 et
2454 3962 2660 4017 ponam
2698 3954 2755 4000 te
2784 3945 2945 4016 quasi
2976 3946 3357 4015 signaculum,
3389 3945 3522 4015 quia
3550 3949 3606 3997 te
3630 3936 3779 4008 elegi,

2204 4036 2343 4089 dicit
2362 4035 2632 4089 Dominus
2661 4035 3025 4088 exercituum.
3065 4050 3087 4083 »
3122 4034 3306 4103 Supra
3327 4034 3543 4088 dictum
3574 4035 3673 4099 est,
3699 4027 3784 4080 Zo-

2202 4123 2429 4181 robabel
2460 4130 2658 4194 typum
2707 4128 2899 4176 tenere
2948 4121 3179 4175 Christi.
3214 4123 3455 4175 Servum
3485 4135 3614 4178 eum
3642 4117 3784 4169 vocat

2203 4212 2389 4274 Pater,
2414 4217 2642 4282 prepter
2659 4198 3008 4281 assumptum
3028 4209 3268 4262 formam
3288 4209 3456 4262 servi.
3481 4208 3552 4262 Et
3568 4207 3787 4275 Aposto-

532 4303 881 4372 consecutus.
911 4298 1020 4352 Sed
1051 4299 1185 4370 haec,
1214 4300 1270 4354 id
1291 4307 1378 4355 est
1405 4302 1581 4366 vinea,
1617 4304 1755 4358 ﬁcus
1784 4310 1842 4358 et
1860 4305 2022 4368 oliva,
2052 4304 2123 4383 ibi
2144 4311 2189 4368 Ι)
2206 4300 2292 4355 lus
2320 4299 2390 4355 de
2419 4299 2614 4353 eodem
2638 4318 2648 4351 ε
2673 4284 2817 4361 Qnia
2831 4314 2959 4353 cum
2981 4299 3129 4352 Deus
3152 4298 3318 4351 Ρειῐθτ
3337 4298 3481 4352 Filio
3500 4288 3785 4383 subiecefif

534 4381 908 4461 invenientur,
941 4385 1037 4440 ubi
1060 4387 1243 4442 fuerat
1266 4390 1736 4461 malogranatum,
1757 4392 1906 4446 dicta
1934 4392 2011 4446 sic
2039 4381 2124 4446 ar-

533 4468 653 4547 bor,
688 4474 952 4542 quoniam
982 4492 1212 4547 pomum
1257 4479 1380 4548 ejus
1428 4480 1789 4535 multitudine
1816 4496 2122 4549 granorum

534 4559 763 4639 plenum
785 4567 888 4627 est,
914 4564 972 4618 in
995 4566 1318 4637 compositis
1344 4567 1744 4622 membranulis
1762 4567 2009 4621 diversas
2031 4567 2126 4620 ha-

536 4645 673 4704 bens
704 4652 1143 4727 mansiunculas,
1162 4671 1283 4726 quae
1315 4671 1427 4709 uno
1458 4656 1692 4725 puniceo
1713 4655 1919 4709 cortice
1943 4654 2124 4721 conti-

534 4741 925 4805 uentur,unde
956 4746 1013 4797 et
1037 4744 1248 4798 malum
1274 4744 1546 4799 Punicum
1576 4743 1799 4806 dicitur,
1819 4748 1877 4797 et
1901 4743 2023 4796 ideo
2035 4742 2125 4796 de-

535 4825 723 4903 signat
738 4828 1088 4886 innumeram
1111 4838 1432 4886 sanctorum
1457 4831 1792 4901 populorum
1817 4830 2127 4884 multitudi-

536 4930 665 4970 nem
720 4914 824 4973 sub
883 4916 1050 4975 unius
1092 4920 1221 4975 ﬁdei
1270 4919 1555 4985 societate,
1589 4918 1748 4989 quasi
1780 4919 1929 4974 intra
1958 4919 2126 4974 unius

537 5004 757 5081 corticis
765 5008 1043 5077 gremium
1061 5008 1387 5075 adunatam.
1401 5027 1422 5061 α
1440 5008 1510 5063 Et
1520 5006 1726 5061 dieista
1745 5006 2123 5073 benedicam.»

540 5109 564 5147 α
597 5092 665 5148 Et
680 5094 889 5168 factum
912 5100 999 5149 est
1019 5094 1245 5150 verbum
1266 5095 1489 5165 Domini
1502 5096 1745 5150 secundo
1764 5096 1834 5163 ad
1859 5097 2128 5165 Aggaeum

535 5178 595 5257 in
627 5182 885 5236 vicesimo
905 5188 962 5236 et
982 5193 1182 5253 quarto
1203 5183 1639 5253 mensis,dicens.
1672 5184 2031 5239 »Notandum
2049 5184 2128 5237 di-

537 5268 908 5345 ligentissime
939 5271 1087 5340 quod
1122 5271 1299 5327 factus
1337 5260 1542 5329 dicitur
1581 5289 1763 5328 sermo
1793 5272 2014 5327 Domini
2036 5288 2126 5324 se-

539 5356 741 5421 cundo,
773 5357 831 5412 in
856 5359 1051 5413 eadem
1081 5359 1171 5414 die
1192 5377 1301 5431 qua
1318 5356 1672 5431 et'superius,
1687 5361 1743 5415 id
1762 5367 1847 5415 est.
1868 5360 2128 5417 vicesima

539 5456 758 5518 quarta,
797 5462 910 5515 non
944 5455 1134 5503 tamen
1168 5450 1494 5504 nominatur
1527 5466 1707 5505 nonus
1738 5448 1964 5507 mensis,
1999 5465 2134 5519 quo-

543 5535 695 5609 niam
730 5535 799 5590 de
827 5536 1074 5609 adventu
1104 5539 1311 5609 Christi
1350 5545 1408 5595 et
1435 5555 1607 5609 regno
1636 5540 1757 5609 ejus
1786 5538 1975 5592 omnia
2001 5553 2133 5607 pro-

539 5644 706 5699 spera
734 5633 791 5682 et
816 5627 1204 5698 gaudiijplena
1235 5627 1488 5682 dicturus
1508 5632 1593 5682 est
1607 5627 1900 5698 propheta.
1938 5624 2134 5695 Neque

2207 4387 2413 4451 omnia,
2440 4394 2573 4441 tunc
2615 4387 2732 4456 ipse
2780 4386 2954 4441 Filius
2992 4385 3280 4454 subjectus
3319 4386 3435 4443 erit
3462 4385 3539 4449 ei,
3569 4382 3662 4453 qui
3686 4375 3786 4436 sibi

2206 4475 2444 4545 subjecit
2472 4475 2681 4529 omnia.
2717 4477 2778 4529 1n
2810 4473 3079 4544 subjectis
3108 4474 3259 4528 enim
3285 4474 3338 4528 ei
3369 4472 3633 4529 omnibus
3648 4467 3789 4523 vide-

2206 4563 2359 4618 bitur
2382 4568 2439 4617 et
2461 4546 2581 4633 ipse
2608 4561 2912 4631 subjectus.
2942 4562 3084 4617 Cum
3112 4578 3245 4631 ergo
3266 4562 3376 4617 hoc
3403 4561 3579 4617 fuerit
3603 4556 3791 4628 imple-

2206 4658 2349 4718 tum,
2381 4658 2785 4706 assumetreum
2806 4651 2956 4705 Deus
2986 4651 3170 4716 Pater,
3196 4634 3251 4704 et
3289 4657 3465 4720 ponet
3494 4666 3623 4723 eum
3645 4642 3792 4717 (ιυαεὶ

2206 4740 2559 4810 signaculum
2586 4739 2645 4795 in
2670 4755 2840 4792 manu
2871 4754 2993 4792 sua.
3026 4739 3151 4809 Ipse
3173 4744 3260 4793 est
3286 4739 3443 4793 enim
3484 4738 3673 4806 imago
3701 4729 3794 4789 Dei

2205 4808 2497 4883 invisibilis
2526 4834 2584 4882 et
2612 4828 2793 4891 forma
2813 4825 3139 4883 substantiae
3159 4827 3300 4897 ejus.
3323 4827 3474 4881 Hinc
3501 4826 3623 4896 ipse
3634 4821 3795 4878 Filius

2207 4917 2276 4970 de
2305 4933 2365 4971 se
2391 4917 2568 4970 dicit:
2618 4916 2779 4970 Hunc
2826 4916 2977 4969 enim
3018 4915 3187 4969 Pater
3230 4915 3481 4984 signavit
3520 4915 3687 4968 Deus.
3730 4908 3801 4965 Ea

2210 5005 2416 5075 quippe
2446 5005 2755 5075 signamus,
2805 5020 2928 5073 quae
2985 5002 3352 5072 singulariter
3399 5003 3627 5063 dilecta,
3662 4997 3803 5052 salva

2209 5110 2331 5147 esse
2358 5093 2632 5147 volumus.
2659 5092 2820 5147 Hunc
2848 5107 2987 5161 ergo
3008 5091 3177 5145 Pater
3196 5090 3447 5161 signavit
3469 5086 3798 5161 specialiter,

2207 5181 2313 5235 hoc
2342 5187 2427 5235 est
2455 5181 2625 5250 elegit
2654 5186 2712 5248 et
2741 5179 3011 5250 singulari
3033 5180 3218 5249 gratia
3238 5180 3490 5243 donavit,
3504 5175 3803 5233 secundum

2208 5270 2639 5335 humanitatem,
2668 5275 2730 5321 ut
2760 5269 2906 5321 sicut
2933 5274 3056 5323 erat
3102 5283 3267 5321 verus
3312 5269 3511 5332 homo,
3540 5276 3704 5319 verus
3723 5273 3804 5314 es-

2211 5364 2298 5412 set
2322 5363 2377 5412 et
2406 5358 2571 5412 Deus.
2600 5358 2715 5410 Hoc
2736 5356 3025 5425 signaculo
3059 5355 3175 5409 sive
3198 5356 3413 5410 annulo
3443 5355 3659 5425 signat,
3691 5348 3808 5421 qui-

2212 5462 2432 5517 cunque
2462 5446 2519 5500 in
2540 5461 2669 5511 eum
2690 5444 2885 5511 credit,
2909 5450 2967 5497 et
2985 5460 3087 5514 per
3104 5443 3252 5498 bona
3280 5459 3456 5514 opera
3483 5441 3568 5497 illi
3597 5441 3808 5512 placere

2212 5534 2519 5590 contendit.
2546 5535 2744 5592 Aman.
