3970 6150
255 294 355 351 221

1150 290 1569 351 ENARRA'HO
1606 290 1687 349 IN
1722 290 2145 352 ZAOHARIAM
2182 287 2649 353 PROPBE’I'AM;

3334 294 3520 362 ‘22?

1012 564 1152 643 IN
1198 557 1943 640 ΖΑΟΗΑΒΙΑΜ
1994 562 2773 646 ΡΒΟΡΗΕΤΑΜ.
2825 631 2834 639 .

318 810 633 875 Zacharias,
667 810 817 867 ﬁlius
845 807 1155 878 Barachize,
1190 812 1340 866 ﬁlius
1378 808 1557 870 Addo,
1588 816 1730 879 pene
1760 800 2097 865 ui-Atatur.
2122 807 2230 862 Sed
2263 813 2320 862 et
2349 808 2532 864 omnis
2558 810 2653 887 qui
2679 811 2869 867 studet
2893 828 3108 871 memor
3127 828 3249 869 esse
3268 804 3515 877 Domini,

250 897 423 952 timus
454 899 747 955 duodecim
793 901 1211 973 prOphetarum,
1248 894 1614 971 synchronos,
1651 895 1725 961 (id
1761 898 1847 948 est

250 986 699 1059 contemporalis)
739 989 847 1043 fuit
886 986 1095 1061 Aggaei.
1130 988 1434 1060 praphetze.
1477 986 1655 1041 Simul
1694 984 1843 1038 enim

248 1064 350 1133 sub
371 1074 543 1130 Dario
565 1077 808 1131 secundo
838 1079 960 1148 ejus
982 1077 1139 1151 regni
1170 1094 1318 1131 anno
1347 1076 1838 1148 prophetaverunt.

252 1163 354 1219 Sed
384 1164 683 1219 Zacharias
711 1166 767 1220 in
798 1165 989 1222 mense
1018 1172 1231 1225 octavo.
1263 1166 1360 1239 qui
1406 1170 1493 1219 est
1538 1164 1687 1236 apud
1733 1164 1846 1215 lie-

250 1251 424 1307 braeos
466 1250 806 1323 November,
846 1259 1083 1326 Aggeus
1134 1271 1266 1310 vero
1301 1258 1458 1308 sexto
1500 1269 1707 1315 mense,
1752 1251 1846 1322 qui

247 1340 615 1396 nihilominus
657 1342 805 1414 apud
844 1343 970 1397 illos
1008 1342 1248 1400 habetur
1285 1341 1632 1414 September,
1666 1339 1849 1411 prima

249 1428 339 1482 die
367 1429 582 1484 mensis
607 1430 943 1502 prophetare
970 1432 1155 1502 coepit,
1185 1448 1249 1484 ac
1272 1435 1571 1503 propterea
1593 1428 1845 1483 decimUs

249 1516 341 1571 ille
366 1518 499 1588 jure
528 1519 666 1579 loco,
714 1519 821 1573 iste
851 1536 980 1573 vero
1010 1519 1340 1575 undecimus
1369 1518 1708 1572 constitutus
1738 1520 1838 1572 est.

251 1604 351 1658 Hic
380 1612 573 1660 autem
604 1604 809 1661 Darius
851 1608 999 1662 filius
1022 1608 1132 1661 fuit
1163 1608 1459 1678 HydaSpis,
1491 1612 1693 1676 quarto
1725 1607 1845 1659 loco

247 1702 371 1769 post
402 1696 614 1766 Cyrum
649 1696 837 1751 Persis
879 1703 937 1750 et
975 1696 1151 1750 Medis
1202 1698 1504 1767 imperans.
1554 1690 1844 1765 Siquidem

248 1782 429 1853 Cyrus
450 1783 839 1839 Chaldaeorum
866 1784 1141 1839 destruxit
1160 1784 1477 1856 imperium,
1497 1789 1553 1837 et
1576 1774 1631 1836 in
1654 1778 1846 1839 Medos

245 1877 299 1924 et
326 1872 532 1925 Persas
563 1872 869 1928 transtulit.
906 1872 1007 1927 Hic
1039 1874 1221 1945 primo
1250 1890 1397 1927 anno
1426 1871 1586 1944 regni
1614 1872 1720 1931 sui,
1754 1888 1844 1925 se-

244 1960 488 2013 cundum
508 1961 657 2032 quod
678 1961 850 2015 Isaias
868 1963 1218 2035 praedixerat,
1241 1961 1652 2035 quinquaginta
1670 1962 1844 2015 ferme

246 2042 418 2103 m'illia
448 2048 798 2121 captivorum
827 2052 895 2104 de
926 2048 1209 2123 Babylone
1238 2050 1454 2105 remisit
1485 2052 1538 2103 in
1569 2048 1840 2104 .ludaeam.

1926 901 2077 949 recte
2120 895 2267 951 ﬁlius
2295 894 2502 953 dicitur
2548 896 2851 969 Barachiae,
2884 900 2940 953 id
2984 907 3071 956 est
3115 892 3524 959 benedictionis

1927 984 2168 1038 Domini.
2202 986 2269 1042 Et
2307 987 2455 1057 ﬁlius
2492 986 2670 1066 Addo,
2712 989 2769 1044 id
2807 990 2891 1042 est
2931 989 3237 1044 testimonii
3274 976 3519 1054 Domini,

1929 1073 2193 1141 quoniam
2216 1073 2624 1145 quiChristum
2646 1074 2931 1131 confessus
2952 1066 3120 1131 fuerit
3141 1090 3329 1133 coram
3348 1076 3523 1153 homi-

1931 1161 2112 1227 nibus,
2142 1158 2501 1219 conﬁtebitur
2535 1181 2665 1218 eum
2694 1164 2813 1238 ipse
2842 1180 3027 1218 coram
3058 1165 3173 1219 Deo
3204 1164 3392 1232 Patre,
3424 1165 3520 1236 qui

1930 1257 2017 1303 est
2043 1249 2097 1304 in
2126 1250 2297 1306 cmlis.

2007 1359 2029 1389 ε
2064 1341 2247 1395 Iratus
2268 1347 2354 1395 est
2374 1336 2645 1396 Dominus
2670 1359 2840 1413 super
2862 1348 3050 1414 patres
3072 1348 3283 1399 vestros
3304 1330 3524 1417 iracun-

1930 1426 2022 1481 dia
2044 1446 2266 1501 magna,
2287 1437 2342 1484 et
2365 1429 2514 1484 dices
2534 1428 2605 1484 ad
2627 1448 2720 1485 eos
2746 1450 2755 1483 :
2783 1430 2913 1485 Haec
2930 1418 3070 1486 dicit
3086 1430 3359 1486 Dominus
3376 1430 3524 1486 Deus

1928 1518 2269 1573 exercituum
2293 1537 2304 1571 :
2334 1519 2737 1573 Convertimini
2754 1518 2822 1573 ad
2845 1537 2955 1583 me,
2977 1520 3057 1573 ait
3078 1506 3352 1573 Dominus
3364 1534 3525 1577 exer-

1927 1604 2160 1667 cituum,
2194 1612 2250 1660 et
2278 1612 2572 1663 convertar
2599 1608 2668 1660 ad
2700 1622 2812 1673 vos,
2844 1607 2981 1661 dicit
3011 1608 3281 1663 Dominus
3311 1605 3526 1663 exerci-

1925 1696 2108 1757 tuum,
2158 1712 2228 1750 ne
2260 1694 2382 1749 sitis
2409 1695 2553 1751 sicut
2584 1700 2771 1766 patres
2804 1696 2990 1762 vestri,
3026 1696 3094 1749 ad
3131 1712 3270 1766 quos
3314 1695 3525 1751 clama-

1926 1780 2063 1835 bant
2091 1783 2374 1854 prophetaa
2412 1783 2643 1856 priores,
2676 1778 2942 1837 dicentes.
2979 1802 3005 1835 »
3040 1782 3199 1846 Quod
3230 1783 3409 1836 iratus
3433 1781 3522 1837 di-

1926 1871 2090 1935 citur,
2125 1887 2237 1923 non
2278 1876 2364 1925 est
2392 1871 2704 1943 putandum
2737 1870 2884 1944 quod
2919 1871 2975 1924 in
3007 1888 3134 1925 eum
3166 1870 3283 1925 ulla
3314 1870 3521 1926 mentis

1926 1954 2275 2027 perturbatio
2305 1959 2486 2024 cadat,
2510 1961 2606 2014 sed
2638 1977 2739 2032 per
2771 1960 2873 2013 hoc
2899 1958 3153 2014 innuitur
3172 1958 3373 2030 dignos
3399 1974 3522 2013 esse

1925 2046 2010 2100 ira
2039 2052 2208 2118 atque
2237 2047 2479 2102 vindicta
2501 2065 2595 2101 eos
2617 2047 2817 2119 quibus
2836 2048 2941 2101 hoc
2962 2047 3183 2102 dicitur.
3208 2048 3323 2101 Nec
3345 2046 3525 2101 iratus

244 2134 388 2188 Vasa
421 2110 647 2209 quoque
676 2138 871 2210 templi
904 2110 1143 2205 Domini,
1178 2156 1299 2209 quae
1330 2110 2229 2201 NabuchodonOsorBulciscitur,
2262 2135 2355 2208 qui
2390 2134 2459 2190 ad
2490 2134 2593 2189 hoc
2623 2110 2854 2208 corripit
2884 2140 2947 2189 ut
2974 2130 3253 2190 emendet.
3280 2134 3437 2189 Unde
3467 2138 3524 2189 et

243 2223 470 2287 tulerat,
524 2225 784 2289 reddidit,
819 2233 875 2280 et
903 2229 1175 2300 templum
1219 2227 1549 2281 reaediiicari
1584 2226 1754 2297 jussit
1782 2228 1840 2279 in
1923 2224 2196 2295 sequitur,
2232 2241 2257 2275 α
2292 2224 2712 2280 Convertimini.
2769 2244 2793 2276 ι
2826 2225 2968 2279 Nam
2999 2224 3043 2277 si
3073 2225 3254 2277 iratus
3284 2228 3388 2305 est,
3420 2238 3523 2279 cur

245 2308 620 2376 Hierusalem,
636 2314 739 2369 sub
758 2314 1057 2369 Zorobabel
1077 2320 1133 2369 et
1152 2317 1177 2369 J
1185 2332 1281 2369 esu
1302 2316 1590 2369 sacerdote
1613 2332 1832 2386 magno.
1924 2320 2018 2364 eos
2035 2318 2226 2365 monet
2246 2317 2309 2365 ut
2336 2312 2768 2367 convertantur?
2793 2311 3063 2383 Praecepit
3085 2327 3218 2381 ergo
3241 2311 3322 2365 eis
3336 2310 3432 2382 qui
3452 2309 3522 2367 de

245 2398 628 2469 HuncCyrum
645 2400 962 2474 Thomyris,
978 2402 1171 2474 regina
1193 2400 1655 2473 Massagetarum,
1673 2404 1842 2459 inter-
1923 2398 2208 2477 Babylone
2235 2401 2539 2459 redierant.
2575 2405 2638 2453 ut
2665 2396 3077 2455 convertantur.
3107 2416 3179 2453 ne
3208 2386 3525 2454 sustineant

245 2485 390 2549 fecit,
413 2488 464 2559 ej
476 2505 653 2560 usque
684 2498 853 2560 caput
882 2492 938 2545 in
962 2496 1143 2546 utrem
1174 2494 1402 2563 plenum
1425 2492 1696 2563 sanguine
1722 2510 1845 2562 pro-
1924 2489 2025 2541 filii
2047 2489 2195 2559 quod
2218 2489 2604 2543 sustinuerant
2630 2496 2834 2558 patres.
2865 2478 3134 2542 Dominus
3156 2494 3345 2542 autem
3369 2500 3526 2542 exer-

241 2574 635 2641 jecit,diCens:
664 2575 797 2631 Bibe
818 2579 1361 2649 sanguinem,quem
1393 2597 1616 2651 semper
1634 2579 1839 2632 sitisti!
1924 2576 2157 2637 cituum,
2212 2577 2357 2648 quod
2409 2572 2681 2631 Hebraice
2737 2578 2942 2630 dicitur
2995 2576 3247 2637 sabaoth,
3295 2581 3529 2631 vocatur

251 2658 388 2715 Huic
420 2662 693 2715 successit
720 2664 778 2717 in
802 2682 1037 2737 regnum
1068 2666 1243 2721 Filius
1268 2667 1388 2737 ejus
1409 2666 1730 2737 Cambyses.
1757 2668 1844 2719 cui
1930 2663 2074 2733 quod
2108 2662 2211 2718 sub
2241 2683 2299 2719 se
2343 2665 2511 2721 habet
2537 2666 2778 2720 coelestis
2806 2664 3018 2720 militiae
3060 2664 3351 2719 exercitus.
3385 2656 3523 2719 Tam

247 2754 636 2827 successerunt
675 2752 786 2807 duo
815 2752 1017 2811 fratres
1046 2755 1194 2824 magi
1230 2774 1240 2807 :
1282 2754 1483 2827 quibus
1514 2753 1843 2819 interfectis,
1928 2759 2116 2809 autem
2162 2752 2401 2827 Aggazus
2440 2771 2608 2827 quam
2648 2762 2705 2808 et
2740 2753 3035 2807 Zacharias
3072 2751 3524 2824 frequentissime

249 2826 447 2890 Darius
493 2838 601 2892 iste
656 2839 933 2911 Hydaspis
979 2840 1149 2907 ﬁlius,
1180 2844 1275 2897 rex
1308 2826 1603 2900 Persarum
1636 2845 1845 2898 consti-
1928 2834 2231 2901 Dominum
2261 2826 2602 2897 exercituum
2626 2843 2930 2917 appellant,
2958 2836 3022 2896 ut
3048 2842 3129 2896 eis
3155 2841 3356 2915 darent
3383 2828 3524 2895 fidu-

250 2927 404 2981 tutus
436 2930 541 2980 est.
577 2928 753 3000 Cujus
802 2928 1045 2986 secundo
1090 2949 1238 2986 anno
1284 2933 1579 2989 Zacharias
1617 2936 1845 2989 exorsus
1926 2929 2089 2995 ciam,
2117 2932 2211 3002 qui
2242 2938 2435 2986 cOntra
2464 2933 2611 3004 regis
2638 2933 2933 2987 Persarum
2962 2930 3280 3001 imperium,
3308 2930 3364 2985 et
3388 2942 3525 2982 con-

251 3016 333 3065 est
352 3013 712 3085 prophetare.
726 3017 921 3089 Itaque
936 3036 968 3072 a
985 3020 1166 3091 primo
1187 3034 1334 3074 anno
1354 3020 1481 3091 Cyri
1504 3021 1652 3092 regis
1668 3033 1846 3091 usque
1926 3023 2017 3077 tra
2034 3021 2242 3093 Cyrum
2269 3021 2588 3084 frementes,
2607 3019 2882 3094 templum
2906 3018 3127 3074 Domini
3152 3015 3518 3075 aediﬁcabant.

251 3099 320 3151 ad
345 3100 655 3157 secundum
686 3120 896 3161 annum
920 3106 1091 3173 Darii,
1116 3114 1515 3180 computantur
1534 3108 1666 3162 anni
1697 3126 1844 3181 qua-
1930 3126 1955 3159 «
1993 3102 2121 3166 Haec
2154 3109 2288 3162 dicit
2316 3110 2590 3163 Dominus
2617 3110 2959 3164 exercituum
2992 3128 3001 3162 :
3034 3103 3435 3162 Convertimini
3455 3100 3526 3158 de

252 3186 526 3261 draginta,
558 3194 617 3245 in
655 3192 858 3263 quibus
890 3195 1067 3249 altare
1099 3202 1321 3253 tantum
1351 3196 1696 3253 exstructum
1723 3198 1844 3251 fue-
1926 3196 2029 3251 viis
2058 3198 2257 3252 vestris
2287 3198 2467 3265 malis,
2501 3202 2556 3252 et
2606 3198 2675 3252 de
2705 3194 3136 3270 cogitationibus
3165 3194 3364 3249 vestris
3397 3211 3526 3271 pes—

253 3284 356 3339 rat,
385 3283 441 3331 et
463 3279 620 3351 jacta
650 3283 845 3353 templi
876 3282 1257 3349 fundamenta,
1294 3286 1486 3339 vicinis
1522 3284 1844 3345 nationibus
1927 3285 2104 3351 simis,
2142 3290 2195 3343 et
2224 3302 2336 3339 non
2367 3286 2668 3343 audierunt
2696 3304 2879 3357 neque
2913 3282 3277 3340 attenderunt
3301 3272 3372 3337 ad
3413 3298 3522 3347 me,

253 3380 320 3417 ex
347 3372 619 3475 praecepto
648 3364 938 3470 Gambysae
982 3372 1129 3445 regis
1158 3390 1252 3426 eos
1288 3364 1736 3446 prohibentibus,
1773 3392 1844 3429 ne
1859 3415 1905 3475 Ο
1926 3372 2065 3428 dicit
2089 3374 2381 3431 Dominus.
2406 3376 2601 3429 Patres
2631 3376 2798 3429 vestri
2825 3374 2919 3431 ubi
2949 3381 3081 3431 sunt
3109 3378 3167 3427 et
3196 3372 3481 3453 prOphetae
3501 3372 3527 3424 ’I

251 3455 523 3528 templum
549 3458 635 3511 vel
666 3454 946 3514 civitatem
974 3460 1334 3517 aedificarent.
1859 3454 1905 3475 υ
1927 3462 2181 3532 nunquid
2204 3463 2259 3516 in
2282 3461 2686 3537 sempiternum
2710 3460 2927 3529 vivent?
2954 3464 3334 3517 verumtamen
3356 3458 3528 3513 verba

1927 3560 2053 3603 mea
2078 3557 2133 3604 et
2162 3551 2414 3624 legitima
2442 3569 2566 3605 mea
2591 3568 2712 3622 qua:
2739 3549 2998 3604 mandavi
3023 3549 3197 3605 servis
3225 3549 3364 3603 meis
3392 3564 3528 3619 pro-

1925 3637 2129 3711 phetis.
2161 3638 2416 3711 nunquid
2469 3658 2579 3695 non
2619 3639 3160 3711 comprehenderunt
3199 3640 3388 3709 patres
3426 3653 3521 3691 ve-

327 3744 353 3779 (
382 3722 445 3781 In
474 3732 669 3785 mense
689 3734 882 3785 octavo
910 3730 969 3784 in
991 3747 1139 3784 anno
1159 3732 1402 3787 secundo
1423 3730 1578 3784 Darii
1600 3726 1747 3803 regis
1767 3730 1853 3786 fa-
1935 3728 2118 3780 εἴπ’οεῖ
2162 3727 2231 3781 Et
2272 3729 2520 3783 conversi
2552 3733 2704 3791 sunt.
2740 3733 2796 3782 et
2842 3726 3103 3783 dixerunt
3136 3745 3146 3778 ε
3183 3726 3339 3781 Sicut
3367 3716 3529 3797 Cogi-

255 3819 403 3869 ctum
423 3822 510 3870 est
528 3817 761 3873 verbum
790 3816 1015 3875 Domini
1038 3818 1107 3872 ad
1136 3816 1459 3877 Zachariam
1485 3820 1660 3873 tilium
1684 3820 1854 3874 Bara-
1934 3815 2352 3872 tavitDominus
2365 3817 2705 3873 exercituum
2724 3818 2906 3871 facere
2922 3814 3082 3870 nobis
3094 3815 3401 3870 secundum
3413 3806 3529 3867 vias

255 3903 385 3959 Chiae
408 3896 589 3963 ﬁlium
617 3896 799 3973 Addo,
823 3902 1175 3979 prophetam.
1207 3929 1228 3959 ι
1254 3904 1400 3963 Nota
1421 3906 1567 3979 quod
1594 3915 1650 3963 et
1674 3908 1850 3962 Bara-
1934 3911 2157 3960 nostras
2178 3906 2234 3958 et
2256 3905 2559 3960 secundum
2584 3903 3008 3961 adinventiones
3028 3902 3268 3968 nostras,
3288 3902 3417 3956 fecit
3435 3917 3532 3956 no-

256 3992 388 4046 chiae
415 3999 472 4049 et
512 3984 674 4048 Addo
706 3981 855 4049 filius
892 3994 1112 4051 dicatur
1140 3988 1449 4053 Zacharias.
1486 3990 1717 4052 Constat
1745 4015 1848 4051 au-
1928 3990 2034 4047 bis.
2058 4011 2083 4043 ι
2105 3990 2232 4047 timo
2250 4009 2315 4045 ex
2330 3991 2605 4061 superiori
2624 3991 2870 4062 pendent
2889 3988 3151 4061 Capitulo,
3173 3988 3269 4042 ubi
3289 3987 3525 4041 dicitur:

259 4086 367 4134 tem
397 4074 543 4137 hunc
572 4074 735 4139 Addo
767 4083 925 4138 illum
954 4101 1075 4138 esse
1113 4084 1207 4159 qui
1242 4088 1325 4151 (ut
1348 4086 1567 4155 Regum
1598 4085 1741 4139 liber
1767 4082 1850 4139 in-
1936 4101 1958 4131 ι
1985 4081 2067 4135 Ne
2088 4080 2210 4133 sitis
2231 4080 2375 4136 sicut
2391 4080 2577 4152 patres
2598 4079 2786 4145 vestri,
2812 4080 2883 4133 ad
2905 4096 3045 4150 quos
3064 4074 3387 4159 clamabant
3406 4091 3533 4153 pro-

258 4166 645 4235 dicat)missus
663 4160 736 4229 ad
760 4168 1093 4227 Hieroboam
1115 4156 1304 4247 regem
1329 4173 1653 4244 pessimum,
1678 4188 1853 4247 quan-
1933 4167 2113 4241 pheta!
2144 4168 2376 4239 priores,
2409 4168 2658 4222 dicentes
2690 4187 2701 4221 :
2740 4168 2867 4221 Haec
2896 4166 3030 4220 dicit
3071 4156 3343 4221 Dominus
3372 4181 3532 4220 exer-

258 4256 326 4309 do
351 4264 409 4315 et
429 4254 610 4319 altare
634 4252 883 4325 dirutum
914 4268 1017 4326 est,
1049 4267 1106 4316 et
1130 4279 1330 4319 manus
1360 4263 1510 4333 regis
1534 4261 1702 4329 aruit,
1732 4280 1852 4316 rur-
1933 4256 2145 4313 cituum
2177 4276 2187 4309 :
2217 4254 2619 4311 Convertimini
2641 4260 2675 4310 a
2700 4255 2801 4309 viis
2821 4256 3040 4323 vestris,
3071 4274 3097 4308 ι
3122 4252 3228 4309 etc.
3254 4255 3399 4328 Ergo
3421 4252 3536 4309 non

260 4332 478 4421 susque,
499 4354 701 4405 orante
726 4350 844 4403 viro
872 4342 990 4417 Dei,
1015 4348 1276 4409 restituta
1301 4354 1402 4406 est.
1428 4332 1596 4405 Juxta
1624 4369 1851 4405 sensum
1934 4345 2227 4399 Zacharias
2259 4351 2362 4402 hoc
2402 4361 2465 4398 ex
2497 4361 2599 4398 sua
2628 4358 2865 4419 persona
2895 4342 3051 4410 dicit,
3083 4344 3180 4399 sed
3229 4333 3293 4397 ἐκ
3325 4359 3538 4415 praece-

258 4433 615 4505 allegoricum
645 4443 873 4499 octavus
900 4440 1127 4501 mensis,
1167 4431 1263 4511 qui
1293 4447 1377 4495 est
1407 4441 1554 4511 apud
1589 4438 1851 4496 Hebraeos
1934 4434 2186 4487 dentium
2219 4432 2639 4503 prophetarum,
2692 4432 2788 4502 qui
2818 4431 3136 4485 clamabant
3163 4446 3228 4485 ex
3259 4447 3392 4487 voce
3422 4431 3536 4486 Do-

258 4514 589 4593 Novembor,
616 4527 842 4585 initium
869 4534 955 4587 est
980 4529 1202 4594 hiemis,
1232 4535 1288 4585 et
1314 4529 1526 4587 nullam
1558 4524 1727 4584 habet
1755 4545 1849 4582 so-
1931 4521 2068 4575 mini
2101 4522 2349 4581 dicentes
2382 4540 2394 4574 :
2426 4540 2447 4571 ι
2484 4520 2910 4584 Convertimini,
2950 4540 2972 4570 ι
3004 4526 3107 4575 etc.
3134 4520 3252 4574 Hoc
3277 4519 3541 4577 clamavit

259 4610 622 4675 ieiunitatem.
653 4616 799 4680 Quia
817 4615 967 4673 enim
990 4610 1228 4688 populus
1256 4612 1439 4672 adhuc
1466 4632 1577 4671 non
1607 4616 1849 4689 perfecte
1929 4608 2125 4681 Isaias,
2161 4610 2322 4675 Osee,
2356 4608 2648 4674 Jere'm‘ias,
2708 4607 3006 4678 caterique
3036 4623 3135 4683 per
3163 4604 3437 4671 ordinem,
3474 4612 3539 4660 ut

258 4700 325 4754 de
347 4696 666 4777 captivitate
688 4704 952 4761 reductus
978 4712 1117 4774 erat,
1144 4706 1493 4779 necdumque
1512 4705 1846 4760 aediﬁcatum
1864 4757 1913 4779 ἢ
1930 4717 1963 4752 a
1998 4699 2159 4753 malis
2201 4699 2465 4775 operibus
2508 4702 2967 4752 converterentur
2996 4700 3053 4752 et
3095 4695 3363 4769 pessimis
3380 4694 3535 4767 cogi-

260 4794 379 4845 erat
404 4757 677 4861 templum
725 4757 849 4851 Dei;
1516 4757 2260 4866 mense—lquiDtationibus:
2291 4787 2387 4841 sed
2418 4786 2666 4845 indurati
2697 4785 2855 4857 quasi
2894 4757 3256 4856 desperantes
3290 4800 3403 4863 non
3433 4757 3538 4837 au-

259 4870 465 4935 nullam
484 4868 1851 4947 habetsolemnitatem,nullamiaetitiam,dicitur
1931 4878 2195 4942 dierunt;
2250 4878 2413 4946 juxta
2462 4873 2608 4944 (μιοά
2660 4877 2716 4927 et
2767 4880 2993 4927 Sanetus
3049 4871 3248 4927 Daniel
3293 4872 3540 4948 “ipsum

762 3605 995 3659 CAPUT
1033 3606 1342 3661 PRIMUM.

260 4968 619 5037 prophetasse
674 4969 1080 5027 Verumtamen
1121 4960 1558 5027 recordabantur
1601 4970 1845 5038 Domini,

259 5059 317 5107 et
346 5054 624 5115 habebant
652 5059 981 5117 memoriam
1014 5056 1217 5131 prioris
1241 5059 1432 5131 templi
1458 5066 1515 5114 et
1543 5054 1846 5133 religionis,

260 5144 406 5211 quod
431 5146 674 5203 ostendit
690 5146 1009 5212 Zacharias,
1031 5146 1126 5219 qui
1156 5147 1563 5223 interpretatur
1584 5149 1854 5204 memoria

1931 4964 2250 5031 confitetur,
2286 4968 2454 5017 orans
2494 4960 2794 5016 Dominum
2834 4979 2936 5038 pro
2973 4961 3308 5021 liberatione
3346 4962 3540 5037 pOpuli

1934 5072 2046 5108 Sili.

2010 5164 2034 5194 α
2070 5140 2136 5196 In
2159 5142 2248 5195 die
2278 5140 2545 5194 vicesima
2574 5143 2776 5209 quarta
2800 5138 3081 5194 undecimi
3105 5139 3318 5193 mensis
3343 5138 3536 5204 Sabat,

262 5226 496 5286 Domini.
522 5228 655 5293 Ideo
675 5226 831 5305 digni
853 5241 1017 5289 erant
1039 5235 1420 5292 benedictione
1440 5235 1683 5299 Domini,
1705 5239 1853 5311 quod
1937 5232 1994 5286 in
2021 5248 2169 5286 anno
2200 5229 2444 5287 secundo
2467 5228 2620 5282 Darii
2641 5229 2812 5297 regis,
2836 5227 3044 5283 factum
3068 5228 3155 5282 est
3177 5227 3409 5283 verbum
3434 5228 3546 5282 Do-

263 5326 349 5371 est
372 5320 683 5387 Barachias,
708 5323 804 5394 qui
831 5323 1148 5378 benedictio
1175 5324 1399 5385 Domini
1426 5325 1849 5397 interpretatur,
1936 5321 2073 5377 mini
2108 5321 2178 5374 ad
2222 5319 2548 5377 Zachariam
2592 5318 2766 5371 filium
2802 5318 3105 5383 Bara‘chiaé,
3147 5319 3326 5373 illium
3360 5317 3538 5383 Addo,

265 5406 526 5463 habentes
555 5411 941 5469 testimonium
990 5410 1297 5469 devotionis
1346 5431 1478 5481 suae,
1526 5414 1731 5485 ipsum,
1763 5416 1853 5475 cui
1936 5412 2286 5485 praphetam.
2335 5428 2359 5460 ι)
2404 5409 2612 5465 Mensis
2652 5407 2984 5462 undecimus
3033 5404 3207 5462 Sabat
3253 5406 3402 5478 apud
3440 5423 3544 5459 nos

267 5496 417 5549 nuda
442 5502 507 5581 et
535 5507 733 5581 aperta
762 5508 895 5555 sunt
924 5501 1115 5571 omnia
1154 5500 1397 5569 Domini,
1440 5503 1587 5581 quod
1617 5502 1852 5559 dcmon-
1935 5497 2279 5555 Februarius
2301 5496 2529 5554 dicitur.
2557 5494 2971 5566 Interpretatur
2991 5500 3181 5548 autem
3205 5494 3375 5549 Sabat
3394 5493 3548 5581 virga

266 5591 475 5640 stratur
499 5580 555 5642 in
572 5566 773 5656 —Addo,
797 5590 894 5660 qui
921 5568 1306 5645 testimonium
1332 5566 1557 5647 Domini
1581 5594 1853 5664 interpre-
1935 5595 2164 5663 propter
2191 5586 2580 5643 austeritatem
2608 5582 2665 5639 et
2701 5584 2944 5655 rigorem
2974 5583 3233 5636 hiemalis
3251 5566 3540 5649 temporis-
