3926 6164
472 300 578 359 ‘2'23

824 364 831 369 .
896 305 1278 363 HAYMONIS
1317 309 1805 365 HALBERSTAT.
1848 310 2072 366 EPISC.
2115 308 2273 364 OPP.
2318 308 2504 364 PARS
2543 309 2586 363 Ι.
2631 336 2698 353 --
2736 307 3109 364 COMMENT.
3148 309 3323 364 BIBL.

3511 386 3515 390 ἢ
3596 311 3678 371 2-24

471 426 755 483 Vicesima
773 436 974 501 quarta
993 432 1103 499 die,
1126 433 1349 504 quando
1359 434 1477 504 jam
1507 435 1637 488 luna
1665 434 1964 489 sublustris
1986 433 2377 498 estAdebant,
2413 450 2526 488 non
2559 415 2635 487 ad.
2683 433 2855 488 alium
2908 432 3139 487 veniunt
3182 432 3283 487 nisi
3321 434 3387 488 ad
3412 434 3575 488 virum
3607 438 3686 506 qui
3737 498 3742 503 ,

477 521 536 569 et
562 534 739 590 prope
766 519 1049 577 deﬁciens.
1082 520 1227 585 Quia
1256 522 1427 593 igitur
1464 524 1737 593 propheta
1775 524 2072 577 Zacharias
2154 524 2341 577 stabat
2360 524 2508 576 inter
2529 522 2920 593 myrteta,sive
2940 522 3010 575 ad
3031 522 3340 591 angelum.«
3358 523 3418 576 Et
3435 522 3686 576 dixerunt:

477 607 686 676 populo
715 608 896 663 adhuc
927 626 989 663 ex
1023 611 1222 680 majori
1254 617 1412 681 parte
1441 612 1588 680 apud
1619 612 1878 681 Assyrios
1907 630 2072 667 exsu-

2156 612 2675 666 Perambulavimus
2703 618 2935 673 terram,
2958 618 3015 663 et
3042 626 3167 663 ecce
3196 610 3370 664 omnis
3396 618 3531 664 terra
3559 611 3690 664 habi-

478 693 617 748 lanti
642 696 989 767 loquebatur,
1015 706 1163 752 recte
1184 699 1239 752 in
1261 699 1503 753 secundo
1529 716 1676 753 anno
1698 706 1754 753 et
1777 701 2072 756 undecimo
2152 707 2310 756 tatur
2337 708 2394 755 et
2423 700 2676 771 quiescit.
2703 719 2728 752 )
2764 702 2833 752 Ac
2863 699 2908 752 si
2939 699 3183 752 diceret:
3216 699 3409 753 Omnia
3435 715 3588 769 regna
3609 705 3691 752 tua

480 799 669 837 mense
689 790 858 856 atque
886 786 944 840 in
970 787 1232 841 vicesima
1259 795 1460 858 quarta
1479 790 1570 843 die
1592 790 1819 851 mensis,
1836 792 1954 860 jam
1982 792 2076 846 de-
2156 798 2285 845 sunt
2310 796 2368 844 et
2396 795 2614 860 pacata,
2646 804 2749 842 nec
2779 788 2889 840 ulla
2916 792 3247 858 premuntur
3272 787 3529 856 angustia.

479 872 700 926 ﬁciente
728 875 879 937 luna,
915 881 968 929 et
1001 876 1358 931 tenebrarum
1387 878 1619 933 horrore
1648 886 1951 949 crescente,
1987 881 2075 935 di-

478 960 626 1014 citur
655 963 944 1016 vaticinari
974 980 1041 1018 ea
1070 982 1193 1036 quae
1222 974 1553 1037 sequuntur.

2233 900 2255 931 ι
2292 881 2360 933 Et
2387 875 2674 949 respondit
2701 877 2935 946 angelus
2963 875 3205 933 Domini.
3228 881 3279 928 et
3310 875 3440 927 dixit
3463 893 3474 926 :
3496 875 3692 929 Domine

2156 969 2519 1030 exercituum,
2544 980 2836 1035 usquequo
2864 970 2927 1017 tu
2956 979 3067 1016 non
3100 961 3440 1016 misereberis
3467 962 3688 1015 Hierusa-

554 1067 579 1100 α
611 1049 735 1103 Vidi
776 1067 875 1121 per
910 1057 1151 1117 noctem,
1184 1060 1242 1107 et
1286 1071 1411 1109 ecce
1457 1056 1542 1108 vir
1569 1056 1875 1111 ascendens
1905 1076 2075 1128 super
2156 1057 2264 1110 lem
2312 1061 2368 1109 et
2412 1054 2637 1108 urbium
2680 1052 2842 1117 Juda,
2894 1051 3096 1122 quibus
3132 1050 3307 1104 iratus
3337 1048 3436 1103 03?
3480 1050 3693 1118 Ῐδίθὲδω

478 1150 684 1205 equum
708 1137 915 1203 rufum,
932 1148 989 1192 et
1006 1139 1124 1210 ipse
1140 1140 1326 1195 stabat
1346 1142 1492 1196 inter
1509 1135 1750 1214 myrteta
1774 1162 1895 1215 qua}
1914 1156 2074 1200 erant
2157 1144 2601 1216 septuagesimus
2630 1157 2813 1194 annus
2844 1146 2945 1194 est.
2973 1159 2999 1189 ο
3028 1139 3102 1193 Ex
3132 1155 3240 1209 qua
3265 1137 3597 1208 responsione
3622 1137 3697 1190 ille

480 1222 537 1276 in
567 1224 860 1294 profundo,
896 1235 951 1280 et
994 1234 1122 1297 post
1149 1246 1279 1283 eum
1309 1231 1439 1300 equi
1468 1233 1593 1296 ruﬁ,
1626 1233 1766 1286 varii
1795 1240 1848 1287 et
1878 1235 2009 1289 albi.
2045 1254 2071 1289 »

480 1312 591 1365 Per
609 1320 831 1367 noctem
857 1332 915 1368 se
938 1316 1141 1370 vidisse
1161 1318 1313 1381 dicit,
1335 1336 1446 1372 non
1470 1321 1523 1373 in
1546 1321 1655 1385 die,
1677 1321 1821 1375 sicut
1839 1326 2072 1394 Moyses,

482 1414 609 1452 cum
633 1401 968 1470 loquebatur
988 1405 1134 1458 Deus
1160 1405 1297 1459 facie
1318 1408 1387 1460 ad
1413 1407 1631 1475 faciem,
1656 1416 1711 1464 et
1735 1410 1880 1465 sicut
1902 1412 2076 1466 Isaias

485 1487 582 1556 qui
606 1487 741 1542 dicit
777 1508 788 1543 :
818 1508 843 1542 α
875 1491 1002 1545 Vidi
1032 1493 1333 1549 Dominum
1364 1497 1650 1551 sedentem
1679 1516 1849 1570 super
1875 1501 2077 1554 solium

485 1577 783 1643 excelsum,
818 1597 844 1631 υ
877 1581 1011 1650 quia
1040 1583 1225 1637 adhuc
1260 1586 1498 1656 populus
1528 1586 1585 1640 in
1614 1590 1875 1657 angustia
1904 1590 2079 1643 servi-

2157 1234 2391 1303 angelus
2422 1231 2518 1302 qui
2549 1228 2943 1299 interpellabat
2979 1244 3079 1298 pro
3116 1226 3307 1289 Israel,
3338 1225 3601 1279 occasione
3625 1241 3699 1278 ac-

2157 1329 2319 1393 cepta
2365 1318 2701 1391 deprecandi
2748 1317 3048 1372 Dominum
3101 1332 3200 1385 pro
3230 1314 3446 1385 pepulo,
3475 1313 3598 1366 dixit
3624 1331 3633 1365 :
3664 1312 3699 1365 Ο

2158 1411 2414 1474 Domine,
2438 1426 2563 1463 cum
2591 1408 2773 1461 omnis
2793 1412 2946 1459 terra
2966 1420 3165 1459 secura
3185 1403 3475 1465 habitetur,
3501 1418 3590 1454 cur
3610 1416 3702 1453 non

2159 1499 2442 1553 misereris
2467 1497 2818 1551 Hierusalem
2844 1505 2901 1551 et
2933 1495 3155 1549 urbium
3182 1492 3341 1546 Juda.
3363 1490 3584 1543 maxime
3600 1506 3704 1543 cum

2159 1589 2464 1643 secundum
2508 1593 2608 1641 tua
2636 1585 2913 1658 promissa
2941 1590 3167 1655 tempus
3194 1579 3516 1653 captivitatis
3550 1579 3706 1651 exple-

483 1664 624 1718 tutis
653 1668 813 1736 quasi
844 1676 1004 1722 nocte
1031 1671 1348 1738 tenebatur,
1381 1680 1439 1728 et
1476 1674 1681 1729 idcirco
1713 1678 1985 1747 prepheta
2012 1696 2079 1732 ea
2097 1709 2140 1767 Β
2158 1684 2279 1733 tum
2312 1677 2419 1731 sit?

485 1768 609 1823 quae
638 1770 737 1824 pro
767 1756 847 1809 eis
876 1758 1042 1822 videt,
1076 1759 1135 1813 in
1167 1766 1328 1815 nocte
1364 1779 1424 1815 se
1465 1763 1666 1818 vidisse
1711 1765 1863 1819 dicit.
1898 1766 2076 1837 Spiri-

2235 1786 2256 1816 ι
2291 1768 2357 1821 Et
2384 1764 2673 1837 respondit
2718 1763 2988 1817 Dominus
3019 1761 3238 1830 angelo,
3284 1759 3379 1830 qui
3417 1756 3709 1828 loquebatur

480 1841 713 1895 tualiter
758 1860 866 1898 nox
912 1846 970 1900 in
1019 1865 1127 1919 qua
1175 1851 1422 1905 cernitur
1468 1852 1622 1919 visio,
1677 1853 2076 1909 obscuritatem
2157 1854 2215 1907 in
2247 1871 2354 1917 me,
2388 1853 2556 1907 verba
2595 1853 2762 1913 bona,
2810 1868 2837 1902 ι
2871 1851 2941 1902 de
2982 1848 3299 1902 futurorum
3344 1844 3705 1918 promissione;

483 1928 742 1999 designat
766 1935 1015 2004 mysticae
1043 1937 1286 1992 visionis.
1314 1940 1452 1994 Hinc
1481 1941 1797 2008 Psalmista,
1834 1964 1853 1993 ε
1886 1944 2077 1999 Posuit

487 2019 655 2089 (haud
681 2021 912 2076 dubium
944 2026 1108 2094 Deus)
1132 2027 1391 2082 tenebras
1423 2029 1716 2085 latibulum
1748 2049 1929 2086 suum.
1962 2054 1983 2083 ι
2013 2035 2080 2088 Et

486 2121 611 2159 ecce
635 2107 717 2161 vir
736 2111 1038 2166 ascendens
1059 2130 1228 2184 super
1247 2132 1450 2185 equum
1474 2118 1656 2171 rufum
1679 2126 1734 2173 et
1755 2119 1874 2189 ipse
1894 2120 2081 2175 stabat

485 2193 635 2248 inter
649 2204 891 2266 myrteta
909 2217 1031 2270 quae
1047 2208 1210 2256 erant
1224 2203 1280 2256 in
1300 2206 1596 2274 profundo.
1617 2226 1643 2257 υ
1666 2205 1806 2277 Equi
1828 2222 2079 2262 ascenso-

485 2298 605 2336 rem
627 2286 732 2338 ruti
750 2286 968 2341 Hebraei
982 2290 1052 2343 ad
1077 2291 1318 2344 litteram
1332 2292 1664 2348 Michaelem
1679 2296 2076 2367 archangelum

482 2370 825 2443 intelligunt.
870 2377 1046 2432 Rufus
1100 2386 1239 2444 erat,
1295 2383 1557 2451 quoniam
1617 2384 1734 2454 ipse
1795 2391 1880 2439 est
1930 2387 2081 2439 ultor

486 2459 852 2532 iniquitatum
909 2467 1058 2521 illius
1096 2470 1306 2539 populi,
1350 2472 1438 2525 cui
1487 2473 1803 2543 specialiter
1854 2481 2073 2544 prmest.

2163 1963 2187 1989 α
2224 1941 2389 1995 verba
2433 1938 2827 2003 consolatoria,
2858 1956 2883 1989 »
2916 1936 2984 1989 de
3014 1936 3371 2006 praesentium
3400 1932 3707 1986 necessitate.

2162 2030 2279 2082 Hoc
2300 2030 2463 2098 juxta
2490 2029 2757 2081 litteram.
2787 2025 3118 2095 Allegorice,
3148 2023 3231 2075 vir
3260 2022 3353 2092 qui
3380 2018 3613 2075 ascendit
3635 2034 3711 2071 su-

2160 2135 2261 2189 per
2290 2134 2494 2189 equum
2528 2116 2733 2176 rufum,
2772 2113 3039 2167 Dominus
3069 2120 3127 2165 et
3156 2113 3407 2165 Salvator
3434 2115 3530 2164 est.
3556 2108 3714 2177 Equus

2160 2206 2316 2259 rufus
2361 2204 2758 2258 mortalitatem
2808 2209 3011 2255 nostra;
3055 2201 3241 2254 carnis
3279 2198 3542 2269 designat,
3574 2209 3712 2265 quam

2160 2312 2260 2366 pro
2283 2293 2442 2347 nobis
2463 2302 2649 2346 assum
2658 2291 2785 2361 psit,
2811 2290 2898 2344 cui
2921 2306 3021 2361 per
3040 2289 3247 2343 Isaiam
3270 2287 3497 2341 dicitur:
3519 2303 3541 2335 (ι
3561 2284 3717 2347 Quare

2160 2382 2394 2436 rubrum
2432 2389 2517 2435 est
2544 2381 2936 2434 indumentum
2969 2385 3129 2431 tuum
3149 2378 3174 2430 7
3217 2397 3242 2429 ι)
3275 2374 3581 2431 Notandum
3610 2384 3716 2423 vero

2162 2472 2307 2543 quod
2339 2472 2434 2541 qui
2482 2471 2571 2523 hic
2615 2469 2671 2522 in
2711 2484 2855 2538 equo
2904 2467 3027 2521 rufo
3067 2466 3263 2520 sedere
3307 2462 3635 2519 describitur.
3670 2459 3717 2511 in

491 2567 516 2599 cr
540 2551 782 2622 Myrteta
802 2571 925 2625 quae
946 2558 1177 2611 erantin
1200 2559 1493 2627 profundo.
1522 2580 1547 2613 ν
1572 2563 1872 2632 prophetas
1888 2564 2081 2617 dicunt
2160 2558 2496 2629 Apocalypsi
2524 2557 2756 2611 Joannis
2798 2556 2855 2608 in
2886 2558 3034 2608 veste
3076 2553 3317 2607 candida
3356 2566 3517 2621 super
3541 2561 3716 2632 equum

489 2651 546 2721 et
569 2648 811 2708 sanctos,
837 2645 933 2714 qui
959 2645 1016 2699 in
1042 2647 1223 2700 medio
1250 2648 1453 2718 captivi
1482 2650 1669 2719 populi
1693 2650 2076 2704 versabantur.

490 2747 517 2781 α
562 2730 704 2800 Equi
735 2748 861 2785 vero
888 2735 1016 2795 rufi,
1041 2734 1196 2795 varii,
1223 2741 1280 2789 et
1308 2736 1441 2798 albi,
1479 2762 1499 2783 ο
1529 2738 1624 2808 qui
1659 2738 1855 2802 virum,
1888 2738 1943 2792 id
1974 2744 2076 2804 est,

488 2819 815 2874 Michaelem
846 2823 1242 2892 sequebantur,
1274 2826 1573 2896 designant
1605 2843 1795 2896 regna,
1828 2827 1944 2880 sive
1974 2843 2079 2881 an-

486 2908 645 2977 gelos
674 2911 768 2979 qui
798 2912 985 2982 regnis
1013 2914 1148 2984 ipsis
1178 2915 1496 2984 praesident,
1521 2922 1707 2969 tamen
1739 2906 2083 2986 ordine'per—

2162 2646 2461 2697 candidum
2493 2644 2693 2697 sedens
2724 2641 3004 2710 apparuit.
3039 2641 3147 2702 Qui
3179 2641 3330 2692 enim
3362 2639 3513 2691 rufus
3540 2630 3723 2688 exstitit

2162 2733 2219 2787 in
2253 2733 2527 2804 passione,
2574 2730 2843 2785 candidus
2891 2728 2998 2780 fuit
3042 2728 3098 2780 in
3146 2726 3568 2780 resurrectione.
3604 2721 3723 2773 Hinc

2164 2821 2407 2876 Ecclesia
2453 2821 2513 2874 in
2556 2818 2799 2873 Canticis
2855 2815 3202 2870 canticorum
3251 2814 3403 2875 dicit,
3439 2834 3463 2859 «ι
3504 2810 3721 2864 Dilectus

2164 2928 2324 2964 meus
2354 2908 2624 2963 candidus
2649 2912 2705 2961 et
2736 2904 3095 2959 rubicundus.
3135 2921 3158 2954 ι
3182 2903 3427 2973 Myrteta
3457 2916 3571 2970 quae
3590 2902 3728 2950 erant

489 3003 724 3051 mutato.
753 3000 819 3052 Et
850 3000 959 3053 albi
991 3003 1214 3071 quidem
1242 3004 1541 3073 designant
1559 3003 1753 3057 Medos
1778 3010 1835 3058 et
1865 2984 2083 3069 Persas,
2103 3012 2147 3072 ο
2166 2999 2222 3052 in
2244 2996 2537 3069 profundo,
2560 2996 2709 3048 inter
2722 3009 2846 3063 qua:
2865 2992 2946 3044 vir
2960 2997 3109 3045 stare
3124 2989 3480 3051 describitur,
3494 2984 3725 3055 angelicae

492 3084 587 3154 qui
616 3084 840 3156 benigni
888 3089 1115 3143 fuerunt
1160 3107 1294 3159 erga
1321 3092 1561 3157 Iudaeos,
1594 3098 1650 3145 et
1698 3092 1799 3145 sub
1832 3093 1965 3163 ipsis
1995 3092 2080 3145 di-

489 3172 661 3227 missa
689 3176 996 3246 captivitas,
1022 3185 1078 3230 et
1102 3179 1373 3249 templum
1404 3180 1779 3233 instauratum
1811 3187 1913 3234 est.
1943 3181 2083 3250 Equi

488 3261 648 3324 varii,
683 3264 1031 3329 Macedones,
1067 3283 1307 3336 quorum
1338 3269 1432 3321 alii
1464 3270 1537 3339 pii
1575 3285 1709 3339 erga
1737 3270 1957 3323 Judaeos
1989 3286 2083 3322 ex-

491 3351 775 3413 stiterunt,
800 3353 893 3406 alii
921 3361 1305 3424 persecutores
1329 3373 1523 3411 eorum
1546 3357 1792 3411 fuerunt.
1816 3358 1955 3427 Equi
1979 3359 2083 3411 ruﬁ

490 3455 725 3510 regnum
757 3442 1075 3512 signiﬁcant
1104 3442 1504 3511 Romanorum,
1527 3446 1751 3499 crudele
1780 3453 1837 3499 et
1864 3447 2085 3516 sangui-

489 3529 736 3597 narium,
763 3532 909 3602 quod
940 3532 1212 3587 subvertit
1234 3535 1504 3604 templum
1530 3540 1586 3587 et
1612 3541 1835 3604 gentem
1860 3534 2081 3587 delevit.

490 3617 730 3682 Quidam
757 3637 822 3673 eo
852 3621 1045 3675 ordine
1075 3639 1184 3692 quo
1216 3622 1306 3675 hic
1333 3624 1614 3689 dicuntur,
1646 3630 1886 3694 quatuor
1914 3623 2081 3675 simul

487 3722 664 3777 regna
692 3707 1013 3778 intelligunt
1045 3728 1055 3762 :
1092 3717 1147 3763 et
1179 3726 1386 3779 equum
1418 3711 1642 3781 quidem
1678 3712 1883 3775 rulum,
1916 3726 2085 3781 super

489 3810 656 3864 quem
686 3796 769 3848 vir
789 3796 1037 3861 sedebat,
1063 3804 1231 3869 atque
1247 3815 1420 3869 equos
1446 3800 1600 3853 rufos
1622 3799 1715 3871 qui
1738 3816 1865 3852 eum
1892 3816 2084 3869 seque-

489 3882 715 3945 bantur,
745 3885 938 3939 dicunt
967 3888 1226 3958 Assyrios
1257 3894 1313 3941 et
1349 3888 1658 3950 Chaldaeos,
1691 3888 2084 3958 sanguinarios

488 3978 546 4025 et
570 3973 842 4036 crudeles,
877 3992 1114 4046 quorum
1145 3977 1357 4048 Assyrii
1391 3978 1581 4031 decem
1613 3977 1794 4030 tribus
1824 3977 1927 4031 sub
1961 3976 2087 4031 Sal-

2164 3092 2487 3157 potestates,
2515 3101 2636 3155 quae
2661 3083 2711 3135 ei
2742 3082 2909 3136 etiam
2942 3080 2999 3132 in
3023 3094 3190 3133 carne
3219 3078 3402 3149 posito
3430 3072 3729 3130 assistebant

2164 3175 2326 3245 eique
2351 3171 2764 3227 ministrabant.
2792 3170 2895 3221 Per
2914 3185 3086 3238 equos
3107 3166 3283 3231 rufos,
3310 3165 3489 3218 varios
3505 3170 3558 3216 et
3576 3160 3727 3224 albos,

2166 3262 2447 3333 apostolos
2468 3267 2524 3314 et
2553 3258 2886 3330 apostolicos
2908 3257 3051 3309 viros
3076 3254 3352 3309 debemus
3373 3251 3625 3322 accipere,
3650 3245 3730 3316 qui

2164 3357 2345 3406 totum
2394 3350 2586 3403 orbem
2617 3346 2967 3418 praedicando
3000 3348 3461 3414 peragraverunt.
3504 3340 3726 3402 Quorum

2166 3441 2262 3494 alii
2284 3441 2410 3505 rufi,
2432 3438 2564 3509 quia
2587 3436 2857 3506 martyrio
2878 3433 3128 3487 coronati
3156 3452 3168 3485 :
3191 3432 3289 3485 alii
3317 3430 3471 3490 varii,
3497 3425 3733 3499 quoniam

2165 3528 2419 3580 doctrina
2468 3532 2524 3579 et
2571 3541 2739 3595 Opere
2784 3540 2849 3576 ac
2897 3522 3129 3575 diversa,
3158 3520 3450 3589 signorum
3496 3514 3734 3575 varietate

2165 3616 2413 3670 distincti
2443 3634 2454 3666 :
2488 3613 2583 3667 alii
2611 3611 2742 3675 albi,
2773 3609 2903 3681 quia
2935 3608 3269 3679 virginitatis
3300 3606 3541 3660 candore
3576 3606 3629 3654 et
3659 3601 3734 3651 in-

2165 3705 2429 3775 tegritate
2468 3701 2615 3764 ﬁdei,
2651 3717 2715 3753 ac
2765 3697 2960 3751 mandi
2990 3697 3174 3749 cordis
3213 3695 3462 3766 puritate
3491 3687 3734 3763 praeclari.

2168 3794 2237 3848 lli
2268 3793 2420 3846 missi
2452 3797 2586 3844 sunt
2622 3806 2654 3842 a
2684 3788 2944 3849 Domino,
2982 3791 3047 3838 ut
3075 3790 3254 3838 totum
3288 3782 3556 3836 mundum
3589 3789 3736 3831 evan-

2164 3882 2345 3952 gelica
2373 3877 2765 3951 praedicatione
2785 3874 3148 3945 complerent.
3173 3872 3336 3926 Unde
3357 3878 3415 3924 et
3444 3869 3513 3922 ad
3535 3866 3631 3921 Job
3654 3866 3740 3918 Do-

2169 3970 2354 4023 minus
2384 3967 2534 4029 dicit,
2562 3987 2586 4017 α
2620 3964 2885 4035 Nunquid
2921 3963 3109 4015 mittes
3139 3961 3387 4027 fulgura,
3418 3966 3475 4011 et
3499 3957 3666 4017 ibunt,
3694 3955 3742 4005 et

489 4077 752 4116 manasar
780 4043 990 4119 duxere
1020 4043 1284 4136 captivas,
1310 4067 1553 4120 Chaldaei
1586 4083 1713 4119 vero
1738 4065 1879 4119 duas
1903 4064 2083 4118 tribus
2103 4081 2150 4137 ι)
2170 4057 2508 4112 revertentia
2528 4055 2715 4107 dicent
2743 4053 2862 4117 tibi,
2886 4049 3206 4104 Adsumus?
3241 4073 3255 4137 ξ
3288 4048 3489 4102 Stabat
3511 4045 3590 4097 vir
3615 4043 3744 4096 inter

489 4150 594 4204 sub
606 4150 1118 4207 Nabuchodonosor
1132 4155 1357 4208 incensa
1376 4155 1742 4215 Hierusalem,
1761 4154 2083 4223 temploque

490 4237 774 4292 subverso.
802 4241 1054 4295 Tertium
1084 4248 1141 4295 et
1171 4250 1433 4313 quartum
1464 4242 1644 4295 varios
1674 4247 1731 4295 et
1757 4240 1931 4304 albos,
1965 4239 2084 4293 Me-

490 4327 591 4380 dos
613 4334 814 4397 putant
833 4335 889 4381 et
907 4329 1122 4391 Persas,
1143 4346 1379 4400 quorum
1403 4330 1499 4382 alii
1519 4331 1821 4383 clementes
1836 4328 2083 4393 fuerunt,

492 4421 556 4470 ut
585 4417 764 4487 Cyrus
785 4423 842 4470 et
866 4417 1067 4472 Darius
1096 4424 1266 4488 atque
1287 4422 1587 4485 'Assuerus,
1609 4418 1704 4471 alii
1725 4417 1997 4483 crudeles,
2024 4422 2088 4470 ut

495 4504 817 4576 Cambyses.

569 4613 596 4647 α
630 4594 697 4648 Et
725 4594 861 4659 dixi,
890 4595 1035 4659 Quid
1064 4601 1195 4649 sunt
1220 4594 1331 4659 isti,
1359 4594 1595 4648 Domine
1623 4594 1736 4647 mi?
1769 4599 1824 4648 et
1852 4594 1991 4647 dixit
2016 4594 2087 4647 ad

493 4701 584 4739 me
615 4685 849 4755 angelus
895 4685 990 4756 qui
1037 4685 1371 4756 loquebatur
1397 4684 1456 4736 in
1487 4700 1574 4737 me
1608 4702 1620 4737 :
1656 4685 1768 4752 Ego
1798 4683 2088 4736 ostendam

492 4774 593 4827 tibi
626 4775 758 4845 quid
788 4775 903 4829 sint
932 4776 1065 4829 haec.
1094 4777 1162 4829 Et
1188 4773 1475 4844 respondit
1500 4772 1582 4825 vir
1608 4772 1702 4843 qui
1733 4771 1917 4825 stabat
1941 4772 2090 4824 inter

495 4868 758 4933 myrteta,
782 4870 838 4918 et
864 4864 1021 4917 dixit.
1048 4884 1072 4916 ι)
1099 4865 1283 4935 Equos
1312 4862 1507 4916 videns
1534 4861 1736 4915 diversi
1762 4860 1982 4921 coloris,
2007 4860 2090 4913 in-

492 4955 745 5020 terrogat
768 4952 897 5021 quid
930 4954 1060 5006 sint.
1088 4953 1310 5008 Sciebat
1337 4952 1487 5005 enim
1518 4951 1575 5004 in
1606 4967 1876 5021 equorum
1908 4949 2089 5020 specie

495 5039 644 5093 aliud
676 5040 978 5112 designari.
997 5043 1153 5095 Tunc
1174 5043 1407 5113 angelus
1428 5042 1523 5112 qui
1553 5041 1609 5094 in
1642 5057 1706 5094 eo
1732 5038 2083 5110 loquebatur,

496 5129 753 5200 promisit
780 5147 839 5183 se
860 5130 1163 5184 dicturum.
1186 5132 1293 5185 Sed
1318 5132 1414 5184 illo
1437 5131 1724 5194 reticente,
1752 5129 1834 5182 vir
1855 5128 1949 5199 qui
1981 5133 2091 5181 sta-

494 5216 592 5271 bat
610 5217 759 5271 inter
779 5219 1192 5289 myrteta,quod
1214 5220 1306 5271 ille
1331 5220 1773 5288 interrogaverat
1795 5216 2052 5287 exposuit
2076 5236 2087 5269 :

499 5326 521 5358 «
554 5306 654 5361 Isti
685 5314 818 5360 sunt
845 5324 984 5376 quos
1007 5307 1159 5360 misit
1183 5306 1456 5360 Dominus
1482 5314 1545 5361 ut
1567 5307 1958 5377 perambulent
1983 5310 2091 5358 ter-

494 5413 639 5460 ram,
676 5420 699 5443 u
733 5402 791 5449 et
818 5412 932 5449 suae
961 5412 1084 5449 eam
1119 5394 1417 5463 subjiciant
1449 5396 1728 5464 potestati.

568 5504 591 5538 (ι
619 5486 687 5539 Et
708 5484 1117 5556 responderunt
1137 5483 1337 5552 angelo
1356 5482 1598 5546 Domini,
1620 5484 1714 5553 qui
1735 5482 1923 5537 stabat
1944 5483 2094 5535 inter

493 5583 755 5651 myrteta.
790 5595 812 5626 ι
842 5573 1050 5629 Deinde
1077 5572 1262 5642 angeli
1291 5571 1387 5641 qui
1417 5571 1605 5640 regnis
1633 5572 1868 5641 singulis
1900 5570 2090 5641 praesi-

2165 4152 2429 4219 myrteta,
2461 4145 2546 4197 vel
2575 4151 2639 4196 ut
2678 4143 2790 4195 alia
2830 4139 3125 4193 translatio
3153 4135 3309 4201 dicit,
3345 4137 3494 4189 inter
3521 4138 3741 4186 montes.

2168 4237 2224 4290 id
2264 4243 2350 4289 est
2395 4234 2652 4288 Christus
2690 4229 3030 4284 discernibat
3080 4226 3229 4280 inter
3265 4227 3568 4293 utriusque
3602 4234 3747 4272 voca-

2168 4324 2338 4378 tionis
2357 4322 2611 4394 populos,
2628 4318 3023 4373 salvandorum
3046 4324 3105 4369 et
3120 4314 3588 4368 damnandorum.
3607 4304 3746 4394 Unde

2167 4393 2469 4482 Apostolus
2501 4427 2511 4461 :
2543 4425 2569 4458 ((
2604 4406 2814 4461 Christi
2844 4405 3023 4457 bonus
3054 4404 3192 4456 odor
3218 4418 3420 4456 sumus
3452 4402 3563 4454 Deo
3592 4398 3645 4451 in
3675 4393 3749 4447 his

2169 4500 2264 4571 qui
2303 4503 2558 4571 pereunt,
2590 4502 2647 4550 et
2682 4495 2739 4547 in
2771 4495 2857 4547 his
2886 4492 2980 4563 qui
3011 4492 3149 4545 salvi
3188 4491 3353 4544 ﬁunt.
3393 4511 3415 4541 ι
3450 4487 3606 4552 Quod
3636 4496 3749 4535 vero

2170 4589 2403 4660 angelus
2429 4592 2591 4656 rogat
2620 4592 2683 4638 ut
2709 4583 3045 4636 misereatur
3068 4581 3212 4633 Deus
3244 4579 3473 4648 papula.
3500 4575 3629 4647 quia
3647 4573 3751 4642 jam

2171 4676 2619 4748 septuagesimus
2636 4689 2814 4726 annus
2833 4676 2972 4731 erat,
2989 4668 3268 4738 significat
3285 4669 3420 4736 quia
3434 4662 3749 4720 Jerusalem,

2171 4768 2228 4821 id
2258 4775 2344 4819 est
2374 4763 2618 4818 Ecclesia
2659 4774 3012 4831 nequaquam
3044 4756 3349 4827 perfectam
3396 4754 3757 4823 consequetur

2173 4856 2513 4915 libertatem,
2545 4851 2871 4922 priusquam
2903 4862 3094 4900 verum
3121 4844 3443 4909 sabbatum,
3477 4843 3532 4896 id
3565 4846 3648 4894 est
3675 4854 3753 4889 re-

2174 4947 2332 5018 quies
2346 4945 2418 4997 im
2429 4939 2818 5013 pleatur,quod
2836 4935 3284 5007 septuagesimus
3297 4950 3484 4988 annus
3493 4929 3756 4999 designat.

2171 5035 2266 5105 qui
2300 5047 2568 5087 numerus
2596 5028 2827 5083 denario
2858 5042 2957 5097 per
2984 5023 3368 5095 septenarium
3391 5019 3756 5090 multiplicate

2170 5102 2485 5194 perﬁcitur;
2511 5137 2632 5190 quae
2655 5134 2757 5189 pax
2781 5117 2838 5170 in
2856 5114 3115 5187 praesenti
3139 5113 3381 5175 inchoat,
3406 5125 3536 5163 cum
3559 5124 3593 5161 a
3611 5102 3760 5159 bellis

2174 5215 2434 5267 vitiorum
2464 5210 2805 5281 quiescimus
2836 5225 2850 5260 :
2881 5206 3202 5277 perﬁcietur
3238 5210 3434 5256 autem
3474 5201 3531 5253 in
3562 5199 3757 5253 futuro.

2173 5319 2296 5358 cum
2331 5301 2401 5354 ad
2432 5299 2700 5353 visionem
2727 5295 3011 5350 Creatoris
3036 5292 3481 5365 pervenerimus.

2243 5410 2270 5441 ι(
2302 5391 2367 5443 Et
2392 5389 2531 5443 dixit
2558 5387 2628 5440 ad
2659 5403 2745 5439 me
2777 5385 3010 5455 angelus
3047 5383 3139 5454 qui
3181 5378 3517 5451 loquebatur
3546 5376 3606 5428 in
3634 5387 3717 5425 mc
3748 5387 3757 5420 :

2174 5479 2365 5533 Clama
2419 5478 2610 5529 dicens
2643 5517 2654 5528 .
2711 5476 2838 5528 llaec
2878 5474 3012 5527 dicit
3060 5470 3330 5527 Dominus
3375 5465 3758 5545 exerpituum:

2174 5568 2395 5621 Zelatus
2423 5582 2549 5621 sum
2580 5563 2930 5621 Hierusalem
2954 5566 3007 5615 et
3041 5561 3172 5614 Sion
3199 5557 3316 5611 zelo
3343 5569 3573 5622 magno,
3605 5556 3661 5622 et
3688 5549 3766 5599 ira
