3926 6164
203 298 290 355 ‘225

1079 291 1495 347 ENARRATIO
1531 291 1609 344 IN
1647 290 2067 346 ZACHARIAM
2104 293 2561 351 PROPHE’I‘AM.

3343 302 3453 363 226

201 431 380 485 magna
404 430 509 485 ego
534 416 748 469 irascor
763 430 933 485 super
955 418 1152 485 gentes
1175 413 1488 484 opulentas,
1514 412 1646 482 quia
1664 428 1766 482 ego
1785 417 1830 471 A
1850 414 2144 478 cedonum,
2170 417 2567 473 Romanorum.
2605 421 2828 474 Cornua
2852 427 3040 476 autem
3071 425 3229 495 regni
3258 434 3448 499 poten-

200 507 353 559 iratus
372 521 497 557 sum
523 504 863 574 parum,ipsi
886 519 1015 557 vero
1032 504 1365 571 adjuverunt
1392 502 1447 555 in
1477 503 1704 554 nmium.
1748 522 1767 549 ι
1855 502 1992 556 tiam
2033 504 2368 571 signiﬁcare,
2403 508 2833 563 usitatissimum
2873 517 2959 565 est
2996 512 3051 566 in
3082 523 3277 570 sancta
3307 519 3451 573 Scri-

201 595 312 657 Quac
332 593 561 645 fuerunt
589 592 752 646 verba
803 592 945 644 bona
985 599 1042 644 et
1085 592 1474 649 consolatoria.
1510 607 1632 660 quae
1665 591 1773 643 Do-

200 683 364 736 minus
410 697 584 750 supra
616 679 923 749 respondit,
966 679 1057 732 hic
1090 679 1324 748 jubetur
1361 680 1631 748 propheta
1659 679 1773 731 cla-

1858 597 2110 661 ptura,ut
2129 595 2318 655 illud,«
2335 595 2667 651 Sublimabit
2687 615 2858 653 cornu
2878 601 3102 656 Christu
3122 604 3228 657 sui.
3254 607 3452 679 sltem,

1864 697 1890 731 α
1922 681 2112 734 Erexit
2131 699 2303 737 cornu
2327 685 2522 738 salutis
2560 686 2738 741 nobis.
2778 708 2802 739 ››
2836 689 2964 743 Haec
2994 707 3122 745 vero
3151 695 3454 752 ventilave-

201 770 579 833 inare,Zelatus
599 785 723 823 sum
746 768 1093 821 Hierusalem
1113 784 1225 821 non
1248 783 1435 837 parvo,
1457 767 1553 820 sed
1577 783 1779 835 magno
1860 776 1995 822 runt
2017 770 2132 823 sive
2152 771 2538 841 disperserunt
2564 775 2591 827 J
2601 776 2788 839 udam,
2811 783 2917 831 etc.
2934 779 3111 833 Multa
3134 783 3282 836 enim
3308 787 3455 840 mala

200 861 314 915 zelo.
344 859 508 912 Zelus
528 857 619 911 hic
645 874 745 928 pro
772 856 960 910 furore
990 863 1048 910 et
1069 856 1451 926 indignatione
1487 857 1776 926 accipitur.

1861 856 1931 909 ab
1961 857 2047 911 his
2080 860 2399 914 nationibus
2425 861 2600 915 Judaei
2636 864 2783 932 passi
2813 872 2962 923 sunt.
2999 868 3238 924 maxime
3254 872 3323 925 ab
3345 876 3454 927 An-

202 952 258 1005 Et
295 948 426 1018 quia
475 964 681 1017 magna
720 952 946 1017 peccata
992 945 1353 998 commiserat
1381 945 1692 999 Jerusalem
1720 950 1777 999 et
1859 945 2066 1006 tiocho,
2094 956 2464 1016 cognomento
2498 950 2801 1021 Epiphane,
2851 953 2907 1006 id
2950 960 3037 1008 est
3082 975 3252 1028 super
3278 977 3454 1032 appa-

201 1039 332 1100 Sion,
366 1037 500 1107 quia
542 1052 718 1089 unum
767 1042 914 1097 sunt,
950 1034 1077 1088 ideo
1105 1050 1365 1104 magnam
1397 1034 1539 1087 iram
1570 1034 1670 1088 Dei
1696 1034 1777 1087 in-
1852 1036 2309 1105 rente.quoniam
2324 1037 2491 1091 deum
2514 1055 2573 1092 se
2593 1040 2768 1093 voluit
2784 1043 3173 1113 appellari.Ad
3192 1048 3454 1105 ultimum

201 1130 490 1181 currerent.
526 1125 635 1179 Sed
674 1140 825 1177 nunc
856 1122 1081 1193 (inquit)
1112 1123 1323 1176 irascar
1341 1123 1426 1176 ira
1456 1139 1661 1193 magna
1689 1140 1778 1176 su-
1860 1123 2098 1177 Romani
2148 1128 2306 1178 tanta
2347 1142 2442 1179 eos
2488 1127 2643 1181 clade
2683 1135 3051 1196 vastaverant,
3085 1142 3148 1188 ut
3175 1153 3316 1206 pene
3358 1156 3459 1209 per

199 1233 285 1287 per
306 1221 504 1285 gentes
530 1213 845 1283 opulentas.
871 1228 994 1283 quae
1022 1212 1079 1265 in
1109 1212 1277 1282 longa
1306 1228 1440 1282 pace
1459 1212 1771 1282 quiescunt,
1856 1211 2108 1281 singulos
2131 1213 2276 1266 viros
2298 1231 2393 1267 eos
2421 1215 2828 1285 disperderent,
2844 1219 2984 1273 adeo
2998 1228 3061 1276 ut
3079 1240 3244 1278 nemo
3260 1242 3455 1282 eorum

200 1311 246 1358 et
268 1303 420 1357 bonis
449 1303 698 1356 afﬂuunt
715 1300 1150 1371 omnibus,quas
1178 1312 1349 1370 supra
1376 1301 1506 1371 equi
1534 1302 1660 1363 rufi,
1686 1317 1777 1354 va—
1856 1300 2067 1354 levaret
2094 1307 2280 1372 caput,
2313 1303 2467 1371 gravi
2502 1307 2776 1359 malorum
2803 1310 3046 1389 pondere
3068 1329 3318 1382 pressus.

200 1394 275 1453 rii,
300 1400 351 1445 et
384 1391 498 1444 albi
524 1389 913 1461 designabant.
947 1390 1187 1444 Causam
1231 1388 1453 1460 quoque
1478 1395 1650 1443 tantae
1680 1389 1775 1443 irae

197 1480 425 1552 exponit,
468 1480 661 1533 dicens
686 1499 700 1533 :
723 1498 750 1531 ι
783 1479 928 1542 Quia
955 1495 1057 1549 ego
1087 1478 1264 1532 iratus
1293 1495 1416 1533 sum
1451 1494 1669 1548 parum,
1697 1478 1778 1531 illi

1932 1407 1959 1438 ι
2003 1389 2070 1441 Et
2098 1390 2345 1443 ostendit
2388 1391 2526 1444 mihi
2570 1393 2841 1447 Dominus
2880 1404 3122 1466 quatuor
3167 1401 3371 1467 fabros,
3403 1411 3460 1459 et

1860 1475 2003 1529 dixi:
2028 1476 2170 1539 Quid
2210 1477 2302 1530 isti
2327 1478 2556 1532 veniunt
2578 1480 2798 1535 facere?
2823 1484 2931 1547 Qui
2955 1484 3037 1539 ait
3064 1486 3254 1542 dicens
3284 1511 3295 1541 :
3334 1492 3461 1546 llaec

196 1587 310 1625 vero
329 1569 672 1637 adjuverunt
692 1569 746 1621 in
770 1568 999 1620 malum.
1036 1586 1062 1619 )›
1088 1568 1234 1620 Deus
1258 1567 1406 1620 enim
1430 1567 1664 1621 tradidit
1680 1568 1780 1620 Ju-
1861 1568 1995 1617 sunt
2019 1580 2228 1617 cornua
2270 1582 2393 1635 quae
2409 1568 2819 1623 ventilaverunt
2846 1571 3047 1626 Judam
3082 1592 3181 1645 per
3209 1579 3461 1649 singulos

195 1660 325 1713 dzeos
340 1657 611 1728 gentibus
631 1657 701 1710 ad
733 1656 1166 1726 corripiendum,
1191 1656 1351 1725 quasi
1382 1656 1557 1709 filium
1593 1656 1781 1725 paeda-
1803 1726 1831 1729 λ
1861 1653 2028 1710 viros.
2056 1657 2113 1705 et
2135 1670 2301 1706 nemo
2332 1671 2526 1708 eorum
2559 1657 2758 1711 levavit
2800 1667 2970 1729 caput
2995 1678 3179 1727 suum,
3213 1672 3271 1720 et
3295 1684 3464 1722 vene-

193 1764 338 1819 gogo,
369 1747 455 1799 illi
496 1747 707 1799 nullam
756 1745 837 1799 eis
888 1744 1139 1798 fecerunt
1182 1744 1645 1810 misericordiam,
1682 1744 1781 1798 sed
1802 1726 2000 1793 Brunt
2034 1741 2123 1793 isti
2151 1741 2405 1796 deterere
2436 1760 2518 1806 ea,
2553 1750 2617 1797 ut
2644 1745 2909 1815 dejiciant
2951 1766 3159 1807 cornua
3181 1756 3461 1823 gentium,

197 1837 332 1890 omni
354 1836 416 1889 in
445 1851 547 1889 eos
575 1834 906 1888 crudelitate
937 1833 1255 1887 saevierunt.

260 1981 279 2010 ε
311 1960 620 2030 PrOpterea
651 1958 767 2012 haec
787 1957 1205 2011 dicitDominus
1228 1958 1525 2011 :Revertar
1545 1958 1612 2010 ad
1648 1958 1780 2011 Hie-

198 2050 420 2102 rusalem
455 2048 516 2101 in
549 2047 963 2108 misericordiis,
982 2052 1037 2100 et
1055 2047 1255 2100 domus
1278 2064 1401 2100 mea
1420 2047 1784 2100 aadificabitur

198 2138 246 2190 in
269 2154 345 2195 ea,
372 2137 459 2190 ait
492 2136 763 2190 Dominus
799 2136 1160 2189 exercituum.
1198 2156 1222 2187 »
1254 2135 1368 2189 Sub
1399 2135 1698 2189 Zorobabel
1728 2141 1785 2190 et

197 2225 336 2280 Jesu.
367 2244 391 2277 (ι
430 2226 505 2279 Et
534 2224 1018 2296 perpendiculum,
1058 2245 1077 2274 ι
1110 2224 1162 2277 id
1192 2230 1278 2277 est
1316 2224 1464 2278 linea
1494 2230 1787 2278 caementa-

198 2314 413 2377 riorum,
443 2334 466 2364 ι
499 2314 832 2368 extendetur
854 2330 1023 2383 super
1053 2314 1422 2367 Hierusalem.
1459 2332 1484 2365 ι)
1510 2314 1786 2384 Spiritua-

199 2403 313 2456 liter
328 2403 687 2457 Hierusalem
722 2409 809 2456 est
840 2402 1099 2456 Ecclesia.
1124 2419 1320 2472 pacem
1350 2408 1407 2455 et
1434 2403 1783 2456 concordiam

197 2492 406 2559 ﬁdens;
444 2492 573 2562 ipsa
621 2498 706 2545 est
753 2497 810 2545 et
861 2491 1011 2549 Sion.
1043 2491 1187 2561 quod
1217 2492 1275 2544 in
1305 2492 1586 2562 speculam
1619 2492 1787 2545 verti-

199 2590 298 2643 tur,
318 2598 419 2634 nec
468 2580 709 2634 humilia
755 2580 837 2633 vel
880 2586 1122 2643 terrena,
1150 2579 1247 2633 sed
1273 2581 1520 2633 coelestia
1538 2587 1789 2633 contem-

198 2671 364 2738 plans.
419 2670 563 2733 Quae
612 2669 658 2722 si
718 2669 1046 2739 peccaverit,
1095 2669 1179 2721 vel
1221 2669 1268 2721 si
1317 2686 1384 2722 ea
1415 2664 1659 2722 c'haritas
1708 2685 1790 2722 re-

193 2758 607 2824 frixerit,tradit
636 2775 757 2811 eam
792 2758 1065 2811 Dominus
1096 2757 1546 2828 persecutoribus
1567 2758 1633 2811 ad
1660 2774 1790 2828 pur-

191 2850 448 2917 gandum,
487 2848 638 2901 velut
664 2863 863 2901 aurum
897 2853 995 2900 aut
1025 2856 1320 2916 argentum
1353 2846 1411 2899 in
1440 2846 1785 2900 conflatorio.

193 2937 509 2991 Adversarii
541 2952 690 3001 vero,
721 2934 921 3005 quibus
950 2934 1017 2988 ad
1054 2934 1404 3006 probandum
1446 2935 1654 2987 tradita
1681 2940 1784 2999 est,

192 3026 396 3080 addunt
423 3027 490 3079 in
520 3025 754 3085 malum,
789 3024 920 3094 quia
946 3040 1044 3094 pro
1076 3024 1373 3094 disciplina
1395 3029 1631 3077 utuntur
1659 3041 1789 3077 cru-

191 3114 429 3169 delitate.
465 3114 634 3169 Unde
659 3113 771 3166 illis
804 3115 943 3165 iram
996 3114 1263 3172 minatur,
1299 3112 1554 3167 Ecclesiae
1598 3120 1786 3167 autem

194 3218 297 3256 suze
315 3220 511 3272 pacem
529 3209 590 3255 et
610 3199 1050 3253 misericordiam
1076 3199 1433 3271 repromittit.
1459 3206 1515 3253 et
1561 3216 1793 3271 perpen-

194 3290 429 3345 diculum
446 3290 570 3345 sive
599 3282 909 3343 funiculum
938 3288 1072 3343 dicit
1097 3289 1506 3341 extendendum
1540 3288 1595 3342 in
1627 3306 1711 3351 ea,
1737 3289 1793 3343 id

196 3387 271 3432 est
302 3396 605 3434 mensuras
635 3385 693 3432 et
722 3378 945 3431 ordines
966 3378 1315 3447 singulorum
1349 3377 1443 3447 qui
1466 3383 1595 3430 sunt
1618 3377 1675 3430 in
1700 3378 1792 3430 Ec-

193 3468 369 3533 clesia,
404 3469 532 3522 suis
554 3467 692 3521 locis
731 3472 786 3520 et
806 3466 1153 3537 temporibus
1186 3483 1284 3537 pro
1314 3464 1639 3519 meritorum
1663 3483 1796 3536 qua-

192 3557 435 3611 litatibus
464 3555 779 3611 distribuit.

258 3702 279 3731 α
324 3683 530 3737 Adhuc
556 3683 741 3735 clama
770 3681 991 3734 dicens:
1018 3681 1147 3734 Haec
1175 3679 1312 3733 dicit
1340 3680 1609 3734 Dominus
1641 3696 1798 3733 exer-

194 3772 415 3825 cituum.
445 3772 653 3825 Adhuc
681 3771 916 3823 afﬂuent
938 3769 1190 3822 civitates
1221 3785 1357 3822 meae
1389 3770 1565 3832 bonis,
1591 3775 1648 3822 et
1669 3785 1796 3822 con-

193 3860 469 3914 solabitur
499 3859 691 3913 adhuc
721 3858 994 3911 Dominus
1014 3857 1168 3920 Sion,
1193 3864 1247 3910 et
1278 3857 1447 3926 eliget
1470 3858 1653 3910 adhuc
1668 3858 1798 3911 Hie-

196 3950 455 4002 rusalem.
492 3968 521 4000 3
563 3947 804 4001 Jubetur
850 3947 1120 4017 propheta
1150 3946 1394 3999 clamare
1422 3962 1533 3999 non
1557 3946 1797 4016 strepitu

200 4037 353 4103 vocis,
376 4037 482 4091 sed
507 4035 827 4089 intentione
850 4034 1071 4091 mentis.
1103 4034 1389 4099 Civitates,
1415 4034 1619 4104 inquit,
1639 4051 1796 4101 meae,

202 4141 330 4194 quas
357 4142 517 4180 nunc
546 4124 747 4178 videtis
778 4124 906 4193 igne
936 4124 1326 4178 Chaldaeorum
1348 4130 1592 4189 exustas,
1618 4124 1801 4177 adhuc

200 4213 575 4270 abundabunt
601 4211 862 4267 omnibus
905 4212 1082 4278 bonis,
1129 4218 1193 4266 ut
1232 4213 1491 4282 praesenti
1538 4212 1803 4267 felicitate

1864 1844 1985 1898 quae
2014 1830 2336 1884 levaverunt
2364 1849 2536 1885 cornu
2558 1850 2728 1903 super
2760 1842 2966 1891 terram
2987 1840 3465 1915 .luda,utdisper-

1860 1924 2061 1987 gerent
2080 1935 2226 1972 eam.
2253 1938 2280 1971 io
2302 1921 2447 1984 Quid
2470 1922 2583 1975 sint
2602 1922 2766 1987 fabri,
2790 1930 2846 1977 et
2863 1927 2994 1996 quid
3015 1929 3241 1984 veniant
3260 1932 3457 2001 facere,

1866 2006 1982 2075 ipse
2011 2007 2284 2062 Dominus
2316 2012 2560 2079 exponit,
2596 2029 2735 2082 quos
2762 2030 2871 2066 non
2912 2014 3027 2085 ipse
3069 2020 3341 2089 prepheta
3384 2023 3465 2075 vi-

1865 2094 1966 2148 dit.
1994 2096 2089 2149 sed
2119 2096 2169 2149 ei
2201 2098 2473 2151 Dominus
2492 2101 2758 2168 ostendit,
2779 2102 2879 2156 hos
2893 2102 3464 2179 fabrosintelligimus

1867 2184 2094 2252 angelos
2121 2184 2446 2240 obedientes
2477 2196 2749 2259 praecepto
2782 2190 2900 2251 Dei,
2936 2199 2992 2246 et
3020 2194 3089 2247 ad
3113 2194 3215 2249 hoc
3233 2198 3463 2252 venien-

1866 2276 1972 2332 tes,
2001 2278 2065 2326 ut
2093 2274 2240 2343 quod
2271 2281 2469 2345 gentes
2513 2275 2923 2337 destruxerant.
2964 2280 3058 2335 isti
3101 2284 3463 2340 aedificarent.

1867 2361 2065 2431 Angeli
2094 2379 2222 2415 vero
2249 2371 2525 2418 venerunt
2552 2367 2807 2420 deterere
2836 2384 2921 2431 ea,
2955 2368 3010 2422 id
3043 2377 3129 2425 est
3155 2372 3468 2429 obtundere

1870 2466 2079 2504 cornua
2107 2458 2164 2505 et
2181 2451 2464 2514 hebetare,
2483 2471 2555 2507 ne
2575 2455 2791 2524 possint
2817 2458 3059 2527 amplius
3088 2461 3356 2517 ventilare
3375 2464 3470 2519 Ju-

1870 2539 2019 2592 dam.
2055 2539 2295 2603 Quidam
2336 2542 2553 2596 codices
2596 2543 2822 2611 habent,
2857 2567 2877 2595 ι
2913 2547 3198 2604 deterrere
3226 2568 3311 2612 ea,
3351 2570 3376 2604 λ)
3410 2552 3468 2606 id

1872 2634 1957 2680 est
1984 2627 2041 2680 in
2069 2645 2329 2698 pavorem
2360 2630 2583 2684 mittere
2601 2648 2833 2693 cornua,
2859 2640 2938 2696 ut,
2960 2636 3212 2707 deposita
3234 2641 3470 2695 crudeli-

1871 2721 2008 2779 tate,
2033 2717 2256 2770 Christo
2285 2719 2425 2771 colla
2451 2719 2803 2775 submittant.
2822 2722 2894 2776 Et
2926 2725 3029 2777 hoc
3060 2728 3467 2784 attendendum

1871 2805 2019 2874 quod
2059 2804 2423 2875 singulariter
2448 2807 2584 2861 dicit
2615 2828 2637 2858 α
2675 2809 3025 2865 Levaverunt
3050 2830 3244 2881 cornu,
3279 2836 3307 2868 »
3336 2834 3467 2872 cum

1871 2900 2114 2963 quatuor
2143 2894 2342 2948 dixerit
2366 2911 2596 2959 cornua,
2613 2898 2744 2967 quia
2767 2899 2897 2953 licet
2916 2918 3076 2970 reges
3103 2912 3346 2973 quatuor
3372 2923 3468 2961 re—

1867 2998 2107 3051 gnorum
2149 2999 2259 3037 non
2309 2983 2476 3038 simul
2524 2988 2899 3056 regnaverint,
2952 2990 3048 3044 sed
3092 2991 3196 3046 sibi
3226 2994 3470 3049 vicissim

1808 3075 1852 3136 (3
1871 3072 2259 3135 successerint,
2286 3089 2462 3127 unum
2485 3081 2675 3129 tamen
2703 3093 2878 3131 cornu
2922 3078 3247 3136 levaverunt
3274 3090 3471 3139 contra

1874 3160 2143 3229 populum
2173 3160 2294 3213 Dei.
2327 3150 2474 3215 Sane
2503 3164 2650 3233 quod
2696 3180 2869 3235 supra
2899 3166 3039 3221 dixit
3070 3170 3360 3240 propheta,
3390 3172 3473 3226 le-

1875 3265 2034 3302 vasse
2063 3265 2122 3303 se
2153 3250 2344 3303 oculos
2364 3257 2428 3304 ut
2444 3251 2654 3306 videret
2676 3269 2799 3323 quae
2820 3255 2867 3307 ei
2889 3257 3351 3323 ostendebantur,
3384 3261 3473 3315 in-

1877 3337 2028 3391 dicat
2051 3338 2425 3408 spiritualiter
2452 3357 2575 3411 quae
2602 3342 2867 3397 dicuntur
2902 3345 3286 3416 intelligenda,
3313 3351 3476 3420 juxta

1877 3427 2022 3495 quod
2041 3428 2309 3482 Dominus
2330 3430 2386 3482 in
2404 3430 2698 3501 Evangelia
2717 3450 2762 3485 επ
2785 3431 2992 3487 Levate
3003 3436 3193 3491 oculos
3207 3445 3434 3504 vestros,
3449 3460 3471 3491 ι

1877 3520 1935 3568 et
1962 3516 2143 3570 videte
2172 3519 2297 3587 quis
2326 3519 2534 3573 creavit
2576 3520 2707 3574 haec
2747 3522 2974 3576 Cornua
3010 3531 3254 3593 quatuor
3282 3529 3478 3597 nequi-

1877 3602 1969 3657 tia)
1998 3610 2130 3657 sunt
2159 3605 2498 3675 spirituales,
2532 3614 2587 3661 et
2615 3610 2907 3664 contrariae
2945 3610 3320 3668 fortitudines.
3355 3629 3479 3685 qua;
3548 3612 3551 3617 ”

1880 3698 2085 3745 contra
2124 3695 2425 3748 Ecclesiam
2470 3712 2643 3750 cornu
2693 3698 3035 3767 gravissimae
3075 3703 3480 3771 persecutionis

1880 3780 2178 3835 levant..De
2205 3783 2406 3853 quibus
2431 3786 2747 3855 Apostolus,
2771 3808 2792 3836 α
2819 3789 2943 3841 Non
2975 3794 3061 3842 est
3082 3790 3295 3860 (inquit)
3320 3792 3481 3847 nobis

1880 3870 2197 3923 colluctatio
2253 3872 2520 3926 adversus
2575 3890 2799 3928 carnem
2862 3883 2919 3930 et
2974 3879 3325 3947 sanguinem,
3383 3882 3483 3937 sed

1880 3958 2146 4012 adversus
2177 3959 2456 4030 principes
2504 3966 2561 4013 et
2606 3969 2934 4031 potestates,
2975 3965 3244 4021 adversus
3282 3969 3481 4023 mundi

1883 4052 2127 4100 rectores
2156 4047 2514 4101 tenebrarum
2535 4048 2757 4107 harum.
2787 4070 2813 4101 »
2833 4057 2939 4104 etc.
2966 4053 3094 4107 Haec
3113 4070 3322 4109 cornua
3339 4074 3481 4126 qua-

1887 4142 2012 4190 tuor
2039 4137 2141 4191 sub
2172 4136 2477 4191 bestiarum
2510 4138 2831 4193 nominibus
2863 4141 3163 4196 Psalmista
3188 4145 3475 4213 describit,

1886 4226 1963 4279 ita
1990 4233 2241 4280 sanctum
2284 4226 2463 4279 virum
2496 4227 2788 4298 alloquens
2828 4248 2839 4283 :
2875 4249 2900 4281 α
2927 4231 3106 4300 Super
3133 4234 3385 4304 aspidem
3425 4242 3483 4290 et

200 4304 476 4371 Ρπὲῐεΐίῑθ
500 4302 737 4356 miseria
756 4301 1132 4355 οοηεοιθηῐιλνι
1181 4302 1286 4356 δθά
1320 4307 1376 4355 et
1406 4301 1639 4372 mystice
1672 4319 1804 4372 ΡῐὈ·
1822 4351 1868 4409 D
1888 4315 2205 4369 basiliscum
2234 4314 2566 4379 ambulabis,
2586 4322 2641 4370 et
2661 4320 3012 4374 conculcabis
3039 4301 3259 4377 leonem
3287 4330 3343 4378 et
3360 4325 3488 4380 dra-

202 4392 310 4409 _,...
403 4400 414 4409 .
534 4392 579 4409 π
838 4390 971 4409 ιη,
1182 4390 1237 4409 ,κ
1283 4390 1469 4409 “At”-
1508 4389 1795 4409 τιμιηεμ
2187 4404 2246 4409 _-
2289 4404 2302 4409 _
2364 4405 2375 4409 -
2550 4405 2560 4409 _
2686 4407 2698 4409 -
3190 4400 3193 4405 .

200 4392 501 4447 mittuntur
533 4390 796 4472 Ecclesiae
838 4390 981 4444 bona
1025 4390 1141 4448 illa,
1174 4390 1243 4444 de
1274 4390 1478 4460 quibus
1507 4389 1806 4444 Psalmista

199 4480 325 4535 dicit
356 4500 368 4533 :
394 4502 417 4533 ι
456 4480 650 4535 Credo
684 4479 868 4533 videre
916 4478 1064 4533 bona
1092 4478 1315 4535 Domini
1344 4478 1402 4533 in
1442 4484 1595 4533 terra
1623 4479 1806 4533 viven-

200 4569 354 4624 tium.
396 4590 423 4623 »

264 4696 288 4727 α
331 4678 403 4731 Et
443 4676 630 4730 levavi
668 4674 858 4729 oculos
899 4690 1051 4728 meos
1082 4679 1140 4728 et
1168 4673 1297 4739 vidi,
1330 4679 1385 4727 et
1416 4690 1541 4728 ecce
1566 4681 1810 4745 quatuor

201 4781 423 4821 cornua.
452 4767 530 4821 Et
560 4764 675 4819 dixi
705 4765 773 4818 ad
800 4764 1061 4834 angelum
1112 4762 1207 4833 qui
1252 4762 1588 4833 loquebatur
1611 4764 1667 4817 in
1696 4779 1805 4819 me.

199 4855 331 4919 Quid
364 4862 507 4910 sunt
538 4854 703 4908 haec?
735 4853 802 4907 Et
835 4851 977 4905 dixit
1006 4852 1076 4905 ad
1113 4868 1220 4905 me.
1259 4852 1388 4905 Haec
1423 4857 1557 4905 sunt
1600 4868 1810 4906 cornua

201 4959 317 5013 qua:
338 4943 769 4997 ventilaverunt
795 4939 821 4993 J
831 4940 996 4993 udam
1020 4944 1079 4992 et
1097 4939 1269 4993 Israel
1298 4945 1357 4993 et
1385 4939 1757 4993 Hierusalem.
1777 4959 1806 4993 η

200 5036 446 5096 Quatuor
476 5045 718 5093 cornua,
754 5044 877 5098 quae
904 5028 1312 5081 ventilaverunt
1340 5028 1368 5081 J
1376 5028 1543 5081 udam
1567 5029 1806 5083 etlsrael

203 5126 255 5173 et
278 5120 670 5181 Hierusalem,
716 5124 960 5187 quatuor
998 5122 1195 5186 gentes
1233 5133 1355 5170 esse
1383 5116 1504 5187 ipse
1535 5117 1806 5171 Dominus

203 5211 442 5280 exponit,
470 5209 677 5263 dicens
719 5224 730 5259 :
770 5224 796 5257 α
833 5206 959 5259 Haec
990 5212 1120 5259 sunt
1146 5221 1376 5268 cornua,
1412 5225 1437 5257 ››
1470 5211 1558 5259 etc
1611 5206 1808 5261 Daniel

207 5313 421 5368 quoque
452 5296 567 5350 sub
601 5296 783 5364 ﬁgura
830 5295 1018 5348 leaena:
1051 5300 1106 5347 et
1135 5294 1313 5364 pardi,
1338 5295 1454 5349 ursi
1483 5301 1540 5349 et
1575 5295 1810 5350 alterius

1890 4420 2084 4458 conem
2128 4422 2156 4456 ι
2186 4404 2449 4458 Diabolus
2472 4405 2621 4459 enim
2669 4407 2801 4461 dum
2842 4416 3040 4464 contra
3069 4400 3274 4467 electos
3304 4415 3480 4483 seevit,

1889 4495 2040 4564 aspis
2068 4499 2171 4555 est,
2196 4492 2462 4564 quoniam
2493 4495 2706 4550 occulte
2726 4499 2968 4568 percutit
2990 4517 3001 4551 :
3022 4499 3487 4574 basiliscus.quo-

1888 4582 2038 4636 niam
2079 4582 2380 4652 aliquando
2426 4590 2621 4654 aperta
2667 4602 2880 4640 venena
2910 4588 3126 4643 invidiae
3163 4590 3427 4645 diffundit
3466 4609 3482 4648 :

1890 4673 1995 4735 leo,
2026 4672 2288 4742 quoniam
2320 4672 2677 4745 persequitur
2714 4675 3038 4731 innocentes
3074 4695 3086 4730 :
3120 4680 3306 4746 draco,
3341 4698 3484 4751 quo-

1890 4762 2039 4815 niam
2066 4775 2208 4830 quos
2236 4767 2420 4832 potest
2441 4762 2615 4833 impia
2631 4764 2932 4818 voracitate
2953 4765 3211 4834 deglutit.
3247 4769 3485 4824 Possunt

1890 4866 1992 4921 per
2020 4855 2517 4920 quatuor-cornua,
2553 4857 2794 4921 quatuor
2820 4853 2995 4905 animi
3032 4856 3487 4925 perturbationes

1891 4938 2148 5009 intelligi.
2184 4940 2307 4993 duae
2337 4939 2407 4992 ab
2437 4930 2680 5008 opinatis
2705 4938 2886 5005 bonis,
2911 4947 2968 4995 et
2996 4942 3120 4998 duae
3148 4944 3218 5000 ab
3246 4948 3489 5018 opinatis

1887 5027 2351 5097 malis.gaudium
2378 5027 2587 5080 scilicet
2617 5034 2671 5081 et
2691 5044 2838 5098 spes,
2860 5035 3044 5085 metus
3066 5036 3124 5087 et
3145 5033 3323 5089 dolor.
3348 5038 3492 5092 Con-

1888 5121 1975 5171 tra
2007 5133 2147 5187 quas
2190 5116 2476 5187 passiones
2505 5122 2636 5170 sunt
2667 5124 2909 5187 quatuor
2935 5120 3170 5177 virtutes
3202 5123 3329 5179 boni
3357 5127 3491 5181 arti-

1891 5206 2043 5268 ﬁces,
2077 5205 2393 5276 prudentia,
2416 5204 2661 5273 justitia,
2695 5206 2982 5271 fortitudo,
3004 5214 3396 5283 temperantia.
3420 5215 3492 5270 Hi

1891 5294 2034 5347 fabri
2091 5293 2222 5347 boni
2276 5293 2637 5359 reazdificant,
2681 5296 2954 5368 quidquid
2994 5299 3090 5355 illa
3132 5318 3346 5358 cornua
3398 5304 3492 5359 de-

207 5384 389 5440 bestiae
439 5400 624 5456 quam
655 5381 986 5436 nominatim
1035 5398 1147 5435 non
1191 5383 1470 5453 exprimit,
1518 5384 1813 5439 manifeste
1895 5389 2137 5437 struunt.
2174 5382 2283 5436 Sed
2309 5388 2366 5435 et
2399 5383 2602 5452 sancti,
2648 5385 2743 5454 qui
2784 5386 2885 5440 has
2928 5387 3161 5445 virtutes
3183 5392 3491 5463 possident,

211 5481 443 5542 quatuor
469 5486 657 5542 regna
681 5470 965 5534 describit,
998 5470 1053 5524 id
1085 5480 1172 5525 est
1204 5472 1661 5542 Babyloniorum,
1695 5474 1812 5527 Me-

1894 5470 2037 5525 fabri
2066 5470 2391 5540 spirituales
2438 5478 2586 5527 sunt.
2621 5476 2923 5545 Apostolus
2964 5478 3119 5535 enim
3151 5480 3219 5534 de
3248 5498 3309 5536 se
3336 5481 3489 5547 dicit,

172 5562 179 5567 ’
211 5562 844 5631 dorum,acPersarum,
864 5575 1293 5630 quorumunum
1310 5560 1418 5616 fuit
1435 5577 1673 5632 regnum
1691 5562 1813 5617 Ma-
1898 5579 1925 5611 «
1970 5559 2045 5613 Ut
2071 5559 2295 5632 sapiens
2333 5561 2672 5620 architectus
2698 5562 3129 5622 fundamentum
3157 5570 3338 5638 posui,
3376 5588 3399 5621 ι
3432 5576 3493 5625 et
