3926 6164
183 300 267 358 ἳῖο

1019 296 1440 351 ENARRA'I'IO
1478 295 1559 350 IN
1596 293 2018 350 ZACHARlAM
2055 293 2518 350 PROPHETAM.

3306 293 3415 350 230

182 438 381 497 quorum
402 422 676 477 Dominus
704 423 763 476 in
793 424 978 478 medio
1024 426 1145 494 ejus
1182 423 1419 487 habitet,
1462 430 1519 477 et
1550 425 1809 482 multaeA
1904 441 1932 473 α
1954 423 2022 476 Et
2050 422 2207 485 dixit,
2238 439 2264 475 ιδ
2297 422 2566 476 subaudis
2595 421 2861 492 angelus:
2901 441 2922 471 ι
2958 421 3157 476 Ponite
3184 420 3420 477 cidarim

180 519 345 584 gentes
371 511 424 564 in
454 528 583 564 eum
610 512 1101 582 crediturae,juxta
1133 512 1282 582 quod
1313 511 1611 565 relicturus
1626 527 1745 564 cor-

180 602 416 672 poraliter
444 600 748 669 apostolos.
770 600 939 653 dixit:
969 621 993 651 α
1028 601 1166 654 Ecce
1192 617 1294 671 ego
1310 599 1590 653 vobiscum
1616 616 1739 653 sum

183 688 405 743 omnibus
422 688 621 741 diebus
634 705 811 758 usque
826 690 893 742 ad
919 690 1458 743 consummationem
1484 688 1689 743 saeculi.
1718 707 1740 737 ι

180 776 447 830 Pollicetur
467 792 691 846 quoque
713 777 859 846 quod
888 777 1011 846 ipse
1030 777 1309 846 possideat
1339 777 1562 841 Judam,
1586 777 1641 829 id
1661 781 1749 829 est

184 866 417 936 populum
451 881 511 919 se
539 866 919 927 confitentem,
954 872 1009 918 et
1038 865 1159 935 ipse
1190 883 1318 936 pars
1362 866 1482 934 ejus
1512 865 1568 919 in
1597 871 1749 918 terra

181 956 516 1019 sanctiﬁcata,
550 954 656 1007 hoc
703 960 786 1007 est
837 954 896 1006 in
955 953 1225 1016 Ecclesia,
1255 959 1312 1008 et
1359 954 1529 1023 eligat
1565 953 1747 1007 adhuc

177 1044 517 1112 Hierusalem,
550 1058 688 1113 quos
713 1041 1008 1096 videbatur
1036 1043 1091 1096 in
1126 1043 1613 1113 persecutionibus
1640 1042 1741 1095 ab-

175 1131 365 1200 jecisse.

237 1237 259 1270 «
289 1219 455 1272 Sileat
485 1218 666 1272 omnis
693 1234 824 1272 caro
853 1234 885 1271 a
915 1217 1055 1272 facie
1083 1216 1327 1281 Domini,
1361 1216 1494 1286 quia
1523 1232 1750 1270 consur-

177 1307 302 1360 rexit
318 1306 382 1360 de
403 1305 727 1359 habitaculo
746 1313 938 1359 sancto
961 1322 1080 1359 suo.
1107 1325 1131 1355 η
1157 1306 1303 1374 Ergo
1327 1304 1458 1375 quia
1480 1305 1750 1359 Dominus

174 1409 513 1464 possessums
544 1400 630 1447 est
670 1395 871 1448 Judam
920 1400 1138 1465 partem
1170 1410 1349 1457 suam,
1384 1400 1439 1447 et
1469 1394 1750 1447 electurus

175 1481 524 1541 Hierusalem,
561 1483 744 1535 omnis
773 1498 919 1545 caro,
954 1482 1009 1535 id
1041 1489 1126 1535 est
1150 1497 1314 1534 omne
1340 1497 1519 1551 genus
1548 1481 1749 1534 huma-

174 1584 288 1624 num
316 1571 503 1630 silent,
537 1571 823 1638 formidet,
856 1576 913 1624 et
933 1586 1046 1641 prae
1097 1586 1300 1641 pavore
1330 1570 1600 1622 adventus
1628 1571 1751 1639 ejus

173 1660 505 1725 conticescat,
538 1658 803 1729 quoniam
844 1663 1192 1713 consurrexit
1220 1660 1287 1711 ad
1316 1658 1643 1719 .vindictam,
1684 1663 1749 1711 ut

1827 510 1939 563 sive
1962 511 2187 564 mitra‘m
2212 511 2478 564 mundam
2503 526 2672 581 super
2698 518 2867 581 caput
2885 510 3103 580 ejus.Et
3117 516 3427 581 posuerunt.

1827 599 2059 652 cidarim
2079 599 2343 652 mundam
2368 615 2539 669 snper
2558 605 2729 668 caput
2743 599 2881 667 ejus.
2911 598 3283 653 etinduerunt
3296 612 3424 652 eum

1827 686 2090 740 vestibus.
2124 711 2139 733 ι
2170 688 2278 741 Per
2292 687 2545 749 Cidarim,
2568 687 2623 740 id
2651 693 2736 741 est
2764 687 2969 758 pileum
2998 677 3422 752 sacerdotalem,

1828 775 2076 845 dignitas
2105 776 2445 846 intelligitur
2471 776 2790 843 sacerdotii,
2832 781 2913 839 ut,
2947 774 3150 830 ablatis
3170 774 3429 831 sordibus

1828 870 2203 934 peccatorum,
2227 865 2500 917 mundum
2522 862 2753 918 haberet
2780 864 3174 917 sacerdotium.
3195 864 3429 935 Mystice

1830 954 1991 1007 Jesus
2029 952 2289 1005 sacerdos
2321 967 2559 1022 magnus
2576 952 2669 1005 ille
2700 958 2802 1017 est,
2832 953 2922 1006 cui
2950 952 3183 1006 dicitur:
3215 972 3242 1002 αι
3261 952 3345 1006 Tu
3368 970 3427 1007 es

1828 1040 2088 1095 sacerdos
2138 1041 2193 1093 in
2247 1032 2539 1093 aeternum.
2578 1058 2603 1092 ii
2637 1040 2815 1103 Quem
2865 1041 3139 1095 Dominus
3181 1041 3429 1095 ostendit

1829 1129 2132 1200 prophetas,
2157 1129 2420 1198 quoniam
2456 1144 2558 1203 per
2573 1145 2632 1182 se
2652 1129 2826 1183 videri
2848 1146 2957 1184 non
2989 1135 3191 1201 potest.
3230 1130 3432 1191 Stabat

1831 1233 2017 1270 coram
2040 1218 2239 1286 angelo
2260 1216 2505 1276 Domini,
2535 1218 2640 1270 hoc
2662 1208 2763 1270 est'
2785 1218 2903 1288 ipse
2937 1219 3036 1271 Dei
3052 1224 3109 1272 et
3136 1218 3428 1272 hominum

1834 1304 2127 1369 mediator,
2158 1306 2308 1358 Deus
2339 1309 2396 1358 et
2415 1305 2581 1358 homo
2608 1306 2884 1361 Christus.
2919 1306 3045 1376 Ipse
3100 1313 3248 1361 astat
3298 1313 3430 1361 ante

1834 1394 2117 1464 angelum,
2150 1400 2206 1446 et
2232 1393 2351 1463 ipse
2383 1392 2569 1446 stabat
2600 1399 2730 1447 ante
2761 1394 2917 1447 se.ln
2949 1394 3171 1447 Christo
3201 1395 3432 1449 diversae

1834 1489 1967 1535 sunt
1995 1481 2323 1535 substantiae
2353 1481 2453 1535 Dei
2515 1487 2572 1535 et
2621 1481 2866 1535 hominis
2918 1480 2976 1534 in
3022 1497 3133 1535 una
3173 1498 3429 1552 persona.

1834 1570 2072 1624 Indutus
2128 1576 2253 1623 erat
2307 1570 2553 1623 vestibus
2601 1570 2859 1636 sordidis,
2902 1571 3167 1640 quoniam
3212 1577 3438 1642 peccata

1832 1666 2022 1711 nostra
2046 1658 2309 1728 portavit.
2342 1657 2539 1712 Stabat
2564 1658 2804 1712 Satanas
2834 1674 2866 1711 a
2895 1657 3105 1712 dextris
3137 1660 3277 1728 ejus.
3303 1660 3437 1730 quia

175 1747 452 1818 unicuique
486 1765 589 1818 pro
602 1748 720 1835 suis
740 1747 955 1827 meritis
977 1748 1193 1801 reddat.
1219 1748 1570 1819 Consurgere
1600 1746 1748 1800 enim
1777 1747 2023 1827 Bvolens
2052 1752 2301 1799 tentatus
2331 1752 2415 1799 cst
2436 1762 2469 1798 a
2497 1745 2741 1809 diabolo,
2790 1746 2885 1817 qui
2934 1745 3152 1799 volebat
3196 1747 3436 1816 probare

172 1836 354 1891 dicitur
371 1838 544 1902 Deus,
563 1837 787 1907 quando
805 1837 875 1889 ad
891 1836 1193 1889 vindictam
1230 1837 1523 1889 excitatur.
1559 1834 1755 1889 Omnis

171 1930 334 1979 autem
357 1941 511 1987 caro,
528 1926 714 1979 omnis
730 1929 952 1978 tantum
975 1926 1162 1987 homo,
1184 1940 1296 1978 non
1320 1930 1477 1987 muta
1493 1926 1752 1978 animan-

173 2013 237 2066 tia
259 2013 583 2083 accipienda
608 2017 764 2076 sunt,
788 2013 951 2082 juxta
1001 2013 1137 2066 illud
1170 2031 1180 2065 :
1212 2011 1293 2066 Ad
1327 2021 1384 2066 te
1413 2012 1593 2066 omnis
1623 2028 1754 2065 caro

170 2101 345 2165 veniet.
369 2102 427 2155 id
463 2109 553 2155 est
582 2102 765 2155 omnis
795 2101 983 2155 homo.

752 2188 997 2244 CAPUT
1027 2187 1130 2242 III.

232 2277 622 2332 «Etostendit
668 2278 808 2331 mihi
862 2278 1131 2332 Dominus
1181 2277 1377 2333 Jesum
1405 2277 1752 2332 sacerdotem

172 2382 441 2436 magnum,
482 2372 729 2420 stantem
757 2382 943 2420 coram
972 2367 1171 2436 angelo
1224 2366 1554 2429 Domini,et
1581 2366 1754 2421 Satan

174 2453 388 2509 stabata
423 2455 822 2524 dextris-ejus,
854 2460 918 2509 ut
951 2455 1346 2508 adversaretur
1372 2454 1439 2508 ei.
1483 2474 1503 2505 ο
1541 2454 1757 2509 Hebraei

165 2544 306 2611 juxta
332 2544 587 2598 litteram
618 2544 723 2596 hoc
747 2545 868 2596 loco
883 2545 1073 2597 Jesum
1104 2543 1449 2597 sacerdotem
1489 2560 1756 2613 magnum

170 2631 326 2685 filium
345 2632 621 2685 Josedech
653 2632 995 2701 intelligunt.
1021 2632 1105 2685 Ad
1134 2632 1293 2699 cujus
1321 2632 1605 2685 dexteram
1642 2639 1757 2685 sta-

172 2718 252 2774 bat
278 2722 473 2787 Satan,
508 2721 565 2774 id
592 2727 681 2774 est
708 2721 1062 2774 adversarius
1100 2721 1223 2790 ejus
1273 2720 1549 2774 diabolus.
1583 2721 1756 2774 Satan

168 2808 420 2863 Hebraice
440 2810 806 2864 adversarius
822 2810 1045 2863 dicitur.
1070 2809 1268 2864 Stabat
1288 2817 1478 2863 autem
1500 2825 1533 2862 a
1554 2808 1762 2863 dextris

170 2899 280 2967 ejus
301 2899 783 2953 utadversaretur
802 2898 872 2963 ei,
914 2899 969 2951 id
992 2904 1079 2952 est
1106 2904 1170 2951 ut
1193 2906 1484 2953 accusaret
1510 2898 1689 2952 illum.
1717 2900 1762 2952 Λ

172 2986 363 3040 dextris
384 3003 520 3041 vero
550 2987 757 3054 stabat,
792 2988 1057 3057 quoniam
1101 2988 1313 3057 justam
1346 2988 1757 3041 accusationem

172 3074 416 3141 habebat,
451 3093 520 3130 eo
581 3076 730 3146 quod
747 3042 911 3146 'ipse,
934 3077 1080 3130 sicut
1101 3042 1330 3143 'caeteri,
1385 3076 1758 3146 alienigenam
1778 3042 1822 3104 Ο

171 3165 403 3219 duxisset
428 3181 692 3219 uxorem.

232 3271 257 3305 ε
290 3254 356 3307 Et
372 3254 521 3308 dixit
543 3253 820 3307 Dominus
848 3253 917 3306 ad
950 3253 1124 3307 Satan
1158 3271 1169 3306 ε
1204 3255 1464 3326 Increpat
1484 3254 1759 3309 Dominus

171 3340 219 3394 in
239 3348 293 3395 te
322 3344 620 3411 δεηθῆναι
646 3343 899 3412 increpet
948 3342 1216 3396 Dominus
1270 3344 1327 3396 in
1358 3348 1433 3408 te,
1467 3344 1560 3413 qui
1592 3343 1763 3414 elegit

170 3427 535 3483 Hierusalem.
578 3449 600 3479 ι
636 3430 731 3484 Bis
761 3430 897 3484 dicit
919 3430 1209 3495 Dominus,
1240 3436 1303 3483 ut
1332 3432 1554 3484 Patrem
1588 3438 1647 3484 et
1671 3430 1763 3484 Fi-

170 3516 289 3570 lium
318 3519 598 3583 insinuet,
624 3519 765 3572 sicut
785 3518 936 3576 alibi.
960 3537 985 3569 «
1011 3520 1162 3573 Pluit
1183 3520 1499 3573 Dnminusa
1523 3519 1762 3572 Domino

172 3604 340 3672 ignem
373 3612 432 3659 et
460 3606 710 3676 sulphur
732 3623 901 3676 super
930 3606 1250 3660 Sodomam.
1269 3624 1294 3657 ιι
1313 3625 1335 3657 (ι
1355 3606 1622 3676 Nunquid
1651 3623 1764 3659 non

172 3691 264 3747 ista
289 3695 466 3748 torris
521 3700 613 3747 est
662 3702 860 3747 emtas
895 3695 966 3747 de
1018 3695 1164 3763 igne.
1201 3717 1217 3741 ο
1254 3695 1463 3748 Sensus
1492 3701 1596 3757 est,
1636 3710 1763 3747 cum

169 3780 426 3837 Dominus
454 3784 701 3852 elegerit
718 3783 1064 3837 Hierusalem
1087 3782 1382 3836 decunctis
1411 3781 1643 3836 urbibus
1672 3782 1768 3835 Ju-

170 3868 248 3924 da.
273 3886 384 3925 non
417 3871 472 3925 ei
504 3872 753 3940 imputet
775 3876 1003 3941 peccata
1023 3886 1148 3941 quae
1170 3870 1315 3927 fecit.
1339 3887 1441 3923 cur
1471 3876 1532 3923 tu
1573 3872 1762 3924 Jesum

171 3961 371 4014 satiaris
385 3960 716 4019 accusando
728 3960 983 4025 obruere,
1005 3960 1098 4030 qui
1124 3960 1196 4013 de
1226 3959 1562 4030 Babylonica
1591 3961 1766 4030 capti-

168 4045 321 4101 vitate
348 4049 518 4119 quasi
545 4048 722 4103 torris
775 4048 1079 4101 semiustus
1131 4048 1322 4102 evasit.
1354 4048 1545 4101 Torn's
1574 4054 1765 4101 autem

169 4137 489 4191 samustum
508 4143 604 4191 est
632 4135 870 4205 lignum,
889 4151 1056 4206 quem
1090 4136 1254 4206 vulgo
1272 4136 1528 4190 titionem
1549 4136 1761 4190 dicunt.

234 4241 259 4277 ι
280 4224 535 4280 EtJesus
567 4231 695 4278 erat
717 4224 949 4278 indutus
979 4225 1226 4278 vestibus
1263 4225 1522 4289 sordidis,
1556 4230 1613 4279 et
1644 4232 1763 4278 sta-

1838 1839 2027 1887 utrum
2059 1840 2207 1887 esset
2222 1834 2320 1887 Dei
2337 1834 2531 1900 Filius,
2556 1850 2723 1904 quem
2758 1833 2981 1887 videbat
3004 1840 3127 1904 post
3156 1835 3435 1903 jejunium

1838 1923 2070 1976 esurire.
2091 1923 2248 1986 Quod
2270 1939 2397 1976 vero
2414 1923 2668 1993 sequitur
2692 1941 2702 1971 τ
2743 1942 2764 1972 α
2798 1923 3054 1992 Increpat
3079 1922 3349 1976 Dominus
3378 1923 3437 1977 in

1834 2017 1912 2071 te,
1940 2012 2134 2076 Satan,
2165 2031 2185 2062 ι
2222 2011 2396 2065 Filius
2426 2011 2700 2065 Dominus
2725 2010 2857 2064 dicit
2885 2012 2953 2064 de
2968 2010 3209 2065 Domino
3244 2013 3433 2078 Patre,

1835 2115 1945 2153 non
1976 2100 2120 2169 quod
2153 2100 2270 2170 ipse
2301 2114 2411 2153 non
2430 2106 2615 2169 posset
2641 2116 2768 2153 eum
2802 2099 3109 2173 increpare,
3132 2099 3227 2171 qui
3248 2099 3439 2155 omnia

1838 2194 2106 2258 operatur
2132 2188 2276 2242 sicut
2295 2196 2351 2241 et
2382 2189 2570 2255 Pater,
2596 2188 2693 2241 sed
2744 2194 2974 2259 propter
3002 2196 3220 2243 natura:
3250 2189 3440 2242 unita-

1837 2282 1971 2342 tem,
1999 2283 2064 2331 ut
2083 2292 2209 2330 cum
2239 2293 2385 2331 unus
2412 2268 2687 2347 increpat,
2721 2277 3070 2346 intelligatur
3089 2272 3241 2331 aliud
3264 2278 3441 2332 incre-

1839 2381 1994 2435 pare.
2039 2365 2187 2419 Deus
2210 2363 2358 2418 enim
2390 2365 2558 2418 Pater
2587 2370 2644 2418 et
2694 2364 2868 2419 Filius
2897 2366 3043 2420 idem
3068 2376 3201 2420 sunt
3229 2367 3282 2420 in
3316 2366 3445 2421 sub-

1841 2454 2070 2519 stantia,
2103 2460 2160 2508 et
2186 2462 2373 2507 tamen
2401 2454 2544 2507 alter
2572 2460 2659 2507 est
2688 2454 2875 2517 Pater,
2911 2460 2967 2508 et
3003 2456 3148 2509 alter
3178 2455 3353 2523 Filius
3382 2455 3442 2510 in

1842 2559 2099 2613 persona.
2130 2543 2256 2613 Ipse
2286 2543 2455 2612 elegit
2486 2541 2863 2607 Hierusalem,
2892 2543 2946 2597 id
2997 2550 3082 2597 est
3112 2544 3437 2599 Ecclesium.

1840 2631 2031 2685 Turris
2061 2636 2249 2684 autem
2282 2638 2476 2683 erutus
2506 2631 2574 2684 de
2597 2631 2750 2701 igne,
2783 2632 2902 2702 ipse
2943 2633 3200 2687 Christus
3230 2640 3315 2688 est
3344 2646 3443 2704 per

1840 2722 2271 2784 humanitatem,
2299 2718 2392 2793 qui
2423 2720 2480 2773 in
2513 2719 2815 2791 Babylone,
2835 2722 2891 2775 id
2910 2731 2995 2775 est
3017 2722 3073 2774 in
3099 2721 3292 2787 mundi
3315 2736 3444 2775 con-

1843 2810 2064 2863 fusione
2092 2827 2204 2864 non
2234 2815 2322 2864 est
2373 2807 2609 2863 adustus
2656 2810 2885 2863 ﬂamma
2937 2808 3175 2879 alicujus
3205 2810 3441 2881 peccati,

1844 2900 2108 2969 quoniam
2130 2904 2419 2970 peccatum
2447 2914 2560 2951 non
2581 2897 2728 2963 fecit,
2762 2915 2864 2952 nec
2889 2898 3050 2952 dolus
3081 2886 3337 2953 inventus
3355 2907 3443 2953 est

1842 2988 1899 3041 in
1918 3004 2020 3042 ore
2049 2988 2188 3056 ejus,
2207 2988 2355 3041 sicut
2383 2985 2665 3057 quondam
2693 2982 2896 3040 rubras
2918 2987 2974 3040 in
2991 2986 3191 3041 mediis
3220 2987 3444 3058 ignibus

1845 3093 1955 3130 non
1986 3076 2441 3130 comburebatur.
2469 3077 2602 3130 Erat
2622 3083 2809 3130 autem
2831 3077 2990 3130 Jesus
3011 3077 3242 3131 indutus
3272 3079 3441 3131 vesti-

1840 3165 1945 3220 bus
1965 3165 2224 3231 sordidis,
2250 3165 2383 3236 quia
2410 3166 2816 3235 qui‘peccatum
2846 3181 2959 3219 non
2984 3152 3133 3230 fecit:
3150 3181 3251 3241 pro
3281 3164 3443 3220 nobis

1841 3260 2134 3325 peccatum
2150 3254 2330 3308 factus
2348 3260 2453 3318 est,
2475 3254 2533 3307 id
2574 3260 2661 3307 est
2692 3253 3026 3308 sacrificium
3057 3270 3157 3325 pro
3192 3260 3441 3325 peccato,

1844 3349 1901 3397 et
1928 3343 2047 3414 ipse
2078 3342 2439 3396 inﬁrmitates
2451 3348 2671 3396 nostras
2690 3343 2823 3397 tulit
2864 3343 2992 3397 Haec
3013 3343 3241 3397 sordida
3270 3344 3444 3399 vesti-

1847 3434 2037 3485 menta
2061 3431 2251 3485 ablata
2272 3438 2403 3485 sunt
2415 3431 2485 3486 ab
2499 3446 2716 3496 eo,cum
2732 3416 2927 3485 nostra
2948 3437 3176 3502 peccata
3213 3422 3439 3487 delevit.

1848 3520 2057 3573 Idcirco
2088 3522 2236 3574 enim
2270 3521 2509 3574 sordidis
2552 3520 2783 3575 indutus
2824 3528 2910 3575 est
2930 3523 3198 3585 vestibus,
3240 3528 3305 3575 ut
3342 3539 3446 3577 nos

1846 3608 2213 3661 holosericam
2245 3609 2511 3662 mundam
2540 3610 2597 3662 in
2646 3609 2924 3679 baptismo
2953 3610 3348 3680 reciperemus,
3390 3616 3447 3665 et

1847 3695 2069 3750 dicatur
2096 3696 2260 3749 nobis
2302 3698 2419 3765 jam
2483 3694 2800 3750 mundatis:
2839 3698 3003 3752 Omni
3054 3704 3306 3768 tempore
3333 3699 3448 3754 sint

1850 3783 2181 3838 vestimenta
2206 3790 2307 3838 tua
2326 3786 2581 3838 candida.
2611 3786 2828 3839 Cidaris
2863 3787 3073 3840 munda
3092 3800 3261 3867 super
3279 3793 3450 3858 caput

1847 3874 1986 3942 ejus,
2022 3873 2375 3943 splendorem
2416 3873 2675 3943 designat
2696 3874 2894 3928 divinae
2952 3875 3264 3944 majestatis
3302 3877 3445 3945 ejus.

1851 3978 1875 4011 (ι
1906 3962 2090 4031 Caput
2120 3962 2266 4013 enim
2295 3961 2503 4014 Christi
2534 3958 2699 4014 Deus.
2737 3984 2757 4010 ι
2793 3964 2917 4031 Ipse
2947 3963 3093 4016 enin
3128 3965 3293 4027 Deus,
3328 3964 3446 4035 ipse

1848 4061 1935 4103 est
1964 4057 2021 4102 et
2046 4050 2235 4109 homo,
2259 4057 2320 4102 ut
2344 4048 2400 4101 in
2428 4054 2579 4102 veste
2608 4049 2951 4114 humanitas,
2980 4051 3038 4103 in
3061 4050 3445 4107 cidaridivinae

1849 4136 2163 4206 majestatis
2182 4136 2537 4205 intelligatur
2558 4137 2837 4191 claritas:
2874 4138 2943 4192 Et
2971 4139 3204 4209 angelus
3221 4127 3448 4195 Domini

1844 4225 2049 4288 stabat,
2082 4230 2139 4280 et
2167 4223 2590 4279 contestabatur
2608 4227 2841 4296 angelus
2863 4225 3085 4281 Domini
3123 4228 3334 4294 Iesum,
3368 4226 3450 4285 di-

169 4310 255 4365 bat
275 4321 410 4370 ante
440 4315 652 4369 faciem
678 4314 887 4383 angeli.
925 4334 947 4364 ι
980 4314 1279 4384 Triplicem
1309 4312 1381 4366 ob
1407 4328 1633 4367 causam
1651 4328 1978 4412 sor‘Dcens
2010 4333 2021 4367 :
2053 4315 2181 4369 Haec
2226 4313 2363 4368 dicit
2401 4313 2670 4369 Dominus
2698 4315 3045 4369 exercituum
3075 4330 3086 4363 :
3138 4316 3197 4371 Si
3249 4317 3309 4370 in
3346 4317 3450 4372 viis

169 4402 296 4458 didis
323 4403 586 4459 vestibus
604 4404 836 4458 indutus
850 4404 1022 4457 fuisse
1038 4403 1262 4466 dicitur,
1285 4402 1401 4455 sive
1414 4401 1549 4472 quia
1567 4401 1990 4457 alieni-“meis
2010 4403 2401 4466 ambulaveris,
2447 4409 2504 4458 et
2532 4403 2843 4458 custodiam
2878 4420 3063 4459 meam
3095 4404 3447 4471 custodieris,

171 4508 358 4560 genam
386 4509 633 4549 uxorem
659 4492 918 4561 duxerat,
935 4492 1050 4545 sive
1066 4504 1296 4562 propter
1308 4491 1499 4562 populi
1520 4496 1765 4561 peccata,

171 4581 248 4634 cui
274 4582 548 4635 sacerdos
582 4587 842 4652 pmerat.
874 4597 977 4635 seu
1006 4587 1238 4651 prapter
1253 4579 1573 4651 squalorem
1602 4580 1774 4649 capti-

170 4670 362 4724 vitatis.

234 4779 257 4809 ι
291 4761 426 4825 Quae
462 4757 764 4831 respondit
790 4764 849 4813 et
878 4758 959 4815 ait
980 4757 1051 4811 ad
1078 4773 1178 4811 eos
1198 4757 1294 4828 qui
1324 4756 1549 4812 stabant
1576 4772 1769 4811 coram

174 4853 460 4922 seaAngeI
470 4869 545 4906 us
563 4855 698 4903 ante
727 4862 894 4917 quem
915 4846 1102 4900 stabat
1135 4847 1162 4901 J
1169 4862 1317 4911 esus,
1337 4846 1588 4917 praecipit
1605 4851 1772 4900 caete-

176 4937 245 4991 n's
266 4941 487 5011 angelis
519 4956 590 4993 ex
620 4952 864 5009 persona
915 4936 1158 4999 Domini,
1209 4936 1402 4990 dicens
1430 4955 1440 4988 :
1478 4921 1773 4990 (Auferte

171 5030 497 5083 rasamenta
528 5027 757 5082 sordida
784 5025 855 5078 ab
878 5041 965 5079 eo.
997 5042 1024 5076 ι
1047 5024 1302 5096 Cumque
1329 5024 1413 5079 illi
1432 5024 1580 5094 quod
1601 5024 1775 5094 impe-

175 5123 343 5169 ratum
369 5118 588 5184 fuerat,
621 5130 793 5186 opere
820 5114 1213 5184 complessent,
1241 5132 1266 5165 «
1299 5119 1356 5167 et
1381 5113 1617 5183 angelus
1634 5113 1776 5166 dixit

173 5204 234 5257 ad
258 5222 386 5260 eum
417 5225 431 5259 :
462 5208 606 5260 Ecce
636 5203 843 5258 abstuli
874 5220 907 5256 a
933 5210 993 5257 te
1021 5202 1376 5273 iniquitatem
1398 5209 1576 5258 tuam.
1613 5220 1637 5253 ι
1672 5201 1777 5255 Hic

176 5296 409 5348 ostendit
434 5311 573 5365 quae
592 5294 826 5347 fuerunt
848 5293 1185 5346 vestimenta
1206 5291 1450 5355 sordida,
1490 5312 1517 5339 ι
1539 5297 1598 5344 et
1616 5289 1774 5345 indui

174 5385 222 5434 te
247 5383 597 5449 mutatoriis,
626 5402 651 5434 υ
685 5383 741 5436 id
766 5388 854 5436 est
878 5381 1191 5436 Israelitam
1244 5381 1343 5435 tibi
1374 5397 1602 5434 uxorem
1636 5397 1771 5435 con-

173 5469 337 5535 imi.
363 5472 750 5542 Septuaginta
776 5486 880 5541 pro
910 5469 1249 5536 mutatoriis,
1284 5490 1310 5522 ἰ
1334 5471 1621 5541 poderem,
1656 5488 1683 5523 »
1714 5469 1774 5524 id

178 5565 256 5613 ea
266 5559 513 5616 hilarem
525 5560 784 5616 tunicam
810 5559 1243 5614 transtulerunt.

1851 4498 1913 4547 tu
1926 4509 2148 4564 quoque
2162 4491 2442 4563 judicabis
2460 4493 2693 4547 domum
2709 4509 2888 4547 meam
2899 4534 2912 4560 ,
2928 4499 2985 4548 et
3001 4492 3281 4569 custodias
3305 4493 3453 4548 atria

1854 4598 1996 4636 mea.
2025 4600 2052 4634 ν
2073 4582 2241 4636 Juxta
2270 4580 2628 4635 traditionem
2675 4580 3037 4636 Hebraeorum
3080 4581 3151 4635 ad
3178 4582 3448 4647 litteram,

1852 4670 2086 4741 angelus
2097 4673 2231 4724 ante
2244 4685 2410 4740 quem
2432 4668 2619 4723 stabat
2633 4669 2815 4736 Jesus,
2840 4671 2932 4739 qui
2960 4670 3212 4740 loquitur
3234 4670 3304 4723 ad
3320 4684 3452 4723 eum

1853 4764 2152 4831 postquam
2170 4765 2370 4813 exutus
2390 4765 2475 4812 est
2494 4758 2735 4811 sordidis
2749 4756 3013 4823 vestibus,
3040 4762 3096 4811 et
3126 4758 3356 4812 indutus
3368 4762 3455 4812 est

1853 4848 2189 4902 mutatoriis.
2217 4847 2353 4912 Quae
2382 4863 2483 4918 per
2506 4863 2568 4900 se
2588 4846 2725 4899 satis
2751 4851 2947 4916 aperta
2979 4851 3131 4909 sunt,
3161 4862 3263 4901 nec
3284 4852 3454 4918 egent
3557 4890 3561 4899 ε

1855 4937 2221 5007 expositione.
2244 4936 2411 4991 Juxta
2425 4933 2773 5005 spiritualem
2801 4948 2927 4987 vero
2957 4949 3184 5001 sensum
3211 4934 3455 4992 difficilis

1858 5032 1942 5080 est
1970 5024 2384 5097 interpretatio,
2396 5023 2444 5076 si
2465 5022 2570 5076 hoc
2587 5020 2734 5091 quod
2752 5020 2958 5075 dicitur
2976 5023 3046 5077 ad
3065 5021 3103 5077 J
3105 5039 3262 5078 esum
3274 5025 3457 5081 ﬁlium

1858 5113 2151 5174 Josedech,
2198 5134 2220 5163 ι
2245 5113 2303 5167 Si
2332 5112 2390 5166 in
2420 5110 2522 5164 viis
2551 5110 2693 5164 meis
2722 5107 3160 5176 ambulaveritis,
3195 5119 3252 5167 et
3278 5120 3460 5170 custo-

1859 5201 2009 5255 diam
2044 5217 2224 5255 meam
2254 5198 2650 5265 custodieritis,
2689 5221 2710 5248 ιι
2744 5204 2849 5254 etc.
2905 5201 3115 5255 Notum
3154 5209 3239 5257 est
3267 5188 3457 5267 autem

1862 5289 2125 5361 quoniam
2151 5287 2405 5341 Christus
2430 5293 2486 5340 et
2509 5286 2754 5342 Ecclesia
2770 5295 2902 5343 sunt
2914 5298 3081 5361 caput
3105 5298 3161 5345 et
3183 5294 3455 5350 membra.

1858 5380 2003 5448 Ergo
2047 5375 2386 5445 accipiamus
2438 5376 2544 5430 hoc
2574 5393 2638 5430 ex
2685 5384 2845 5447 parte
2881 5375 3459 5446 membrorum,lnam

1858 5466 2004 5537 quod
2020 5464 2101 5517 illi
2123 5464 2350 5530 dicitur,
2377 5464 2778 5536 membrisejus
2798 5467 3226 5539 utiquedicitur.
3260 5466 3457 5539 Itaque

1854 5552 2123 5609 membris
2142 5553 2273 5623 ejus
2294 5554 2671 5625 promittitur,
2698 5553 2848 5626 quod
2876 5554 2925 5610 si
2951 5556 3243 5611 ambulant
3270 5554 3328 5611 in
3353 5544 3456 5609 viis
