  <div class='ocr_page' id='page_1' title='image "/cluster/home/n/w/nwhite01/storage/ocr_20150623/117/hvd.32044054759816/121.png"; bbox 0 0 3970 6150; ppageno 0'>
   <div class='ocr_carea' id='block_1_1' title="bbox 439 260 537 317">
    <p class='ocr_par' dir='ltr' id='par_1_1' title="bbox 439 260 537 317">
     <span class='ocr_line' id='line_1_1' title="bbox 439 260 537 317; baseline -0.02 0"><span class='ocrx_word' id='word_1_1' title='bbox 439 260 537 317; x_wconf 72' lang='grc'>231</span> 
     </span>
    </p>
   </div>
   <div class='ocr_carea' id='block_1_2' title="bbox 869 236 3301 313">
    <p class='ocr_par' dir='ltr' id='par_1_2' title="bbox 869 236 3301 313">
     <span class='ocr_line' id='line_1_2' title="bbox 869 236 3301 313; baseline -0.001 0"><span class='ocrx_word' id='word_1_2' title='bbox 869 256 1246 313; x_wconf 82' lang='lat' dir='ltr'>HAYMONIS</span> <span class='ocrx_word' id='word_1_3' title='bbox 1286 257 1775 312; x_wconf 79' lang='lat' dir='ltr'>HALBERSTAT.</span> <span class='ocrx_word' id='word_1_4' title='bbox 1818 256 2043 309; x_wconf 88' lang='lat' dir='ltr'>EPISC.</span> <span class='ocrx_word' id='word_1_5' title='bbox 2085 256 2244 311; x_wconf 90' lang='lat' dir='ltr'>OPP.</span> <span class='ocrx_word' id='word_1_6' title='bbox 2285 256 2469 311; x_wconf 86' lang='lat' dir='ltr'>PARS</span> <span class='ocrx_word' id='word_1_7' title='bbox 2495 236 2552 309; x_wconf 68' lang='grc' dir='ltr'>ΔΙ.</span> <span class='ocrx_word' id='word_1_8' title='bbox 2596 284 2660 295; x_wconf 89' lang='grc'><strong><em>-</em></strong></span> <span class='ocrx_word' id='word_1_9' title='bbox 2700 254 3075 310; x_wconf 86' lang='lat' dir='ltr'>COMMENT.</span> <span class='ocrx_word' id='word_1_10' title='bbox 3117 256 3301 311; x_wconf 91' lang='lat' dir='ltr'>BIBL.</span> 
     </span>
    </p>
   </div>
   <div class='ocr_carea' id='block_1_3' title="bbox 3606 254 3709 311">
    <p class='ocr_par' dir='ltr' id='par_1_3' title="bbox 3606 254 3709 311">
     <span class='ocr_line' id='line_1_3' title="bbox 3606 254 3709 311; baseline 0.01 -2"><span class='ocrx_word' id='word_1_11' title='bbox 3606 254 3709 311; x_wconf 74' lang='lat'>232</span> 
     </span>
    </p>
   </div>
   <div class='ocr_carea' id='block_1_4' title="bbox 436 378 3712 451">
    <p class='ocr_par' dir='ltr' id='par_1_4' title="bbox 436 378 3712 451">
     <span class='ocr_line' id='line_1_4' title="bbox 436 378 3712 451; baseline -0.001 -16"><span class='ocrx_word' id='word_1_12' title='bbox 436 382 681 447; x_wconf 84' lang='lat' dir='ltr'>Domini,</span> <span class='ocrx_word' id='word_1_13' title='bbox 714 386 770 435; x_wconf 88' lang='lat' dir='ltr'>et</span> <span class='ocrx_word' id='word_1_14' title='bbox 823 380 1150 436; x_wconf 87' lang='lat' dir='ltr'>custodiunt</span> <span class='ocrx_word' id='word_1_15' title='bbox 1196 379 1497 441; x_wconf 89' lang='lat' dir='ltr'>custodias,</span> <span class='ocrx_word' id='word_1_16' title='bbox 1521 379 1578 433; x_wconf 90' lang='lat' dir='ltr'>id</span> <span class='ocrx_word' id='word_1_17' title='bbox 1629 382 1716 432; x_wconf 89' lang='lat' dir='ltr'>est</span> <span class='ocrx_word' id='word_1_18' title='bbox 1761 382 2039 448; x_wconf 72' lang='lat' dir='ltr'>praecepta</span> <span class='ocrx_word' id='word_1_19' title='bbox 2055 382 2104 438; x_wconf 84' lang='grc' dir='ltr'>Α</span> <span class='ocrx_word' id='word_1_20' title='bbox 2123 383 2311 431; x_wconf 91' lang='lat' dir='ltr'>autem</span> <span class='ocrx_word' id='word_1_21' title='bbox 2344 378 2555 431; x_wconf 91' lang='lat' dir='ltr'>electus</span> <span class='ocrx_word' id='word_1_22' title='bbox 2581 383 2639 431; x_wconf 83' lang='lat' dir='ltr'>et</span> <span class='ocrx_word' id='word_1_23' title='bbox 2667 378 3081 433; x_wconf 85' lang='lat' dir='ltr'>honoriﬁcatns.</span> <span class='ocrx_word' id='word_1_24' title='bbox 3108 380 3288 450; x_wconf 84' lang='lat' dir='ltr'>Super</span> <span class='ocrx_word' id='word_1_25' title='bbox 3306 378 3457 435; x_wconf 89' lang='lat' dir='ltr'>hunc</span> <span class='ocrx_word' id='word_1_26' title='bbox 3471 378 3712 451; x_wconf 90' lang='lat' dir='ltr'>lapidem</span> 
     </span>
    </p>
   </div>
   <div class='ocr_carea' id='block_1_5' title="bbox 436 467 2036 541">
    <p class='ocr_par' dir='ltr' id='par_1_5' title="bbox 436 467 2036 541">
     <span class='ocr_line' id='line_1_5' title="bbox 436 467 2036 541; baseline -0.004 -17"><span class='ocrx_word' id='word_1_27' title='bbox 436 470 1086 541; x_wconf 86' lang='lat' dir='ltr'>ejus,judicentdomum</span> <span class='ocrx_word' id='word_1_28' title='bbox 1121 470 1241 537; x_wconf 88' lang='lat' dir='ltr'>ejus</span> <span class='ocrx_word' id='word_1_29' title='bbox 1271 485 1393 538; x_wconf 61' lang='lat' dir='ltr'>quae</span> <span class='ocrx_word' id='word_1_30' title='bbox 1418 474 1505 521; x_wconf 88' lang='lat' dir='ltr'>est</span> <span class='ocrx_word' id='word_1_31' title='bbox 1526 467 1787 529; x_wconf 80' lang='lat' dir='ltr'>Ecclesia,</span> <span class='ocrx_word' id='word_1_32' title='bbox 1820 467 1889 519; x_wconf 92' lang='lat' dir='ltr'>de</span> <span class='ocrx_word' id='word_1_33' title='bbox 1926 483 2036 536; x_wconf 87' lang='lat' dir='ltr'>qua</span> 
     </span>
    </p>
   </div>
   <div class='ocr_carea' id='block_1_6' title="bbox 435 556 2032 630">
    <p class='ocr_par' dir='ltr' id='par_1_6' title="bbox 435 556 2032 630">
     <span class='ocr_line' id='line_1_6' title="bbox 435 556 2032 630; baseline -0.003 -17"><span class='ocrx_word' id='word_1_34' title='bbox 435 558 1029 630; x_wconf 83' lang='lat' dir='ltr'>Apostolus.Christus</span> <span class='ocrx_word' id='word_1_35' title='bbox 1061 563 1247 609; x_wconf 86' lang='lat' dir='ltr'>autem</span> <span class='ocrx_word' id='word_1_36' title='bbox 1277 558 1423 609; x_wconf 80' lang='lat' dir='ltr'>filius</span> <span class='ocrx_word' id='word_1_37' title='bbox 1454 556 1601 608; x_wconf 84' lang='lat' dir='ltr'>sicut</span> <span class='ocrx_word' id='word_1_38' title='bbox 1632 556 1687 609; x_wconf 88' lang='lat' dir='ltr'>in</span> <span class='ocrx_word' id='word_1_39' title='bbox 1718 558 1881 608; x_wconf 89' lang='lat' dir='ltr'>domo</span> <span class='ocrx_word' id='word_1_40' title='bbox 1910 572 2032 617; x_wconf 80' lang='lat' dir='ltr'>sua,</span> 
     </span>
    </p>
   </div>
   <div class='ocr_carea' id='block_1_7' title="bbox 438 644 2031 719">
    <p class='ocr_par' dir='ltr' id='par_1_7' title="bbox 438 644 2031 719">
     <span class='ocr_line' id='line_1_7' title="bbox 438 644 2031 719; baseline -0.001 -22"><span class='ocrx_word' id='word_1_41' title='bbox 438 648 774 719; x_wconf 54' lang='lat' dir='ltr'>quaedomus</span> <span class='ocrx_word' id='word_1_42' title='bbox 790 663 985 700; x_wconf 88' lang='lat' dir='ltr'>sumus</span> <span class='ocrx_word' id='word_1_43' title='bbox 1006 662 1124 697; x_wconf 91' lang='lat' dir='ltr'>nos.</span> <span class='ocrx_word' id='word_1_44' title='bbox 1150 645 1300 698; x_wconf 88' lang='lat' dir='ltr'>Idem</span> <span class='ocrx_word' id='word_1_45' title='bbox 1322 660 1543 714; x_wconf 91' lang='lat' dir='ltr'>quoque</span> <span class='ocrx_word' id='word_1_46' title='bbox 1561 644 1628 696; x_wconf 90' lang='lat' dir='ltr'>ad</span> <span class='ocrx_word' id='word_1_47' title='bbox 1652 644 2031 707; x_wconf 87' lang='lat' dir='ltr'>Timotheum,</span> 
     </span>
    </p>
   </div>
   <div class='ocr_carea' id='block_1_8' title="bbox 437 732 2032 805">
    <p class='ocr_par' dir='ltr' id='par_1_8' title="bbox 437 732 2032 805">
     <span class='ocr_line' id='line_1_8' title="bbox 437 732 2032 805; baseline -0.003 -16"><span class='ocrx_word' id='word_1_48' title='bbox 437 737 512 790; x_wconf 93' lang='lat' dir='ltr'>Ut</span> <span class='ocrx_word' id='word_1_49' title='bbox 542 736 683 790; x_wconf 80' lang='lat' dir='ltr'>scias</span> <span class='ocrx_word' id='word_1_50' title='bbox 714 734 992 805; x_wconf 88' lang='lat' dir='ltr'>quomodo</span> <span class='ocrx_word' id='word_1_51' title='bbox 1017 734 1222 786; x_wconf 85' lang='lat' dir='ltr'>debeas</span> <span class='ocrx_word' id='word_1_52' title='bbox 1252 733 1305 785; x_wconf 94' lang='lat' dir='ltr'>in</span> <span class='ocrx_word' id='word_1_53' title='bbox 1337 733 1502 786; x_wconf 89' lang='lat' dir='ltr'>domo</span> <span class='ocrx_word' id='word_1_54' title='bbox 1544 734 1641 786; x_wconf 85' lang='lat' dir='ltr'>Dei</span> <span class='ocrx_word' id='word_1_55' title='bbox 1696 732 2032 797; x_wconf 81' lang='lat' dir='ltr'>conversari,</span> 
     </span>
    </p>
   </div>
   <div class='ocr_carea' id='block_1_9' title="bbox 439 821 2038 895">
    <p class='ocr_par' dir='ltr' id='par_1_9' title="bbox 439 821 2038 895">
     <span class='ocr_line' id='line_1_9' title="bbox 439 821 2038 895; baseline -0.006 -15"><span class='ocrx_word' id='word_1_56' title='bbox 439 842 562 895; x_wconf 82' lang='lat' dir='ltr'>quae</span> <span class='ocrx_word' id='word_1_57' title='bbox 591 831 676 879; x_wconf 90' lang='lat' dir='ltr'>est</span> <span class='ocrx_word' id='word_1_58' title='bbox 714 823 957 893; x_wconf 78' lang='lat' dir='ltr'>Ecclesia</span> <span class='ocrx_word' id='word_1_59' title='bbox 1014 822 1111 876; x_wconf 90' lang='lat' dir='ltr'>Dei</span> <span class='ocrx_word' id='word_1_60' title='bbox 1164 821 1415 883; x_wconf 83' lang='lat' dir='ltr'>viventis,</span> <span class='ocrx_word' id='word_1_61' title='bbox 1457 822 1718 874; x_wconf 86' lang='lat' dir='ltr'>columna</span> <span class='ocrx_word' id='word_1_62' title='bbox 1759 827 1815 874; x_wconf 91' lang='lat' dir='ltr'>et</span> <span class='ocrx_word' id='word_1_63' title='bbox 1852 821 2038 873; x_wconf 79' lang='lat' dir='ltr'>firma-</span> 
     </span>
    </p>
   </div>
   <div class='ocr_carea' id='block_1_10' title="bbox 437 908 2038 979">
    <p class='ocr_par' dir='ltr' id='par_1_10' title="bbox 437 908 2038 979">
     <span class='ocr_line' id='line_1_10' title="bbox 437 908 2038 979; baseline -0.005 -11"><span class='ocrx_word' id='word_1_64' title='bbox 437 921 687 968; x_wconf 87' lang='lat' dir='ltr'>mentum</span> <span class='ocrx_word' id='word_1_65' title='bbox 714 912 980 965; x_wconf 76' lang='lat' dir='ltr'>veritatis.</span> <span class='ocrx_word' id='word_1_66' title='bbox 1005 911 1229 965; x_wconf 86' lang='lat' dir='ltr'>Judicat</span> <span class='ocrx_word' id='word_1_67' title='bbox 1243 927 1375 979; x_wconf 89' lang='lat' dir='ltr'>ergo</span> <span class='ocrx_word' id='word_1_68' title='bbox 1395 912 1423 964; x_wconf 89' lang='lat' dir='ltr'>J</span> <span class='ocrx_word' id='word_1_69' title='bbox 1429 927 1557 963; x_wconf 85' lang='lat' dir='ltr'>esus</span> <span class='ocrx_word' id='word_1_70' title='bbox 1578 910 1805 963; x_wconf 90' lang='lat' dir='ltr'>domum</span> <span class='ocrx_word' id='word_1_71' title='bbox 1822 908 1917 962; x_wconf 88' lang='lat' dir='ltr'>Dei</span> <span class='ocrx_word' id='word_1_72' title='bbox 1938 925 2038 978; x_wconf 90' lang='lat' dir='ltr'>pro</span> 
     </span>
    </p>
   </div>
   <div class='ocr_carea' id='block_1_11' title="bbox 442 998 2037 1068">
    <p class='ocr_par' dir='ltr' id='par_1_11' title="bbox 442 998 2037 1068">
     <span class='ocr_line' id='line_1_11' title="bbox 442 998 2037 1068; baseline -0.004 -12"><span class='ocrx_word' id='word_1_73' title='bbox 442 1003 658 1056; x_wconf 89' lang='lat' dir='ltr'>meritis</span> <span class='ocrx_word' id='word_1_74' title='bbox 691 1008 746 1055; x_wconf 91' lang='lat' dir='ltr'>et</span> <span class='ocrx_word' id='word_1_75' title='bbox 775 1000 958 1053; x_wconf 89' lang='lat' dir='ltr'>verbis</span> <span class='ocrx_word' id='word_1_76' title='bbox 986 1000 1362 1068; x_wconf 85' lang='lat' dir='ltr'>singulorum,</span> <span class='ocrx_word' id='word_1_77' title='bbox 1391 999 1564 1052; x_wconf 83' lang='lat' dir='ltr'>alium</span> <span class='ocrx_word' id='word_1_78' title='bbox 1582 998 1930 1051; x_wconf 90' lang='lat' dir='ltr'>constituens</span> <span class='ocrx_word' id='word_1_79' title='bbox 1950 1014 2037 1050; x_wconf 87' lang='lat' dir='ltr'>su-</span> 
     </span>
    </p>
   </div>
   <div class='ocr_carea' id='block_1_12' title="bbox 444 1087 2040 1162">
    <p class='ocr_par' dir='ltr' id='par_1_12' title="bbox 444 1087 2040 1162">
     <span class='ocr_line' id='line_1_12' title="bbox 444 1087 2040 1162; baseline -0.004 -17"><span class='ocrx_word' id='word_1_80' title='bbox 444 1108 545 1162; x_wconf 86' lang='lat' dir='ltr'>per</span> <span class='ocrx_word' id='word_1_81' title='bbox 574 1091 764 1145; x_wconf 87' lang='lat' dir='ltr'>decem</span> <span class='ocrx_word' id='word_1_82' title='bbox 798 1088 1069 1153; x_wconf 82' lang='lat' dir='ltr'>civitates,</span> <span class='ocrx_word' id='word_1_83' title='bbox 1103 1088 1276 1141; x_wconf 88' lang='lat' dir='ltr'>alium</span> <span class='ocrx_word' id='word_1_84' title='bbox 1309 1103 1478 1156; x_wconf 85' lang='lat' dir='ltr'>super</span> <span class='ocrx_word' id='word_1_85' title='bbox 1532 1087 1800 1157; x_wconf 88' lang='lat' dir='ltr'>quinque,</span> <span class='ocrx_word' id='word_1_86' title='bbox 1833 1087 2040 1140; x_wconf 83' lang='lat' dir='ltr'>faciens</span> 
     </span>
    </p>
   </div>
   <div class='ocr_carea' id='block_1_13' title="bbox 444 1175 2042 1246">
    <p class='ocr_par' dir='ltr' id='par_1_13' title="bbox 444 1175 2042 1246">
     <span class='ocr_line' id='line_1_13' title="bbox 444 1175 2042 1246; baseline -0.003 -13"><span class='ocrx_word' id='word_1_87' title='bbox 444 1179 871 1239; x_wconf 63' lang='lat' dir='ltr'>aliosdoctores.</span> <span class='ocrx_word' id='word_1_88' title='bbox 890 1176 1030 1230; x_wconf 87' lang='lat' dir='ltr'>alios</span> <span class='ocrx_word' id='word_1_89' title='bbox 1060 1182 1341 1246; x_wconf 82' lang='lat' dir='ltr'>pastores:</span> <span class='ocrx_word' id='word_1_90' title='bbox 1372 1175 1497 1228; x_wconf 89' lang='lat' dir='ltr'>aliis</span> <span class='ocrx_word' id='word_1_91' title='bbox 1538 1176 1678 1228; x_wconf 89' lang='lat' dir='ltr'>dans</span> <span class='ocrx_word' id='word_1_92' title='bbox 1706 1182 2042 1246; x_wconf 82' lang='lat' dir='ltr'>potestatem</span> 
     </span>
    </p>
   </div>
   <div class='ocr_carea' id='block_1_14' title="bbox 442 1263 2041 1334">
    <p class='ocr_par' dir='ltr' id='par_1_14' title="bbox 442 1263 2041 1334">
     <span class='ocr_line' id='line_1_14' title="bbox 442 1263 2041 1334; baseline -0.002 -14"><span class='ocrx_word' id='word_1_93' title='bbox 442 1267 827 1322; x_wconf 84' lang='lat' dir='ltr'>faciendorum</span> <span class='ocrx_word' id='word_1_94' title='bbox 862 1265 1171 1333; x_wconf 84' lang='lat' dir='ltr'>signorum,</span> <span class='ocrx_word' id='word_1_95' title='bbox 1196 1263 1337 1316; x_wconf 91' lang='lat' dir='ltr'>alios</span> <span class='ocrx_word' id='word_1_96' title='bbox 1362 1263 1568 1317; x_wconf 84' lang='lat' dir='ltr'>faciens</span> <span class='ocrx_word' id='word_1_97' title='bbox 1599 1264 1659 1316; x_wconf 91' lang='lat' dir='ltr'>in</span> <span class='ocrx_word' id='word_1_98' title='bbox 1687 1280 1919 1334; x_wconf 91' lang='lat' dir='ltr'>corpore</span> <span class='ocrx_word' id='word_1_99' title='bbox 1940 1280 2041 1317; x_wconf 90' lang='lat' dir='ltr'>suo</span> 
     </span>
    </p>
   </div>
   <div class='ocr_carea' id='block_1_15' title="bbox 439 1351 2043 1422">
    <p class='ocr_par' dir='ltr' id='par_1_15' title="bbox 439 1351 2043 1422">
     <span class='ocr_line' id='line_1_15' title="bbox 439 1351 2043 1422; baseline -0.004 -12"><span class='ocrx_word' id='word_1_100' title='bbox 439 1357 650 1419; x_wconf 91' lang='lat' dir='ltr'>oculos,</span> <span class='ocrx_word' id='word_1_101' title='bbox 676 1355 818 1407; x_wconf 89' lang='lat' dir='ltr'>alios</span> <span class='ocrx_word' id='word_1_102' title='bbox 841 1369 1061 1414; x_wconf 88' lang='lat' dir='ltr'>manus,</span> <span class='ocrx_word' id='word_1_103' title='bbox 1098 1351 1238 1404; x_wconf 85' lang='lat' dir='ltr'>alios</span> <span class='ocrx_word' id='word_1_104' title='bbox 1259 1351 1444 1422; x_wconf 83' lang='lat' dir='ltr'>pedes.</span> <span class='ocrx_word' id='word_1_105' title='bbox 1477 1369 1499 1399; x_wconf 70' lang='grc' dir='ltr'>(ι</span> <span class='ocrx_word' id='word_1_106' title='bbox 1536 1351 1604 1404; x_wconf 87' lang='lat' dir='ltr'>Et</span> <span class='ocrx_word' id='word_1_107' title='bbox 1624 1351 1767 1404; x_wconf 85' lang='lat' dir='ltr'>dabo</span> <span class='ocrx_word' id='word_1_108' title='bbox 1790 1351 1890 1404; x_wconf 91' lang='lat' dir='ltr'>tibi</span> <span class='ocrx_word' id='word_1_109' title='bbox 1920 1368 2043 1404; x_wconf 87' lang='lat' dir='ltr'>am-</span> 
     </span>
    </p>
   </div>
   <div class='ocr_carea' id='block_1_16' title="bbox 439 1439 2044 1510">
    <p class='ocr_par' dir='ltr' id='par_1_16' title="bbox 439 1439 2044 1510">
     <span class='ocr_line' id='line_1_16' title="bbox 439 1439 2044 1510; baseline -0.003 -13"><span class='ocrx_word' id='word_1_110' title='bbox 439 1444 699 1497; x_wconf 90' lang='lat' dir='ltr'>bulantes</span> <span class='ocrx_word' id='word_1_111' title='bbox 734 1442 802 1494; x_wconf 88' lang='lat' dir='ltr'>de</span> <span class='ocrx_word' id='word_1_112' title='bbox 824 1441 912 1493; x_wconf 89' lang='lat' dir='ltr'>his</span> <span class='ocrx_word' id='word_1_113' title='bbox 935 1441 1030 1510; x_wconf 89' lang='lat' dir='ltr'>qui</span> <span class='ocrx_word' id='word_1_114' title='bbox 1059 1456 1207 1494; x_wconf 91' lang='lat' dir='ltr'>nunc</span> <span class='ocrx_word' id='word_1_115' title='bbox 1256 1440 1344 1495; x_wconf 89' lang='lat' dir='ltr'>hic</span> <span class='ocrx_word' id='word_1_116' title='bbox 1374 1439 1661 1493; x_wconf 86' lang='lat' dir='ltr'>assistunt.</span> <span class='ocrx_word' id='word_1_117' title='bbox 1696 1462 1711 1486; x_wconf 81' lang='grc' dir='ltr'>ι</span> <span class='ocrx_word' id='word_1_118' title='bbox 1750 1439 1913 1493; x_wconf 89' lang='lat' dir='ltr'>Dedit</span> <span class='ocrx_word' id='word_1_119' title='bbox 1940 1440 2044 1493; x_wconf 85' lang='lat' dir='ltr'>Do-</span> 
     </span>
    </p>
   </div>
   <div class='ocr_carea' id='block_1_17' title="bbox 443 1528 2040 1598">
    <p class='ocr_par' dir='ltr' id='par_1_17' title="bbox 443 1528 2040 1598">
     <span class='ocr_line' id='line_1_17' title="bbox 443 1528 2040 1598; baseline -0.004 -11"><span class='ocrx_word' id='word_1_120' title='bbox 443 1533 629 1586; x_wconf 89' lang='lat' dir='ltr'>minus</span> <span class='ocrx_word' id='word_1_121' title='bbox 642 1533 756 1585; x_wconf 90' lang='lat' dir='ltr'>Deo</span> <span class='ocrx_word' id='word_1_122' title='bbox 778 1530 918 1583; x_wconf 85' lang='lat' dir='ltr'>Filio</span> <span class='ocrx_word' id='word_1_123' title='bbox 933 1545 1034 1582; x_wconf 89' lang='lat' dir='ltr'>suo</span> <span class='ocrx_word' id='word_1_124' title='bbox 1048 1529 1115 1582; x_wconf 91' lang='lat' dir='ltr'>de</span> <span class='ocrx_word' id='word_1_125' title='bbox 1130 1528 1457 1598; x_wconf 83' lang='lat' dir='ltr'>angelorum</span> <span class='ocrx_word' id='word_1_126' title='bbox 1478 1544 1713 1581; x_wconf 91' lang='lat' dir='ltr'>numero</span> <span class='ocrx_word' id='word_1_127' title='bbox 1735 1528 2040 1588; x_wconf 85' lang='lat' dir='ltr'>ministros,</span> 
     </span>
    </p>
   </div>
   <div class='ocr_carea' id='block_1_18' title="bbox 442 1616 2044 1693">
    <p class='ocr_par' dir='ltr' id='par_1_18' title="bbox 442 1616 2044 1693">
     <span class='ocr_line' id='line_1_18' title="bbox 442 1616 2044 1693; baseline -0.004 -19"><span class='ocrx_word' id='word_1_128' title='bbox 442 1620 704 1693; x_wconf 89' lang='lat' dir='ltr'>quoniam</span> <span class='ocrx_word' id='word_1_129' title='bbox 728 1624 949 1672; x_wconf 90' lang='lat' dir='ltr'>sanctos</span> <span class='ocrx_word' id='word_1_130' title='bbox 970 1634 1100 1671; x_wconf 91' lang='lat' dir='ltr'>suos</span> <span class='ocrx_word' id='word_1_131' title='bbox 1114 1616 1367 1670; x_wconf 88' lang='lat' dir='ltr'>adhucin</span> <span class='ocrx_word' id='word_1_132' title='bbox 1390 1633 1556 1669; x_wconf 89' lang='lat' dir='ltr'>carne</span> <span class='ocrx_word' id='word_1_133' title='bbox 1580 1616 1807 1686; x_wconf 85' lang='lat' dir='ltr'>positos,</span> <span class='ocrx_word' id='word_1_134' title='bbox 1831 1616 2044 1669; x_wconf 88' lang='lat' dir='ltr'>similes</span> 
     </span>
    </p>
   </div>
   <div class='ocr_carea' id='block_1_19' title="bbox 2117 465 3713 537">
    <p class='ocr_par' dir='ltr' id='par_1_19' title="bbox 2117 465 3713 537">
     <span class='ocr_line' id='line_1_19' title="bbox 2117 465 3713 537; baseline 0.001 -18"><span class='ocrx_word' id='word_1_135' title='bbox 2117 473 2335 535; x_wconf 84' lang='lat' dir='ltr'>septem</span> <span class='ocrx_word' id='word_1_136' title='bbox 2365 465 2511 519; x_wconf 90' lang='lat' dir='ltr'>oculi</span> <span class='ocrx_word' id='word_1_137' title='bbox 2532 472 2684 527; x_wconf 88' lang='lat' dir='ltr'>sunt,</span> <span class='ocrx_word' id='word_1_138' title='bbox 2710 466 2972 535; x_wconf 89' lang='lat' dir='ltr'>quoniam</span> <span class='ocrx_word' id='word_1_139' title='bbox 3000 484 3169 537; x_wconf 84' lang='lat' dir='ltr'>super</span> <span class='ocrx_word' id='word_1_140' title='bbox 3193 468 3477 523; x_wconf 86' lang='lat' dir='ltr'>Christum</span> <span class='ocrx_word' id='word_1_141' title='bbox 3499 473 3713 537; x_wconf 87' lang='lat' dir='ltr'>septem</span> 
     </span>
    </p>
   </div>
   <div class='ocr_carea' id='block_1_20' title="bbox 2118 554 3715 627">
    <p class='ocr_par' dir='ltr' id='par_1_20' title="bbox 2118 554 3715 627">
     <span class='ocr_line' id='line_1_20' title="bbox 2118 554 3715 627; baseline 0.001 -20"><span class='ocrx_word' id='word_1_142' title='bbox 2118 555 2262 608; x_wconf 90' lang='lat' dir='ltr'>dona</span> <span class='ocrx_word' id='word_1_143' title='bbox 2297 554 2538 625; x_wconf 76' lang='lat' dir='ltr'>Spiritus</span> <span class='ocrx_word' id='word_1_144' title='bbox 2567 556 2746 607; x_wconf 82' lang='lat' dir='ltr'>sancti</span> <span class='ocrx_word' id='word_1_145' title='bbox 2796 555 3171 624; x_wconf 76' lang='lat' dir='ltr'>requiescunt.</span> <span class='ocrx_word' id='word_1_146' title='bbox 3206 574 3328 627; x_wconf 85' lang='lat' dir='ltr'>quae</span> <span class='ocrx_word' id='word_1_147' title='bbox 3379 572 3715 610; x_wconf 85' lang='lat' dir='ltr'>enumerans</span> 
     </span>
    </p>
   </div>
   <div class='ocr_carea' id='block_1_21' title="bbox 2120 643 3716 714">
    <p class='ocr_par' dir='ltr' id='par_1_21' title="bbox 2120 643 3716 714">
     <span class='ocr_line' id='line_1_21' title="bbox 2120 643 3716 714; baseline 0.001 -19"><span class='ocrx_word' id='word_1_148' title='bbox 2120 644 2395 713; x_wconf 79' lang='lat' dir='ltr'>propheta</span> <span class='ocrx_word' id='word_1_149' title='bbox 2422 644 2594 696; x_wconf 89' lang='lat' dir='ltr'>lsaias</span> <span class='ocrx_word' id='word_1_150' title='bbox 2616 644 2753 696; x_wconf 83' lang='lat' dir='ltr'>dicit</span> <span class='ocrx_word' id='word_1_151' title='bbox 2779 661 2786 697; x_wconf 89' lang='lat'>:</span> <span class='ocrx_word' id='word_1_152' title='bbox 2814 664 2835 694; x_wconf 83' lang='lat'><strong>«</strong></span> <span class='ocrx_word' id='word_1_153' title='bbox 2862 644 3366 714; x_wconf 81' lang='lat' dir='ltr'>Requiescitsuper</span> <span class='ocrx_word' id='word_1_154' title='bbox 3386 662 3513 699; x_wconf 91' lang='lat' dir='ltr'>eum</span> <span class='ocrx_word' id='word_1_155' title='bbox 3549 643 3716 714; x_wconf 88' lang='lat' dir='ltr'>spiri-</span> 
     </span>
    </p>
   </div>
   <div class='ocr_carea' id='block_1_22' title="bbox 2120 732 3717 804">
    <p class='ocr_par' dir='ltr' id='par_1_22' title="bbox 2120 732 3717 804">
     <span class='ocr_line' id='line_1_22' title="bbox 2120 732 3717 804; baseline 0.001 -19"><span class='ocrx_word' id='word_1_156' title='bbox 2120 740 2211 785; x_wconf 87' lang='lat' dir='ltr'>tus</span> <span class='ocrx_word' id='word_1_157' title='bbox 2232 732 2474 785; x_wconf 86' lang='lat' dir='ltr'>Domini.</span> <span class='ocrx_word' id='word_1_158' title='bbox 2502 732 2735 802; x_wconf 85' lang='lat' dir='ltr'>spiritus</span> <span class='ocrx_word' id='word_1_159' title='bbox 2755 733 3046 803; x_wconf 70' lang='lat' dir='ltr'>sapientize</span> <span class='ocrx_word' id='word_1_160' title='bbox 3076 751 3130 787; x_wconf 80' lang='lat' dir='ltr'>et</span> <span class='ocrx_word' id='word_1_161' title='bbox 3151 734 3458 795; x_wconf 86' lang='lat' dir='ltr'>intellectu,</span> <span class='ocrx_word' id='word_1_162' title='bbox 3485 734 3717 804; x_wconf 88' lang='lat' dir='ltr'>spiritus</span> 
     </span>
    </p>
   </div>
   <div class='ocr_carea' id='block_1_23' title="bbox 2120 821 3717 893">
    <p class='ocr_par' dir='ltr' id='par_1_23' title="bbox 2120 821 3717 893">
     <span class='ocr_line' id='line_1_23' title="bbox 2120 821 3717 893; baseline 0.001 -19"><span class='ocrx_word' id='word_1_163' title='bbox 2120 821 2334 874; x_wconf 85' lang='lat' dir='ltr'>consilii</span> <span class='ocrx_word' id='word_1_164' title='bbox 2356 829 2412 874; x_wconf 90' lang='lat' dir='ltr'>et</span> <span class='ocrx_word' id='word_1_165' title='bbox 2441 821 2806 883; x_wconf 83' lang='lat' dir='ltr'>fortitudinis,</span> <span class='ocrx_word' id='word_1_166' title='bbox 2840 822 3072 891; x_wconf 85' lang='lat' dir='ltr'>spiritus</span> <span class='ocrx_word' id='word_1_167' title='bbox 3096 823 3342 877; x_wconf 69' lang='lat' dir='ltr'>scientiae</span> <span class='ocrx_word' id='word_1_168' title='bbox 3373 830 3428 876; x_wconf 91' lang='lat' dir='ltr'>et</span> <span class='ocrx_word' id='word_1_169' title='bbox 3468 821 3717 893; x_wconf 88' lang='lat' dir='ltr'>pietatis,</span> 
     </span>
    </p>
   </div>
   <div class='ocr_carea' id='block_1_24' title="bbox 2120 909 3720 979">
    <p class='ocr_par' dir='ltr' id='par_1_24' title="bbox 2120 909 3720 979">
     <span class='ocr_line' id='line_1_24' title="bbox 2120 909 3720 979; baseline -0.001 -16"><span class='ocrx_word' id='word_1_170' title='bbox 2120 916 2175 963; x_wconf 88' lang='lat' dir='ltr'>et</span> <span class='ocrx_word' id='word_1_171' title='bbox 2203 910 2436 979; x_wconf 81' lang='lat' dir='ltr'>replevit</span> <span class='ocrx_word' id='word_1_172' title='bbox 2462 926 2590 962; x_wconf 88' lang='lat' dir='ltr'>eum</span> <span class='ocrx_word' id='word_1_173' title='bbox 2650 909 2883 979; x_wconf 89' lang='lat' dir='ltr'>spiritus</span> <span class='ocrx_word' id='word_1_174' title='bbox 2933 910 3152 964; x_wconf 89' lang='lat' dir='ltr'>timoris</span> <span class='ocrx_word' id='word_1_175' title='bbox 3198 910 3415 964; x_wconf 84' lang='lat' dir='ltr'>Domini</span> <span class='ocrx_word' id='word_1_176' title='bbox 3476 928 3501 961; x_wconf 79' lang='grc' dir='ltr'>ι)</span> <span class='ocrx_word' id='word_1_177' title='bbox 3529 930 3552 959; x_wconf 76' lang='grc' dir='ltr'>ι</span> <span class='ocrx_word' id='word_1_178' title='bbox 3579 909 3720 967; x_wconf 83' lang='lat' dir='ltr'>Ecce</span> 
     </span>
    </p>
   </div>
   <div class='ocr_carea' id='block_1_25' title="bbox 2123 996 3720 1068">
    <p class='ocr_par' dir='ltr' id='par_1_25' title="bbox 2123 996 3720 1068">
     <span class='ocr_line' id='line_1_25' title="bbox 2123 996 3720 1068; baseline -0.001 -17"><span class='ocrx_word' id='word_1_179' title='bbox 2123 1015 2226 1068; x_wconf 89' lang='lat' dir='ltr'>ego</span> <span class='ocrx_word' id='word_1_180' title='bbox 2258 997 2460 1052; x_wconf 84' lang='lat' dir='ltr'>caelabo</span> <span class='ocrx_word' id='word_1_181' title='bbox 2490 998 2837 1068; x_wconf 90' lang='lat' dir='ltr'>sculpturam</span> <span class='ocrx_word' id='word_1_182' title='bbox 2897 999 3039 1068; x_wconf 87' lang='lat' dir='ltr'>ejus,</span> <span class='ocrx_word' id='word_1_183' title='bbox 3074 999 3155 1052; x_wconf 92' lang='lat' dir='ltr'>ait</span> <span class='ocrx_word' id='word_1_184' title='bbox 3201 998 3473 1067; x_wconf 68' lang='lat' dir='ltr'>Dominus</span> <span class='ocrx_word' id='word_1_185' title='bbox 3510 996 3720 1052; x_wconf 85' lang='lat' dir='ltr'>exerci-</span> 
     </span>
    </p>
   </div>
   <div class='ocr_carea' id='block_1_26' title="bbox 2122 1086 3722 1158">
    <p class='ocr_par' dir='ltr' id='par_1_26' title="bbox 2122 1086 3722 1158">
     <span class='ocr_line' id='line_1_26' title="bbox 2122 1086 3722 1158; baseline -0.001 -16"><span class='ocrx_word' id='word_1_186' title='bbox 2122 1093 2306 1151; x_wconf 90' lang='lat' dir='ltr'>tuum,</span> <span class='ocrx_word' id='word_1_187' title='bbox 2340 1094 2396 1141; x_wconf 91' lang='lat' dir='ltr'>et</span> <span class='ocrx_word' id='word_1_188' title='bbox 2437 1088 2688 1141; x_wconf 82' lang='lat' dir='ltr'>auferam</span> <span class='ocrx_word' id='word_1_189' title='bbox 2727 1087 3083 1158; x_wconf 70' lang='lat' dir='ltr'>iniquitatem</span> <span class='ocrx_word' id='word_1_190' title='bbox 3136 1094 3301 1142; x_wconf 61' lang='lat' dir='ltr'>terra;</span> <span class='ocrx_word' id='word_1_191' title='bbox 3346 1088 3497 1141; x_wconf 90' lang='lat' dir='ltr'>illius</span> <span class='ocrx_word' id='word_1_192' title='bbox 3532 1086 3589 1140; x_wconf 89' lang='lat' dir='ltr'>in</span> <span class='ocrx_word' id='word_1_193' title='bbox 3629 1086 3722 1140; x_wconf 88' lang='lat' dir='ltr'>die</span> 
     </span>
    </p>
   </div>
   <div class='ocr_carea' id='block_1_27' title="bbox 2123 1176 3726 1246">
    <p class='ocr_par' dir='ltr' id='par_1_27' title="bbox 2123 1176 3726 1246">
     <span class='ocr_line' id='line_1_27' title="bbox 2123 1176 3726 1246; baseline -0.002 -16"><span class='ocrx_word' id='word_1_194' title='bbox 2123 1192 2255 1230; x_wconf 89' lang='lat' dir='ltr'>una.</span> <span class='ocrx_word' id='word_1_195' title='bbox 2287 1196 2312 1226; x_wconf 76' lang='grc' dir='ltr'><strong>ιι</strong></span> <span class='ocrx_word' id='word_1_196' title='bbox 2343 1176 2484 1240; x_wconf 87' lang='lat' dir='ltr'>Quia</span> <span class='ocrx_word' id='word_1_197' title='bbox 2510 1193 2681 1246; x_wconf 87' lang='lat' dir='ltr'>supra</span> <span class='ocrx_word' id='word_1_198' title='bbox 2700 1176 2919 1230; x_wconf 82' lang='lat' dir='ltr'>dixerat</span> <span class='ocrx_word' id='word_1_199' title='bbox 2946 1176 3212 1246; x_wconf 90' lang='lat' dir='ltr'>lapidem,</span> <span class='ocrx_word' id='word_1_200' title='bbox 3235 1182 3419 1230; x_wconf 86' lang='lat' dir='ltr'>servat</span> <span class='ocrx_word' id='word_1_201' title='bbox 3435 1176 3726 1246; x_wconf 78' lang='lat' dir='ltr'>metapho-</span> 
     </span>
    </p>
   </div>
   <div class='ocr_carea' id='block_1_28' title="bbox 2124 1258 3719 1336">
    <p class='ocr_par' dir='ltr' id='par_1_28' title="bbox 2124 1258 3719 1336">
     <span class='ocr_line' id='line_1_28' title="bbox 2124 1258 3719 1336; baseline -0.002 -19"><span class='ocrx_word' id='word_1_202' title='bbox 2124 1282 2245 1317; x_wconf 82' lang='lat' dir='ltr'>ram</span> <span class='ocrx_word' id='word_1_203' title='bbox 2270 1271 2326 1317; x_wconf 89' lang='lat' dir='ltr'>et</span> <span class='ocrx_word' id='word_1_204' title='bbox 2345 1265 2482 1318; x_wconf 87' lang='lat' dir='ltr'>dicit</span> <span class='ocrx_word' id='word_1_205' title='bbox 2502 1258 2517 1316; x_wconf 71' lang='grc' dir='ltr'>ἐ</span> <span class='ocrx_word' id='word_1_206' title='bbox 2542 1266 2728 1318; x_wconf 72' lang='lat' dir='ltr'>«Ecce</span> <span class='ocrx_word' id='word_1_207' title='bbox 2758 1281 2860 1335; x_wconf 83' lang='lat' dir='ltr'>ego</span> <span class='ocrx_word' id='word_1_208' title='bbox 2898 1265 3104 1319; x_wconf 71' lang='lat' dir='ltr'>caalabo</span> <span class='ocrx_word' id='word_1_209' title='bbox 3133 1266 3478 1336; x_wconf 87' lang='lat' dir='ltr'>sculpturam</span> <span class='ocrx_word' id='word_1_210' title='bbox 3509 1265 3653 1334; x_wconf 82' lang='lat' dir='ltr'>ejus,</span> <span class='ocrx_word' id='word_1_211' title='bbox 3692 1283 3719 1314; x_wconf 86' lang='lat'>3</span> 
     </span>
    </p>
   </div>
   <div class='ocr_carea' id='block_1_29' title="bbox 2124 1352 3723 1424">
    <p class='ocr_par' dir='ltr' id='par_1_29' title="bbox 2124 1352 3723 1424">
     <span class='ocr_line' id='line_1_29' title="bbox 2124 1352 3723 1424; baseline 0.001 -17"><span class='ocrx_word' id='word_1_212' title='bbox 2124 1354 2180 1407; x_wconf 91' lang='lat' dir='ltr'>id</span> <span class='ocrx_word' id='word_1_213' title='bbox 2212 1360 2299 1407; x_wconf 88' lang='lat' dir='ltr'>est</span> <span class='ocrx_word' id='word_1_214' title='bbox 2327 1353 2545 1424; x_wconf 86' lang='lat' dir='ltr'>lapidis.</span> <span class='ocrx_word' id='word_1_215' title='bbox 2569 1353 2927 1407; x_wconf 81' lang='lat' dir='ltr'>Manifestum</span> <span class='ocrx_word' id='word_1_216' title='bbox 2960 1361 3048 1408; x_wconf 91' lang='lat' dir='ltr'>est</span> <span class='ocrx_word' id='word_1_217' title='bbox 3074 1354 3224 1407; x_wconf 91' lang='lat' dir='ltr'>enim</span> <span class='ocrx_word' id='word_1_218' title='bbox 3251 1354 3321 1407; x_wconf 90' lang='lat' dir='ltr'>de</span> <span class='ocrx_word' id='word_1_219' title='bbox 3347 1352 3574 1407; x_wconf 90' lang='lat' dir='ltr'>Domini</span> <span class='ocrx_word' id='word_1_220' title='bbox 3592 1370 3723 1420; x_wconf 84' lang='lat' dir='ltr'>pas-</span> 
     </span>
    </p>
   </div>
   <div class='ocr_carea' id='block_1_30' title="bbox 2125 1440 3718 1512">
    <p class='ocr_par' dir='ltr' id='par_1_30' title="bbox 2125 1440 3718 1512">
     <span class='ocr_line' id='line_1_30' title="bbox 2125 1440 3718 1512; baseline 0.001 -19"><span class='ocrx_word' id='word_1_221' title='bbox 2125 1442 2281 1495; x_wconf 89' lang='lat' dir='ltr'>sione</span> <span class='ocrx_word' id='word_1_222' title='bbox 2306 1440 2648 1511; x_wconf 86' lang='lat' dir='ltr'>prophetari.</span> <span class='ocrx_word' id='word_1_223' title='bbox 2668 1443 3022 1512; x_wconf 88' lang='lat' dir='ltr'>Sculpturam</span> <span class='ocrx_word' id='word_1_224' title='bbox 3056 1441 3258 1512; x_wconf 89' lang='lat' dir='ltr'>lapidis</span> <span class='ocrx_word' id='word_1_225' title='bbox 3300 1442 3533 1495; x_wconf 83' lang='lat' dir='ltr'>vulnera</span> <span class='ocrx_word' id='word_1_226' title='bbox 3561 1442 3718 1504; x_wconf 89' lang='lat' dir='ltr'>dicit,</span> 
     </span>
    </p>
   </div>
   <div class='ocr_carea' id='block_1_31' title="bbox 2127 1528 3722 1601">
    <p class='ocr_par' dir='ltr' id='par_1_31' title="bbox 2127 1528 3722 1601">
     <span class='ocr_line' id='line_1_31' title="bbox 2127 1528 3722 1601; baseline 0.001 -19"><span class='ocrx_word' id='word_1_227' title='bbox 2127 1546 2247 1599; x_wconf 67' lang='lat' dir='ltr'>quae</span> <span class='ocrx_word' id='word_1_228' title='bbox 2279 1529 2492 1599; x_wconf 89' lang='lat' dir='ltr'>accepit</span> <span class='ocrx_word' id='word_1_229' title='bbox 2522 1529 2576 1582; x_wconf 91' lang='lat' dir='ltr'>in</span> <span class='ocrx_word' id='word_1_230' title='bbox 2596 1546 2779 1583; x_wconf 88' lang='lat' dir='ltr'>cruce.</span> <span class='ocrx_word' id='word_1_231' title='bbox 2809 1550 2829 1578; x_wconf 76' lang='grc' dir='ltr'>ι</span> <span class='ocrx_word' id='word_1_232' title='bbox 2867 1528 3106 1594; x_wconf 69' lang='lat' dir='ltr'>Caelabo,</span> <span class='ocrx_word' id='word_1_233' title='bbox 3138 1529 3340 1601; x_wconf 86' lang='lat' dir='ltr'>inquit,</span> <span class='ocrx_word' id='word_1_234' title='bbox 3372 1531 3722 1599; x_wconf 81' lang='lat' dir='ltr'>sculpturam</span> 
     </span>
    </p>
   </div>
   <div class='ocr_carea' id='block_1_32' title="bbox 2127 1617 3713 1687">
    <p class='ocr_par' dir='ltr' id='par_1_32' title="bbox 2127 1617 3713 1687">
     <span class='ocr_line' id='line_1_32' title="bbox 2127 1617 3713 1687; baseline 0.002 -17"><span class='ocrx_word' id='word_1_235' title='bbox 2127 1618 2308 1687; x_wconf 84' lang='lat' dir='ltr'>ejus,.3</span> <span class='ocrx_word' id='word_1_236' title='bbox 2329 1617 2381 1670; x_wconf 92' lang='lat' dir='ltr'>id</span> <span class='ocrx_word' id='word_1_237' title='bbox 2397 1624 2483 1671; x_wconf 90' lang='lat' dir='ltr'>est</span> <span class='ocrx_word' id='word_1_238' title='bbox 2504 1617 2706 1671; x_wconf 85' lang='lat' dir='ltr'>faciam</span> <span class='ocrx_word' id='word_1_239' title='bbox 2738 1618 2895 1672; x_wconf 91' lang='lat' dir='ltr'>illum</span> <span class='ocrx_word' id='word_1_240' title='bbox 2922 1618 3202 1672; x_wconf 88' lang='lat' dir='ltr'>vulnerari</span> <span class='ocrx_word' id='word_1_241' title='bbox 3218 1617 3388 1672; x_wconf 83' lang='lat' dir='ltr'>clavis</span> <span class='ocrx_word' id='word_1_242' title='bbox 3409 1623 3467 1672; x_wconf 91' lang='lat' dir='ltr'>et</span> <span class='ocrx_word' id='word_1_243' title='bbox 3489 1618 3713 1673; x_wconf 83' lang='lat' dir='ltr'>lancea.</span> 
     </span>
    </p>
   </div>
   <div class='ocr_carea' id='block_1_33' title="bbox 441 1704 3724 1789">
    <p class='ocr_par' dir='ltr' id='par_1_33' title="bbox 441 1704 3724 1789">
     <span class='ocr_line' id='line_1_33' title="bbox 441 1704 3724 1789; baseline -0.002 -25"><span class='ocrx_word' id='word_1_244' title='bbox 441 1708 573 1764; x_wconf 83' lang='lat' dir='ltr'>fecit</span> <span class='ocrx_word' id='word_1_245' title='bbox 588 1707 833 1777; x_wconf 82' lang='lat' dir='ltr'>angelis;</span> <span class='ocrx_word' id='word_1_246' title='bbox 861 1705 1011 1759; x_wconf 91' lang='lat' dir='ltr'>unde</span> <span class='ocrx_word' id='word_1_247' title='bbox 1051 1705 1354 1775; x_wconf 88' lang='lat' dir='ltr'>Apostolus</span> <span class='ocrx_word' id='word_1_248' title='bbox 1385 1704 1636 1758; x_wconf 87' lang='lat' dir='ltr'>dicebat:</span> <span class='ocrx_word' id='word_1_249' title='bbox 1674 1704 2107 1789; x_wconf 80' lang='lat' dir='ltr'>MunicipatusB</span> <span class='ocrx_word' id='word_1_250' title='bbox 2129 1707 2245 1758; x_wconf 85' lang='lat' dir='ltr'>Hoc</span> <span class='ocrx_word' id='word_1_251' title='bbox 2273 1706 2421 1759; x_wconf 91' lang='lat' dir='ltr'>enim</span> <span class='ocrx_word' id='word_1_252' title='bbox 2454 1707 2602 1759; x_wconf 91' lang='lat' dir='ltr'>Deus</span> <span class='ocrx_word' id='word_1_253' title='bbox 2626 1705 2796 1761; x_wconf 84' lang='lat' dir='ltr'>Pater</span> <span class='ocrx_word' id='word_1_254' title='bbox 2832 1706 2978 1767; x_wconf 86' lang='lat' dir='ltr'>fecit,</span> <span class='ocrx_word' id='word_1_255' title='bbox 3016 1706 3112 1777; x_wconf 90' lang='lat' dir='ltr'>qui</span> <span class='ocrx_word' id='word_1_256' title='bbox 3142 1723 3242 1778; x_wconf 90' lang='lat' dir='ltr'>pro</span> <span class='ocrx_word' id='word_1_257' title='bbox 3272 1706 3433 1760; x_wconf 89' lang='lat' dir='ltr'>nobis</span> <span class='ocrx_word' id='word_1_258' title='bbox 3461 1705 3724 1760; x_wconf 88' lang='lat' dir='ltr'>omnibus</span> 
     </span>
    </p>
   </div>
   <div class='ocr_carea' id='block_1_34' title="bbox 442 1793 2048 1863">
    <p class='ocr_par' dir='ltr' id='par_1_34' title="bbox 442 1793 2048 1863">
     <span class='ocr_line' id='line_1_34' title="bbox 442 1793 2048 1863; baseline -0.002 -12"><span class='ocrx_word' id='word_1_259' title='bbox 442 1803 634 1851; x_wconf 85' lang='lat' dir='ltr'>noster</span> <span class='ocrx_word' id='word_1_260' title='bbox 663 1795 720 1848; x_wconf 92' lang='lat' dir='ltr'>in</span> <span class='ocrx_word' id='word_1_261' title='bbox 753 1795 895 1849; x_wconf 66' lang='lat' dir='ltr'>caalo</span> <span class='ocrx_word' id='word_1_262' title='bbox 912 1800 1013 1849; x_wconf 89' lang='lat' dir='ltr'>est.</span> <span class='ocrx_word' id='word_1_263' title='bbox 1036 1795 1179 1847; x_wconf 88' lang='lat' dir='ltr'>Nam</span> <span class='ocrx_word' id='word_1_264' title='bbox 1216 1793 1520 1863; x_wconf 86' lang='lat' dir='ltr'>virginibus</span> <span class='ocrx_word' id='word_1_265' title='bbox 1548 1793 1786 1847; x_wconf 88' lang='lat' dir='ltr'>societas</span> <span class='ocrx_word' id='word_1_266' title='bbox 1818 1794 2048 1863; x_wconf 81' lang='lat' dir='ltr'>promit~</span> 
     </span>
    </p>
   </div>
   <div class='ocr_carea' id='block_1_35' title="bbox 442 1882 2048 1956">
    <p class='ocr_par' dir='ltr' id='par_1_35' title="bbox 442 1882 2048 1956">
     <span class='ocr_line' id='line_1_35' title="bbox 442 1882 2048 1956; baseline -0.003 -16"><span class='ocrx_word' id='word_1_267' title='bbox 442 1887 585 1941; x_wconf 87' lang='lat' dir='ltr'>titur</span> <span class='ocrx_word' id='word_1_268' title='bbox 610 1886 961 1956; x_wconf 88' lang='lat' dir='ltr'>angelorum,</span> <span class='ocrx_word' id='word_1_269' title='bbox 987 1883 1223 1937; x_wconf 90' lang='lat' dir='ltr'>Domino</span> <span class='ocrx_word' id='word_1_270' title='bbox 1252 1883 1474 1936; x_wconf 78' lang='lat' dir='ltr'>dicente</span> <span class='ocrx_word' id='word_1_271' title='bbox 1500 1903 1511 1936; x_wconf 86' lang='lat'><strong>:</strong></span> <span class='ocrx_word' id='word_1_272' title='bbox 1548 1901 1571 1933; x_wconf 85' lang='lat'>«</span> <span class='ocrx_word' id='word_1_273' title='bbox 1590 1884 1710 1937; x_wconf 79' lang='lat' dir='ltr'>Non</span> <span class='ocrx_word' id='word_1_274' title='bbox 1729 1882 1942 1936; x_wconf 90' lang='lat' dir='ltr'>nubent</span> <span class='ocrx_word' id='word_1_275' title='bbox 1954 1899 2048 1935; x_wconf 92' lang='lat' dir='ltr'>ne-</span> 
     </span>
    </p>
   </div>
   <div class='ocr_carea' id='block_1_36' title="bbox 443 1972 2043 2047">
    <p class='ocr_par' dir='ltr' id='par_1_36' title="bbox 443 1972 2043 2047">
     <span class='ocr_line' id='line_1_36' title="bbox 443 1972 2043 2047; baseline -0.004 -17"><span class='ocrx_word' id='word_1_276' title='bbox 443 1993 552 2047; x_wconf 92' lang='lat' dir='ltr'>que</span> <span class='ocrx_word' id='word_1_277' title='bbox 577 1975 883 2037; x_wconf 87' lang='lat' dir='ltr'>nubentur,</span> <span class='ocrx_word' id='word_1_278' title='bbox 912 1973 1005 2026; x_wconf 93' lang='lat' dir='ltr'>sed</span> <span class='ocrx_word' id='word_1_279' title='bbox 1040 1978 1211 2025; x_wconf 86' lang='lat' dir='ltr'>erunt</span> <span class='ocrx_word' id='word_1_280' title='bbox 1237 1972 1383 2025; x_wconf 90' lang='lat' dir='ltr'>sicut</span> <span class='ocrx_word' id='word_1_281' title='bbox 1402 1972 1587 2040; x_wconf 87' lang='lat' dir='ltr'>angeli</span> <span class='ocrx_word' id='word_1_282' title='bbox 1615 1972 1714 2025; x_wconf 92' lang='lat' dir='ltr'>Dei</span> <span class='ocrx_word' id='word_1_283' title='bbox 1743 1972 1802 2024; x_wconf 91' lang='lat' dir='ltr'>in</span> <span class='ocrx_word' id='word_1_284' title='bbox 1839 1972 1994 2025; x_wconf 68' lang='lat' dir='ltr'>caelo.</span> <span class='ocrx_word' id='word_1_285' title='bbox 2018 1989 2043 2023; x_wconf 86' lang='lat'>3</span> 
     </span>
    </p>
   </div>
   <div class='ocr_carea' id='block_1_37' title="bbox 440 2061 2045 2131">
    <p class='ocr_par' dir='ltr' id='par_1_37' title="bbox 440 2061 2045 2131">
     <span class='ocr_line' id='line_1_37' title="bbox 440 2061 2045 2131; baseline -0.003 -11"><span class='ocrx_word' id='word_1_286' title='bbox 440 2066 520 2120; x_wconf 90' lang='lat' dir='ltr'>De</span> <span class='ocrx_word' id='word_1_287' title='bbox 540 2063 931 2118; x_wconf 90' lang='lat' dir='ltr'>assistentibus</span> <span class='ocrx_word' id='word_1_288' title='bbox 950 2078 1085 2130; x_wconf 82' lang='lat' dir='ltr'>ergo</span> <span class='ocrx_word' id='word_1_289' title='bbox 1106 2061 1242 2114; x_wconf 88' lang='lat' dir='ltr'>dicit</span> <span class='ocrx_word' id='word_1_290' title='bbox 1260 2077 1319 2115; x_wconf 90' lang='lat' dir='ltr'>se</span> <span class='ocrx_word' id='word_1_291' title='bbox 1357 2062 1411 2115; x_wconf 89' lang='lat' dir='ltr'>ei</span> <span class='ocrx_word' id='word_1_292' title='bbox 1449 2062 1737 2128; x_wconf 87' lang='lat' dir='ltr'>daturum,</span> <span class='ocrx_word' id='word_1_293' title='bbox 1778 2061 2045 2131; x_wconf 91' lang='lat' dir='ltr'>quoniam</span> 
     </span>
    </p>
   </div>
   <div class='ocr_carea' id='block_1_38' title="bbox 442 2150 2047 2223">
    <p class='ocr_par' dir='ltr' id='par_1_38' title="bbox 442 2150 2047 2223">
     <span class='ocr_line' id='line_1_38' title="bbox 442 2150 2047 2223; baseline -0.002 -16"><span class='ocrx_word' id='word_1_294' title='bbox 442 2153 523 2207; x_wconf 90' lang='lat' dir='ltr'>illi</span> <span class='ocrx_word' id='word_1_295' title='bbox 555 2154 649 2223; x_wconf 86' lang='lat' dir='ltr'>qui</span> <span class='ocrx_word' id='word_1_296' title='bbox 676 2169 787 2207; x_wconf 91' lang='lat' dir='ltr'>non</span> <span class='ocrx_word' id='word_1_297' title='bbox 810 2152 1104 2214; x_wconf 86' lang='lat' dir='ltr'>ﬂuctuant,</span> <span class='ocrx_word' id='word_1_298' title='bbox 1132 2150 1230 2203; x_wconf 89' lang='lat' dir='ltr'>sed</span> <span class='ocrx_word' id='word_1_299' title='bbox 1254 2150 1482 2204; x_wconf 82' lang='lat' dir='ltr'>stabiles</span> <span class='ocrx_word' id='word_1_300' title='bbox 1500 2157 1556 2205; x_wconf 91' lang='lat' dir='ltr'>et</span> <span class='ocrx_word' id='word_1_301' title='bbox 1572 2156 1893 2205; x_wconf 87' lang='lat' dir='ltr'>constantes</span> <span class='ocrx_word' id='word_1_302' title='bbox 1914 2155 2047 2205; x_wconf 87' lang='lat' dir='ltr'>sunt</span> 
     </span>
    </p>
   </div>
   <div class='ocr_carea' id='block_1_39' title="bbox 443 2238 2045 2310">
    <p class='ocr_par' dir='ltr' id='par_1_39' title="bbox 443 2238 2045 2310">
     <span class='ocr_line' id='line_1_39' title="bbox 443 2238 2045 2310; baseline -0.002 -14"><span class='ocrx_word' id='word_1_303' title='bbox 443 2244 505 2296; x_wconf 91' lang='lat' dir='ltr'>in</span> <span class='ocrx_word' id='word_1_304' title='bbox 527 2242 772 2296; x_wconf 87' lang='lat' dir='ltr'>Ecclesia</span> <span class='ocrx_word' id='word_1_305' title='bbox 801 2240 925 2307; x_wconf 89' lang='lat' dir='ltr'>Dei,</span> <span class='ocrx_word' id='word_1_306' title='bbox 961 2240 1153 2309; x_wconf 88' lang='lat' dir='ltr'>quales</span> <span class='ocrx_word' id='word_1_307' title='bbox 1179 2244 1342 2292; x_wconf 87' lang='lat' dir='ltr'>erant</span> <span class='ocrx_word' id='word_1_308' title='bbox 1356 2240 1614 2309; x_wconf 89' lang='lat' dir='ltr'>apostoli,</span> <span class='ocrx_word' id='word_1_309' title='bbox 1648 2238 1739 2310; x_wconf 88' lang='lat' dir='ltr'>qui</span> <span class='ocrx_word' id='word_1_310' title='bbox 1774 2255 1900 2293; x_wconf 93' lang='lat' dir='ltr'>cum</span> <span class='ocrx_word' id='word_1_311' title='bbox 1932 2241 2045 2294; x_wconf 94' lang='lat' dir='ltr'>Do-</span> 
     </span>
    </p>
   </div>
   <div class='ocr_carea' id='block_1_40' title="bbox 448 2327 2044 2399">
    <p class='ocr_par' dir='ltr' id='par_1_40' title="bbox 448 2327 2044 2399">
     <span class='ocr_line' id='line_1_40' title="bbox 448 2327 2044 2399; baseline -0.002 -14"><span class='ocrx_word' id='word_1_312' title='bbox 448 2331 606 2385; x_wconf 90' lang='lat' dir='ltr'>mino</span> <span class='ocrx_word' id='word_1_313' title='bbox 648 2334 834 2384; x_wconf 82' lang='lat' dir='ltr'>stante</span> <span class='ocrx_word' id='word_1_314' title='bbox 866 2327 1317 2398; x_wconf 86' lang='lat' dir='ltr'>perseverabant,</span> <span class='ocrx_word' id='word_1_315' title='bbox 1351 2336 1643 2383; x_wconf 87' lang='lat' dir='ltr'>merentur</span> <span class='ocrx_word' id='word_1_316' title='bbox 1673 2329 1936 2399; x_wconf 72' lang='lat' dir='ltr'>angelicze</span> <span class='ocrx_word' id='word_1_317' title='bbox 1965 2329 2044 2384; x_wconf 93' lang='lat' dir='ltr'>di-</span> 
     </span>
    </p>
   </div>
   <div class='ocr_carea' id='block_1_41' title="bbox 442 2417 1011 2489">
    <p class='ocr_par' dir='ltr' id='par_1_41' title="bbox 442 2417 1011 2489">
     <span class='ocr_line' id='line_1_41' title="bbox 442 2417 1011 2489; baseline -0.005 -16"><span class='ocrx_word' id='word_1_318' title='bbox 442 2419 677 2489; x_wconf 86' lang='lat' dir='ltr'>gnitatis</span> <span class='ocrx_word' id='word_1_319' title='bbox 706 2418 841 2473; x_wconf 90' lang='lat' dir='ltr'>socii</span> <span class='ocrx_word' id='word_1_320' title='bbox 868 2417 1011 2471; x_wconf 83' lang='lat' dir='ltr'>ﬁeri.</span> 
     </span>
    </p>
   </div>
   <div class='ocr_carea' id='block_1_42' title="bbox 522 2506 2040 2576">
    <p class='ocr_par' dir='ltr' id='par_1_42' title="bbox 522 2506 2040 2576">
     <span class='ocr_line' id='line_1_42' title="bbox 522 2506 2040 2576; baseline 0.002 -18"><span class='ocrx_word' id='word_1_321' title='bbox 522 2526 547 2559; x_wconf 88' lang='lat'>«</span> <span class='ocrx_word' id='word_1_322' title='bbox 580 2507 749 2572; x_wconf 91' lang='lat' dir='ltr'>Audi,</span> <span class='ocrx_word' id='word_1_323' title='bbox 778 2508 941 2560; x_wconf 92' lang='lat' dir='ltr'>Jesus</span> <span class='ocrx_word' id='word_1_324' title='bbox 998 2506 1258 2560; x_wconf 87' lang='lat' dir='ltr'>sacerdos</span> <span class='ocrx_word' id='word_1_325' title='bbox 1306 2522 1531 2576; x_wconf 77' lang='lat' dir='ltr'>magno,</span> <span class='ocrx_word' id='word_1_326' title='bbox 1563 2512 1625 2561; x_wconf 91' lang='lat' dir='ltr'>tu</span> <span class='ocrx_word' id='word_1_327' title='bbox 1656 2512 1713 2561; x_wconf 89' lang='lat' dir='ltr'>et</span> <span class='ocrx_word' id='word_1_328' title='bbox 1741 2508 1906 2562; x_wconf 88' lang='lat' dir='ltr'>amici</span> <span class='ocrx_word' id='word_1_329' title='bbox 1935 2508 2040 2576; x_wconf 89' lang='lat' dir='ltr'>tui,</span> 
     </span>
    </p>
   </div>
   <div class='ocr_carea' id='block_1_43' title="bbox 447 2594 2041 2666">
    <p class='ocr_par' dir='ltr' id='par_1_43' title="bbox 447 2594 2041 2666">
     <span class='ocr_line' id='line_1_43' title="bbox 447 2594 2041 2666; baseline 0.001 -18"><span class='ocrx_word' id='word_1_330' title='bbox 447 2595 544 2666; x_wconf 89' lang='lat' dir='ltr'>qui</span> <span class='ocrx_word' id='word_1_331' title='bbox 573 2595 832 2649; x_wconf 88' lang='lat' dir='ltr'>habitant</span> <span class='ocrx_word' id='word_1_332' title='bbox 858 2611 1046 2648; x_wconf 90' lang='lat' dir='ltr'>coram</span> <span class='ocrx_word' id='word_1_333' title='bbox 1077 2605 1152 2657; x_wconf 83' lang='lat' dir='ltr'>te,</span> <span class='ocrx_word' id='word_1_334' title='bbox 1181 2594 1314 2665; x_wconf 87' lang='lat' dir='ltr'>quia</span> <span class='ocrx_word' id='word_1_335' title='bbox 1347 2594 1442 2647; x_wconf 89' lang='lat' dir='ltr'>viri</span> <span class='ocrx_word' id='word_1_336' title='bbox 1464 2596 1860 2666; x_wconf 88' lang='lat' dir='ltr'>portendentes</span> <span class='ocrx_word' id='word_1_337' title='bbox 1888 2602 2041 2651; x_wconf 89' lang='lat' dir='ltr'>sunt.</span> 
     </span>
    </p>
   </div>
   <div class='ocr_carea' id='block_1_44' title="bbox 445 2683 2039 2753">
    <p class='ocr_par' dir='ltr' id='par_1_44' title="bbox 445 2683 2039 2753">
     <span class='ocr_line' id='line_1_44' title="bbox 445 2683 2039 2753; baseline 0 -15"><span class='ocrx_word' id='word_1_338' title='bbox 445 2685 583 2738; x_wconf 89' lang='lat' dir='ltr'>Ecce</span> <span class='ocrx_word' id='word_1_339' title='bbox 613 2683 761 2738; x_wconf 90' lang='lat' dir='ltr'>enim</span> <span class='ocrx_word' id='word_1_340' title='bbox 790 2700 892 2753; x_wconf 86' lang='lat' dir='ltr'>ego</span> <span class='ocrx_word' id='word_1_341' title='bbox 923 2683 1197 2736; x_wconf 87' lang='lat' dir='ltr'>adducam</span> <span class='ocrx_word' id='word_1_342' title='bbox 1232 2700 1453 2736; x_wconf 80' lang='lat' dir='ltr'>servum</span> <span class='ocrx_word' id='word_1_343' title='bbox 1499 2700 1684 2738; x_wconf 90' lang='lat' dir='ltr'>meum</span> <span class='ocrx_word' id='word_1_344' title='bbox 1709 2686 2039 2739; x_wconf 73' lang='lat' dir='ltr'>orientem.»</span> 
     </span>
    </p>
   </div>
   <div class='ocr_carea' id='block_1_45' title="bbox 448 2772 2044 2843">
    <p class='ocr_par' dir='ltr' id='par_1_45' title="bbox 448 2772 2044 2843">
     <span class='ocr_line' id='line_1_45' title="bbox 448 2772 2044 2843; baseline -0.001 -15"><span class='ocrx_word' id='word_1_345' title='bbox 448 2775 567 2828; x_wconf 89' lang='lat' dir='ltr'>Hoc</span> <span class='ocrx_word' id='word_1_346' title='bbox 600 2773 720 2827; x_wconf 91' lang='lat' dir='ltr'>loco</span> <span class='ocrx_word' id='word_1_347' title='bbox 749 2774 940 2827; x_wconf 90' lang='lat' dir='ltr'>Jesum</span> <span class='ocrx_word' id='word_1_348' title='bbox 963 2788 1091 2825; x_wconf 87' lang='lat' dir='ltr'>eum</span> <span class='ocrx_word' id='word_1_349' title='bbox 1128 2778 1350 2825; x_wconf 88' lang='lat' dir='ltr'>tantum</span> <span class='ocrx_word' id='word_1_350' title='bbox 1377 2773 1537 2842; x_wconf 84' lang='lat' dir='ltr'>juxta</span> <span class='ocrx_word' id='word_1_351' title='bbox 1564 2772 1813 2826; x_wconf 86' lang='lat' dir='ltr'>litteram</span> <span class='ocrx_word' id='word_1_352' title='bbox 1845 2773 2044 2843; x_wconf 85' lang='lat' dir='ltr'>accipi-</span> 
     </span>
    </p>
   </div>
   <div class='ocr_carea' id='block_1_46' title="bbox 443 2844 2043 2932">
    <p class='ocr_par' dir='ltr' id='par_1_46' title="bbox 443 2844 2043 2932">
     <span class='ocr_line' id='line_1_46' title="bbox 443 2844 2043 2932; baseline 0 -16"><span class='ocrx_word' id='word_1_353' title='bbox 443 2879 589 2925; x_wconf 89' lang='lat' dir='ltr'>mus,</span> <span class='ocrx_word' id='word_1_354' title='bbox 624 2862 721 2932; x_wconf 88' lang='lat' dir='ltr'>qui</span> <span class='ocrx_word' id='word_1_355' title='bbox 752 2861 901 2915; x_wconf 82' lang='lat' dir='ltr'>ﬁlius</span> <span class='ocrx_word' id='word_1_356' title='bbox 951 2861 1058 2914; x_wconf 86' lang='lat' dir='ltr'>fuit</span> <span class='ocrx_word' id='word_1_357' title='bbox 1102 2844 1392 2923; x_wconf 77' lang='lat' dir='ltr'>Josedech,</span> <span class='ocrx_word' id='word_1_358' title='bbox 1429 2862 1520 2914; x_wconf 92' lang='lat' dir='ltr'>cui</span> <span class='ocrx_word' id='word_1_359' title='bbox 1558 2861 1905 2931; x_wconf 86' lang='lat' dir='ltr'>promittitur</span> <span class='ocrx_word' id='word_1_360' title='bbox 1941 2862 2043 2915; x_wconf 87' lang='lat' dir='ltr'>ad-</span> 
     </span>
    </p>
   </div>
   <div class='ocr_carea' id='block_1_47' title="bbox 446 2950 2043 3021">
    <p class='ocr_par' dir='ltr' id='par_1_47' title="bbox 446 2950 2043 3021">
     <span class='ocr_line' id='line_1_47' title="bbox 446 2950 2043 3021; baseline -0.001 -17"><span class='ocrx_word' id='word_1_361' title='bbox 446 2957 645 3006; x_wconf 84' lang='lat' dir='ltr'>ventus</span> <span class='ocrx_word' id='word_1_362' title='bbox 677 2950 799 3004; x_wconf 89' lang='lat' dir='ltr'>Filii</span> <span class='ocrx_word' id='word_1_363' title='bbox 841 2950 962 3004; x_wconf 91' lang='lat' dir='ltr'>Dei.</span> <span class='ocrx_word' id='word_1_364' title='bbox 998 2950 1138 3003; x_wconf 89' lang='lat' dir='ltr'>Cum</span> <span class='ocrx_word' id='word_1_365' title='bbox 1188 2950 1340 3003; x_wconf 90' lang='lat' dir='ltr'>enim</span> <span class='ocrx_word' id='word_1_366' title='bbox 1378 2950 1635 3021; x_wconf 88' lang='lat' dir='ltr'>superius</span> <span class='ocrx_word' id='word_1_367' title='bbox 1678 2951 1826 3005; x_wconf 90' lang='lat' dir='ltr'>hunc</span> <span class='ocrx_word' id='word_1_368' title='bbox 1852 2952 2043 3005; x_wconf 88' lang='lat' dir='ltr'>Jesum</span> 
     </span>
    </p>
   </div>
   <div class='ocr_carea' id='block_1_48' title="bbox 449 3039 2046 3110">
    <p class='ocr_par' dir='ltr' id='par_1_48' title="bbox 449 3039 2046 3110">
     <span class='ocr_line' id='line_1_48' title="bbox 449 3039 2046 3110; baseline -0.001 -15"><span class='ocrx_word' id='word_1_369' title='bbox 449 3040 796 3096; x_wconf 88' lang='lat' dir='ltr'>sacerdotem</span> <span class='ocrx_word' id='word_1_370' title='bbox 820 3046 1019 3110; x_wconf 87' lang='lat' dir='ltr'>typum</span> <span class='ocrx_word' id='word_1_371' title='bbox 1056 3039 1264 3093; x_wconf 88' lang='lat' dir='ltr'>Christi</span> <span class='ocrx_word' id='word_1_372' title='bbox 1304 3039 1610 3093; x_wconf 78' lang='lat' dir='ltr'>dixerimus</span> <span class='ocrx_word' id='word_1_373' title='bbox 1644 3040 1869 3099; x_wconf 85' lang='lat' dir='ltr'>habere,</span> <span class='ocrx_word' id='word_1_374' title='bbox 1898 3056 2046 3094; x_wconf 91' lang='lat' dir='ltr'>nunc</span> 
     </span>
    </p>
   </div>
   <div class='ocr_carea' id='block_1_49' title="bbox 446 3126 2044 3198">
    <p class='ocr_par' dir='ltr' id='par_1_49' title="bbox 446 3126 2044 3198">
     <span class='ocr_line' id='line_1_49' title="bbox 446 3126 2044 3198; baseline -0.001 -15"><span class='ocrx_word' id='word_1_375' title='bbox 446 3134 668 3183; x_wconf 89' lang='lat' dir='ltr'>tantum</span> <span class='ocrx_word' id='word_1_376' title='bbox 701 3144 828 3182; x_wconf 80' lang='lat' dir='ltr'>eum</span> <span class='ocrx_word' id='word_1_377' title='bbox 867 3128 1031 3197; x_wconf 87' lang='lat' dir='ltr'>juxta</span> <span class='ocrx_word' id='word_1_378' title='bbox 1088 3126 1330 3181; x_wconf 88' lang='lat' dir='ltr'>litteram</span> <span class='ocrx_word' id='word_1_379' title='bbox 1386 3128 1708 3198; x_wconf 86' lang='lat' dir='ltr'>accipimus,</span> <span class='ocrx_word' id='word_1_380' title='bbox 1760 3128 2044 3183; x_wconf 89' lang='lat' dir='ltr'>videamus</span> 
     </span>
    </p>
   </div>
   <div class='ocr_carea' id='block_1_50' title="bbox 444 3214 2045 3288">
    <p class='ocr_par' dir='ltr' id='par_1_50' title="bbox 444 3214 2045 3288">
     <span class='ocr_line' id='line_1_50' title="bbox 444 3214 2045 3288; baseline -0.001 -16"><span class='ocrx_word' id='word_1_381' title='bbox 444 3234 595 3273; x_wconf 92' lang='lat' dir='ltr'>nunc</span> <span class='ocrx_word' id='word_1_382' title='bbox 617 3217 748 3288; x_wconf 91' lang='lat' dir='ltr'>quid</span> <span class='ocrx_word' id='word_1_383' title='bbox 778 3216 1015 3286; x_wconf 87' lang='lat' dir='ltr'>angelus</span> <span class='ocrx_word' id='word_1_384' title='bbox 1044 3214 1101 3269; x_wconf 93' lang='lat' dir='ltr'>in</span> <span class='ocrx_word' id='word_1_385' title='bbox 1133 3232 1372 3287; x_wconf 88' lang='lat' dir='ltr'>persona</span> <span class='ocrx_word' id='word_1_386' title='bbox 1394 3216 1490 3269; x_wconf 92' lang='lat' dir='ltr'>Dei</span> <span class='ocrx_word' id='word_1_387' title='bbox 1521 3217 2045 3287; x_wconf 87' lang='lat' dir='ltr'>loquens,huicJesu</span> 
     </span>
    </p>
   </div>
   <div class='ocr_carea' id='block_1_51' title="bbox 446 3303 2045 3381">
    <p class='ocr_par' dir='ltr' id='par_1_51' title="bbox 446 3303 2045 3381">
     <span class='ocr_line' id='line_1_51' title="bbox 446 3303 2045 3381; baseline -0.002 -20"><span class='ocrx_word' id='word_1_388' title='bbox 446 3307 598 3361; x_wconf 87' lang='lat' dir='ltr'>dicat</span> <span class='ocrx_word' id='word_1_389' title='bbox 629 3320 641 3354; x_wconf 89' lang='lat'><strong>:</strong></span> <span class='ocrx_word' id='word_1_390' title='bbox 679 3326 701 3357; x_wconf 68' lang='grc' dir='ltr'>ι</span> <span class='ocrx_word' id='word_1_391' title='bbox 736 3305 902 3368; x_wconf 86' lang='lat' dir='ltr'>Audi,</span> <span class='ocrx_word' id='word_1_392' title='bbox 950 3305 1083 3358; x_wconf 85' lang='lat' dir='ltr'>Jesu</span> <span class='ocrx_word' id='word_1_393' title='bbox 1140 3303 1398 3358; x_wconf 83' lang='lat' dir='ltr'>sacerdos</span> <span class='ocrx_word' id='word_1_394' title='bbox 1418 3319 1669 3381; x_wconf 40' lang='lat' dir='ltr'>Imagne,</span> <span class='ocrx_word' id='word_1_395' title='bbox 1700 3310 1762 3359; x_wconf 90' lang='lat' dir='ltr'>tu</span> <span class='ocrx_word' id='word_1_396' title='bbox 1785 3313 1839 3357; x_wconf 90' lang='lat' dir='ltr'>et</span> <span class='ocrx_word' id='word_1_397' title='bbox 1862 3304 2045 3358; x_wconf 84' lang='lat' dir='ltr'>amici</span> 
     </span>
    </p>
   </div>
   <div class='ocr_carea' id='block_1_52' title="bbox 445 3391 2043 3466">
    <p class='ocr_par' dir='ltr' id='par_1_52' title="bbox 445 3391 2043 3466">
     <span class='ocr_line' id='line_1_52' title="bbox 445 3391 2043 3466; baseline -0.001 -16"><span class='ocrx_word' id='word_1_398' title='bbox 445 3395 551 3461; x_wconf 87' lang='lat' dir='ltr'>tui,</span> <span class='ocrx_word' id='word_1_399' title='bbox 586 3394 683 3449; x_wconf 77' lang='lat' dir='ltr'>»id</span> <span class='ocrx_word' id='word_1_400' title='bbox 704 3399 790 3449; x_wconf 92' lang='lat' dir='ltr'>est</span> <span class='ocrx_word' id='word_1_401' title='bbox 804 3392 1457 3466; x_wconf 65' lang='lat' dir='ltr'>prophetaecaateri.l\&#39;am</span> <span class='ocrx_word' id='word_1_402' title='bbox 1489 3399 1546 3446; x_wconf 90' lang='lat' dir='ltr'>et</span> <span class='ocrx_word' id='word_1_403' title='bbox 1572 3391 1740 3447; x_wconf 88' lang='lat' dir='ltr'>Jesus</span> <span class='ocrx_word' id='word_1_404' title='bbox 1770 3395 2043 3465; x_wconf 88' lang='lat' dir='ltr'>propheta</span> 
     </span>
    </p>
   </div>
   <div class='ocr_carea' id='block_1_53' title="bbox 446 3480 2043 3553">
    <p class='ocr_par' dir='ltr' id='par_1_53' title="bbox 446 3480 2043 3553">
     <span class='ocr_line' id='line_1_53' title="bbox 446 3480 2043 3553; baseline -0.002 -15"><span class='ocrx_word' id='word_1_405' title='bbox 446 3488 587 3539; x_wconf 86' lang='lat' dir='ltr'>erat.</span> <span class='ocrx_word' id='word_1_406' title='bbox 621 3482 753 3553; x_wconf 86' lang='lat' dir='ltr'>quia</span> <span class='ocrx_word' id='word_1_407' title='bbox 782 3482 1067 3535; x_wconf 86' lang='lat' dir='ltr'>Christum</span> <span class='ocrx_word' id='word_1_408' title='bbox 1096 3498 1206 3534; x_wconf 90' lang='lat' dir='ltr'>non</span> <span class='ocrx_word' id='word_1_409' title='bbox 1237 3480 1438 3546; x_wconf 77' lang='lat' dir='ltr'>verbis,</span> <span class='ocrx_word' id='word_1_410' title='bbox 1472 3481 1570 3534; x_wconf 89' lang='lat' dir='ltr'>sed</span> <span class='ocrx_word' id='word_1_411' title='bbox 1600 3481 1827 3535; x_wconf 89' lang='lat' dir='ltr'>nomine</span> <span class='ocrx_word' id='word_1_412' title='bbox 1855 3483 2043 3552; x_wconf 62' lang='lat' dir='ltr'>praesi-</span> 
     </span>
    </p>
   </div>
   <div class='ocr_carea' id='block_1_54' title="bbox 444 3569 2040 3643">
    <p class='ocr_par' dir='ltr' id='par_1_54' title="bbox 444 3569 2040 3643">
     <span class='ocr_line' id='line_1_54' title="bbox 444 3569 2040 3643; baseline 0 -18"><span class='ocrx_word' id='word_1_413' title='bbox 444 3572 656 3643; x_wconf 86' lang='lat' dir='ltr'>gnabat</span> <span class='ocrx_word' id='word_1_414' title='bbox 675 3577 732 3624; x_wconf 92' lang='lat' dir='ltr'>et</span> <span class='ocrx_word' id='word_1_415' title='bbox 760 3570 1041 3638; x_wconf 88' lang='lat' dir='ltr'>operibus.</span> <span class='ocrx_word' id='word_1_416' title='bbox 1070 3569 1356 3639; x_wconf 83' lang='lat' dir='ltr'>Propheta</span> <span class='ocrx_word' id='word_1_417' title='bbox 1384 3569 1530 3622; x_wconf 90' lang='lat' dir='ltr'>enim</span> <span class='ocrx_word' id='word_1_418' title='bbox 1563 3570 1788 3635; x_wconf 89' lang='lat' dir='ltr'>dicitur,</span> <span class='ocrx_word' id='word_1_419' title='bbox 1819 3586 1927 3625; x_wconf 90' lang='lat' dir='ltr'>non</span> <span class='ocrx_word' id='word_1_420' title='bbox 1949 3588 2040 3626; x_wconf 90' lang='lat' dir='ltr'>so-</span> 
     </span>
    </p>
   </div>
   <div class='ocr_carea' id='block_1_55' title="bbox 447 3658 2041 3731">
    <p class='ocr_par' dir='ltr' id='par_1_55' title="bbox 447 3658 2041 3731">
     <span class='ocr_line' id='line_1_55' title="bbox 447 3658 2041 3731; baseline 0.001 -18"><span class='ocrx_word' id='word_1_421' title='bbox 447 3660 563 3715; x_wconf 89' lang='lat' dir='ltr'>lum</span> <span class='ocrx_word' id='word_1_422' title='bbox 593 3659 688 3731; x_wconf 91' lang='lat' dir='ltr'>qui</span> <span class='ocrx_word' id='word_1_423' title='bbox 720 3659 789 3712; x_wconf 92' lang='lat' dir='ltr'>de</span> <span class='ocrx_word' id='word_1_424' title='bbox 813 3658 1035 3712; x_wconf 82' lang='lat' dir='ltr'>Christo</span> <span class='ocrx_word' id='word_1_425' title='bbox 1056 3658 1394 3711; x_wconf 87' lang='lat' dir='ltr'>vaticinatur</span> <span class='ocrx_word' id='word_1_426' title='bbox 1416 3658 1715 3723; x_wconf 85' lang='lat' dir='ltr'>verbis,sed</span> <span class='ocrx_word' id='word_1_427' title='bbox 1749 3660 1918 3714; x_wconf 89' lang='lat' dir='ltr'>etiam</span> <span class='ocrx_word' id='word_1_428' title='bbox 1947 3661 2041 3714; x_wconf 92' lang='lat' dir='ltr'>ille</span> 
     </span>
    </p>
   </div>
   <div class='ocr_carea' id='block_1_56' title="bbox 446 3744 2041 3819">
    <p class='ocr_par' dir='ltr' id='par_1_56' title="bbox 446 3744 2041 3819">
     <span class='ocr_line' id='line_1_56' title="bbox 446 3744 2041 3819; baseline 0.001 -17"><span class='ocrx_word' id='word_1_429' title='bbox 446 3748 543 3819; x_wconf 88' lang='lat' dir='ltr'>qui</span> <span class='ocrx_word' id='word_1_430' title='bbox 568 3763 695 3801; x_wconf 91' lang='lat' dir='ltr'>eum</span> <span class='ocrx_word' id='word_1_431' title='bbox 728 3746 924 3815; x_wconf 84' lang='lat' dir='ltr'>figuris</span> <span class='ocrx_word' id='word_1_432' title='bbox 944 3750 1000 3798; x_wconf 91' lang='lat' dir='ltr'>et</span> <span class='ocrx_word' id='word_1_433' title='bbox 1044 3744 1311 3814; x_wconf 88' lang='lat' dir='ltr'>symbolis</span> <span class='ocrx_word' id='word_1_434' title='bbox 1335 3746 1608 3817; x_wconf 89' lang='lat' dir='ltr'>designat.</span> <span class='ocrx_word' id='word_1_435' title='bbox 1643 3747 1880 3802; x_wconf 88' lang='lat' dir='ltr'>Jubetur</span> <span class='ocrx_word' id='word_1_436' title='bbox 1908 3765 2041 3818; x_wconf 91' lang='lat' dir='ltr'>ergo</span> 
     </span>
    </p>
   </div>
   <div class='ocr_carea' id='block_1_57' title="bbox 446 3833 2041 3907">
    <p class='ocr_par' dir='ltr' id='par_1_57' title="bbox 446 3833 2041 3907">
     <span class='ocr_line' id='line_1_57' title="bbox 446 3833 2041 3907; baseline 0 -17"><span class='ocrx_word' id='word_1_437' title='bbox 446 3837 609 3890; x_wconf 87' lang='lat' dir='ltr'>Jesus</span> <span class='ocrx_word' id='word_1_438' title='bbox 634 3834 848 3897; x_wconf 90' lang='lat' dir='ltr'>audire,</span> <span class='ocrx_word' id='word_1_439' title='bbox 871 3833 1144 3903; x_wconf 87' lang='lat' dir='ltr'>jubentur</span> <span class='ocrx_word' id='word_1_440' title='bbox 1172 3834 1340 3887; x_wconf 89' lang='lat' dir='ltr'>etiam</span> <span class='ocrx_word' id='word_1_441' title='bbox 1391 3836 1586 3889; x_wconf 91' lang='lat' dir='ltr'>audire</span> <span class='ocrx_word' id='word_1_442' title='bbox 1614 3836 1779 3889; x_wconf 88' lang='lat' dir='ltr'>amici</span> <span class='ocrx_word' id='word_1_443' title='bbox 1808 3838 1949 3907; x_wconf 89' lang='lat' dir='ltr'>ejus,</span> <span class='ocrx_word' id='word_1_444' title='bbox 1984 3837 2041 3890; x_wconf 90' lang='lat' dir='ltr'>id</span> 
     </span>
    </p>
   </div>
   <div class='ocr_carea' id='block_1_58' title="bbox 446 3922 2042 3997">
    <p class='ocr_par' dir='ltr' id='par_1_58' title="bbox 446 3922 2042 3997">
     <span class='ocr_line' id='line_1_58' title="bbox 446 3922 2042 3997; baseline 0.001 -18"><span class='ocrx_word' id='word_1_445' title='bbox 446 3930 533 3979; x_wconf 91' lang='lat' dir='ltr'>est</span> <span class='ocrx_word' id='word_1_446' title='bbox 560 3922 745 3978; x_wconf 81' lang='lat' dir='ltr'>caeteri</span> <span class='ocrx_word' id='word_1_447' title='bbox 780 3923 1086 3993; x_wconf 65' lang='lat' dir='ltr'>praphetaa,</span> <span class='ocrx_word' id='word_1_448' title='bbox 1118 3923 1265 3994; x_wconf 91' lang='lat' dir='ltr'>quod</span> <span class='ocrx_word' id='word_1_449' title='bbox 1292 3923 1498 3978; x_wconf 89' lang='lat' dir='ltr'>dicitur</span> <span class='ocrx_word' id='word_1_450' title='bbox 1530 3943 1576 3977; x_wconf 77' lang='grc' dir='ltr'>ει</span> <span class='ocrx_word' id='word_1_451' title='bbox 1600 3923 1742 3979; x_wconf 87' lang='lat' dir='ltr'>Ecce</span> <span class='ocrx_word' id='word_1_452' title='bbox 1761 3926 1910 3980; x_wconf 91' lang='lat' dir='ltr'>enim</span> <span class='ocrx_word' id='word_1_453' title='bbox 1938 3943 2042 3997; x_wconf 86' lang='lat' dir='ltr'>ego</span> 
     </span>
    </p>
   </div>
   <div class='ocr_carea' id='block_1_59' title="bbox 443 4011 1560 4067">
    <p class='ocr_par' dir='ltr' id='par_1_59' title="bbox 443 4011 1560 4067">
     <span class='ocr_line' id='line_1_59' title="bbox 443 4011 1560 4067; baseline -0.003 0"><span class='ocrx_word' id='word_1_454' title='bbox 443 4013 718 4067; x_wconf 86' lang='lat' dir='ltr'>adducam</span> <span class='ocrx_word' id='word_1_455' title='bbox 745 4028 965 4066; x_wconf 89' lang='lat' dir='ltr'>servum</span> <span class='ocrx_word' id='word_1_456' title='bbox 996 4028 1181 4065; x_wconf 88' lang='lat' dir='ltr'>meum</span> <span class='ocrx_word' id='word_1_457' title='bbox 1214 4011 1508 4066; x_wconf 90' lang='lat' dir='ltr'>orientem.</span> <span class='ocrx_word' id='word_1_458' title='bbox 1538 4032 1560 4064; x_wconf 82' lang='lat'>3</span> 
     </span>
    </p>
   </div>
   <div class='ocr_carea' id='block_1_60' title="bbox 523 4100 2044 4175">
    <p class='ocr_par' dir='ltr' id='par_1_60' title="bbox 523 4100 2044 4175">
     <span class='ocr_line' id='line_1_60' title="bbox 523 4100 2044 4175; baseline 0.003 -21"><span class='ocrx_word' id='word_1_459' title='bbox 523 4123 546 4154; x_wconf 73' lang='grc' dir='ltr'>α</span> <span class='ocrx_word' id='word_1_460' title='bbox 575 4102 718 4167; x_wconf 87' lang='lat' dir='ltr'>Quia</span> <span class='ocrx_word' id='word_1_461' title='bbox 746 4118 871 4156; x_wconf 92' lang='lat' dir='ltr'>ecce</span> <span class='ocrx_word' id='word_1_462' title='bbox 900 4100 1060 4172; x_wconf 89' lang='lat' dir='ltr'>lapis,</span> <span class='ocrx_word' id='word_1_463' title='bbox 1093 4118 1257 4171; x_wconf 91' lang='lat' dir='ltr'>quem</span> <span class='ocrx_word' id='word_1_464' title='bbox 1288 4101 1417 4155; x_wconf 88' lang='lat' dir='ltr'>dedi</span> <span class='ocrx_word' id='word_1_465' title='bbox 1446 4118 1633 4156; x_wconf 89' lang='lat' dir='ltr'>coram</span> <span class='ocrx_word' id='word_1_466' title='bbox 1680 4103 1833 4161; x_wconf 73' lang='lat' dir='ltr'>Iesu,</span> <span class='ocrx_word' id='word_1_467' title='bbox 1874 4120 2044 4175; x_wconf 88' lang='lat' dir='ltr'>super</span> 
     </span>
    </p>
   </div>
   <div class='ocr_carea' id='block_1_61' title="bbox 442 4190 2045 4264">
    <p class='ocr_par' dir='ltr' id='par_1_61' title="bbox 442 4190 2045 4264">
     <span class='ocr_line' id='line_1_61' title="bbox 442 4190 2045 4264; baseline 0.001 -18"><span class='ocrx_word' id='word_1_468' title='bbox 442 4192 689 4264; x_wconf 90' lang='lat' dir='ltr'>lapidem</span> <span class='ocrx_word' id='word_1_469' title='bbox 720 4207 896 4244; x_wconf 90' lang='lat' dir='ltr'>unum</span> <span class='ocrx_word' id='word_1_470' title='bbox 928 4196 1146 4260; x_wconf 77' lang='lat' dir='ltr'>septem</span> <span class='ocrx_word' id='word_1_471' title='bbox 1191 4190 1335 4243; x_wconf 91' lang='lat' dir='ltr'>oculi</span> <span class='ocrx_word' id='word_1_472' title='bbox 1367 4196 1519 4244; x_wconf 91' lang='lat' dir='ltr'>sunt.</span> <span class='ocrx_word' id='word_1_473' title='bbox 1551 4210 1572 4241; x_wconf 78' lang='grc' dir='ltr'><strong><em>ι</em></strong></span> <span class='ocrx_word' id='word_1_474' title='bbox 1604 4192 1733 4245; x_wconf 68' lang='lat' dir='ltr'>Haec</span> <span class='ocrx_word' id='word_1_475' title='bbox 1772 4192 2045 4261; x_wconf 89' lang='lat' dir='ltr'>jubentur</span> 
     </span>
    </p>
   </div>
   <div class='ocr_carea' id='block_1_62' title="bbox 446 4277 2042 4348">
    <p class='ocr_par' dir='ltr' id='par_1_62' title="bbox 446 4277 2042 4348">
     <span class='ocr_line' id='line_1_62' title="bbox 446 4277 2042 4348; baseline 0.001 -14"><span class='ocrx_word' id='word_1_476' title='bbox 446 4280 662 4341; x_wconf 89' lang='lat' dir='ltr'>audire,</span> <span class='ocrx_word' id='word_1_477' title='bbox 692 4278 957 4348; x_wconf 91' lang='lat' dir='ltr'>quoniam</span> <span class='ocrx_word' id='word_1_478' title='bbox 989 4277 1097 4329; x_wconf 80' lang='lat' dir='ltr'>viri</span> <span class='ocrx_word' id='word_1_479' title='bbox 1122 4278 1520 4347; x_wconf 88' lang='lat' dir='ltr'>portendentes</span> <span class='ocrx_word' id='word_1_480' title='bbox 1538 4285 1689 4334; x_wconf 90' lang='lat' dir='ltr'>sunt.</span> <span class='ocrx_word' id='word_1_481' title='bbox 1714 4280 1818 4334; x_wconf 91' lang='lat' dir='ltr'>hoc</span> <span class='ocrx_word' id='word_1_482' title='bbox 1844 4290 1947 4347; x_wconf 91' lang='lat' dir='ltr'>est,</span> <span class='ocrx_word' id='word_1_483' title='bbox 1984 4282 2042 4336; x_wconf 92' lang='lat' dir='ltr'>in</span> 
     </span>
    </p>
   </div>
   <div class='ocr_carea' id='block_1_63' title="bbox 2128 1794 3722 1865">
    <p class='ocr_par' dir='ltr' id='par_1_63' title="bbox 2128 1794 3722 1865">
     <span class='ocr_line' id='line_1_63' title="bbox 2128 1794 3722 1865; baseline 0.001 -18"><span class='ocrx_word' id='word_1_484' title='bbox 2128 1795 2362 1848; x_wconf 86' lang='lat' dir='ltr'>tradidit</span> <span class='ocrx_word' id='word_1_485' title='bbox 2392 1794 2548 1847; x_wconf 91' lang='lat' dir='ltr'>illum</span> <span class='ocrx_word' id='word_1_486' title='bbox 2580 1795 2647 1847; x_wconf 89' lang='lat' dir='ltr'>ad</span> <span class='ocrx_word' id='word_1_487' title='bbox 2681 1796 3099 1849; x_wconf 84' lang='lat' dir='ltr'>mortem.Tunc</span> <span class='ocrx_word' id='word_1_488' title='bbox 3115 1795 3431 1849; x_wconf 90' lang='lat' dir='ltr'>dimittetur</span> <span class='ocrx_word' id='word_1_489' title='bbox 3450 1794 3722 1865; x_wconf 84' lang='lat' dir='ltr'>iniquitas</span> 
     </span>
    </p>
   </div>
   <div class='ocr_carea' id='block_1_64' title="bbox 2130 1882 3721 1953">
    <p class='ocr_par' dir='ltr' id='par_1_64' title="bbox 2130 1882 3721 1953">
     <span class='ocr_line' id='line_1_64' title="bbox 2130 1882 3721 1953; baseline -0.001 -16"><span class='ocrx_word' id='word_1_490' title='bbox 2130 1889 2294 1937; x_wconf 74' lang='lat' dir='ltr'>terrae</span> <span class='ocrx_word' id='word_1_491' title='bbox 2314 1883 2482 1936; x_wconf 91' lang='lat' dir='ltr'>illius.</span> <span class='ocrx_word' id='word_1_492' title='bbox 2510 1884 2572 1937; x_wconf 93' lang='lat' dir='ltr'>In</span> <span class='ocrx_word' id='word_1_493' title='bbox 2587 1883 2843 1953; x_wconf 88' lang='lat' dir='ltr'>passione</span> <span class='ocrx_word' id='word_1_494' title='bbox 2870 1884 3018 1937; x_wconf 86' lang='lat' dir='ltr'>enim</span> <span class='ocrx_word' id='word_1_495' title='bbox 3048 1884 3282 1937; x_wconf 90' lang='lat' dir='ltr'>dimissa</span> <span class='ocrx_word' id='word_1_496' title='bbox 3320 1889 3404 1937; x_wconf 89' lang='lat' dir='ltr'>est</span> <span class='ocrx_word' id='word_1_497' title='bbox 3430 1882 3721 1952; x_wconf 86' lang='lat' dir='ltr'>iniquitas.</span> 
     </span>
    </p>
   </div>
   <div class='ocr_carea' id='block_1_65' title="bbox 2130 1970 3721 2043">
    <p class='ocr_par' dir='ltr' id='par_1_65' title="bbox 2130 1970 3721 2043">
     <span class='ocr_line' id='line_1_65' title="bbox 2130 1970 3721 2043; baseline -0.003 -16"><span class='ocrx_word' id='word_1_498' title='bbox 2130 1979 2187 2027; x_wconf 89' lang='lat' dir='ltr'>et</span> <span class='ocrx_word' id='word_1_499' title='bbox 2217 1973 2485 2026; x_wconf 88' lang='lat' dir='ltr'>redonata</span> <span class='ocrx_word' id='word_1_500' title='bbox 2500 1972 2723 2041; x_wconf 87' lang='lat' dir='ltr'>justitia</span> <span class='ocrx_word' id='word_1_501' title='bbox 2754 1972 2810 2025; x_wconf 91' lang='lat' dir='ltr'>in</span> <span class='ocrx_word' id='word_1_502' title='bbox 2838 1972 2932 2027; x_wconf 90' lang='lat' dir='ltr'>die</span> <span class='ocrx_word' id='word_1_503' title='bbox 2954 1989 3084 2037; x_wconf 89' lang='lat' dir='ltr'>una,</span> <span class='ocrx_word' id='word_1_504' title='bbox 3132 1973 3202 2026; x_wconf 92' lang='lat' dir='ltr'>de</span> <span class='ocrx_word' id='word_1_505' title='bbox 3231 1988 3344 2043; x_wconf 87' lang='lat' dir='ltr'>qua</span> <span class='ocrx_word' id='word_1_506' title='bbox 3371 1970 3679 2025; x_wconf 83' lang='lat' dir='ltr'>Psalmista</span> <span class='ocrx_word' id='word_1_507' title='bbox 3709 1987 3721 2021; x_wconf 91' lang='lat'><strong>:</strong></span> 
     </span>
    </p>
   </div>
   <div class='ocr_carea' id='block_1_66' title="bbox 2132 2060 3290 2129">
    <p class='ocr_par' dir='ltr' id='par_1_66' title="bbox 2132 2060 3290 2129">
     <span class='ocr_line' id='line_1_66' title="bbox 2132 2060 3290 2129; baseline 0.001 -20"><span class='ocrx_word' id='word_1_508' title='bbox 2132 2083 2153 2109; x_wconf 70' lang='grc' dir='ltr'><strong><em>α</em></strong></span> <span class='ocrx_word' id='word_1_509' title='bbox 2180 2062 2308 2114; x_wconf 69' lang='grc' dir='ltr'>Ηίεο</span> <span class='ocrx_word' id='word_1_510' title='bbox 2338 2068 2424 2114; x_wconf 90' lang='lat' dir='ltr'>est</span> <span class='ocrx_word' id='word_1_511' title='bbox 2444 2060 2563 2113; x_wconf 83' lang='lat' dir='ltr'>dies</span> <span class='ocrx_word' id='word_1_512' title='bbox 2591 2076 2761 2129; x_wconf 88' lang='lat' dir='ltr'>quam</span> <span class='ocrx_word' id='word_1_513' title='bbox 2786 2060 2918 2115; x_wconf 88' lang='lat' dir='ltr'>fecit</span> <span class='ocrx_word' id='word_1_514' title='bbox 2941 2060 3231 2115; x_wconf 90' lang='lat' dir='ltr'>Dominus.</span> <span class='ocrx_word' id='word_1_515' title='bbox 3268 2080 3290 2110; x_wconf 89' lang='lat'>3</span> 
     </span>
    </p>
   </div>
   <div class='ocr_carea' id='block_1_67' title="bbox 2203 2132 3729 2211">
    <p class='ocr_par' dir='ltr' id='par_1_67' title="bbox 2203 2132 3729 2211">
     <span class='ocr_line' id='line_1_67' title="bbox 2203 2132 3729 2211; baseline 0.001 -10"><span class='ocrx_word' id='word_1_516' title='bbox 2203 2169 2225 2201; x_wconf 72' lang='grc' dir='ltr'><strong><em>ι</em></strong></span> <span class='ocrx_word' id='word_1_517' title='bbox 2262 2151 2322 2203; x_wconf 86' lang='grc' dir='ltr'><strong>1η</strong></span> <span class='ocrx_word' id='word_1_518' title='bbox 2361 2150 2453 2203; x_wconf 89' lang='lat' dir='ltr'>die</span> <span class='ocrx_word' id='word_1_519' title='bbox 2482 2149 2597 2211; x_wconf 83' lang='lat' dir='ltr'>illa,</span> <span class='ocrx_word' id='word_1_520' title='bbox 2620 2150 2759 2203; x_wconf 88' lang='lat' dir='ltr'>dicit</span> <span class='ocrx_word' id='word_1_521' title='bbox 2784 2132 3060 2203; x_wconf 85' lang='lat' dir='ltr'>Dominus</span> <span class='ocrx_word' id='word_1_522' title='bbox 3102 2149 3467 2211; x_wconf 89' lang='lat' dir='ltr'>exercituum,</span> <span class='ocrx_word' id='word_1_523' title='bbox 3503 2147 3729 2203; x_wconf 88' lang='lat' dir='ltr'>vocabit</span> 
     </span>
    </p>
   </div>
   <div class='ocr_carea' id='block_1_68' title="bbox 2125 2237 3724 2293">
    <p class='ocr_par' dir='ltr' id='par_1_68' title="bbox 2125 2237 3724 2293">
     <span class='ocr_line' id='line_1_68' title="bbox 2125 2237 3724 2293; baseline 0 -3"><span class='ocrx_word' id='word_1_524' title='bbox 2125 2238 2210 2291; x_wconf 89' lang='lat' dir='ltr'>vir</span> <span class='ocrx_word' id='word_1_525' title='bbox 2239 2238 2480 2292; x_wconf 88' lang='lat' dir='ltr'>amicum</span> <span class='ocrx_word' id='word_1_526' title='bbox 2503 2255 2667 2292; x_wconf 90' lang='lat' dir='ltr'>suum</span> <span class='ocrx_word' id='word_1_527' title='bbox 2694 2237 2889 2293; x_wconf 89' lang='lat' dir='ltr'>subter</span> <span class='ocrx_word' id='word_1_528' title='bbox 2908 2238 3125 2291; x_wconf 89' lang='lat' dir='ltr'>vineam</span> <span class='ocrx_word' id='word_1_529' title='bbox 3159 2242 3217 2291; x_wconf 90' lang='lat' dir='ltr'>et</span> <span class='ocrx_word' id='word_1_530' title='bbox 3248 2238 3443 2291; x_wconf 88' lang='lat' dir='ltr'>subter</span> <span class='ocrx_word' id='word_1_531' title='bbox 3460 2238 3652 2291; x_wconf 82' lang='lat' dir='ltr'>ficum.</span> <span class='ocrx_word' id='word_1_532' title='bbox 3697 2254 3724 2289; x_wconf 98' lang='lat'>3</span> 
     </span>
    </p>
   </div>
   <div class='ocr_carea' id='block_1_69' title="bbox 2125 2325 3731 2397">
    <p class='ocr_par' dir='ltr' id='par_1_69' title="bbox 2125 2325 3731 2397">
     <span class='ocr_line' id='line_1_69' title="bbox 2125 2325 3731 2397; baseline -0.001 -17"><span class='ocrx_word' id='word_1_533' title='bbox 2125 2332 2171 2380; x_wconf 89' lang='lat' dir='ltr'>A</span> <span class='ocrx_word' id='word_1_534' title='bbox 2203 2332 2457 2396; x_wconf 90' lang='lat' dir='ltr'>tempore</span> <span class='ocrx_word' id='word_1_535' title='bbox 2484 2326 2632 2380; x_wconf 91' lang='lat' dir='ltr'>enim</span> <span class='ocrx_word' id='word_1_536' title='bbox 2666 2327 2940 2397; x_wconf 89' lang='lat' dir='ltr'>passionis</span> <span class='ocrx_word' id='word_1_537' title='bbox 2970 2326 3178 2381; x_wconf 87' lang='lat' dir='ltr'>Christi</span> <span class='ocrx_word' id='word_1_538' title='bbox 3207 2327 3377 2397; x_wconf 70' lang='lat' dir='ltr'>caepit</span> <span class='ocrx_word' id='word_1_539' title='bbox 3395 2325 3731 2380; x_wconf 88' lang='lat' dir='ltr'>annuntiari</span> 
     </span>
    </p>
   </div>
   <div class='ocr_carea' id='block_1_70' title="bbox 2126 2413 3731 2485">
    <p class='ocr_par' dir='ltr' id='par_1_70' title="bbox 2126 2413 3731 2485">
     <span class='ocr_line' id='line_1_70' title="bbox 2126 2413 3731 2485; baseline -0.001 -16"><span class='ocrx_word' id='word_1_540' title='bbox 2126 2414 2425 2485; x_wconf 88' lang='lat' dir='ltr'>Evangeliu</span> <span class='ocrx_word' id='word_1_541' title='bbox 2436 2414 2602 2477; x_wconf 87' lang='lat' dir='ltr'>m,vir</span> <span class='ocrx_word' id='word_1_542' title='bbox 2622 2414 2961 2485; x_wconf 89' lang='lat' dir='ltr'>apostolicus</span> <span class='ocrx_word' id='word_1_543' title='bbox 2977 2419 3036 2467; x_wconf 94' lang='lat' dir='ltr'>et</span> <span class='ocrx_word' id='word_1_544' title='bbox 3048 2413 3408 2485; x_wconf 84' lang='lat' dir='ltr'>perfectus.et</span> <span class='ocrx_word' id='word_1_545' title='bbox 3426 2414 3521 2485; x_wconf 91' lang='lat' dir='ltr'>qui</span> <span class='ocrx_word' id='word_1_546' title='bbox 3543 2419 3731 2485; x_wconf 84' lang='lat' dir='ltr'>potest</span> 
     </span>
    </p>
   </div>
   <div class='ocr_carea' id='block_1_71' title="bbox 2120 2503 3729 2573">
    <p class='ocr_par' dir='ltr' id='par_1_71' title="bbox 2120 2503 3729 2573">
     <span class='ocr_line' id='line_1_71' title="bbox 2120 2503 3729 2573; baseline 0.001 -17"><span class='ocrx_word' id='word_1_547' title='bbox 2120 2504 2237 2573; x_wconf 90' lang='lat' dir='ltr'>jam</span> <span class='ocrx_word' id='word_1_548' title='bbox 2261 2503 2331 2557; x_wconf 90' lang='lat' dir='ltr'>ad</span> <span class='ocrx_word' id='word_1_549' title='bbox 2360 2503 2564 2557; x_wconf 90' lang='lat' dir='ltr'>altiora</span> <span class='ocrx_word' id='word_1_550' title='bbox 2598 2503 2990 2567; x_wconf 88' lang='lat' dir='ltr'>conscendere,</span> <span class='ocrx_word' id='word_1_551' title='bbox 3015 2509 3175 2557; x_wconf 89' lang='lat' dir='ltr'>vocat</span> <span class='ocrx_word' id='word_1_552' title='bbox 3192 2503 3436 2556; x_wconf 90' lang='lat' dir='ltr'>amicum</span> <span class='ocrx_word' id='word_1_553' title='bbox 3461 2520 3650 2564; x_wconf 90' lang='lat' dir='ltr'>suum,</span> <span class='ocrx_word' id='word_1_554' title='bbox 3670 2503 3729 2557; x_wconf 90' lang='lat' dir='ltr'>id</span> 
     </span>
    </p>
   </div>
   <div class='ocr_carea' id='block_1_72' title="bbox 2126 2590 3731 2662">
    <p class='ocr_par' dir='ltr' id='par_1_72' title="bbox 2126 2590 3731 2662">
     <span class='ocr_line' id='line_1_72' title="bbox 2126 2590 3731 2662; baseline 0.001 -18"><span class='ocrx_word' id='word_1_555' title='bbox 2126 2598 2212 2644; x_wconf 92' lang='lat' dir='ltr'>est</span> <span class='ocrx_word' id='word_1_556' title='bbox 2230 2592 2541 2651; x_wconf 80' lang='lat' dir='ltr'>credentes.</span> <span class='ocrx_word' id='word_1_557' title='bbox 2575 2592 2661 2646; x_wconf 86' lang='lat' dir='ltr'>vel</span> <span class='ocrx_word' id='word_1_558' title='bbox 2717 2597 2868 2645; x_wconf 87' lang='lat' dir='ltr'>certe</span> <span class='ocrx_word' id='word_1_559' title='bbox 2914 2592 3182 2661; x_wconf 90' lang='lat' dir='ltr'>gentilem</span> <span class='ocrx_word' id='word_1_560' title='bbox 3235 2592 3499 2662; x_wconf 87' lang='lat' dir='ltr'>pepulum</span> <span class='ocrx_word' id='word_1_561' title='bbox 3530 2590 3731 2645; x_wconf 87' lang='lat' dir='ltr'>subter</span> 
     </span>
    </p>
   </div>
   <div class='ocr_carea' id='block_1_73' title="bbox 2126 2680 3723 2751">
    <p class='ocr_par' dir='ltr' id='par_1_73' title="bbox 2126 2680 3723 2751">
     <span class='ocr_line' id='line_1_73' title="bbox 2126 2680 3723 2751; baseline 0.001 -18"><span class='ocrx_word' id='word_1_562' title='bbox 2126 2682 2364 2743; x_wconf 89' lang='lat' dir='ltr'>vineam,</span> <span class='ocrx_word' id='word_1_563' title='bbox 2383 2681 2439 2734; x_wconf 90' lang='lat' dir='ltr'>id</span> <span class='ocrx_word' id='word_1_564' title='bbox 2470 2686 2557 2736; x_wconf 92' lang='lat' dir='ltr'>est</span> <span class='ocrx_word' id='word_1_565' title='bbox 2581 2681 2864 2735; x_wconf 89' lang='lat' dir='ltr'>Christum</span> <span class='ocrx_word' id='word_1_566' title='bbox 2889 2680 2984 2751; x_wconf 91' lang='lat' dir='ltr'>qui</span> <span class='ocrx_word' id='word_1_567' title='bbox 3013 2680 3263 2751; x_wconf 88' lang='lat' dir='ltr'>loquitur</span> <span class='ocrx_word' id='word_1_568' title='bbox 3291 2681 3348 2733; x_wconf 92' lang='lat' dir='ltr'>in</span> <span class='ocrx_word' id='word_1_569' title='bbox 3381 2681 3723 2751; x_wconf 86' lang='lat' dir='ltr'>Evangelio:</span> 
     </span>
    </p>
   </div>
   <div class='ocr_carea' id='block_1_74' title="bbox 2126 2768 3732 2840">
    <p class='ocr_par' dir='ltr' id='par_1_74' title="bbox 2126 2768 3732 2840">
     <span class='ocr_line' id='line_1_74' title="bbox 2126 2768 3732 2840; baseline 0.001 -17"><span class='ocrx_word' id='word_1_570' title='bbox 2126 2770 2240 2840; x_wconf 85' lang='lat' dir='ltr'>Ego</span> <span class='ocrx_word' id='word_1_571' title='bbox 2266 2787 2388 2824; x_wconf 91' lang='lat' dir='ltr'>sum</span> <span class='ocrx_word' id='word_1_572' title='bbox 2422 2771 2550 2823; x_wconf 86' lang='lat' dir='ltr'>vitis</span> <span class='ocrx_word' id='word_1_573' title='bbox 2574 2786 2723 2835; x_wconf 83' lang='lat' dir='ltr'>vera,</span> <span class='ocrx_word' id='word_1_574' title='bbox 2776 2770 2937 2840; x_wconf 89' lang='lat' dir='ltr'>cujus</span> <span class='ocrx_word' id='word_1_575' title='bbox 2975 2768 3190 2823; x_wconf 84' lang='lat' dir='ltr'>fructus</span> <span class='ocrx_word' id='word_1_576' title='bbox 3217 2769 3463 2823; x_wconf 79' lang='lat' dir='ltr'>laetiﬁcat</span> <span class='ocrx_word' id='word_1_577' title='bbox 3498 2786 3595 2823; x_wconf 91' lang='lat' dir='ltr'>cor</span> <span class='ocrx_word' id='word_1_578' title='bbox 3631 2770 3732 2824; x_wconf 91' lang='lat' dir='ltr'>ho-</span> 
     </span>
    </p>
   </div>
   <div class='ocr_carea' id='block_1_75' title="bbox 2125 2857 3727 2928">
    <p class='ocr_par' dir='ltr' id='par_1_75' title="bbox 2125 2857 3727 2928">
     <span class='ocr_line' id='line_1_75' title="bbox 2125 2857 3727 2928; baseline 0 -16"><span class='ocrx_word' id='word_1_579' title='bbox 2125 2859 2314 2912; x_wconf 90' lang='lat' dir='ltr'>minis.</span> <span class='ocrx_word' id='word_1_580' title='bbox 2348 2859 2416 2912; x_wconf 90' lang='lat' dir='ltr'>Et</span> <span class='ocrx_word' id='word_1_581' title='bbox 2436 2858 2629 2913; x_wconf 89' lang='lat' dir='ltr'>subter</span> <span class='ocrx_word' id='word_1_582' title='bbox 2659 2859 2850 2920; x_wconf 82' lang='lat' dir='ltr'>ficum,</span> <span class='ocrx_word' id='word_1_583' title='bbox 2884 2857 2940 2911; x_wconf 90' lang='lat' dir='ltr'>id</span> <span class='ocrx_word' id='word_1_584' title='bbox 2971 2864 3058 2911; x_wconf 90' lang='lat' dir='ltr'>est</span> <span class='ocrx_word' id='word_1_585' title='bbox 3109 2858 3180 2911; x_wconf 88' lang='lat' dir='ltr'>ad</span> <span class='ocrx_word' id='word_1_586' title='bbox 3207 2857 3443 2927; x_wconf 86' lang='lat' dir='ltr'>gloriam</span> <span class='ocrx_word' id='word_1_587' title='bbox 3476 2858 3727 2928; x_wconf 85' lang='lat' dir='ltr'>Spiritus</span> 
     </span>
    </p>
   </div>
   <div class='ocr_carea' id='block_1_76' title="bbox 2126 2946 3731 3018">
    <p class='ocr_par' dir='ltr' id='par_1_76' title="bbox 2126 2946 3731 3018">
     <span class='ocr_line' id='line_1_76' title="bbox 2126 2946 3731 3018; baseline -0.001 -16"><span class='ocrx_word' id='word_1_588' title='bbox 2126 2948 2324 3013; x_wconf 87' lang='lat' dir='ltr'>sancti,</span> <span class='ocrx_word' id='word_1_589' title='bbox 2366 2948 2526 3018; x_wconf 89' lang='lat' dir='ltr'>cujus</span> <span class='ocrx_word' id='word_1_590' title='bbox 2591 2954 2724 3002; x_wconf 91' lang='lat' dir='ltr'>sunt</span> <span class='ocrx_word' id='word_1_591' title='bbox 2782 2963 2950 3017; x_wconf 88' lang='lat' dir='ltr'>poma</span> <span class='ocrx_word' id='word_1_592' title='bbox 2986 2946 3329 3009; x_wconf 87' lang='lat' dir='ltr'>dulcissima,</span> <span class='ocrx_word' id='word_1_593' title='bbox 3382 2953 3446 3000; x_wconf 92' lang='lat' dir='ltr'>ut</span> <span class='ocrx_word' id='word_1_594' title='bbox 3483 2946 3585 3000; x_wconf 92' lang='lat' dir='ltr'>sub</span> <span class='ocrx_word' id='word_1_595' title='bbox 3626 2946 3731 3000; x_wconf 82' lang='lat' dir='ltr'>tali</span> 
     </span>
    </p>
   </div>
   <div class='ocr_carea' id='block_1_77' title="bbox 2080 3035 3732 3106">
    <p class='ocr_par' dir='ltr' id='par_1_77' title="bbox 2080 3035 3732 3106">
     <span class='ocr_line' id='line_1_77' title="bbox 2080 3035 3732 3106; baseline 0 -16"><span class='ocrx_word' id='word_1_596' title='bbox 2080 3036 2452 3100; x_wconf 58' lang='lat' dir='ltr'>cumbraculo</span> <span class='ocrx_word' id='word_1_597' title='bbox 2490 3043 2701 3091; x_wconf 72' lang='lat' dir='ltr'>aaterna</span> <span class='ocrx_word' id='word_1_598' title='bbox 2742 3052 2876 3105; x_wconf 88' lang='lat' dir='ltr'>pace</span> <span class='ocrx_word' id='word_1_599' title='bbox 2916 3036 3228 3106; x_wconf 88' lang='lat' dir='ltr'>quiescant.</span> <span class='ocrx_word' id='word_1_600' title='bbox 3270 3036 3389 3089; x_wconf 87' lang='lat' dir='ltr'>Hoc</span> <span class='ocrx_word' id='word_1_601' title='bbox 3444 3035 3631 3105; x_wconf 89' lang='lat' dir='ltr'>ipsum</span> <span class='ocrx_word' id='word_1_602' title='bbox 3671 3041 3732 3090; x_wconf 89' lang='lat' dir='ltr'>et</span> 
     </span>
    </p>
   </div>
   <div class='ocr_carea' id='block_1_78' title="bbox 2126 3122 3727 3196">
    <p class='ocr_par' dir='ltr' id='par_1_78' title="bbox 2126 3122 3727 3196">
     <span class='ocr_line' id='line_1_78' title="bbox 2126 3122 3727 3196; baseline -0.001 -17"><span class='ocrx_word' id='word_1_603' title='bbox 2126 3126 2387 3180; x_wconf 71' lang='lat' dir='ltr'>Michmas</span> <span class='ocrx_word' id='word_1_604' title='bbox 2414 3126 2688 3196; x_wconf 90' lang='lat' dir='ltr'>propheta</span> <span class='ocrx_word' id='word_1_605' title='bbox 2716 3141 2858 3195; x_wconf 89' lang='lat' dir='ltr'>pene</span> <span class='ocrx_word' id='word_1_606' title='bbox 2885 3124 3022 3194; x_wconf 89' lang='lat' dir='ltr'>ipsis</span> <span class='ocrx_word' id='word_1_607' title='bbox 3050 3122 3229 3178; x_wconf 88' lang='lat' dir='ltr'>verbis</span> <span class='ocrx_word' id='word_1_608' title='bbox 3275 3123 3528 3194; x_wconf 69' lang='lat' dir='ltr'>praedixit</span> <span class='ocrx_word' id='word_1_609' title='bbox 3552 3141 3565 3177; x_wconf 87' lang='lat'><strong>:</strong></span> <span class='ocrx_word' id='word_1_610' title='bbox 3602 3140 3631 3175; x_wconf 69' lang='grc' dir='ltr'><strong><em>α</em></strong></span> <span class='ocrx_word' id='word_1_611' title='bbox 3656 3122 3727 3177; x_wconf 91' lang='lat' dir='ltr'>In</span> 
     </span>
    </p>
   </div>
   <div class='ocr_carea' id='block_1_79' title="bbox 2126 3211 3733 3285">
    <p class='ocr_par' dir='ltr' id='par_1_79' title="bbox 2126 3211 3733 3285">
     <span class='ocr_line' id='line_1_79' title="bbox 2126 3211 3733 3285; baseline -0.001 -18"><span class='ocrx_word' id='word_1_612' title='bbox 2126 3214 2215 3269; x_wconf 89' lang='lat' dir='ltr'>die</span> <span class='ocrx_word' id='word_1_613' title='bbox 2245 3215 2342 3268; x_wconf 84' lang='lat' dir='ltr'>illa</span> <span class='ocrx_word' id='word_1_614' title='bbox 2368 3214 2666 3285; x_wconf 74' lang='lat' dir='ltr'>(inquiens)</span> <span class='ocrx_word' id='word_1_615' title='bbox 2722 3213 2940 3267; x_wconf 88' lang='lat' dir='ltr'>vocabit</span> <span class='ocrx_word' id='word_1_616' title='bbox 2974 3212 3360 3284; x_wconf 89' lang='lat' dir='ltr'>unusquisque</span> <span class='ocrx_word' id='word_1_617' title='bbox 3402 3211 3733 3283; x_wconf 25' lang='lat' dir='ltr'>proximum,</span> 
     </span>
    </p>
   </div>
   <div class='ocr_carea' id='block_1_80' title="bbox 2126 3299 3730 3364">
    <p class='ocr_par' dir='ltr' id='par_1_80' title="bbox 2126 3299 3730 3364">
     <span class='ocr_line' id='line_1_80' title="bbox 2126 3299 3730 3364; baseline -0.002 -7"><span class='ocrx_word' id='word_1_618' title='bbox 2126 3320 2289 3358; x_wconf 91' lang='lat' dir='ltr'>suum</span> <span class='ocrx_word' id='word_1_619' title='bbox 2309 3310 2365 3357; x_wconf 89' lang='lat' dir='ltr'>et</span> <span class='ocrx_word' id='word_1_620' title='bbox 2381 3304 2610 3357; x_wconf 85' lang='lat' dir='ltr'>fratrem</span> <span class='ocrx_word' id='word_1_621' title='bbox 2631 3302 2825 3357; x_wconf 90' lang='lat' dir='ltr'>subter</span> <span class='ocrx_word' id='word_1_622' title='bbox 2842 3302 3007 3356; x_wconf 86' lang='lat' dir='ltr'>ﬁcum</span> <span class='ocrx_word' id='word_1_623' title='bbox 3033 3307 3091 3356; x_wconf 91' lang='lat' dir='ltr'>et</span> <span class='ocrx_word' id='word_1_624' title='bbox 3117 3301 3354 3364; x_wconf 88' lang='lat' dir='ltr'>vineam,</span> <span class='ocrx_word' id='word_1_625' title='bbox 3390 3308 3448 3355; x_wconf 89' lang='lat' dir='ltr'>et</span> <span class='ocrx_word' id='word_1_626' title='bbox 3473 3316 3584 3356; x_wconf 92' lang='lat' dir='ltr'>non</span> <span class='ocrx_word' id='word_1_627' title='bbox 3614 3299 3730 3355; x_wconf 90' lang='lat' dir='ltr'>erit</span> 
     </span>
    </p>
   </div>
   <div class='ocr_carea' id='block_1_81' title="bbox 2125 3392 2606 3464">
    <p class='ocr_par' dir='ltr' id='par_1_81' title="bbox 2125 3392 2606 3464">
     <span class='ocr_line' id='line_1_81' title="bbox 2125 3392 2606 3464; baseline -0.008 -18"><span class='ocrx_word' id='word_1_628' title='bbox 2125 3392 2222 3464; x_wconf 89' lang='lat' dir='ltr'>qui</span> <span class='ocrx_word' id='word_1_629' title='bbox 2253 3397 2550 3449; x_wconf 79' lang='lat' dir='ltr'>exterreat.</span> <span class='ocrx_word' id='word_1_630' title='bbox 2581 3415 2606 3442; x_wconf 70' lang='grc' dir='ltr'><strong><em>ι</em></strong></span> 
     </span>
    </p>
   </div>
   <div class='ocr_carea' id='block_1_82' title="bbox 2725 3534 3074 3591">
    <p class='ocr_par' dir='ltr' id='par_1_82' title="bbox 2725 3534 3074 3591">
     <span class='ocr_line' id='line_1_82' title="bbox 2725 3534 3074 3591; baseline 0.006 -2"><span class='ocrx_word' id='word_1_631' title='bbox 2725 3535 2958 3590; x_wconf 91' lang='lat' dir='ltr'>CAPUT</span> <span class='ocrx_word' id='word_1_632' title='bbox 2981 3534 3074 3591; x_wconf 85' lang='lat' dir='ltr'>IV.</span> 
     </span>
    </p>
   </div>
   <div class='ocr_carea' id='block_1_83' title="bbox 2201 3657 3724 3731">
    <p class='ocr_par' dir='ltr' id='par_1_83' title="bbox 2201 3657 3724 3731">
     <span class='ocr_line' id='line_1_83' title="bbox 2201 3657 3724 3731; baseline 0.003 -20"><span class='ocrx_word' id='word_1_633' title='bbox 2201 3680 2222 3711; x_wconf 75' lang='grc' dir='ltr'>ι</span> <span class='ocrx_word' id='word_1_634' title='bbox 2260 3661 2327 3715; x_wconf 92' lang='lat' dir='ltr'>Et</span> <span class='ocrx_word' id='word_1_635' title='bbox 2355 3677 2613 3715; x_wconf 88' lang='lat' dir='ltr'>reversus</span> <span class='ocrx_word' id='word_1_636' title='bbox 2633 3665 2718 3715; x_wconf 91' lang='lat' dir='ltr'>est</span> <span class='ocrx_word' id='word_1_637' title='bbox 2749 3661 2984 3730; x_wconf 86' lang='lat' dir='ltr'>angelus</span> <span class='ocrx_word' id='word_1_638' title='bbox 3003 3659 3098 3731; x_wconf 90' lang='lat' dir='ltr'>qui</span> <span class='ocrx_word' id='word_1_639' title='bbox 3138 3657 3474 3730; x_wconf 86' lang='lat' dir='ltr'>loquebatur</span> <span class='ocrx_word' id='word_1_640' title='bbox 3514 3659 3574 3713; x_wconf 89' lang='lat' dir='ltr'>in</span> <span class='ocrx_word' id='word_1_641' title='bbox 3605 3677 3724 3724; x_wconf 89' lang='lat' dir='ltr'>me,</span> 
     </span>
    </p>
   </div>
   <div class='ocr_carea' id='block_1_84' title="bbox 2125 3749 3729 3819">
    <p class='ocr_par' dir='ltr' id='par_1_84' title="bbox 2125 3749 3729 3819">
     <span class='ocr_line' id='line_1_84' title="bbox 2125 3749 3729 3819; baseline -0.001 -15"><span class='ocrx_word' id='word_1_642' title='bbox 2125 3754 2179 3804; x_wconf 90' lang='lat' dir='ltr'>et</span> <span class='ocrx_word' id='word_1_643' title='bbox 2195 3750 2488 3804; x_wconf 89' lang='lat' dir='ltr'>suscitavit</span> <span class='ocrx_word' id='word_1_644' title='bbox 2513 3766 2601 3803; x_wconf 90' lang='lat' dir='ltr'>me</span> <span class='ocrx_word' id='word_1_645' title='bbox 2622 3750 2781 3819; x_wconf 89' lang='lat' dir='ltr'>quasi</span> <span class='ocrx_word' id='word_1_646' title='bbox 2812 3750 2988 3803; x_wconf 92' lang='lat' dir='ltr'>virum</span> <span class='ocrx_word' id='word_1_647' title='bbox 3003 3749 3099 3819; x_wconf 91' lang='lat' dir='ltr'>qui</span> <span class='ocrx_word' id='word_1_648' title='bbox 3119 3749 3501 3803; x_wconf 90' lang='lat' dir='ltr'>suscitaturde</span> <span class='ocrx_word' id='word_1_649' title='bbox 3522 3764 3729 3803; x_wconf 86' lang='lat' dir='ltr'>somno</span> 
     </span>
    </p>
   </div>
   <div class='ocr_carea' id='block_1_85' title="bbox 2125 3837 3726 3908">
    <p class='ocr_par' dir='ltr' id='par_1_85' title="bbox 2125 3837 3726 3908">
     <span class='ocr_line' id='line_1_85' title="bbox 2125 3837 3726 3908; baseline -0.001 -16"><span class='ocrx_word' id='word_1_650' title='bbox 2125 3837 2436 3904; x_wconf 81' lang='lat' dir='ltr'>suo.»Quid</span> <span class='ocrx_word' id='word_1_651' title='bbox 2457 3839 2702 3908; x_wconf 90' lang='lat' dir='ltr'>estquod</span> <span class='ocrx_word' id='word_1_652' title='bbox 2719 3838 2858 3892; x_wconf 90' lang='lat' dir='ltr'>dicit</span> <span class='ocrx_word' id='word_1_653' title='bbox 2878 3858 2890 3891; x_wconf 87' lang='lat'>:</span> <span class='ocrx_word' id='word_1_654' title='bbox 2924 3859 2945 3887; x_wconf 76' lang='grc' dir='ltr'>ι</span> <span class='ocrx_word' id='word_1_655' title='bbox 2968 3838 3245 3892; x_wconf 88' lang='lat' dir='ltr'>Reversus</span> <span class='ocrx_word' id='word_1_656' title='bbox 3265 3843 3350 3891; x_wconf 89' lang='lat' dir='ltr'>est</span> <span class='ocrx_word' id='word_1_657' title='bbox 3381 3837 3615 3907; x_wconf 84' lang='lat' dir='ltr'>angelus</span> <span class='ocrx_word' id='word_1_658' title='bbox 3640 3838 3666 3890; x_wconf 86' lang='lat'><strong>?</strong></span> <span class='ocrx_word' id='word_1_659' title='bbox 3696 3855 3726 3891; x_wconf 91' lang='lat'>3</span> 
     </span>
    </p>
   </div>
   <div class='ocr_carea' id='block_1_86' title="bbox 2125 3925 3731 3999">
    <p class='ocr_par' dir='ltr' id='par_1_86' title="bbox 2125 3925 3731 3999">
     <span class='ocr_line' id='line_1_86' title="bbox 2125 3925 3731 3999; baseline 0 -18"><span class='ocrx_word' id='word_1_660' title='bbox 2125 3927 2246 3991; x_wconf 92' lang='lat' dir='ltr'>Quo</span> <span class='ocrx_word' id='word_1_661' title='bbox 2278 3928 2429 3981; x_wconf 84' lang='lat' dir='ltr'>enim</span> <span class='ocrx_word' id='word_1_662' title='bbox 2450 3928 2667 3982; x_wconf 89' lang='lat' dir='ltr'>abierat</span> <span class='ocrx_word' id='word_1_663' title='bbox 2687 3928 2784 3999; x_wconf 90' lang='lat' dir='ltr'>qui</span> <span class='ocrx_word' id='word_1_664' title='bbox 2813 3928 2868 3980; x_wconf 90' lang='lat' dir='ltr'>in</span> <span class='ocrx_word' id='word_1_665' title='bbox 2896 3927 3168 3998; x_wconf 85' lang='lat' dir='ltr'>propheta</span> <span class='ocrx_word' id='word_1_666' title='bbox 3212 3925 3585 3997; x_wconf 82' lang='lat' dir='ltr'>loquebatur?</span> <span class='ocrx_word' id='word_1_667' title='bbox 3613 3926 3731 3981; x_wconf 88' lang='lat' dir='ltr'>Sed</span> 
     </span>
    </p>
   </div>
   <div class='ocr_carea' id='block_1_87' title="bbox 2126 4015 3731 4087">
    <p class='ocr_par' dir='ltr' id='par_1_87' title="bbox 2126 4015 3731 4087">
     <span class='ocr_line' id='line_1_87' title="bbox 2126 4015 3731 4087; baseline 0 -17"><span class='ocrx_word' id='word_1_668' title='bbox 2126 4016 2411 4070; x_wconf 87' lang='lat' dir='ltr'>sciendum</span> <span class='ocrx_word' id='word_1_669' title='bbox 2444 4016 2591 4087; x_wconf 90' lang='lat' dir='ltr'>quod</span> <span class='ocrx_word' id='word_1_670' title='bbox 2625 4017 2850 4087; x_wconf 89' lang='lat' dir='ltr'>quando</span> <span class='ocrx_word' id='word_1_671' title='bbox 2881 4017 3129 4071; x_wconf 90' lang='lat' dir='ltr'>humana</span> <span class='ocrx_word' id='word_1_672' title='bbox 3164 4015 3438 4087; x_wconf 86' lang='lat' dir='ltr'>fragilitas</span> <span class='ocrx_word' id='word_1_673' title='bbox 3475 4031 3590 4068; x_wconf 63' lang='lat' dir='ltr'>suae</span> <span class='ocrx_word' id='word_1_674' title='bbox 3631 4032 3731 4070; x_wconf 66' lang='lat' dir='ltr'>rev</span> 
     </span>
    </p>
   </div>
   <div class='ocr_carea' id='block_1_88' title="bbox 2125 4103 3728 4176">
    <p class='ocr_par' dir='ltr' id='par_1_88' title="bbox 2125 4103 3728 4176">
     <span class='ocr_line' id='line_1_88' title="bbox 2125 4103 3728 4176; baseline 0.001 -18"><span class='ocrx_word' id='word_1_675' title='bbox 2125 4105 2809 4176; x_wconf 86' lang='lat' dir='ltr'>linquiturimbecillitati,</span> <span class='ocrx_word' id='word_1_676' title='bbox 2843 4106 2992 4160; x_wconf 90' lang='lat' dir='ltr'>Deus</span> <span class='ocrx_word' id='word_1_677' title='bbox 3024 4106 3351 4175; x_wconf 88' lang='lat' dir='ltr'>angelorum</span> <span class='ocrx_word' id='word_1_678' title='bbox 3378 4103 3584 4159; x_wconf 79' lang='lat' dir='ltr'>auxilio</span> <span class='ocrx_word' id='word_1_679' title='bbox 3614 4105 3728 4159; x_wconf 87' lang='lat' dir='ltr'>ab-</span> 
     </span>
    </p>
   </div>
   <div class='ocr_carea' id='block_1_89' title="bbox 2126 4192 3729 4263">
    <p class='ocr_par' dir='ltr' id='par_1_89' title="bbox 2126 4192 3729 4263">
     <span class='ocr_line' id='line_1_89' title="bbox 2126 4192 3729 4263; baseline 0.001 -16"><span class='ocrx_word' id='word_1_680' title='bbox 2126 4200 2211 4249; x_wconf 89' lang='lat' dir='ltr'>est</span> <span class='ocrx_word' id='word_1_681' title='bbox 2257 4193 2327 4247; x_wconf 89' lang='lat' dir='ltr'>ab</span> <span class='ocrx_word' id='word_1_682' title='bbox 2376 4195 2622 4247; x_wconf 89' lang='lat' dir='ltr'>homine.</span> <span class='ocrx_word' id='word_1_683' title='bbox 2656 4194 2936 4263; x_wconf 87' lang='lat' dir='ltr'>Propheta</span> <span class='ocrx_word' id='word_1_684' title='bbox 2988 4194 3180 4263; x_wconf 89' lang='lat' dir='ltr'>itaque</span> <span class='ocrx_word' id='word_1_685' title='bbox 3235 4209 3452 4263; x_wconf 68' lang='lat' dir='ltr'>magna:</span> <span class='ocrx_word' id='word_1_686' title='bbox 3488 4192 3729 4248; x_wconf 85' lang='lat' dir='ltr'>visionis</span> 
     </span>
    </p>
   </div>
   <div class='ocr_carea' id='block_1_90' title="bbox 2126 4280 3767 4353">
    <p class='ocr_par' dir='ltr' id='par_1_90' title="bbox 2126 4280 3767 4353">
     <span class='ocr_line' id='line_1_90' title="bbox 2126 4280 3767 4353; baseline -0.001 -16"><span class='ocrx_word' id='word_1_687' title='bbox 2126 4291 2355 4353; x_wconf 85' lang='lat' dir='ltr'>stupore</span> <span class='ocrx_word' id='word_1_688' title='bbox 2381 4281 2678 4348; x_wconf 88' lang='lat' dir='ltr'>attonitus,</span> <span class='ocrx_word' id='word_1_689' title='bbox 2707 4281 3051 4352; x_wconf 85' lang='lat' dir='ltr'>torpebat,et</span> <span class='ocrx_word' id='word_1_690' title='bbox 3077 4280 3233 4335; x_wconf 90' lang='lat' dir='ltr'>velut</span> <span class='ocrx_word' id='word_1_691' title='bbox 3264 4288 3449 4335; x_wconf 88' lang='lat' dir='ltr'>mente</span> <span class='ocrx_word' id='word_1_692' title='bbox 3478 4281 3726 4352; x_wconf 88' lang='lat' dir='ltr'>sopitus,</span> <span class='ocrx_word' id='word_1_693' title='bbox 3766 4302 3767 4305; x_wconf 43' lang='grc' dir='ltr'><strong>η</strong></span> 
     </span>
    </p>
   </div>
   <div class='ocr_carea' id='block_1_91' title="bbox 443 4363 3730 4440">
    <p class='ocr_par' dir='ltr' id='par_1_91' title="bbox 443 4363 3730 4440">
     <span class='ocr_line' id='line_1_91' title="bbox 443 4363 3730 4440; baseline 0.001 -19"><span class='ocrx_word' id='word_1_694' title='bbox 443 4369 668 4439; x_wconf 88' lang='lat' dir='ltr'>signum</span> <span class='ocrx_word' id='word_1_695' title='bbox 703 4367 945 4437; x_wconf 89' lang='lat' dir='ltr'>positum</span> <span class='ocrx_word' id='word_1_696' title='bbox 968 4366 1305 4421; x_wconf 90' lang='lat' dir='ltr'>futurorum.</span> <span class='ocrx_word' id='word_1_697' title='bbox 1340 4368 1744 4422; x_wconf 88' lang='lat' dir='ltr'>Portendentes</span> <span class='ocrx_word' id='word_1_698' title='bbox 1773 4370 1922 4424; x_wconf 91' lang='lat' dir='ltr'>enim</span> <span class='ocrx_word' id='word_1_699' title='bbox 1954 4363 2109 4424; x_wconf 90' lang='lat' dir='ltr'>di-D</span> <span class='ocrx_word' id='word_1_700' title='bbox 2128 4387 2315 4425; x_wconf 88' lang='lat' dir='ltr'>verum</span> <span class='ocrx_word' id='word_1_701' title='bbox 2345 4371 2535 4425; x_wconf 90' lang='lat' dir='ltr'>lumen</span> <span class='ocrx_word' id='word_1_702' title='bbox 2567 4369 2754 4424; x_wconf 89' lang='lat' dir='ltr'>videre</span> <span class='ocrx_word' id='word_1_703' title='bbox 2774 4386 2886 4423; x_wconf 89' lang='lat' dir='ltr'>non</span> <span class='ocrx_word' id='word_1_704' title='bbox 2914 4375 3135 4439; x_wconf 89' lang='lat' dir='ltr'>poterat</span> <span class='ocrx_word' id='word_1_705' title='bbox 3159 4369 3515 4440; x_wconf 87' lang='lat' dir='ltr'>Quapropter</span> <span class='ocrx_word' id='word_1_706' title='bbox 3542 4386 3730 4440; x_wconf 87' lang='lat' dir='ltr'>ange-</span> 
     </span>
    </p>
   </div>
   <div class='ocr_carea' id='block_1_92' title="bbox 443 4455 2043 4529">
    <p class='ocr_par' dir='ltr' id='par_1_92' title="bbox 443 4455 2043 4529">
     <span class='ocr_line' id='line_1_92' title="bbox 443 4455 2043 4529; baseline 0.001 -17"><span class='ocrx_word' id='word_1_707' title='bbox 443 4463 667 4520; x_wconf 91' lang='lat' dir='ltr'>cuntur,</span> <span class='ocrx_word' id='word_1_708' title='bbox 702 4456 798 4527; x_wconf 90' lang='lat' dir='ltr'>qui</span> <span class='ocrx_word' id='word_1_709' title='bbox 835 4455 1027 4509; x_wconf 87' lang='lat' dir='ltr'>futura</span> <span class='ocrx_word' id='word_1_710' title='bbox 1055 4456 1413 4526; x_wconf 88' lang='lat' dir='ltr'>portendunt,</span> <span class='ocrx_word' id='word_1_711' title='bbox 1446 4457 1550 4512; x_wconf 92' lang='lat' dir='ltr'>hoc</span> <span class='ocrx_word' id='word_1_712' title='bbox 1601 4463 1689 4512; x_wconf 92' lang='lat' dir='ltr'>est</span> <span class='ocrx_word' id='word_1_713' title='bbox 1721 4459 1884 4529; x_wconf 86' lang='lat' dir='ltr'>longe</span> <span class='ocrx_word' id='word_1_714' title='bbox 1911 4466 2043 4514; x_wconf 85' lang='lat' dir='ltr'>ante</span> 
     </span>
    </p>
   </div>
   <div class='ocr_carea' id='block_1_93' title="bbox 449 4544 2039 4617">
    <p class='ocr_par' dir='ltr' id='par_1_93' title="bbox 449 4544 2039 4617">
     <span class='ocr_line' id='line_1_93' title="bbox 449 4544 2039 4617; baseline 0.001 -17"><span class='ocrx_word' id='word_1_715' title='bbox 449 4544 839 4617; x_wconf 88' lang='lat' dir='ltr'>pronuntiant.</span> <span class='ocrx_word' id='word_1_716' title='bbox 877 4562 902 4596; x_wconf 77' lang='lat' dir='ltr'>a</span> <span class='ocrx_word' id='word_1_717' title='bbox 935 4544 1071 4598; x_wconf 86' lang='lat' dir='ltr'>Ecce</span> <span class='ocrx_word' id='word_1_718' title='bbox 1106 4544 1318 4616; x_wconf 88' lang='lat' dir='ltr'>(inquit</span> <span class='ocrx_word' id='word_1_719' title='bbox 1364 4562 1466 4616; x_wconf 89' lang='lat' dir='ltr'>ego</span> <span class='ocrx_word' id='word_1_720' title='bbox 1504 4547 1779 4601; x_wconf 86' lang='lat' dir='ltr'>adducam</span> <span class='ocrx_word' id='word_1_721' title='bbox 1818 4565 2039 4602; x_wconf 87' lang='lat' dir='ltr'>servum</span> 
     </span>
    </p>
   </div>
   <div class='ocr_carea' id='block_1_94' title="bbox 445 4632 2043 4705">
    <p class='ocr_par' dir='ltr' id='par_1_94' title="bbox 445 4632 2043 4705">
     <span class='ocr_line' id='line_1_94' title="bbox 445 4632 2043 4705; baseline 0.001 -15"><span class='ocrx_word' id='word_1_722' title='bbox 445 4651 632 4690; x_wconf 90' lang='lat' dir='ltr'>meum</span> <span class='ocrx_word' id='word_1_723' title='bbox 653 4633 946 4699; x_wconf 89' lang='lat' dir='ltr'>orientem,</span> <span class='ocrx_word' id='word_1_724' title='bbox 961 4632 1047 4687; x_wconf 77' lang='lat' dir='ltr'>3id</span> <span class='ocrx_word' id='word_1_725' title='bbox 1061 4639 1148 4687; x_wconf 92' lang='lat' dir='ltr'>est</span> <span class='ocrx_word' id='word_1_726' title='bbox 1167 4632 1322 4687; x_wconf 90' lang='lat' dir='ltr'>illum</span> <span class='ocrx_word' id='word_1_727' title='bbox 1345 4634 1416 4688; x_wconf 91' lang='lat' dir='ltr'>de</span> <span class='ocrx_word' id='word_1_728' title='bbox 1432 4653 1540 4705; x_wconf 92' lang='lat' dir='ltr'>quo</span> <span class='ocrx_word' id='word_1_729' title='bbox 1562 4636 1767 4689; x_wconf 90' lang='lat' dir='ltr'>dicitur</span> <span class='ocrx_word' id='word_1_730' title='bbox 1802 4655 1813 4689; x_wconf 90' lang='lat'><strong>:</strong></span> <span class='ocrx_word' id='word_1_731' title='bbox 1842 4657 1864 4688; x_wconf 72' lang='grc' dir='ltr'><strong><em>α</em></strong></span> <span class='ocrx_word' id='word_1_732' title='bbox 1898 4636 2043 4692; x_wconf 89' lang='lat' dir='ltr'>Ecce</span> 
     </span>
    </p>
   </div>
   <div class='ocr_carea' id='block_1_95' title="bbox 445 4723 2044 4793">
    <p class='ocr_par' dir='ltr' id='par_1_95' title="bbox 445 4723 2044 4793">
     <span class='ocr_line' id='line_1_95' title="bbox 445 4723 2044 4793; baseline 0.002 -17"><span class='ocrx_word' id='word_1_733' title='bbox 445 4723 530 4778; x_wconf 91' lang='lat' dir='ltr'>vir</span> <span class='ocrx_word' id='word_1_734' title='bbox 553 4723 738 4777; x_wconf 90' lang='lat' dir='ltr'>oriens</span> <span class='ocrx_word' id='word_1_735' title='bbox 756 4739 960 4777; x_wconf 88' lang='lat' dir='ltr'>nomen</span> <span class='ocrx_word' id='word_1_736' title='bbox 979 4723 1136 4793; x_wconf 89' lang='lat' dir='ltr'>ejus;</span> <span class='ocrx_word' id='word_1_737' title='bbox 1174 4742 1193 4773; x_wconf 69' lang='grc' dir='ltr'><em>ι</em></span> <span class='ocrx_word' id='word_1_738' title='bbox 1226 4728 1282 4777; x_wconf 92' lang='lat' dir='ltr'>et</span> <span class='ocrx_word' id='word_1_739' title='bbox 1316 4723 1484 4776; x_wconf 88' lang='lat' dir='ltr'>alibi:</span> <span class='ocrx_word' id='word_1_740' title='bbox 1516 4742 1543 4774; x_wconf 64' lang='grc' dir='ltr'><em>α</em></span> <span class='ocrx_word' id='word_1_741' title='bbox 1576 4723 1687 4777; x_wconf 89' lang='lat' dir='ltr'>Vos</span> <span class='ocrx_word' id='word_1_742' title='bbox 1712 4724 2044 4780; x_wconf 88' lang='lat' dir='ltr'>timentibus</span> 
     </span>
    </p>
   </div>
   <div class='ocr_carea' id='block_1_96' title="bbox 445 4811 2041 4883">
    <p class='ocr_par' dir='ltr' id='par_1_96' title="bbox 445 4811 2041 4883">
     <span class='ocr_line' id='line_1_96' title="bbox 445 4811 2041 4883; baseline 0 -16"><span class='ocrx_word' id='word_1_743' title='bbox 445 4829 652 4868; x_wconf 89' lang='lat' dir='ltr'>nomen</span> <span class='ocrx_word' id='word_1_744' title='bbox 682 4829 868 4867; x_wconf 90' lang='lat' dir='ltr'>meum</span> <span class='ocrx_word' id='word_1_745' title='bbox 901 4811 1115 4866; x_wconf 92' lang='lat' dir='ltr'>orietur</span> <span class='ocrx_word' id='word_1_746' title='bbox 1165 4812 1244 4864; x_wconf 90' lang='lat' dir='ltr'>sol</span> <span class='ocrx_word' id='word_1_747' title='bbox 1299 4811 1549 4881; x_wconf 76' lang='lat' dir='ltr'>justitiae.</span> <span class='ocrx_word' id='word_1_748' title='bbox 1583 4832 1610 4864; x_wconf 87' lang='grc'><strong>››</strong></span> <span class='ocrx_word' id='word_1_749' title='bbox 1644 4813 1707 4867; x_wconf 93' lang='lat' dir='ltr'>In</span> <span class='ocrx_word' id='word_1_750' title='bbox 1739 4813 2041 4883; x_wconf 88' lang='lat' dir='ltr'>Evangelio</span> 
     </span>
    </p>
   </div>
   <div class='ocr_carea' id='block_1_97' title="bbox 446 4900 2040 4973">
    <p class='ocr_par' dir='ltr' id='par_1_97' title="bbox 446 4900 2040 4973">
     <span class='ocr_line' id='line_1_97' title="bbox 446 4900 2040 4973; baseline 0.001 -17"><span class='ocrx_word' id='word_1_751' title='bbox 446 4918 667 4973; x_wconf 91' lang='lat' dir='ltr'>quoque</span> <span class='ocrx_word' id='word_1_752' title='bbox 702 4919 712 4954; x_wconf 94' lang='lat'>:</span> <span class='ocrx_word' id='word_1_753' title='bbox 746 4920 774 4955; x_wconf 74' lang='grc' dir='ltr'>ι</span> <span class='ocrx_word' id='word_1_754' title='bbox 802 4901 1066 4955; x_wconf 84' lang='lat' dir='ltr'>Visitavit</span> <span class='ocrx_word' id='word_1_755' title='bbox 1094 4916 1196 4954; x_wconf 93' lang='lat' dir='ltr'>nos</span> <span class='ocrx_word' id='word_1_756' title='bbox 1248 4900 1435 4955; x_wconf 90' lang='lat' dir='ltr'>oriens</span> <span class='ocrx_word' id='word_1_757' title='bbox 1464 4918 1528 4954; x_wconf 87' lang='lat' dir='ltr'>ex</span> <span class='ocrx_word' id='word_1_758' title='bbox 1577 4901 1691 4955; x_wconf 88' lang='lat' dir='ltr'>alto</span> <span class='ocrx_word' id='word_1_759' title='bbox 1720 4902 2040 4957; x_wconf 89' lang='lat' dir='ltr'>illuminare</span> 
     </span>
    </p>
   </div>
   <div class='ocr_carea' id='block_1_98' title="bbox 443 4987 2035 5062">
    <p class='ocr_par' dir='ltr' id='par_1_98' title="bbox 443 4987 2035 5062">
     <span class='ocr_line' id='line_1_98' title="bbox 443 4987 2035 5062; baseline -0.001 -18"><span class='ocrx_word' id='word_1_760' title='bbox 443 4990 532 5044; x_wconf 88' lang='lat' dir='ltr'>his</span> <span class='ocrx_word' id='word_1_761' title='bbox 559 4990 655 5062; x_wconf 87' lang='lat' dir='ltr'>qui</span> <span class='ocrx_word' id='word_1_762' title='bbox 687 4990 745 5044; x_wconf 92' lang='lat' dir='ltr'>in</span> <span class='ocrx_word' id='word_1_763' title='bbox 776 4990 1023 5044; x_wconf 90' lang='lat' dir='ltr'>tenebris</span> <span class='ocrx_word' id='word_1_764' title='bbox 1056 4994 1114 5043; x_wconf 92' lang='lat' dir='ltr'>et</span> <span class='ocrx_word' id='word_1_765' title='bbox 1158 4989 1216 5042; x_wconf 88' lang='lat' dir='ltr'>in</span> <span class='ocrx_word' id='word_1_766' title='bbox 1268 4987 1471 5043; x_wconf 89' lang='lat' dir='ltr'>umbra</span> <span class='ocrx_word' id='word_1_767' title='bbox 1516 4990 1713 5043; x_wconf 88' lang='lat' dir='ltr'>mortis</span> <span class='ocrx_word' id='word_1_768' title='bbox 1750 4991 1964 5045; x_wconf 89' lang='lat' dir='ltr'>sedent.</span> <span class='ocrx_word' id='word_1_769' title='bbox 2008 5012 2035 5043; x_wconf 67' lang='lat' dir='ltr'>io</span> 
     </span>
    </p>
   </div>
   <div class='ocr_carea' id='block_1_99' title="bbox 444 5078 2041 5149">
    <p class='ocr_par' dir='ltr' id='par_1_99' title="bbox 444 5078 2041 5149">
     <span class='ocr_line' id='line_1_99' title="bbox 444 5078 2041 5149; baseline 0 -14"><span class='ocrx_word' id='word_1_770' title='bbox 444 5082 677 5135; x_wconf 87' lang='lat' dir='ltr'>Servum</span> <span class='ocrx_word' id='word_1_771' title='bbox 705 5084 894 5133; x_wconf 90' lang='lat' dir='ltr'>autem</span> <span class='ocrx_word' id='word_1_772' title='bbox 928 5094 1117 5132; x_wconf 90' lang='lat' dir='ltr'>meum</span> <span class='ocrx_word' id='word_1_773' title='bbox 1166 5078 1304 5131; x_wconf 90' lang='lat' dir='ltr'>dicit</span> <span class='ocrx_word' id='word_1_774' title='bbox 1357 5078 1649 5148; x_wconf 88' lang='lat' dir='ltr'>propheta,</span> <span class='ocrx_word' id='word_1_775' title='bbox 1690 5086 2041 5149; x_wconf 81' lang='lat' dir='ltr'>assumptam</span> 
     </span>
    </p>
   </div>
   <div class='ocr_carea' id='block_1_100' title="bbox 445 5166 2038 5241">
    <p class='ocr_par' dir='ltr' id='par_1_100' title="bbox 445 5166 2038 5241">
     <span class='ocr_line' id='line_1_100' title="bbox 445 5166 2038 5241; baseline 0.001 -19"><span class='ocrx_word' id='word_1_776' title='bbox 445 5168 589 5222; x_wconf 87' lang='lat' dir='ltr'>servi</span> <span class='ocrx_word' id='word_1_777' title='bbox 609 5168 870 5237; x_wconf 85' lang='lat' dir='ltr'>formam,</span> <span class='ocrx_word' id='word_1_778' title='bbox 900 5172 962 5219; x_wconf 90' lang='lat' dir='ltr'>ut</span> <span class='ocrx_word' id='word_1_779' title='bbox 983 5166 1155 5219; x_wconf 89' lang='lat' dir='ltr'>illud:</span> <span class='ocrx_word' id='word_1_780' title='bbox 1186 5166 1525 5221; x_wconf 83' lang='lat' dir='ltr'>Ecceservus</span> <span class='ocrx_word' id='word_1_781' title='bbox 1539 5184 1716 5233; x_wconf 90' lang='lat' dir='ltr'>meus,</span> <span class='ocrx_word' id='word_1_782' title='bbox 1738 5169 2038 5241; x_wconf 88' lang='lat' dir='ltr'>suscipiam</span> 
     </span>
    </p>
   </div>
   <div class='ocr_carea' id='block_1_101' title="bbox 445 5253 2039 5328">
    <p class='ocr_par' dir='ltr' id='par_1_101' title="bbox 445 5253 2039 5328">
     <span class='ocr_line' id='line_1_101' title="bbox 445 5253 2039 5328; baseline 0.001 -17"><span class='ocrx_word' id='word_1_783' title='bbox 445 5273 592 5312; x_wconf 90' lang='lat' dir='ltr'>eum.</span> <span class='ocrx_word' id='word_1_784' title='bbox 613 5255 742 5326; x_wconf 92' lang='lat' dir='ltr'>Ipse</span> <span class='ocrx_word' id='word_1_785' title='bbox 758 5262 813 5309; x_wconf 90' lang='lat' dir='ltr'>et</span> <span class='ocrx_word' id='word_1_786' title='bbox 830 5255 970 5324; x_wconf 85' lang='lat' dir='ltr'>lapis</span> <span class='ocrx_word' id='word_1_787' title='bbox 989 5253 1161 5315; x_wconf 83' lang='lat' dir='ltr'>datus</span> <span class='ocrx_word' id='word_1_788' title='bbox 1188 5270 1374 5308; x_wconf 88' lang='lat' dir='ltr'>coram</span> <span class='ocrx_word' id='word_1_789' title='bbox 1397 5256 1549 5322; x_wconf 88' lang='lat' dir='ltr'>Jesu,</span> <span class='ocrx_word' id='word_1_790' title='bbox 1580 5256 1637 5310; x_wconf 91' lang='lat' dir='ltr'>id</span> <span class='ocrx_word' id='word_1_791' title='bbox 1675 5263 1762 5311; x_wconf 92' lang='lat' dir='ltr'>est</span> <span class='ocrx_word' id='word_1_792' title='bbox 1791 5275 2039 5328; x_wconf 90' lang='lat' dir='ltr'>pronun-</span> 
     </span>
    </p>
   </div>
   <div class='ocr_carea' id='block_1_102' title="bbox 442 5343 2037 5417">
    <p class='ocr_par' dir='ltr' id='par_1_102' title="bbox 442 5343 2037 5417">
     <span class='ocr_line' id='line_1_102' title="bbox 442 5343 2037 5417; baseline 0.001 -18"><span class='ocrx_word' id='word_1_793' title='bbox 442 5346 619 5399; x_wconf 88' lang='lat' dir='ltr'>tiatus</span> <span class='ocrx_word' id='word_1_794' title='bbox 648 5350 701 5396; x_wconf 89' lang='lat' dir='ltr'>et</span> <span class='ocrx_word' id='word_1_795' title='bbox 730 5343 1040 5413; x_wconf 88' lang='lat' dir='ltr'>promissus</span> <span class='ocrx_word' id='word_1_796' title='bbox 1065 5343 1371 5414; x_wconf 89' lang='lat' dir='ltr'>prophetis.</span> <span class='ocrx_word' id='word_1_797' title='bbox 1406 5344 1508 5397; x_wconf 89' lang='lat' dir='ltr'>Hic</span> <span class='ocrx_word' id='word_1_798' title='bbox 1562 5351 1649 5400; x_wconf 90' lang='lat' dir='ltr'>est</span> <span class='ocrx_word' id='word_1_799' title='bbox 1697 5346 1840 5416; x_wconf 88' lang='lat' dir='ltr'>lapis</span> <span class='ocrx_word' id='word_1_800' title='bbox 1863 5363 2037 5417; x_wconf 85' lang='lat' dir='ltr'>angu-</span> 
     </span>
    </p>
   </div>
   <div class='ocr_carea' id='block_1_103' title="bbox 445 5430 2037 5504">
    <p class='ocr_par' dir='ltr' id='par_1_103' title="bbox 445 5430 2037 5504">
     <span class='ocr_line' id='line_1_103' title="bbox 445 5430 2037 5504; baseline 0.003 -17"><span class='ocrx_word' id='word_1_801' title='bbox 445 5432 600 5494; x_wconf 76' lang='lat' dir='ltr'>laris,</span> <span class='ocrx_word' id='word_1_802' title='bbox 624 5430 718 5501; x_wconf 89' lang='lat' dir='ltr'>qui</span> <span class='ocrx_word' id='word_1_803' title='bbox 741 5431 881 5485; x_wconf 92' lang='lat' dir='ltr'>duos</span> <span class='ocrx_word' id='word_1_804' title='bbox 912 5431 967 5485; x_wconf 90' lang='lat' dir='ltr'>in</span> <span class='ocrx_word' id='word_1_805' title='bbox 1022 5448 1082 5485; x_wconf 90' lang='lat' dir='ltr'>se</span> <span class='ocrx_word' id='word_1_806' title='bbox 1132 5432 1424 5502; x_wconf 83' lang='lat' dir='ltr'>conjunxit</span> <span class='ocrx_word' id='word_1_807' title='bbox 1451 5434 1694 5504; x_wconf 87' lang='lat' dir='ltr'>parietes</span> <span class='ocrx_word' id='word_1_808' title='bbox 1723 5452 1790 5490; x_wconf 81' lang='lat' dir='ltr'>ex</span> <span class='ocrx_word' id='word_1_809' title='bbox 1821 5436 2037 5491; x_wconf 88' lang='lat' dir='ltr'>diverso</span> 
     </span>
    </p>
   </div>
   <div class='ocr_carea' id='block_1_104' title="bbox 443 5519 2037 5599">
    <p class='ocr_par' dir='ltr' id='par_1_104' title="bbox 443 5519 2037 5599">
     <span class='ocr_line' id='line_1_104' title="bbox 443 5519 2037 5599; baseline 0.004 -23"><span class='ocrx_word' id='word_1_810' title='bbox 443 5519 749 5587; x_wconf 88' lang='lat' dir='ltr'>venientes,</span> <span class='ocrx_word' id='word_1_811' title='bbox 777 5519 847 5574; x_wconf 87' lang='lat' dir='ltr'>ab</span> <span class='ocrx_word' id='word_1_812' title='bbox 875 5520 1196 5578; x_wconf 88' lang='lat' dir='ltr'>hominibus</span> <span class='ocrx_word' id='word_1_813' title='bbox 1225 5522 1451 5594; x_wconf 78' lang='lat' dir='ltr'>quidem</span> <span class='ocrx_word' id='word_1_814' title='bbox 1477 5524 1835 5599; x_wconf 76' lang='lat' dir='ltr'>reprobatus,</span> <span class='ocrx_word' id='word_1_815' title='bbox 1862 5541 1894 5580; x_wconf 88' lang='lat' dir='ltr'>a</span> <span class='ocrx_word' id='word_1_816' title='bbox 1922 5525 2037 5583; x_wconf 89' lang='lat' dir='ltr'>Deo</span> 
     </span>
    </p>
   </div>
   <div class='ocr_carea' id='block_1_105' title="bbox 2124 4458 3732 4530">
    <p class='ocr_par' dir='ltr' id='par_1_105' title="bbox 2124 4458 3732 4530">
     <span class='ocr_line' id='line_1_105' title="bbox 2124 4458 3732 4530; baseline -0.001 -17"><span class='ocrx_word' id='word_1_817' title='bbox 2124 4460 2212 4514; x_wconf 89' lang='lat' dir='ltr'>lus</span> <span class='ocrx_word' id='word_1_818' title='bbox 2233 4459 2328 4530; x_wconf 92' lang='lat' dir='ltr'>qui</span> <span class='ocrx_word' id='word_1_819' title='bbox 2351 4476 2479 4515; x_wconf 90' lang='lat' dir='ltr'>eum</span> <span class='ocrx_word' id='word_1_820' title='bbox 2517 4475 2821 4530; x_wconf 89' lang='lat' dir='ltr'>parumper</span> <span class='ocrx_word' id='word_1_821' title='bbox 2868 4458 2975 4513; x_wconf 90' lang='lat' dir='ltr'>sibi</span> <span class='ocrx_word' id='word_1_822' title='bbox 3025 4459 3339 4524; x_wconf 88' lang='lat' dir='ltr'>dimiserat,</span> <span class='ocrx_word' id='word_1_823' title='bbox 3371 4464 3426 4512; x_wconf 88' lang='lat' dir='ltr'>et</span> <span class='ocrx_word' id='word_1_824' title='bbox 3457 4459 3620 4528; x_wconf 88' lang='lat' dir='ltr'>quasi</span> <span class='ocrx_word' id='word_1_825' title='bbox 3652 4458 3732 4513; x_wconf 88' lang='lat' dir='ltr'>ab</span> 
     </span>
    </p>
   </div>
   <div class='ocr_carea' id='block_1_106' title="bbox 2126 4546 3734 4613">
    <p class='ocr_par' dir='ltr' id='par_1_106' title="bbox 2126 4546 3734 4613">
     <span class='ocr_line' id='line_1_106' title="bbox 2126 4546 3734 4613; baseline -0.002 -10"><span class='ocrx_word' id='word_1_826' title='bbox 2126 4566 2191 4603; x_wconf 92' lang='lat' dir='ltr'>eo</span> <span class='ocrx_word' id='word_1_827' title='bbox 2215 4552 2540 4613; x_wconf 89' lang='lat' dir='ltr'>recesserat,</span> <span class='ocrx_word' id='word_1_828' title='bbox 2571 4564 2827 4602; x_wconf 89' lang='lat' dir='ltr'>reversus</span> <span class='ocrx_word' id='word_1_829' title='bbox 2879 4547 3168 4602; x_wconf 84' lang='lat' dir='ltr'>suscitavit</span> <span class='ocrx_word' id='word_1_830' title='bbox 3218 4564 3368 4608; x_wconf 90' lang='lat' dir='ltr'>eum,</span> <span class='ocrx_word' id='word_1_831' title='bbox 3403 4552 3467 4601; x_wconf 90' lang='lat' dir='ltr'>ut</span> <span class='ocrx_word' id='word_1_832' title='bbox 3505 4546 3734 4602; x_wconf 85' lang='lat' dir='ltr'>videret</span> 
     </span>
    </p>
   </div>
   <div class='ocr_carea' id='block_1_107' title="bbox 2126 4636 3729 4710">
    <p class='ocr_par' dir='ltr' id='par_1_107' title="bbox 2126 4636 3729 4710">
     <span class='ocr_line' id='line_1_107' title="bbox 2126 4636 3729 4710; baseline -0.001 -18"><span class='ocrx_word' id='word_1_833' title='bbox 2126 4638 2273 4710; x_wconf 90' lang='lat' dir='ltr'>quod</span> <span class='ocrx_word' id='word_1_834' title='bbox 2295 4644 2461 4691; x_wconf 89' lang='lat' dir='ltr'>antea</span> <span class='ocrx_word' id='word_1_835' title='bbox 2489 4636 2691 4691; x_wconf 90' lang='lat' dir='ltr'>clausis</span> <span class='ocrx_word' id='word_1_836' title='bbox 2720 4637 2905 4691; x_wconf 89' lang='lat' dir='ltr'>cordis</span> <span class='ocrx_word' id='word_1_837' title='bbox 2932 4636 3108 4690; x_wconf 91' lang='lat' dir='ltr'>oculis</span> <span class='ocrx_word' id='word_1_838' title='bbox 3133 4636 3321 4690; x_wconf 88' lang='lat' dir='ltr'>videre</span> <span class='ocrx_word' id='word_1_839' title='bbox 3342 4652 3454 4690; x_wconf 90' lang='lat' dir='ltr'>non</span> <span class='ocrx_word' id='word_1_840' title='bbox 3473 4641 3729 4706; x_wconf 84' lang='lat' dir='ltr'>poterat.</span> 
     </span>
    </p>
   </div>
   <div class='ocr_carea' id='block_1_108' title="bbox 2124 4724 3731 4797">
    <p class='ocr_par' dir='ltr' id='par_1_108' title="bbox 2124 4724 3731 4797">
     <span class='ocr_line' id='line_1_108' title="bbox 2124 4724 3731 4797; baseline -0.001 -16"><span class='ocrx_word' id='word_1_841' title='bbox 2124 4728 2429 4782; x_wconf 88' lang='lat' dir='ltr'>Possumus</span> <span class='ocrx_word' id='word_1_842' title='bbox 2445 4741 2667 4797; x_wconf 89' lang='lat' dir='ltr'>quoque</span> <span class='ocrx_word' id='word_1_843' title='bbox 2679 4725 2959 4779; x_wconf 92' lang='lat' dir='ltr'>somnium</span> <span class='ocrx_word' id='word_1_844' title='bbox 2980 4725 3267 4796; x_wconf 62' lang='lat' dir='ltr'>prophetae</span> <span class='ocrx_word' id='word_1_845' title='bbox 3286 4725 3343 4779; x_wconf 92' lang='lat' dir='ltr'>in</span> <span class='ocrx_word' id='word_1_846' title='bbox 3358 4724 3559 4779; x_wconf 87' lang='lat' dir='ltr'>bonam</span> <span class='ocrx_word' id='word_1_847' title='bbox 3583 4742 3731 4795; x_wconf 85' lang='lat' dir='ltr'>par-</span> 
     </span>
    </p>
   </div>
   <div class='ocr_carea' id='block_1_109' title="bbox 2122 4813 3729 4886">
    <p class='ocr_par' dir='ltr' id='par_1_109' title="bbox 2122 4813 3729 4886">
     <span class='ocr_line' id='line_1_109' title="bbox 2122 4813 3729 4886; baseline -0.001 -17"><span class='ocrx_word' id='word_1_848' title='bbox 2122 4822 2237 4870; x_wconf 90' lang='lat' dir='ltr'>tem</span> <span class='ocrx_word' id='word_1_849' title='bbox 2268 4815 2537 4886; x_wconf 89' lang='lat' dir='ltr'>accipere,</span> <span class='ocrx_word' id='word_1_850' title='bbox 2563 4816 2731 4885; x_wconf 87' lang='lat' dir='ltr'>juxta</span> <span class='ocrx_word' id='word_1_851' title='bbox 2783 4814 2933 4885; x_wconf 91' lang='lat' dir='ltr'>quod</span> <span class='ocrx_word' id='word_1_852' title='bbox 2981 4814 3245 4868; x_wconf 88' lang='lat' dir='ltr'>Salomon</span> <span class='ocrx_word' id='word_1_853' title='bbox 3287 4814 3401 4868; x_wconf 89' lang='lat' dir='ltr'>ait:</span> <span class='ocrx_word' id='word_1_854' title='bbox 3439 4832 3465 4865; x_wconf 73' lang='grc' dir='ltr'><strong><em>α</em></strong></span> <span class='ocrx_word' id='word_1_855' title='bbox 3501 4813 3561 4868; x_wconf 90' lang='lat' dir='ltr'>Si</span> <span class='ocrx_word' id='word_1_856' title='bbox 3583 4813 3729 4869; x_wconf 85' lang='lat' dir='ltr'>dor-</span> 
     </span>
    </p>
   </div>
   <div class='ocr_carea' id='block_1_110' title="bbox 2126 4902 3732 4973">
    <p class='ocr_par' dir='ltr' id='par_1_110' title="bbox 2126 4902 3732 4973">
     <span class='ocr_line' id='line_1_110' title="bbox 2126 4902 3732 4973; baseline 0.001 -15"><span class='ocrx_word' id='word_1_857' title='bbox 2126 4904 2336 4966; x_wconf 88' lang='lat' dir='ltr'>mieris,</span> <span class='ocrx_word' id='word_1_858' title='bbox 2357 4920 2471 4958; x_wconf 91' lang='lat' dir='ltr'>non</span> <span class='ocrx_word' id='word_1_859' title='bbox 2492 4902 2740 4958; x_wconf 88' lang='lat' dir='ltr'>timebis:</span> <span class='ocrx_word' id='word_1_860' title='bbox 2763 4903 3031 4973; x_wconf 77' lang='lat' dir='ltr'>quiescet,</span> <span class='ocrx_word' id='word_1_861' title='bbox 3062 4908 3121 4957; x_wconf 91' lang='lat' dir='ltr'>et</span> <span class='ocrx_word' id='word_1_862' title='bbox 3147 4903 3334 4958; x_wconf 87' lang='lat' dir='ltr'>suavis</span> <span class='ocrx_word' id='word_1_863' title='bbox 3355 4902 3464 4957; x_wconf 87' lang='lat' dir='ltr'>erit</span> <span class='ocrx_word' id='word_1_864' title='bbox 3484 4918 3732 4959; x_wconf 87' lang='lat' dir='ltr'>somnus</span> 
     </span>
    </p>
   </div>
   <div class='ocr_carea' id='block_1_111' title="bbox 2122 4990 3731 5065">
    <p class='ocr_par' dir='ltr' id='par_1_111' title="bbox 2122 4990 3731 5065">
     <span class='ocr_line' id='line_1_111' title="bbox 2122 4990 3731 5065; baseline 0 -17"><span class='ocrx_word' id='word_1_865' title='bbox 2122 4999 2273 5049; x_wconf 90' lang='lat' dir='ltr'>tuus.</span> <span class='ocrx_word' id='word_1_866' title='bbox 2299 4992 2406 5057; x_wconf 89' lang='lat' dir='ltr'>Qui</span> <span class='ocrx_word' id='word_1_867' title='bbox 2435 5008 2569 5062; x_wconf 87' lang='lat' dir='ltr'>ergo</span> <span class='ocrx_word' id='word_1_868' title='bbox 2616 5009 2650 5045; x_wconf 89' lang='lat' dir='ltr'>a</span> <span class='ocrx_word' id='word_1_869' title='bbox 2695 4993 2882 5047; x_wconf 65' lang='lat' dir='ltr'>saeculi</span> <span class='ocrx_word' id='word_1_870' title='bbox 2907 4992 3056 5047; x_wconf 91' lang='lat' dir='ltr'>curis</span> <span class='ocrx_word' id='word_1_871' title='bbox 3102 4998 3161 5046; x_wconf 91' lang='lat' dir='ltr'>et</span> <span class='ocrx_word' id='word_1_872' title='bbox 3200 4990 3731 5065; x_wconf 77' lang='lat' dir='ltr'>perturbationibus</span> 
     </span>
    </p>
   </div>
   <div class='ocr_carea' id='block_1_112' title="bbox 2121 5081 3730 5152">
    <p class='ocr_par' dir='ltr' id='par_1_112' title="bbox 2121 5081 3730 5152">
     <span class='ocr_line' id='line_1_112' title="bbox 2121 5081 3730 5152; baseline -0.001 -16"><span class='ocrx_word' id='word_1_873' title='bbox 2121 5083 2350 5147; x_wconf 89' lang='lat' dir='ltr'>dormit,</span> <span class='ocrx_word' id='word_1_874' title='bbox 2383 5087 2440 5136; x_wconf 92' lang='lat' dir='ltr'>et</span> <span class='ocrx_word' id='word_1_875' title='bbox 2469 5087 2655 5152; x_wconf 89' lang='lat' dir='ltr'>potest</span> <span class='ocrx_word' id='word_1_876' title='bbox 2693 5082 2880 5136; x_wconf 89' lang='lat' dir='ltr'>dicere</span> <span class='ocrx_word' id='word_1_877' title='bbox 2922 5097 3049 5135; x_wconf 89' lang='lat' dir='ltr'>cum</span> <span class='ocrx_word' id='word_1_878' title='bbox 3098 5097 3302 5152; x_wconf 91' lang='lat' dir='ltr'>sponso</span> <span class='ocrx_word' id='word_1_879' title='bbox 3334 5096 3346 5135; x_wconf 92' lang='lat'>:</span> <span class='ocrx_word' id='word_1_880' title='bbox 3373 5099 3401 5133; x_wconf 71' lang='grc' dir='ltr'>ι</span> <span class='ocrx_word' id='word_1_881' title='bbox 3430 5081 3543 5151; x_wconf 88' lang='lat' dir='ltr'>Ego</span> <span class='ocrx_word' id='word_1_882' title='bbox 3582 5081 3730 5135; x_wconf 86' lang='lat' dir='ltr'>dor-</span> 
     </span>
    </p>
   </div>
   <div class='ocr_carea' id='block_1_113' title="bbox 2122 5168 3732 5241">
    <p class='ocr_par' dir='ltr' id='par_1_113' title="bbox 2122 5168 3732 5241">
     <span class='ocr_line' id='line_1_113' title="bbox 2122 5168 3732 5241; baseline 0.001 -16"><span class='ocrx_word' id='word_1_883' title='bbox 2122 5171 2254 5230; x_wconf 89' lang='lat' dir='ltr'>mio,</span> <span class='ocrx_word' id='word_1_884' title='bbox 2282 5178 2339 5225; x_wconf 92' lang='lat' dir='ltr'>et</span> <span class='ocrx_word' id='word_1_885' title='bbox 2366 5187 2463 5225; x_wconf 88' lang='lat' dir='ltr'>cor</span> <span class='ocrx_word' id='word_1_886' title='bbox 2491 5186 2678 5224; x_wconf 89' lang='lat' dir='ltr'>meum</span> <span class='ocrx_word' id='word_1_887' title='bbox 2728 5170 2937 5241; x_wconf 84' lang='lat' dir='ltr'>vigilat,</span> <span class='ocrx_word' id='word_1_888' title='bbox 2967 5189 2993 5223; x_wconf 90' lang='lat'>3</span> <span class='ocrx_word' id='word_1_889' title='bbox 3025 5175 3275 5224; x_wconf 90' lang='lat' dir='ltr'>meretur</span> <span class='ocrx_word' id='word_1_890' title='bbox 3302 5168 3373 5223; x_wconf 89' lang='lat' dir='ltr'>ab</span> <span class='ocrx_word' id='word_1_891' title='bbox 3402 5170 3602 5239; x_wconf 88' lang='lat' dir='ltr'>angelo</span> <span class='ocrx_word' id='word_1_892' title='bbox 3623 5187 3732 5226; x_wconf 83' lang='lat' dir='ltr'>su-</span> 
     </span>
    </p>
   </div>
   <div class='ocr_carea' id='block_1_114' title="bbox 2120 5258 3734 5331">
    <p class='ocr_par' dir='ltr' id='par_1_114' title="bbox 2120 5258 3734 5331">
     <span class='ocr_line' id='line_1_114' title="bbox 2120 5258 3734 5331; baseline 0.002 -18"><span class='ocrx_word' id='word_1_893' title='bbox 2120 5260 2333 5326; x_wconf 79' lang='lat' dir='ltr'>scitari,</span> <span class='ocrx_word' id='word_1_894' title='bbox 2361 5264 2419 5314; x_wconf 90' lang='lat' dir='ltr'>et</span> <span class='ocrx_word' id='word_1_895' title='bbox 2444 5258 2699 5330; x_wconf 86' lang='lat' dir='ltr'>angelica</span> <span class='ocrx_word' id='word_1_896' title='bbox 2754 5259 2968 5314; x_wconf 88' lang='lat' dir='ltr'>visione</span> <span class='ocrx_word' id='word_1_897' title='bbox 3005 5264 3176 5330; x_wconf 89' lang='lat' dir='ltr'>atque</span> <span class='ocrx_word' id='word_1_898' title='bbox 3216 5258 3555 5313; x_wconf 86' lang='lat' dir='ltr'>allocutione</span> <span class='ocrx_word' id='word_1_899' title='bbox 3592 5276 3734 5331; x_wconf 56' lang='lat' dir='ltr'>pera</span> 
     </span>
    </p>
   </div>
   <div class='ocr_carea' id='block_1_115' title="bbox 2116 5348 2246 5403">
    <p class='ocr_par' dir='ltr' id='par_1_115' title="bbox 2116 5348 2246 5403">
     <span class='ocr_line' id='line_1_115' title="bbox 2116 5348 2246 5403; baseline 0.008 -2"><span class='ocrx_word' id='word_1_900' title='bbox 2116 5348 2246 5403; x_wconf 88' lang='lat' dir='ltr'>frui.</span> 
     </span>
    </p>
   </div>
   <div class='ocr_carea' id='block_1_116' title="bbox 2192 5436 3733 5501">
    <p class='ocr_par' dir='ltr' id='par_1_116' title="bbox 2192 5436 3733 5501">
     <span class='ocr_line' id='line_1_116' title="bbox 2192 5436 3733 5501; baseline 0.005 -12"><span class='ocrx_word' id='word_1_901' title='bbox 2192 5455 2219 5489; x_wconf 72' lang='grc' dir='ltr'><strong>α</strong></span> <span class='ocrx_word' id='word_1_902' title='bbox 2243 5438 2458 5493; x_wconf 87' lang='lat' dir='ltr'>Etdixit</span> <span class='ocrx_word' id='word_1_903' title='bbox 2473 5437 2542 5492; x_wconf 92' lang='lat' dir='ltr'>ad</span> <span class='ocrx_word' id='word_1_904' title='bbox 2565 5454 2687 5492; x_wconf 87' lang='lat' dir='ltr'>me:</span> <span class='ocrx_word' id='word_1_905' title='bbox 2721 5437 2867 5501; x_wconf 88' lang='lat' dir='ltr'>Quid</span> <span class='ocrx_word' id='word_1_906' title='bbox 2885 5442 2949 5493; x_wconf 93' lang='lat' dir='ltr'>tu</span> <span class='ocrx_word' id='word_1_907' title='bbox 2972 5436 3163 5491; x_wconf 84' lang='lat' dir='ltr'>vides?</span> <span class='ocrx_word' id='word_1_908' title='bbox 3201 5442 3261 5492; x_wconf 88' lang='lat' dir='ltr'>et</span> <span class='ocrx_word' id='word_1_909' title='bbox 3287 5436 3400 5491; x_wconf 87' lang='lat' dir='ltr'>dixi</span> <span class='ocrx_word' id='word_1_910' title='bbox 3429 5454 3442 5490; x_wconf 93' lang='lat'><strong>:</strong></span> <span class='ocrx_word' id='word_1_911' title='bbox 3474 5436 3621 5501; x_wconf 84' lang='lat' dir='ltr'>Vidi,</span> <span class='ocrx_word' id='word_1_912' title='bbox 3662 5446 3733 5495; x_wconf 85' lang='lat' dir='ltr'>et</span> 
     </span>
    </p>
   </div>
   <div class='ocr_carea' id='block_1_117' title="bbox 2120 5525 3726 5598">
    <p class='ocr_par' dir='ltr' id='par_1_117' title="bbox 2120 5525 3726 5598">
     <span class='ocr_line' id='line_1_117' title="bbox 2120 5525 3726 5598; baseline 0 -15"><span class='ocrx_word' id='word_1_913' title='bbox 2120 5542 2248 5583; x_wconf 85' lang='lat' dir='ltr'>ecce</span> <span class='ocrx_word' id='word_1_914' title='bbox 2268 5525 2668 5582; x_wconf 86' lang='lat' dir='ltr'>candelabrum</span> <span class='ocrx_word' id='word_1_915' title='bbox 2686 5542 2923 5582; x_wconf 88' lang='lat' dir='ltr'>aureum</span> <span class='ocrx_word' id='word_1_916' title='bbox 2941 5531 3215 5593; x_wconf 87' lang='lat' dir='ltr'>totum,et</span> <span class='ocrx_word' id='word_1_917' title='bbox 3246 5542 3441 5598; x_wconf 75' lang='lat' dir='ltr'>ampas</span> <span class='ocrx_word' id='word_1_918' title='bbox 3471 5526 3521 5596; x_wconf 88' lang='lat' dir='ltr'>ej</span> <span class='ocrx_word' id='word_1_919' title='bbox 3531 5541 3595 5581; x_wconf 88' lang='lat' dir='ltr'>us</span> <span class='ocrx_word' id='word_1_920' title='bbox 3622 5543 3726 5583; x_wconf 80' lang='lat' dir='ltr'>su-</span> 
     </span>
    </p>
   </div>
  </div>
