3926 6164
199 293 278 353 233

1052 295 1467 350 ENARRATIO
1509 296 1585 349 ΙΝ
1623 295 2042 350 ZACHARIAM
2082 294 2539 349 PROPHETAM.

3323 295 3430 353 234

198 434 276 489 per
291 419 446 486 caput
468 416 667 486 ipsius,
692 421 748 470 et
765 422 980 488 septem
1002 419 1243 473 lucernas
1267 421 1389 488 ejus
1407 437 1576 490 super
1593 419 1748 478 illud,
1769 421 1819 478 A
1838 420 2038 490 legem.
2066 418 2369 488 accipiunt.
2396 423 2457 471 ut
2486 417 2542 470 in
2573 416 2767 470 dextra
2797 418 2942 470 oliva
2963 416 3350 487 Evangelium,
3372 420 3430 474 in

199 513 242 560 et
264 510 457 574 septem
481 504 752 558 infusoria
773 507 1034 570 lucernis,
1066 525 1187 577 qua:
1214 515 1376 560 erant
1401 525 1570 578 super
1588 513 1756 578 caput

196 595 332 654 illius,
354 598 405 645 et
428 593 554 646 duae
584 594 740 647 olivae
772 611 942 664 super
968 596 1127 658 illud,
1161 613 1273 649 una
1302 613 1335 648 a
1361 597 1574 649 dextris
1612 597 1754 649 lam-

199 682 342 754 padis,
374 687 431 734 et
453 697 567 734 una
596 699 630 735 a
661 682 906 735 sinistris
936 685 1073 752 ejus.
1109 685 1174 736 Et
1195 684 1479 753 respondi,
1505 689 1561 737 et
1575 685 1665 736 aio
1686 685 1756 737 ad

200 770 442 839 angelum,
476 770 570 839 qui
601 770 935 840 loquebatur
964 772 1022 825 in
1053 789 1160 834 me,
1193 773 1384 825 dicens
1412 791 1422 824 :
1450 773 1594 835 Quid
1629 779 1762 825 sunt

197 859 305 920 haec,
333 856 554 910 domine
577 857 652 910 mi
675 858 700 910 ?
732 859 798 911 Et
818 859 1105 930 respondit
1121 862 1357 930 angelus
1377 861 1472 930 qui
1494 859 1761 930 loqueba-

199 951 274 999 tur
294 945 345 997 in
372 961 486 998 me.
519 952 576 999 et
597 946 738 999 dixit
760 947 830 1000 ad
861 961 974 1002 me:
1000 949 1262 1019 Nunquid
1284 950 1460 1003 nescis
1475 949 1607 1019 quid
1632 955 1765 1002 sunt

197 1033 320 1087 haec?
351 1034 415 1086 Et
441 1033 554 1088 dixi
579 1052 591 1086 :
629 1035 774 1099 Non,
809 1036 1036 1090 domine
1064 1041 1160 1090 mi.
1198 1039 1265 1092 Et
1284 1037 1573 1108 respondit
1601 1043 1658 1090 et
1685 1037 1766 1090 ait

198 1121 252 1175 ad
272 1138 363 1186 me,
394 1123 625 1176 dicens:
663 1143 684 1173 ι
719 1123 784 1176 In
810 1125 912 1178 hoc
961 1126 1082 1180 loco
1133 1127 1495 1181 Hebraeorum
1536 1125 1764 1179 traditio

194 1210 299 1265 talis
324 1219 438 1264 est:
475 1211 888 1267 Candelabrum
921 1219 1104 1268 totum
1135 1215 1375 1268 solidum
1408 1233 1472 1268 ex
1493 1231 1650 1278 auro,
1681 1214 1762 1268 le-

193 1315 299 1369 gem
323 1299 895 1372 dicunt-.lampadem
930 1320 1077 1367 vero,
1112 1303 1166 1356 id
1225 1310 1311 1357 est
1357 1305 1645 1356 flammam
1705 1302 1763 1355 in

193 1387 366 1440 vertice
382 1388 707 1442 candelabri
727 1391 1026 1444 lucentem.
1061 1392 1346 1446 Christum
1372 1392 1468 1462 qui
1493 1398 1578 1444 est
1597 1395 1766 1460 caput

197 1476 331 1545 legis,
362 1477 572 1547 quique
627 1495 850 1532 omnem
893 1480 1167 1534 mundum
1197 1481 1480 1534 illuminat
1507 1498 1517 1532 :
1553 1487 1766 1548 septem

194 1564 408 1618 lucernae
440 1582 613 1635 super
636 1567 1055 1632 candelabrum,
1089 1574 1305 1640 septem
1343 1569 1488 1622 dona
1529 1567 1769 1638 Spiritus

195 1653 348 1705 sancti
370 1654 636 1724 superius
665 1663 1010 1710 enumerata.
1057 1658 1154 1712 Hae
1181 1659 1419 1712 lucernae
1440 1674 1611 1728 super
1638 1673 1770 1710 can-

1838 508 2064 560 sinistra
2095 508 2238 560 oliva
2269 508 2353 559 lex
2385 506 2747 576 intelligatur.
2781 507 3019 574 Magnus
3050 523 3208 560 mons
3243 524 3432 562 coram

1837 595 2156 654 Zorobabel,
2191 595 2444 647 diabolus
2466 596 2548 647 vel
2578 594 2972 656 Antichristus,
2995 594 3090 664 qui
3109 612 3168 648 se
3183 595 3436 664 erigebat

1840 691 2035 737 contra
2063 683 2380 746 Zorobabel,
2415 684 2483 735 de
2510 700 2620 754 quo
2651 691 2968 736 nasc1turus
2998 691 3119 736 erat
3151 683 3432 738 Christus.

1842 772 1953 842 Ipsi
1979 787 2199 841 quoque
2225 771 2446 824 Christo
2463 772 2521 824 in
2552 771 2850 838 Evangelio
2867 772 3105 825 ostensis
3136 771 3330 825 mundi
3352 788 3438 826 re-

1841 860 1968 928 gnis
1989 867 2046 912 et
2066 859 2565 914 honoribus.ausus
2585 865 2668 913 est
2687 861 2871 914 dicere
2896 878 2906 912 :
2933 879 2956 911 (‹
2981 861 3108 914 Haec
3128 861 3318 914 omnia
3337 859 3438 914 tibi

1844 947 2006 1014 dabo,
2043 948 2088 1001 si
2115 949 2318 1001 cadens
2348 949 2666 1002 adoraveris
2696 966 2802 1002 me.
2837 969 2864 999 ι)
2907 949 2976 1002 Et
3003 950 3122 1020 ipse
3168 949 3440 1003 Dominus

1845 1039 1903 1092 in
1933 1038 2229 1108 Evangelia
2259 1038 2541 1092 diabolum
2574 1047 2818 1093 montem
2850 1047 3028 1099 vocat,
3059 1039 3250 1093 dicens
3279 1059 3290 1092 :
3328 1057 3353 1090 (ί
3379 1039 3439 1093 Si

1847 1127 2156 1180 habueritis
2189 1127 2352 1179 fidem
2386 1126 2529 1179 sicut
2547 1143 2786 1196 granum
2818 1127 3047 1197 sinapis,
3072 1128 3267 1181 dicetis
3310 1128 3441 1182 huic

1846 1216 2041 1277 monti,
2077 1215 2254 1268 transi
2279 1215 2429 1280 hinc,
2458 1221 2514 1268 et
2539 1215 2819 1271 transibit.
2860 1237 2880 1265 ι
2907 1216 3016 1270 Sed
3045 1217 3211 1284 huius
3241 1233 3442 1287 super-

1844 1304 1937 1357 bia
1955 1304 2363 1374 complananda
2392 1310 2533 1365 erat,
2566 1311 2623 1357 et
2649 1321 2826 1374 usque
2855 1305 2923 1356 ad
2955 1305 3240 1374 pulverem
3260 1305 3441 1359 humi-

1847 1394 2052 1448 lianda.
2092 1393 2258 1462 Lapis
2285 1393 2587 1462 primarius
2609 1393 2702 1446 ille
2746 1399 2850 1456 est,
2881 1393 2950 1445 de
2997 1409 3107 1462 quo
3157 1393 3438 1446 Joannes:

1853 1498 1878 1531 α
1913 1481 1976 1533 In
2006 1479 2275 1550 principio
2297 1486 2417 1532 erat
2441 1479 2705 1532 Verbum.
2743 1499 2766 1529 »
2798 1479 2957 1542 Quod
2997 1496 3128 1534 vero
3169 1480 3442 1551 sequitur,

1856 1588 1878 1620 ‹
1897 1569 2207 1638 exaequabit
2225 1568 2464 1637 gratiam
2478 1568 2674 1638 gratim
2689 1570 2829 1638 ejus,
2848 1568 3011 1621 oillud
3035 1573 3119 1622 est
3139 1569 3286 1639 quod
3299 1571 3449 1640 Apo-

1852 1658 2029 1712 stolus
2059 1658 2139 1711 ait
2161 1675 2172 1708 :
2198 1658 2312 1711 Nos
2329 1674 2525 1711 omnes
2537 1658 2604 1710 de
2619 1657 2965 1728 plenitudine
2987 1658 3107 1726 ejus
3130 1658 3448 1728 accepimus

194 1743 462 1798 delabrum
494 1752 644 1812 sunt,
676 1747 806 1816 quia
826 1749 912 1801 lex
933 1748 1145 1818 Spiritu
1167 1758 1358 1804 sancto
1380 1751 1627 1804 dictante
1647 1765 1773 1801 con-
1792 1740 2088 1817 Bgratiam
2117 1763 2216 1816 pro
2241 1747 2443 1816 gratia,
2466 1747 2706 1816 gratiam
2736 1747 3017 1816 Evangelii
3050 1763 3150 1817 pro
3173 1747 3358 1816 gratia
3373 1749 3450 1801 le-

194 1833 380 1903 scripta
407 1841 533 1900 est;
559 1843 772 1906 septem
803 1843 992 1891 autem
1023 1838 1313 1900 infusoria,
1349 1839 1404 1892 id
1427 1844 1514 1893 est
1539 1839 1767 1892 vascula

197 1921 241 1973 in
271 1923 464 1991 quibus
497 1924 681 1977 oleum
718 1931 804 1978 est
833 1926 978 1994 quod
1020 1926 1336 1980 infunditur
1385 1927 1443 1981 in
1488 1928 1764 1993 lucernas,

192 2025 294 2078 qua:
311 2010 502 2064 lucent
546 2028 715 2082 super
743 2013 1160 2080 candelabrum,
1193 2016 1296 2069 hoc
1323 2015 1636 2083 significare
1682 2015 1771 2068 di-

196 2105 326 2162 cunt,
355 2101 508 2170 quod
537 2101 658 2155 ista:
687 2107 900 2172 septem
921 2103 1116 2174 gratiae
1143 2105 1214 2157 ad
1239 2105 1495 2158 homines
1539 2105 1607 2158 de
1633 2106 1770 2158 coelo

192 2203 278 2256 per
303 2188 484 2258 legem
515 2189 876 2255 descendant,
925 2193 1066 2246 duas
1095 2209 1224 2246 vero
1254 2193 1426 2246 olivas
1457 2210 1580 2264 quas
1609 2199 1772 2247 erant

192 2292 337 2346 super
354 2278 760 2332 candelabrum
781 2297 811 2332 a
833 2280 1042 2334 dextris
1063 2287 1120 2334 et
1140 2299 1172 2334 a
1189 2281 1605 2346 sinistris,inter
1633 2299 1772 2352 quas

189 2364 385 2419 lucebat
414 2367 607 2422 media
632 2369 865 2438 lampas,
894 2370 1071 2440 legem
1101 2376 1157 2424 et
1187 2372 1535 2440 prophetiam
1563 2371 1772 2424 intelli-

188 2459 326 2521 gunt.
348 2453 496 2508 Cum
523 2471 655 2526 ergo
694 2458 969 2527 propheta
993 2459 1264 2528 quaerenti
1286 2460 1484 2529 angelo
1531 2460 1666 2530 quid
1696 2459 1776 2512 vi-

187 2540 343 2606 deret,
369 2551 667 2598 narrasset
711 2546 1002 2609 visionem,
1031 2547 1344 2617 interrogat
1382 2547 1567 2618 ipsum
1602 2565 1775 2617 ange-

187 2628 286 2682 lum
324 2633 456 2701 quid
495 2632 838 2702 signiﬁcaret
857 2635 977 2704 ipsa
1005 2635 1158 2689 visio.
1195 2637 1409 2690 Rursus
1439 2637 1674 2704 angelus
1696 2637 1767 2689 in'

186 2722 415 2789 terrogat
437 2737 603 2774 eum:
635 2722 900 2793 Nunquid
917 2723 1142 2792 ignoras
1172 2724 1305 2794 quid
1334 2731 1469 2778 sunt
1485 2726 1598 2779 haec
1619 2724 1642 2776 Τ
1665 2740 1774 2794 quo

184 2809 572 2876 respondente,
605 2810 825 2872 Nescio,
845 2811 1132 2881 respondit
1143 2813 1259 2882 jam
1283 2813 1516 2882 angelus
1538 2813 1776 2866 edocens

186 2895 466 2952 visionem:
514 2920 540 2948 ι
572 2901 688 2953 Hoc
719 2907 804 2954 est
832 2901 1062 2955 verbum
1098 2902 1317 2954 Domini
1349 2902 1420 2955 ad
1468 2901 1771 2955 Zorobabel

1848 1835 1955 1905 gis,
1979 1841 2042 1889 ut
2064 1851 2257 1905 parem
2280 1840 2336 1888 et
2363 1836 2632 1905 aequalem
2655 1835 2894 1904 gloriam
2911 1835 3185 1906 accipiant
3201 1841 3258 1890 et
3275 1852 3339 1890 ex
3360 1837 3446 1890 Is-

1853 1924 1968 1977 rael
1998 1924 2308 1981 credentes,
2342 1929 2399 1976 et
2428 1939 2491 1975 ex
2519 1923 2780 1993 gentibus
2806 1923 2877 1976 ad
2932 1924 3100 1976 fidem
3133 1925 3439 1978 venientes.

1853 2012 1996 2065 Hinc
2027 2029 2125 2082 per
2144 2013 2416 2088 Joannem
2431 2012 2635 2065 dicitur
2657 2031 2668 2064 :
2703 2013 2813 2066 Lex
2838 2029 2937 2082 per
2949 2013 3177 2083 Moysen
3188 2013 3321 2067 data
3341 2018 3446 2078 est,

1851 2099 2036 2170 gratia
2073 2105 2130 2152 et
2159 2100 2363 2153 veritas
2394 2116 2494 2169 per
2519 2101 2708 2153 Jesum
2751 2099 3036 2154 Christum
3066 2101 3212 2155 facta
3235 2108 3338 2156 est.

1926 2207 1954 2238 (ι
1984 2188 2052 2240 Et
2079 2188 2287 2241 factum
2319 2193 2404 2241 est
2427 2187 2651 2240 verbum
2683 2187 2904 2242 Domini
2936 2188 3006 2241 ad
3066 2205 3174 2252 me,
3207 2189 3400 2243 dicens
3433 2207 3445 2242 :

1854 2277 2054 2330 Manus
2083 2275 2382 2329 Zorobabel
2406 2275 3023 2330 fundaveruntdomum
3042 2277 3232 2342 istam,
3258 2284 3316 2331 et
3340 2295 3454 2332 ma-

1854 2382 1960 2420 nus
1991 2367 2114 2435 ejus
2146 2365 2439 2435 perficient
2464 2381 2609 2429 eam,
2655 2370 2714 2418 et
2753 2365 2938 2419 scietis
2995 2366 3129 2437 quia
3185 2367 3456 2422 Dominus

1859 2454 2203 2508 exercituum
2235 2454 2388 2507 misit
2419 2470 2509 2507 me
2535 2453 2604 2506 ad
2631 2470 2778 2507 vos.-
2798 2455 2914 2507 Hoc
2945 2457 3040 2524 qui
3073 2456 3304 2509 Esdram
3324 2472 3456 2526 pro-

1859 2543 2087 2612 phetam
2119 2541 2334 2611 legerit,
2369 2542 2617 2595 inveniet
2647 2543 2794 2612 quod
2847 2543 3058 2596 scilicet
3103 2545 3376 2614 templum
3421 2561 3456 2598 a

1859 2630 2158 2684 Zorobabel
2181 2630 2475 2684 fundatum
2497 2631 2588 2696 sit,
2621 2638 2677 2684 et
2695 2647 2869 2701 usque
2901 2632 2971 2684 ad
2993 2648 3214 2685 summa
3233 2633 3458 2704 fastigia

1860 2719 2209 2789 perductum.

1933 2828 1957 2857 «
1995 2808 2132 2871 Quis
2154 2807 2304 2861 enim
2335 2809 2590 2879 despexit
2607 2810 2726 2863 dies
2752 2809 2990 2878 parvos?
3022 2827 3047 2859 »
3074 2810 3205 2875 Quis
3236 2809 3326 2862 hic
3353 2826 3453 2880 pro

1854 2912 1982 2949 raro
2011 2897 2300 2963 accipitur.
2334 2896 2456 2950 Hoc
2476 2897 3022 2952 autemreferendum
3047 2903 3131 2950 est
3155 2897 3226 2950 ad
3241 2898 3456 2968 regiam

184 2984 356 3040 dicens
382 3005 393 3040 :
427 2989 564 3042 Non
589 2989 645 3041 in
671 2990 941 3054 exercitu,
964 3007 1066 3043 nec
1081 2990 1138 3044 in
1153 2990 1472 3054 robore,sed
1492 2990 1546 3043 in
1570 2990 1771 3060 spiritu
1799 3048 1835 3060 Α
1855 2991 2210 3054 potestatem,
2230 3001 2397 3055 quam
2414 2991 2550 3039 tunc
2573 2986 2844 3056 temporis
2865 2985 2919 3038 in
2942 2984 3244 3039 Zorobabel
3259 2986 3451 3040 adver-

182 3089 310 3137 meo,
346 3077 492 3130 dicit
520 3077 793 3131 Dominus
807 3079 1206 3144 exercituum,»
1232 3079 1658 3133 reductumesse
1679 3096 1774 3150 ρο-
1794 3048 1987 3126 Csarii
2017 3073 2419 3143 despiciebant,
2477 3079 2534 3127 et
2573 3091 2671 3144 pro
2721 3074 2893 3127 nihilo
2933 3072 3225 3127 ducebant.
3267 3075 3459 3128 Monet

180 3164 358 3231 pulum
398 3166 469 3219 de
526 3167 870 3236 captivitate,
904 3173 960 3221 et
1015 3167 1234 3238 plenius
1284 3168 1684 3234 reducendum,
1718 3175 1776 3222 et

182 3251 518 3308 adversarios
551 3271 749 3308 eorum
777 3256 1095 3310 vastandos.

247 3361 266 3392 ι
297 3342 432 3406 Quis
460 3349 548 3410 tu,
579 3360 739 3397 mons
769 3361 990 3414 magne,
1015 3361 1202 3398 coram
1234 3343 1536 3399 Zorobabel
1564 3345 1622 3399 in
1655 3346 1776 3416 pla-

182 3443 300 3482 num
326 3431 396 3483 Ῡ»
426 3439 486 3486 et
513 3433 725 3503 papulo
753 3433 1094 3506 Judazorum,
1130 3435 1322 3488 nolens
1341 3451 1435 3488 eos
1457 3434 1776 3505 prosperari

180 3523 230 3570 et
257 3522 535 3592 templum
562 3521 908 3575 remdiﬁcari.
929 3521 994 3576 In
1017 3523 1243 3593 planum
1272 3523 1483 3577 scilicet
1500 3530 1771 3588 sternere,

183 3609 230 3658 et
255 3623 284 3659 a
306 3613 404 3663 tua
435 3610 712 3681 superbia
752 3611 1010 3680 dejicere,
1045 3612 1373 3666 humiliatus
1402 3611 1504 3666 sub
1540 3611 1774 3682 pedibus

181 3693 358 3752 Israel.
396 3700 533 3753 «Et
574 3699 775 3754 educet
823 3700 1067 3771 lapidem
1123 3700 1472 3771 primarium,
1502 3721 1527 3754 »
1583 3701 1641 3754 id
1691 3707 1776 3754 est

181 3783 476 3853 Christum,
514 3788 617 3859 qui
640 3805 863 3860 semper
888 3789 1097 3843 auxilio
1122 3789 1228 3843 fuit
1255 3791 1460 3860 populo
1509 3788 1685 3843 Israel
1741 3807 1775 3843 a

179 3875 396 3930 saeculis.
442 3904 458 3925 ο
510 3877 590 3931 Et
617 3876 929 3947 exaequabit
949 3877 1194 3948 gratiam
1235 3878 1432 3947 gratia
1461 3879 1603 3947 ejus,
1642 3897 1665 3928 ι
1717 3878 1775 3931 id

180 3969 251 4015 est
273 3964 433 4035 lapis.
458 3965 631 4029 Quod
660 3972 747 4019 est
766 3970 958 4036 aperte
982 3966 1198 4020 dicere:
1228 3967 1480 4020 Gratiam
1503 3968 1624 4037 ejus
1645 3967 1778 4020 edu-

178 4050 246 4104 xit
261 4053 325 4106 de
339 4054 700 4126 captivitate,
719 4060 775 4107 et
794 4054 1105 4124 exaequabit
1123 4054 1267 4108 hanc
1283 4055 1362 4108 illi
1381 4056 1775 4125 gratiae,quam

179 4144 409 4198 exercuit
429 4161 578 4214 erga
602 4149 790 4213 patres
820 4159 1034 4207 eorum,
1059 4144 1300 4198 similem
1319 4144 1440 4198 istis
1462 4144 1777 4198 misericor-

178 4226 312 4284 diam
336 4231 411 4286 im
419 4233 731 4304 pendendo
757 4250 769 4284 :
793 4233 909 4286 haec
930 4239 1016 4286 est
1030 4233 1402 4287 Hebraeorum
1417 4233 1780 4287 traditio.Do-

180 4323 344 4373 ctores
374 4339 513 4375 vero
547 4321 915 4374 ecclesiastici
947 4322 1094 4376 hunc
1124 4323 1303 4376 locum
1326 4322 1405 4375 ita
1453 4328 1736 4392 exponunt
1762 4341 1773 4375 :

1857 3178 1990 3230 ergo
2019 3161 2321 3215 Zorobabel
2352 3169 2407 3216 et
2452 3163 2644 3216 Jesum
2692 3169 2861 3232 atque
2917 3178 3140 3215 omnem
3190 3163 3460 3233 populum

1856 3250 2248 3312 mdiﬁcantem.
2281 3257 2347 3304 ut
2376 3268 2488 3304 non
2507 3252 2749 3304 timeant
2805 3251 3174 3312 adversarios,
3209 3251 3306 3321 qui
3359 3268 3454 3305 eos

1860 3340 2134 3394 aedificare
2165 3339 2516 3409 prohibeant,
2551 3340 2646 3393 sed
2680 3340 2862 3410 potius
2891 3339 3124 3393 audiant
3157 3340 3460 3394 Dominum

1858 3429 2266 3489 cohortantem,
2303 3435 2359 3483 et
2379 3445 2542 3482 suum
2574 3429 2682 3482 illis
2707 3429 2978 3482 auxilium
3011 3429 3455 3499 promittentem.

1860 3517 2128 3585 Sequitur
2152 3517 2304 3570 enim
2337 3535 2347 3568 :
2378 3537 2400 3568 ι
2433 3517 2500 3570 Et
2514 3517 2872 3583 laetabuntur,
2908 3536 2934 3569 ν
2960 3517 3016 3570 id
3038 3523 3121 3571 est
3151 3535 3456 3589 paucorum

1857 3604 2075 3658 dierum
2108 3606 2396 3675 despectu.
2441 3605 2642 3674 majori
2685 3606 2892 3675 gaudio
2930 3605 3312 3676 replebuntur.
3348 3608 3457 3661 Po-

1856 3698 1970 3746 test
1997 3693 2077 3746 ita
2098 3693 2373 3763 intelligi:
2409 3694 2590 3747 Rarus
2626 3701 2730 3760 est,
2772 3695 2864 3764 qui
2905 3711 3106 3765 parvos
3143 3694 3263 3749 dies
3286 3695 3457 3766 hujus

1857 3782 2043 3836 sazculi
2075 3781 2366 3852 despiciat,
2401 3782 2663 3852 quoniam
2688 3783 2954 3838 nimirum
2982 3784 3146 3837 multi
3174 3790 3328 3846 sunt,
3361 3784 3458 3855 qui

1859 3871 1964 3924 hoc
1983 3871 2185 3924 saeculo
2217 3870 2568 3925 delectantur
2597 3871 2756 3936 adeo,
2788 3879 2849 3925 ut
2881 3872 2927 3926 si
2953 3878 3198 3942 possent.
3235 3890 3459 3944 semper

1858 3959 1948 4012 hic
1979 3959 2159 4012 vivere
2179 3960 2403 4012 vellent.
2437 3960 2576 4012 Cum
2594 3976 2726 4029 ergo
2757 3960 3059 4014 viderimus
3078 3961 3245 4030 hujus
3271 3962 3458 4015 saeculi

1859 4053 2141 4101 amatores
2152 4048 2369 4117 fulgere
2382 4064 2621 4118 auro,pu
2629 4064 2730 4118 rpu
2738 4065 2816 4112 ra,
2822 4065 2950 4118 gem
2958 4048 3175 4119 misque
3192 4049 3449 4116 rutilare,

1860 4135 2056 4206 stipari
2077 4136 2272 4190 officiis
2296 4136 2703 4202 ministrorum,
2728 4153 3026 4207 possumus
3045 4137 3150 4190 hoc
3167 4153 3455 4193 assumere

1861 4231 1918 4278 et
1946 4225 2127 4278 dicere
2158 4243 2168 4277 :
2203 4226 2338 4289 Quis
2367 4225 2516 4279 enim
2547 4226 2798 4296 despexit
2847 4227 2967 4280 dies
3025 4227 3264 4298 parvos?
3293 4227 3459 4282 Parvi

1862 4313 2009 4366 enim
2040 4321 2171 4367 sunt
2205 4330 2399 4368 omnes
2429 4314 2546 4368 dies
2590 4316 2880 4385 praesentis
2918 4316 3064 4381 vitae,
3101 4317 3459 4387 quantumvis

182 4397 593 4456 Candelabrum
618 4406 799 4454 totum
822 4418 1054 4456 aureum
1079 4409 1270 4456 sancta
1283 4402 1773 4472 estEcclesia,quae
1797 4398 1839 4455 D
1858 4403 2184 4472 longissimo
2206 4409 2521 4474 temporum
2547 4405 2730 4474 spatio
2759 4405 3081 4460 tendantur.
3114 4406 3273 4460 Unde
3294 4412 3352 4460 et
3371 4408 3459 4461 Ja-

179 4484 227 4537 in
253 4487 452 4543 divinis
487 4489 805 4560 Scripturis
826 4506 1051 4543 sensum
1085 4490 1263 4560 magis
1294 4507 1459 4560 quam
1487 4489 1653 4542 verba
1684 4505 1774 4542 re-

179 4575 354 4644 quirit.
379 4579 641 4648 lampas
672 4595 842 4649 super
862 4579 1256 4633 candelabrum
1293 4579 1593 4632 Dominum
1625 4578 1776 4632 desi-

175 4673 299 4730 gnat
323 4668 649 4732 Christum,
686 4667 781 4738 qui
812 4667 1096 4721 illuminat
1126 4667 1446 4733 Erclesiam,
1481 4668 1687 4738 quique
1705 4667 1774 4721 de

177 4765 230 4803 se
251 4751 382 4807 dicit
404 4773 417 4806 :
450 4776 477 4806 α
497 4756 687 4808 Nemo
701 4755 1337 4822 accenditlucernam,et
1352 4756 1510 4827 ponit
1530 4773 1652 4810 eam
1675 4756 1778 4810 sub

177 4842 403 4905 modio,»
433 4844 494 4897 id
519 4849 611 4897 est
631 4843 737 4896 sub
761 4861 1022 4898 mensura
1045 4844 1201 4914 legis,
1235 4865 1256 4896 σ
1285 4845 1380 4899 sed
1394 4862 1563 4915 super
1581 4845 1781 4898 cande-

178 4925 404 4992 labrum.
434 4952 462 4984 υ
494 4932 557 4987 id
590 4938 680 4986 est
706 4932 763 4985 in
790 4933 1071 5002 Evangelii
1100 4933 1377 4994 libertate,
1403 4951 1513 5004 quo
1536 4934 1780 4988 Ecclesia

176 5016 506 5075 illustratur.
561 5021 832 5074 Lucerna:
883 5028 1095 5093 septem
1145 5028 1200 5076 et
1243 5023 1515 5076 infusoria
1563 5040 1778 5089 eorum,

177 5109 346 5173 gratia
372 5115 460 5163 est
494 5109 750 5180 Spiritus
779 5111 978 5177 sancti,
1013 5127 1114 5181 per
1141 5128 1311 5182 quam
1336 5112 1518 5164 oleum
1570 5111 1782 5165 miseri-

178 5196 365 5250 cordia:
391 5197 611 5251 divinae
641 5207 1084 5268 cunctarumque
1115 5199 1387 5253 virtutum
1421 5199 1662 5253 Ecclesia
1683 5216 1781 5253 su-

181 5283 348 5352 scipit.
383 5286 530 5340 Duae
563 5286 742 5350 olivzp,
776 5287 1000 5358 Moyses
1021 5293 1078 5341 et
1123 5288 1289 5353 Elias,
1329 5288 1424 5358 qui
1477 5288 1534 5341 in
1594 5295 1782 5343 monte

182 5387 294 5426 cum
313 5375 569 5428 Domino
588 5378 989 5446 transﬁgurato
1010 5377 1785 5448 apparuerunt,etloqueban-

181 5465 262 5513 tur
288 5479 354 5517 ea
380 5482 512 5535 quae
543 5481 818 5536 passurus
849 5472 972 5520 erat
1001 5466 1058 5519 in
1113 5466 1487 5522 Hierusalem.
1515 5467 1784 5522 Nonnulli

185 5547 310 5606 duas
331 5554 513 5610 olivas
544 5571 584 5609 a
615 5555 822 5610 dextris
841 5561 900 5609 et
951 5573 986 5611 a
1033 5555 1294 5626 sinistris,
1326 5555 1690 5628 Evangelium
1731 5561 1788 5612 et

417 5653 698 5717 ΡΑ-ηιοι.
735 5655 968 5719 CXVII.

1858 4491 1959 4545 cob
1989 4492 2212 4546 diCebat
2237 4511 2248 4521 υ
2286 4511 2311 4544 α
2337 4493 2468 4546 Dies
2500 4493 2609 4547 mei
2639 4495 2790 4564 parvi
2821 4501 2878 4547 et
2909 4495 3058 4548 mali.
3091 4477 3117 4542 ἶ
3153 4512 3179 4546 (ι
3210 4495 3280 4549 Et
3303 4495 3458 4550 vide-

1857 4579 1999 4634 bunt
2021 4581 2262 4650 lapidem
2295 4586 2592 4636 stanneum
2627 4583 2683 4636 in
2708 4599 2875 4636 manu
2899 4583 3456 4653 Zorobabel.Septem

1859 4667 1951 4721 isti
1981 4668 2126 4722 oculi
2153 4669 2396 4733 Domini,
2429 4671 2522 4741 qui
2543 4670 2864 4725 discurrunt
2885 4671 2940 4724 in
2965 4672 3226 4725 universa
3243 4678 3450 4735 terra,»

1860 4757 1917 4810 id
1947 4763 2032 4810 est
2051 4757 2321 4811 auxilium
2343 4759 2663 4823 Salvatoris,
2700 4777 2794 4829 qui
2826 4759 2894 4812 de
2930 4759 3231 4812 Zorobabel
3281 4759 3456 4830 stirpe

1860 4846 2126 4901 nascitur.
2161 4848 2326 4918 Lapis
2352 4854 2538 4902 autem
2563 4855 2790 4901 vocatur
2815 4847 2884 4901 ob
2906 4847 3287 4901 fortitudinem
3306 4848 3462 4904 insu-

1863 4934 2189 5007 perabilem.
2224 4937 2409 5000 Quare
2472 4942 2659 4990 autem
2720 4936 2863 5006 lapis
2910 4942 3178 4991 stanneus
3207 4938 3232 4991 ?
3263 4937 3462 4994 Stanni

1865 5031 2127 5078 naturam
2161 5025 2374 5090 dicunt,
2406 5031 2468 5079 ut
2494 5025 2604 5078 alia
2634 5025 2863 5077 metalla
2892 5025 3156 5081 defendat
3190 5029 3261 5083 ab
3307 5028 3456 5099 igne.

1866 5106 2006 5167 Cum
2042 5115 2189 5167 enim
2220 5115 2335 5167 sint
2364 5115 2590 5168 duriora
2629 5129 2729 5184 per
2785 5121 3046 5169 naturam
3099 5135 3191 5182 aes,
3222 5118 3453 5185 ferrum,

1865 5209 2197 5273 caeteraque,
2213 5203 2259 5255 si
2278 5202 2488 5274 absque
2509 5209 2710 5258 stanno
2741 5204 2951 5258 fornaci
2986 5205 3197 5259 fuerint
3226 5208 3456 5274 tradita,

1866 5301 2126 5347 uruntur.
2166 5294 2255 5348 Sic
2289 5299 2345 5346 et
2372 5295 2703 5364 angelorum
2735 5301 2792 5348 et
2838 5296 3128 5348 hominum
3168 5297 3456 5365 fortitudo,

1866 5382 1913 5435 si
1943 5399 2055 5435 non
2089 5382 2347 5436 habuerit
2370 5382 2621 5436 divinum
2649 5384 3161 5454 auxilium,fragilis
3200 5392 3257 5440 et
3283 5385 3461 5440 imbe-

1867 5469 2011 5524 cillis
2027 5476 2129 5523 est.
2154 5470 2319 5540 Lapis
2340 5488 2472 5542 ergo
2494 5479 2762 5526 stanneus
2779 5479 3007 5527 vocatur
3032 5473 3307 5539 Christus,
3333 5473 3468 5545 quia.

1869 5558 2019 5614 sicut
2046 5564 2314 5642 stantium
2328 5561 2558 5642 metalla
2583 5561 2760 5642 mixta
2780 5567 2837 5619 et
2846 5563 3165 5621 adulterata
3182 5562 3464 5626 dissociat,

3187 5662 3226 5719 8
