3926 6164
208 327 299 419 in

1095 346 1509 429 ENARRATIO
1548 376 1623 428 1N
1659 374 2077 428 ZACHARIAM
2116 344 2573 427 PROPHETAM.

3360 343 3464 428 2‘38

214 474 311 559 teni
339 464 646 563 clauderet,
679 474 738 548 et
764 482 1023 548 obturato
1043 512 1138 574 ore
1168 513 1523 568 nequaquam
1556 515 1615 551 se
1641 476 1852 557 ultraA
1874 497 1968 566 qui
2000 496 2334 567 loquebatur
2352 495 2407 548 in
2432 470 2520 548 me
2543 512 2553 549 :
2579 486 2721 559 Quid
2746 504 2880 549 sunt
2908 474 3045 560 haec,
3077 470 3302 565 ddinine
3342 490 3419 548 mi
3439 497 3464 549 ?

211 574 427 664 jactaret
457 578 518 633 in
556 598 659 635 suo
701 584 931 647 scelere,
973 584 1070 637 sed
1114 591 1322 637 aeterno
1361 586 1586 640 silentio
1617 585 1790 639 conti-

215 673 453 747 cesceret.
586 728 591 731 _
878 732 881 739 η
1188 736 1193 747 ι

278 742 298 801 ἆ
331 726 396 806 lit
421 755 603 837 levavi
631 746 820 811 oculos
855 748 1099 837 ineos’et
1116 736 1248 820 vidi,
1282 764 1339 812 et
1365 776 1491 813 ecce
1519 760 1642 814 dum
1674 778 1791 814 mu—

214 834 357 919 lieres
387 826 760 919 egredientes,
792 850 849 898 et
880 826 1110 916 spiritus
1141 845 1199 898 in
1223 846 1326 900 alis
1348 862 1539 900 carum
1591 866 1616 898 υ
1650 847 1791 901 Duae

214 916 461 983 mulieres
486 916 620 984 Sunt
637 932 829 986 decem
854 924 1190 1005 tribus,quw
1219 934 1482 1001 dicuntur
1507 934 1702 1001 Israel,
1735 940 1792 988 et

216 1014 319 1099 dure
336 1033 459 1085 quae
478 1011 749 1099 vocantur
763 1022 939 1099 Judax'
957 1004 1153 1079 Decem
1166 1022 1345 1099 tribus
1355 1032 1529 1092 captaa
1556 1004 1690 1077 sunt
1717 1023 1788 1078 ab

216 1096 454 1191 Assyriis,
491 1114 545 1160 et
567 1096 691 1162 duae
722 1125 755 1161 a
775 1096 1072 1167 Chaldaeis.
1099 1096 1343 1180 Spiritus
1361 1110 1419 1163 in
1446 1111 1550 1189 alis
1570 1127 1786 1175 earum,

214 1182 505 1271 potestates
522 1195 750 1259 diaboli,
784 1197 879 1266 qui
897 1204 1126 1271 vocatur
1142 1199 1198 1251 in
1223 1186 1525 1275 Evangelio
1550 1200 1792 1253 immun-

215 1279 304 1367 dus
330 1276 583 1367 spiritus,
608 1290 664 1337 et
683 1285 882 1367 dequo
900 1276 1195 1340 Salomon:
1223 1287 1279 1340 Si
1301 1287 1531 1357 spiritus
1553 1293 1795 1359 potesta-

216 1364 310 1421 tem
335 1364 600 1445 habentis
612 1364 931 1428 ascenderit
950 1392 1120 1444 super
1133 1376 1394 1435 te,locum
1417 1382 1577 1429 tuum
1606 1392 1675 1429 ne
1705 1376 1792 1429 di-

210 1452 439 1533 miseris.
477 1436 593 1513 ἧος
621 1477 755 1531 ergo
784 1463 1002 1532 Spiritu,
1021 1436 1195 1533 quasi
1218 1465 1355 1517 flatu
1380 1464 1528 1517 venti
1557 1471 1792 1534 raptaue

212 1542 317 1598 istae
336 1538 625 1619 mulieres,
659 1536 847 1602 volatu
876 1550 1043 1605 celeri
1076 1551 1145 1604 ad
1168 1568 1334 1605 omne
1354 1552 1510 1605 nefas
1536 1552 1789 1606 fereban-

210 1638 307 1686 tur.
340 1655 360 1683 ι
400 1634 473 1688 Et
498 1622 795 1721 habebant
814 1636 932 1691 alas
963 1639 1122 1710 quasi
1152 1628 1269 1692 alas
1299 1640 1467 1704 milvi,
1495 1659 1519 1690 ι
1555 1657 1678 1711 qua;
1707 1645 1794 1694 est

1873 584 1939 636 Et
1962 584 2249 654 respondit
2277 584 2531 651 angelus,
2567 589 2623 635 et
2652 583 2733 635 ait
2764 584 2829 635 ad
2866 600 2974 636 me.
3016 604 3037 633 ι
3069 576 3294 638 Transit
3330 576 3460 655 pro-

1872 672 2040 741 pheta
2064 671 2134 725 ad
2165 672 2329 725 aliam
2356 662 2707 731 visionem,et
2725 672 2912 724 oculos
2927 671 3110 724 cordis
3131 672 3299 743 altius
3327 662 3461 743 por-

1872 688 2040 741 pneta
2064 688 2134 725 au
2165 688 2329 725 aliam
2356 688 2707 731 visionem,et
2725 688 2912 724 oculos
2927 688 3110 724 coruis
3131 688 3228 724 alti
3274 689 3299 724 s
3327 688 3461 743 por-

1872 759 2005 828 rigit
2032 776 2095 813 ac
2118 760 2265 812 videt
2281 768 2522 829 quatuor
2542 759 2842 828 quadrigas
2859 760 3211 829 egredientes
3236 688 3309 823 3e
3342 754 3465 828 me-

1871 847 1964 899 dio
1989 847 2229 901 duorum
2256 847 2550 907 montium,
2586 847 2681 919 qui
2713 853 2874 899 erant
2897 846 3025 900 aerei
3064 853 3121 900 et
3147 838 3459 914 fortissimi,

1873 920 1930 989 et
1948 935 2045 1005 qui
2065 934 2221 989 nulla
2241 941 2474 1005 possunt
2499 939 2772 987 vetustate
2783 930 3051 988 consumi.
3067 956 3087 985 α
3106 924 3466 1009 Ιὶινίιυειάτὶεα

1871 1023 2117 1076 secunda
2145 1021 2273 1092 equi
2298 1022 2461 1092 nigri,
2489 1043 2508 1069 ιι
2541 1039 2700 1092 reges
2744 1016 3040 1077 Persarum
3077 1007 3135 1093 et
3170 1013 3462 1099 Medorum

1872 1110 2144 1165 mortiferi
2170 1117 2398 1181 propter
2417 1112 2741 1174 Assuerum,
2768 1127 2877 1183 quo
2896 1104 3185 1182 regnante,
3214 1112 3283 1165 ad
3313 1108 3462 1182 peti-

1871 1200 2082 1253 tionem
2122 1202 2304 1252 Aman
2351 1198 2528 1252 hostis
2558 1199 2898 1261 Judaeorum,
2931 1192 3078 1267 idem
3110 1188 3205 1253 rei:
3236 1192 3463 1264 Omnem

1875 1294 2101 1359 gentem
2130 1288 2449 1341 Judzeorum
2470 1286 2654 1369 edicto
2676 1286 2898 1369 publico
2914 1287 3080 1341 morti
3101 1270 3456 1367 adiudicavit.

1878 1395 1904 1429 οι
1927 1377 1990 1430 In
2003 1376 2273 1446 quadriga
2285 1375 2453 1429 tertia
2466 1376 2590 1444 equi
2611 1374 2739 1428 albi.
2771 1397 2791 1423 ο
2820 1370 3167 1445 Macedones,
3200 1373 3302 1429 sub
3323 1370 3464 1453 quo-

1872 1481 1998 1519 rum
2032 1481 2160 1535 rege
2190 1463 2461 1517 Antiocho
2493 1462 2830 1516 describitur
2874 1458 3319 1517 Machabaeorum
3347 1456 3464 1518 vic-

1871 1553 2035 1607 toria.
2071 1571 2093 1601 a
2129 1551 2193 1606 In
2224 1552 2499 1621 quadriga
2527 1558 2724 1620 quarta
2750 1551 2877 1621 equi
2897 1551 3035 1604 varii
3064 1544 3254 1605 fortes.
3276 1569 3302 1605 ι
3333 1548 3466 1623 Ideo

1874 1642 2032 1706 varii,
2066 1641 2199 1710 quia
2227 1640 2607 1693 Romanorum
2620 1656 2779 1709 reges
2797 1638 2891 1691 alii
2908 1626 3210 1692 clementes
3238 1632 3470 1723 fuerunt

211 1722 312 1804 avis
334 1724 722 1793 rapacissima,
757 1714 811 1779 et
837 1727 1159 1780 domesticis
1188 1728 1382 1781 avibus
1411 1745 1634 1798 semper
1663 1729 1794 1782 insi-
1875 1745 2008 1806 erga
2033 1727 2272 1790 Judzeos,
2312 1735 2375 1781 ut
2399 1728 2461 1782 C.
2510 1727 2797 1783 Claudius.
2829 1726 2924 1779 alii
2954 1714 3338 1796 persecutores
3372 1714 3469 1781 bo-

210 1800 376 1898 diaps.
413 1806 565 1883 Bene
591 1830 724 1883 ergo
745 1815 863 1868 haec
884 1815 1002 1868 avis
1030 1817 1289 1869 convenit
1316 1816 1438 1869 istis
1466 1817 1795 1870 mulieribus
1818 1841 1858 1898 Β
1876 1800 2000 1869 rum
2047 1817 2396 1879 exstiterunt,
2426 1822 2488 1868 ut
2517 1816 2578 1868 Ο.
2610 1815 2885 1883 Caligula,
2919 1816 3069 1868 Nero
3092 1820 3150 1867 et
3177 1804 3467 1883 Vespasia-

211 1874 351 1953 ludas
372 1906 441 1985 et‘
460 1874 683 1962 lsraeli:
722 1919 844 1985 qua:
866 1909 1095 1973 propter
1116 1904 1291 1957 nimia
1322 1911 1547 1975 peccata
1575 1906 1796 1983 traditae
1818 1874 1858 1898 υ
1878 1918 1999 1958 nus.
2037 1905 2331 1968 Quaerente
2355 1874 2544 1973 itaque
2572 1874 2884 1972 prophveta,’
2907 1902 3041 1972 quid
3084 1874 3468 1972 signiﬁcarent

212 1996 330 2041 sunt
358 1989 630 2059 potestati
663 1991 1001 2058 daemonum,
1035 1999 1091 2045 et
1122 1991 1191 2045 ab
1218 1994 1299 2047 eis
1328 1993 1389 2045 in
1415 1993 1795 2062 captivitatem
1879 1988 2001 2062 quae
2029 1992 2309 2053 cernebat,
2342 1991 2576 2060 angelus
2604 1990 2893 2060 respondit
2923 2007 2934 2041 :
2972 2009 2997 2041 «
3031 1988 3133 2043 Isti
3159 1995 3291 2043 sunt
3327 1985 3469 2059 qua-

215 2076 396 2159 ductae.
440 2072 483 2149 Ai
523 2077 593 2132 Et
634 2078 957 2133 levaverunt
996 2081 1346 2153 amphoram,
1385 2104 1407 2159 5
1442 2081 1500 2134 in
1539 2098 1649 2151 qua
1678 2087 1800 2135 erat
1877 2086 2010 2133 tuor
2064 2079 2209 2133 venti
2247 2079 2388 2145 caeli,
2426 2100 2451 2132 io
2485 2079 2537 2133 id
2569 2084 2655 2133 est
2682 2080 2909 2134 climata
2938 2078 3052 2159 sive
3085 2078 3278 2148 plagae,
3315 2073 3336 2127 ὰ
3372 2072 3469 2147 qui

211 2154 481 2235 impietas,
531 2172 589 2220 et
618 2184 801 2237 massa
829 2168 1040 2238 plumbi
1072 2170 1301 2223 inclusa.
1337 2188 1360 2219 «
1396 2154 1551 2223 Inter
1588 2176 1797 2223 terram
1880 2168 2245 2238 egrediuntur
2271 2175 2336 2221 ut
2363 2173 2515 2221 stent
2544 2184 2727 2222 coram
2761 2156 3114 2220 dominatore
3141 2165 3323 2219 omnis
3354 2161 3470 2218 ter-

213 2260 262 2305 et
287 2255 514 2318 caelum,
550 2262 607 2307 et
650 2254 762 2308 dixi
808 2258 878 2310 ad
927 2258 1191 2328 angelum
1228 2258 1322 2328 qui
1364 2258 1701 2329 loquebatur
1740 2258 1798 2311 in
1879 2274 1973 2311 rae.
2014 2277 2035 2307 ι
2061 2253 2153 2311 Nil
2182 2257 2332 2310 enim
2361 2270 2537 2326 regna
2557 2261 2721 2309 terra;
2749 2254 2961 2325 absque
2989 2254 3088 2308 Dei
3116 2253 3394 2324 permissu
3415 2257 3476 2308 et

212 2358 308 2419 me:
344 2362 367 2393 »
385 2330 680 2413 Propheta
699 2360 826 2419 vero
842 2345 963 2415 jam
988 2361 1107 2419 non
1136 2347 1448 2415 interrogat
1468 2362 1592 2417 qua:
1611 2353 1800 2400 essent
1879 2346 2163 2399 voluntate
2193 2345 2373 2399 facere
2402 2350 2652 2415 possunt.

213 2406 461 2483 mulieres
481 2406 727 2484 :sciebat
756 2406 904 2485 eni'm
933 2410 1256 2503 prophetico
1280 2406 1504 2504 spiritu:
1535 2450 1638 2487 nec
1663 2436 1797 2505 quid
1954 2438 1976 2485 ἦ
2004 2432 2069 2487 In
2102 2450 2215 2504 qua
2245 2453 2267 2484 ι
2298 2406 2571 2504 quadriga
2595 2450 2620 2483 ί(
2650 2436 2813 2485 erant
2849 2431 2978 2501 equi
3011 2431 3175 2502 nigri,
3219 2430 3474 2499 egredie-

210 2508 436 2588 poijtent,
476 2518 614 2588 quia
653 2520 854 2589 angelo
897 2519 1132 2574 docente
1177 2529 1529 2590 cognoverat,
1561 2522 1656 2575 sed
1689 2539 1797 2592 quo
1880 2515 2087 2576 bantur
2113 2523 2171 2575 in
2201 2529 2410 2576 terram
2431 2520 2728 2591 aquilonis,
2762 2526 2818 2573 et
2837 2519 2947 2573 albi
2965 2520 3176 2590 egressi
3198 2525 3331 2573 sunt
3348 2524 3477 2590 post

212 2592 440 2675 portent,
478 2606 745 2676 inquiens
780 2625 791 2658 :
824 2626 848 2658 α
874 2608 994 2672 Quo
1012 2608 1131 2662 istae
1151 2596 1411 2662 deterunt
1425 2610 1753 2680 amphoram
1773 2611 1798 2662 ’ἶ
1881 2628 1976 2665 eos
2028 2617 2085 2664 et
2113 2611 2252 2663 varii
2277 2610 2487 2680 egressi
2517 2614 2650 2662 sunt
2680 2592 2749 2661 ad
2776 2614 2984 2661 terram
3019 2608 3345 2671 austri.Qui
3371 2620 3475 2662 au-

212 2697 259 2746 et
283 2692 417 2767 dixit
442 2694 520 2747 ad
556 2712 664 2748 me.
704 2715 725 2744 υ
760 2692 1069 2767 Respondit
1097 2698 1329 2767 angelus
1356 2715 1367 2749 :
1408 2718 1427 2745 ι
1463 2698 1535 2752 Ut
1561 2699 1798 2767 rediiice-
1880 2704 1994 2752 tem
2023 2704 2184 2752 erant
2205 2696 2599 2761 robustissimi,
2630 2696 2885 2749 exierunt
2904 2702 2960 2749 et
2980 2695 3303 2765 quaerebant
3329 2695 3478 2749 ireet

209 2784 351 2867 turpei
372 2760 584 2881 domus
606 2784 661 2837 in
685 2790 837 2837 terra
860 2760 1128 2847 Bennaar,
1165 2760 1221 2839 et
1248 2785 1587 2849 stabiliatur,
1608 2765 1678 2840 iet
1708 2804 1801 2857 po-
1883 2785 2195 2840 disCurrere
2221 2801 2321 2857 per
2348 2801 2571 2839 omnem
2591 2760 2831 2837 terram.
2869 2782 2933 2837 Et
2963 2760 3102 2870 dixit
3125 2801 3137 2835 :
3164 2778 3249 2836 Ite
3271 2788 3327 2836 et
3345 2780 3477 2853 per-

210 2860 362 2944 natur
380 2860 454 2925 ibi
480 2888 660 2943 super
687 2873 865 2925 basim
888 2890 1070 2927 suam.
1111 2893 1134 2921 η
1166 2872 1421 2928 Sennaar
1450 2891 1681 2945 campus
1719 2881 1803 2929 est
1885 2875 2171 2929 ambulate
2198 2882 2427 2928 terram.
2462 2872 2536 2925 Et
2562 2862 3093 2943 perambulaverunt
3135 2866 3366 2925 terram.
3408 2871 3479 2924 Et

208 2953 685 3023 Chaldaeorumdn
706 2978 814 3031 quo
827 2962 1233 3031 postdiluvium
1261 2963 1362 3016 ﬁlii
1393 2963 1568 3039 Adam
1599 2964 1802 3017 turrim
1884 2958 2100 3019 vocavit
2127 2980 2234 3024 me,
2267 2952 2325 3017 et
2350 2963 2574 3016 locutus
2603 2967 2688 3016 est
2716 2961 2786 3015 ad
2809 2977 2899 3015 me
2928 2954 3137 3015 dicens.
3173 2966 3196 3011 ὓ
3232 2959 3477 3014 Proinde

209 3047 479 3123 superbia;
510 3049 785 3102 aedificare
815 3043 1001 3103 conati
1031 3056 1181 3115 sunt,
1212 3051 1308 3104 sed
1338 3068 1373 3104 a
1402 3052 1637 3121 Domino
1668 3069 1860 3123 con-ﬂ
1885 3052 2262 3123 praetermittit
2296 3051 2568 3122 propheta
2600 3050 2669 3104 de
2708 3050 2982 3120 quadriga
3027 3049 3229 3120 prima,
3269 3049 3328 3102 in
3366 3042 3480 3119 quia

208 3132 323 3188 fusa
345 3142 429 3189 est
450 3126 657 3213 li‘ngua
679 3153 800 3207 quae
817 3136 1075 3191 omnibus
1096 3155 1207 3192 una
1235 3144 1373 3192 erat.
1418 3140 1572 3193 Unde
1597 3123 1652 3193 et
1683 3107 1862 3210 ipsaC
1887 3148 2046 3195 erant
2076 3141 2204 3211 equi
2235 3131 2363 3205 rufi,
2385 3140 2502 3213 jam
2534 3138 2683 3193 enim
2722 3137 3001 3193 defecerat
3045 3150 3212 3191 omne
3240 3150 3479 3207 regnum

210 3215 389 3277 civitas
412 3211 694 3295 Babylon,
727 3223 781 3278 id
804 3229 887 3277 est
917 3224 1185 3299 confusio,
1212 3225 1361 3279 dicta
1389 3232 1491 3279 est.
1521 3228 1807 3297 Amphora
1887 3230 2341 3301 Babyloniorum,
2376 3234 2434 3282 et
2449 3211 2594 3282 Medi
2624 3244 2689 3281 ac
2714 3227 2896 3281 Persae
2925 3218 3149 3280 omnem
3179 3225 3371 3280 Asiam
3400 3231 3483 3280 te-

211 3304 332 3383 ergo
358 3304 822 3393 cumqimpietate
851 3303 1208 3366 deferebatur
1249 3314 1305 3367 in
1338 3314 1700 3393 Babylonem.
1744 3321 1807 3369 ut
1887 3319 2116 3384 nebant,
2147 3317 2252 3373 sub
2282 3333 2519 3388 quorum
2548 3333 2679 3387 rege
2708 3315 2876 3369 Dario
2906 3315 3023 3369 haec
3051 3308 3242 3367 omnia
3265 3314 3476 3369 Zacha-

211 3398 278 3453 ibi
306 3418 474 3472 super
502 3399 715 3465 basim,
737 3390 790 3453 id
820 3407 907 3477 est
934 3418 1104 3471 super
1133 3402 1322 3455 sedem
1342 3390 1596 3456 stabilem
1630 3420 1806 3474 pona-
1888 3407 2001 3461 rias
2029 3406 2439 3477 contemplatus
2468 3403 2863 3473 est.Quadriga
2887 3400 3161 3472 itaque,in
3188 3397 3300 3472 qua
3320 3405 3482 3455 erant

212 3482 313 3566 tur,
335 3490 531 3563 ibique
550 3497 765 3545 aeterna
789 3472 1029 3544 statione
1050 3497 1308 3561 ponatur.
1345 3493 1597 3545 Sennaar
1624 3472 1806 3547 inter-
1888 3496 2019 3564 equi
2044 3494 2210 3566 nigri,
2244 3472 2679 3564 egrediebantur
2708 3491 2777 3545 ad
2800 3472 3159 3560 aquilonem,
3190 3496 3256 3543 ut
3283 3488 3359 3542 ibi
3390 3490 3481 3559 ju-

212 3564 457 3649 pretatur
500 3568 767 3632 dentium
797 3579 1067 3643 excussio,
1107 3581 1193 3633 vel
1236 3579 1380 3633 fetor
1423 3598 1636 3635 eorum.
1668 3582 1806 3635 Am-
1888 3580 2056 3638 bente
2083 3564 2318 3637 Domino
2335 3578 2725 3635 Chaldaeorum
2746 3580 3132 3633 destrueretur
3156 3574 3476 3647 imperium.

210 3667 375 3739 phora
402 3666 609 3739 itaque
637 3684 763 3720 cum
794 3667 1081 3741 impietate
1113 3669 1183 3721 ad
1214 3673 1420 3722 terram
1446 3669 1699 3725 Sennaar
1715 3670 1807 3723 de-
1889 3672 2016 3725 Albi
2046 3687 2266 3743 quoque
2291 3677 2418 3741 post
2463 3686 2558 3723 eos
2587 3668 2796 3738 egressi
2823 3675 2972 3731 sunt,
3002 3667 3056 3719 id
3085 3671 3189 3731 est,
3223 3662 3482 3719 Macedo-

211 3754 403 3829 fertur,
424 3750 485 3810 et
515 3756 601 3809 ibi
634 3756 683 3807 ei
715 3756 869 3808 locus
897 3756 1156 3809 stationis
1187 3764 1437 3827 paratur,
1462 3758 1592 3829 quia
1623 3757 1810 3811 diabo-
1889 3778 1990 3814 nes
2010 3761 2187 3813 secuti
2216 3758 2503 3812 Medorum
2529 3757 2782 3827 vestigia,
2810 3763 2874 3810 ut
2896 3765 3068 3826 regna
3091 3749 3482 3809 Chaldmorutn

212 3842 288 3898 lus
306 3852 509 3899 auctor
532 3843 846 3914 impietatis
885 3843 943 3897 in
968 3844 1229 3899 cordibus
1252 3845 1639 3916 reproborum,
1669 3863 1809 3916 quos
1891 3866 1993 3903 suo
2008 3848 2313 3902 subderent
2332 3846 2586 3917 imperio.
2619 3846 2836 3910 Quarti,
2867 3845 2921 3897 id
2949 3851 3035 3897 est
3054 3843 3193 3897 Varii
3224 3848 3282 3897 et
3306 3842 3482 3897 fortes

210 3922 457 4005 impietas
480 3932 573 3985 vel
600 3930 745 3984 fetor
766 3926 1011 3984 libidinis
1033 3931 1623 4003 possidet,requiescit.
1649 3933 1808 3997 Quod
1890 3938 2145 4000 Romani,
2180 3935 2406 3990 exibant
2432 3935 2502 3988 ad
2532 3940 2741 3987 terram
2776 3932 2973 3997 austri,
3018 3937 3073 3985 et
3097 3930 3370 4005 jubentur
3400 3931 3483 3985 ire

211 4009 327 4095 vero
367 4004 642 4074 Sennaar
689 4016 936 4093 excussio
978 4013 1232 4099 dentium
1270 4020 1492 4096 dicitur,
1532 4021 1811 4091 signiﬁcat
1891 4031 1947 4080 et
1976 4023 2363 4096 perambulare
2390 4039 2613 4077 omnem
2643 4028 2875 4076 terram.
2905 4016 3287 4074 Romanorum
3327 4018 3478 4071 enim

212 4102 333 4189 quia
384 4104 626 4189 reprobi
676 4124 935 4181 excussos
979 4116 1036 4162 et
1074 4109 1324 4179 perditos
1354 4109 1565 4189 habent
1591 4111 1804 4175 dentes,
1892 4113 2143 4185 potentia
2171 4113 2228 4166 in
2257 4117 2499 4184 quatuor
2537 4111 2732 4164 mundi
2764 4109 3016 4180 partibus
3035 4124 3199 4162 suum
3227 4102 3482 4189 dilatavit

215 4186 400 4271 quibus
431 4174 613 4279 verba
645 4192 745 4279 Dei
786 4192 1012 4263 molere,
1050 4197 1156 4251 hoc
1183 4204 1286 4263 est,
1321 4186 1579 4252 meditari
1608 4198 1873 4277 debue-D
1893 4200 2431 4273 imperium.Deinde
2459 4200 2529 4254 ad
2548 4200 2877 4269 prophetam
2893 4213 3195 4251 conversus
3224 4174 3476 4266 angelus,

214 4274 347 4349 rant,
381 4280 439 4341 et
463 4264 606 4340 ideo
634 4264 892 4356 pereunt,
925 4285 1057 4356 quia
1092 4286 1276 4339 cibum
1308 4286 1480 4340 divini
1507 4287 1712 4359 eloquii
1751 4286 1809 4341 in

215 4362 453 4429 ventrem
476 4370 778 4443 memoriie
808 4362 919 4427 non
948 4375 1531 4430 transmittunt..luxta
1554 4376 1814 4446 spiritua-

212 4459 311 4516 lem
336 4452 602 4528 sensum,
632 4452 720 4516 ha:
749 4461 871 4515 duae
902 4448 1165 4518 mulieres
1194 4463 1486 4518 haereticos
1516 4471 1571 4518 et
1590 4465 1813 4519 Judwos

214 4542 523 4622 designant,
560 4542 663 4622 qui
694 4540 1062 4620 egrediuntur
1104 4568 1137 4605 a
1176 4551 1314 4605 facie
1362 4551 1604 4617 Domini,
1638 4559 1694 4606 et
1731 4538 1814 4608 fe-

215 4640 404 4714 runtur
426 4638 659 4695 incerto
690 4639 896 4709 erroris
922 4632 1141 4711 spiritu,
1167 4630 1520 4694 delectantur
1533 4641 1738 4712 jurgiis
1759 4646 1816 4695 et

217 4716 692 4784 contentionibus.
715 4716 788 4782 Hi
806 4724 974 4781 etiam
997 4726 1166 4799 super
1180 4746 1239 4783 se
1263 4729 1451 4783 levant
1475 4730 1814 4800 pondusim-

215 4806 449 4889 pietatis,
481 4810 639 4889 etin
669 4815 955 4889 Babylone
981 4816 1062 4887 (id
1099 4824 1185 4872 est
1214 4818 1272 4872 in
1302 4818 1648 4886 confusione)
1675 4818 1816 4874 tedi-

1893 4291 2068 4345 dixit:
2105 4310 2125 4339 ι
2176 4292 2309 4343 Ecce
2338 4289 2434 4359 qui
2462 4288 2829 4359 egrediuntur
2857 4287 2914 4341 in
2938 4293 3148 4340 terram
3179 4282 3478 4359 aquilonis,

1893 4368 2242 4451 requiescere
2262 4378 2511 4432 fecerunt
2526 4377 2786 4447 spiritum
2812 4393 2997 4430 meum
3018 4375 3077 4429 in
3097 4374 3251 4455 terra
3274 4370 3486 4447 aquilo-

1894 4467 2000 4521 nis.
2035 4491 2059 4514 »
2094 4467 2172 4521 De
2200 4465 2366 4519 tertia
2413 4456 2686 4535 quadriga
2731 4464 2885 4528 dicit,
2929 4463 2987 4535 in
3017 4452 3124 4534 qua
3155 4460 3314 4531 erant
3354 4452 3485 4532 equi

1894 4555 2025 4619 albi,
2055 4573 2154 4626 per
2182 4571 2321 4625 quos
2349 4552 2737 4625 figurabantur
2768 4542 3117 4615 Macedones,
3150 4550 3244 4620 qui
3283 4554 3340 4602 et
3376 4547 3485 4621 ipsi

1895 4649 2022 4715 post
2047 4644 2238 4714 nigros
2273 4643 2344 4696 ad
2373 4649 2584 4697 terram
2613 4642 2889 4712 aquilonis
2918 4632 3368 4710 egrediebantur.
3410 4631 3484 4715 Hi
3504 4642 3521 4652 ’

1898 4713 2032 4803 ergo
2062 4713 2411 4804 requiescere
2440 4731 2692 4786 fecerunt
2718 4730 2975 4800 spiritum
2998 4722 3219 4797 Domini
3246 4723 3301 4777 in

1897 4802 2194 4891 aquilonis,
2220 4820 2352 4891 quia
2369 4819 2671 4872 vindictam
2695 4816 2793 4870 Dei
2823 4806 3195 4885 impleverunt
3221 4802 3487 4865 subverso

404 4906 518 4961 sibi
549 4882 815 4960 domum:

826 5044 1061 5103 CAPUT
1109 5048 1183 5102 VI
1194 5089 1205 5100 .

1899 4910 2188 4978 Medorum
2204 4907 2459 4978 imperio.
2474 4908 2616 4960 Nam
2635 4903 2966 4967 Alexander,
2975 4895 3072 4956 rex
3095 4892 3460 4978 Macedonum
3472 4938 3486 4966 ,

1908 4974 2140 5053 Darium
2164 4974 2461 5051 Persarum
2492 4999 2549 5048 et
2571 4993 2861 5048 Medorum
2882 5007 3071 5073 regem
3102 4976 3403 5053 interfecit,
3437 4992 3496 5043 et

330 5147 341 5156 .
828 5075 960 5103 ωιτ
972 5075 1009 5103 υ
1025 5075 1051 5103 ι
1123 5075 1147 5102 "
1161 5075 1205 5102 ³·
1901 5087 1950 5157 ej
1960 5104 2023 5141 us
2049 5102 2283 5156 regnum
2306 5084 2363 5138 in
2383 5083 2715 5136 Macedones
2725 5080 3110 5143 transtulit.Hi
3129 5094 3261 5149 ergo
3276 5075 3497 5149 requie-

285 5188 309 5222 (ι
330 5166 399 5227 Et
416 5163 736 5226 conversus
756 5160 903 5237 sum,
927 5176 984 5224 et
1003 5166 1177 5225 levavi
1200 5172 1387 5226 oculos
1409 5189 1579 5233 meos,
1602 5178 1656 5226 et
1687 5172 1817 5239 vidi,
1903 5156 2055 5230 scere
2084 5175 2335 5228 fecerunt
2348 5171 2605 5242 spiritum
2624 5156 3134 5241 pr0phetalem,Dei
3155 5165 3414 5238 spiritum
3436 5165 3497 5220 in

224 5266 271 5313 et
290 5278 411 5315 ecce
432 5268 693 5335 quatuor
711 5260 995 5331 quadrigae
1012 5246 1363 5329 egredientes
1387 5261 1456 5314 de
1479 5261 1660 5315 medio
1681 5262 1822 5316 duo-
1902 5270 2058 5316 terra
2086 5251 2382 5332 aquilonis,
2407 5260 2539 5330 quia
2577 5259 2876 5313 vindictam
2907 5260 3277 5311 exercuerunt
3304 5250 3497 5335 populi

224 5342 337 5404 rum
358 5324 680 5413 montium,
711 5340 1025 5421 etmontes,
1054 5357 1271 5403 montes
1301 5340 1525 5403 aerei.In
1549 5350 1823 5420 quadriga
1905 5352 2025 5412 Dei,
2063 5357 2120 5404 et
2148 5350 2490 5403 voluntatem
2515 5349 2634 5418 ejus
2654 5348 2721 5401 in
2750 5348 2975 5402 illorum
3003 5344 3231 5400 interitu
3258 5324 3499 5413 comple-

226 5438 394 5506 prima
418 5439 563 5511 equi,
588 5430 814 5507 ruﬁ,et
840 5432 896 5490 in
931 5438 1203 5511 quadriga
1234 5438 1479 5491 secunda
1507 5438 1631 5508 equi
1656 5438 1820 5508 nigri,
1906 5445 2123 5493 verunt.
2153 5438 2394 5509 Grandis
2420 5437 2570 5491 enim
2610 5443 2696 5491 est
2723 5426 3029 5491 consolatio
3050 5449 3243 5489 eorum
3273 5430 3369 5503 qui
3407 5446 3502 5499 op-

227 5526 349 5603 etin
370 5508 662 5603 quadriga
680 5516 851 5603 tertia
864 5518 993 5596 equi
1013 5520 1145 5601 albi,
1166 5508 1222 5580 et
1324 5526 1467 5599 quad
1478 5529 1596 5603 riga
1624 5536 1828 5598 quarta
1906 5527 2249 5603 primuntur,
2279 5525 2323 5595 si
2341 5525 2530 5579 hostes
2545 5541 2675 5579 suos
2694 5524 2805 5578 cito
2818 5520 3179 5603 cognoverint
3195 5512 3492 5603 ροιῖίῐμνόεο

229 5544 278 5580 εἴ.
294 5544 349 5603 λη
370 5544 555 5600 quitur
623 5544 662 5578 Β
680 5544 851 5595 [eruit
864 5544 993 5596 equ1
1013 5544 1145 5601 ωοι,
1166 5544 1222 5580 ΘΕ
1246 5544 1311 5591 λη,
1324 5544 1467 5599 quau
1478 5544 1596 5596 riga
1624 5544 1828 5598 quarm
1906 5544 2249 5603 prlmuntur,
2279 5544 2323 5595 Si
2341 5544 2530 5579 nostes
2545 5544 2675 5579 suos
2694 5544 2805 5578 (31ῐο
2818 5544 3179 5603 cognoverint.
3196 5544 3492 5591 μυιίιυιυῦο

229 5608 346 5689 54's
558 5544 767 5673 lfortes.
801 5588 872 5696 Et
897 5608 1183 5692 respondi,
1214 5600 1272 5669 et
1298 5606 1411 5671 dixi
1439 5601 1512 5670 ad
1537 5616 1822 5688 angelum,
1910 5614 2147 5681 Quidam
2167 5612 2537 5697 spiritualiter
2554 5629 2657 5688 per
2677 5618 2921 5685 quatuor
2938 5600 3238 5686 quadrigas
3262 5600 3503 5683 Quatuor
