3970 6150
522 297 627 354 239

943 289 1324 346 llAYMONIS
1362 287 1850 342 HALBERSTAT.
1895 283 2115 339 EPISC.
2159 281 2317 335 OPP.
2362 281 2546 334 PARS
2584 281 2627 334 Ι.
2671 311 2731 321 -
2773 278 3146 332 COMMENT.
3188 280 3372 336 BlBL.

3651 287 3739 346 240

522 421 846 490 intelligunt
875 416 1172 486 Evangelia
1202 433 1212 466 :
1238 431 1337 484 per
1361 429 1552 482 equos,
1581 411 1786 464 electos
1806 410 1927 466 Dei,
1952 407 2006 460 in
2029 406 2109 459 di-
2127 409 2170 465 Α
2190 405 2235 458 si
2261 403 2458 457 auditu
2483 402 2774 456 audieritis
2805 417 2994 455 vocem
3021 400 3245 490 Domini
3276 401 3372 456 Dei
3398 406 3574 460 vestri,
3605 425 3628 459 ι
3653 408 3738 463 Re.

523 511 784 564 versitate
813 506 1060 560 colorum
1093 504 1340 556 diversas
1361 501 1572 570 gratias
1595 496 2112 568 possidentes.Quo-

524 616 648 652 rum
682 596 774 650 alii
797 601 931 648 sunt
962 594 1066 646 ruﬁ
1096 590 1384 659 martyrio,
1419 588 1514 640 alii
1547 585 1980 654 nigri,squalore
2002 599 2111 652 pm-

525 685 776 742 nitentiae
804 682 1020 740 fuscati,
1047 681 1159 733 sive
1186 679 1264 730 illi
1295 677 1388 746 qui
1411 676 1646 728 obscura
1669 672 1872 726 Christi
1898 677 2110 741 myste-

527 777 611 830 ria
639 778 950 845 penetrant.
981 768 1258 837 Scriptum
1280 771 1364 818 est
1378 764 1558 816 enim:
1588 783 1608 812 ι
1630 761 1823 814 Posuit
1851 759 2110 812 tenebras

525 863 820 918 latibulum
849 874 1034 912 suum.
1053 875 1079 909 ιι
1105 855 1212 908 Alii
1239 853 1371 914 albi,
1389 849 1724 920 virginitatis
1751 847 1992 901 candore
2009 846 2112 899 ful-

521 958 737 1023 gentes,
773 949 886 1002 sive
913 947 972 999 in
989 943 1264 1013 baptismo
1294 935 2116 994 mundati.Nonnullivariifor-

521 1049 608 1094 tes
637 1039 980 1091 diversarum
1003 1031 1353 1084 curationum
1388 1037 1440 1081 et
1463 1027 1728 1079 virtutum
1747 1023 1986 1094 gratiam
2021 1023 2115 1075 ha-

523 1129 736 1181 bentes.
762 1125 878 1178 Hoc
906 1130 1092 1176 autem
1121 1118 1266 1189 quod
1299 1116 1521 1177 dicitur,
1555 1133 1580 1165 α
1617 1114 1682 1166 lii
1709 1113 1804 1182 qui
1823 1111 2114 1182 egrediun-

521 1216 690 1271 turin
723 1220 931 1268 terram
963 1207 1259 1278 aquilonis,
1295 1204 1644 1273 requiescere
1665 1202 1918 1254 fecerunt
1947 1199 2113 1269 spiri-

522 1313 642 1360 tum
671 1318 856 1356 meum
887 1300 944 1352 in
973 1303 1123 1351 terra
1159 1292 1458 1364 aquilonis,
1493 1311 1516 1342 »
1565 1290 1845 1360 significat
1872 1288 2005 1358 quia
2041 1287 2110 1339 ad

521 1389 971 1463 praedicationem
1029 1383 1406 1451 evangelicam
1461 1387 1657 1448 gentes
1705 1395 1826 1447 quae
1865 1375 2112 1429 erantin

523 1480 804 1550 aquilone,
843 1477 946 1528 hoc
966 1479 1068 1534 est,
1105 1473 1159 1524 in
1192 1471 1395 1540 frigore
1418 1467 1786 1528 inﬁdelitatis,
1815 1472 1872 1520 et
1898 1465 2000 1519 sub
2025 1479 2114 1534 po-

520 1574 725 1622 testate
747 1563 972 1626 diaboli,
999 1561 1093 1631 qui
1125 1559 1282 1622 dixit,
1314 1578 1335 1610 (
1360 1559 1566 1610 Ponam
1601 1555 1787 1608 sedem
1821 1570 2000 1607 meam
2045 1551 2116 1604 ad

2193 493 2389 562 positis
2415 499 2603 545 autem
2631 489 2849 544 coronis
2881 489 2938 542 in
2963 489 3172 559 templo
3203 491 3506 550 Domini.et
3527 495 3580 547 in
3609 501 3740 549 aeter-

2193 597 2321 633 nam
2360 581 2686 632 memoriam
2739 577 3100 640 consecratis,
3147 579 3371 632 venient
3405 581 3471 634 de
3497 589 3603 634 toto
3633 582 3745 636 orbe

2191 675 2410 737 gentes,
2442 675 2498 720 et
2521 665 2876 720 aediﬁcabunt
2896 665 2953 717 in
2966 665 3197 734 templo,
3228 672 3285 718 et
3314 666 3494 721 scietis
3515 669 3745 738 quoniam

2195 755 2472 810 Dominus
2495 755 2648 808 misit
2677 772 2764 807 me
2795 754 2865 806 ad
2889 770 3002 806 vos.
3036 753 3350 807 Videndum
3381 755 3520 824 quod
3547 772 3750 810 cumsu-

2194 843 2385 914 perius
2413 843 2532 897 tres'
2559 843 2808 914 posuerit
2831 841 2998 906 viros,
3031 841 3232 894 Holdai
3263 848 3320 895 et
3334 842 3501 896 Tobia
3528 849 3580 896 et
3597 843 3748 904 ldaia,

2196 949 2345 986 nunc
2375 932 2615 1002 primum
2637 947 2840 984 nomen
2859 936 3138 984 mutatum
3159 935 3274 984 est:
3300 948 3398 1001 pro
3415 932 3603 984 Holdai
3624 931 3752 986 enim

2199 1021 2442 1091 positum
2461 1026 2547 1073 est
2567 1019 3065 1082 llelem.Quartum
3088 1024 3175 1072 est
3195 1018 3444 1072 additum
3452 1019 3608 1089 ,quod
3621 1019 3754 1090 prius

2200 1125 2310 1162 non
2330 1108 2832 1168 fueratdictum,id
2863 1113 2966 1172 est,
2998 1108 3136 1160 Heri.
3169 1107 3370 1160 Holdai
3393 1107 3757 1177 interpretatur

2197 1196 2516 1266 deprecatio
2537 1194 2985 1260 Domini,Tobias
3001 1194 3178 1248 bonus
3201 1195 3596 1256 Domini,ldaia
3613 1201 3757 1248 notus

2195 1285 2567 1348 Domini,Hen
2586 1286 2788 1354 gratia.
2801 1285 2992 1338 lielem
3008 1284 3312 1354 vero,quod
3327 1301 3426 1354 pro
3449 1283 3666 1338 Iloldaia
3683 1299 3760 1354 po-

2195 1371 2365 1425 situm
2396 1372 2910 1443 est,interpretatur
2932 1373 3236 1426 somnium.
3267 1373 3519 1426 Tradunt
3545 1371 3759 1436 Hebraei,

2197 1459 2332 1513 istos
2359 1468 2492 1524 tres,
2541 1461 2598 1514 id
2627 1467 2714 1514 est
2751 1460 2969 1522 Holdai,
3001 1460 3194 1523 Tobia,
3229 1467 3288 1514 et
3315 1461 3488 1526 Idaia,
3523 1477 3636 1514 esse
3662 1467 3758 1514 tres

2199 1565 2423 1618 pueros,
2472 1551 2771 1610 Ananiam,
2819 1548 3103 1613 Azariam,
3151 1549 3460 1614 Misaelem,
3501 1548 3591 1618 qui
3616 1565 3759 1601 vene-

521 1655 860 1728 aquilonem,
899 1671 920 1702 ι
957 1649 1331 1706 crediderunt,
1368 1653 1420 1699 et
1441 1645 1499 1697 in
1521 1644 1602 1697 eis
1633 1643 1864 1713 spiritus
1895 1640 2114 1696 Domini
2135 1713 2176 1728 ἢ
2199 1643 2332 1690 runt
2356 1637 2424 1691 de
2453 1638 2792 1708 captivitate,
2818 1643 2872 1690 et
2899 1637 3016 1690 haec
3037 1653 3273 1690 munera
3293 1654 3491 1691 aurum
3519 1645 3572 1690 et
3591 1652 3762 1706 argen-

521 1742 812 1814 requievit.

597 1886 619 1918 ι
658 1867 726 1920 Et
760 1864 972 1918 factum
1019 1865 1101 1913 est
1143 1857 1368 1911 verbum
1405 1855 1625 1910 Domini
1654 1854 1722 1907 ad
1759 1871 1846 1906 me
1871 1853 2062 1906 dicens
2096 1868 2109 1905 :

520 1957 690 2010 Sume
711 1970 745 2007 a
763 1947 1255 2019 transmigratione
1277 1945 1346 1998 ab
1371 1943 1569 2000 lloldai
1600 1951 1657 1996 et
1681 1960 1716 1995 a
1742 1941 1916 1996 Tobia
1947 1947 2004 1995 et
2041 1939 2110 1992 ab

518 2044 694 2105 Idaia,
729 2047 786 2095 et
813 2039 1001 2092 venies
1031 2047 1090 2090 tu
1113 2036 1168 2088 in
1199 2035 1288 2088 die
1318 2034 1432 2097 illa,
1453 2039 1510 2085 et
1529 2030 1765 2084 intrabis
1795 2029 1851 2082 in
1881 2029 2110 2082 domum

518 2132 683 2187 Josiae
713 2129 810 2183 ﬁlii
841 2125 1155 2197 SOphoniae,
1191 2123 1286 2192 qui
1317 2127 1590 2174 venerunt
1623 2119 1690 2172 de
1725 2117 2024 2188 Babylone,
2056 2122 2114 2169 et

519 2235 708 2275 sumes
737 2231 939 2271 aurum
962 2219 1019 2266 et
1047 2221 1367 2281 argentum,
1395 2215 1451 2263 et
1479 2209 1650 2261 facies
1677 2222 1930 2268 coronas,
1954 2212 2010 2258 et
2023 2221 2115 2274 po-

521 2327 622 2364 nes
651 2309 708 2362 in
738 2305 918 2376 capite
960 2303 1091 2356 Jesu
1126 2299 1224 2352 lilii
1257 2297 1525 2351 Josedech
1566 2295 1870 2348 sacerdotis
1903 2293 2110 2359 magni,

519 2404 576 2453 et
609 2394 852 2468 loqueris
877 2392 944 2446 ad
970 2406 1096 2444 eum
1116 2387 1305 2440 dicens
1329 2405 1340 2439 :
1369 2386 1497 2438 Haec
1517 2385 1599 2438 ait
1620 2383 1890 2436 Dominus
1910 2381 2117 2434 exerci-

519 2493 679 2541 tuum
709 2484 932 2537 dicens:
959 2481 1095 2532 Ecce
1118 2475 1200 2528 vir
1228 2474 1414 2528 oriens
1448 2488 1647 2545 nomen
1671 2472 1812 2540 ejus,
1840 2476 1897 2524 et
1923 2469 2117 2523 subter

519 2591 645 2630 eum
663 2572 896 2630 orietur,
921 2573 979 2621 et
999 2562 1294 2620 aedilicabit
1321 2561 1593 2630 templum
1619 2558 1874 2613 Domino.
1906 2579 1929 2608 »
1964 2557 2116 2611 Ordo

519 2663 813 2718 verborum
845 2657 1108 2710 confusus
1125 2659 1226 2705 est.
1255 2651 1348 2704 Est
1379 2655 1566 2702 autem
1599 2648 1728 2701 talis
1749 2647 2070 2715 conjunctio
2097 2665 2107 2698 :

521 2754 693 2808 Sume
712 2747 814 2803 tibi
840 2747 910 2800 ab
940 2741 1140 2798 Holdai
1172 2748 1228 2794 et
1257 2756 1289 2792 a
1309 2737 1485 2792 Tobia
1513 2743 1569 2790 et
1597 2735 1667 2790 ab
1697 2736 1870 2796 Idaia,
1901 2735 1997 2805 qui
2029 2752 2115 2788 ve-

519 2845 728 2896 nerunt
753 2837 822 2890 de
855 2832 1159 2903 Babylone,
1185 2835 1237 2882 et
1266 2843 1453 2880 sumes
1474 2825 1741 2879 subaudis
1771 2823 1841 2877 ab
1869 2823 1949 2876 eis
1980 2840 2112 2876 mu-

517 2945 658 2984 nera
676 2941 799 2997 quae
827 2923 1154 2978 afferuntur,
1191 2932 1390 2969 aurum
1422 2921 1480 2967 et
1505 2918 1821 2982 argentum,
1854 2917 1910 2965 et
1933 2911 2111 2964 intra-

513 3017 602 3073 bis
631 3017 688 3070 in
709 3014 938 3068 domum
967 3007 1129 3062 .losian
1162 3004 1260 3057 lilii
1291 3001 1606 3072 Saphoniae,
1638 3006 1694 3053 et
1723 2999 1888 3053 facies
1915 2999 1991 3053 ibi
2017 3016 2112 3052 co-

517 3121 687 3160 ronas
731 3116 868 3156 auro
918 3103 1263 3166 argentoque
1307 3091 1618 3154 distinctas,
1653 3094 1709 3141 et
1733 3105 1898 3141 unam
1931 3105 1995 3141 ex
2033 3086 2113 3140 eis

520 3209 694 3268 pones
723 3205 893 3260 super
912 3189 1102 3242 Jesum
1121 3183 1297 3236 ﬁlium
1322 3179 1594 3233 Josedech
1622 3177 1968 3230 sacerdotem
2001 3193 2116 3230 ma-

519 3265 715 3356 gnum,
748 3286 804 3333 et
851 3273 1095 3346 loqueris
1143 3271 1212 3323 ad
1244 3285 1371 3322 eum
1409 3287 1419 3318 :
1467 3287 1486 3316 ι
1517 3267 1650 3320 Ecce
1681 3266 1764 3318 vir
1790 3265 1974 3318 oriens
2014 3281 2114 3318 no—

522 3353 648 3426 men
680 3369 818 3438 eius,
853 3371 910 3418 et
938 3361 1132 3416 subter
1173 3373 1298 3410 eum
1345 3355 1574 3418 orietur,
1608 3373 1632 3404 ι
1667 3353 1722 3406 id
1754 3361 1839 3406 est
1887 3358 2116 3423 repente

521 3462 838 3514 succrescet
866 3469 931 3506 ex
961 3449 1147 3502 radice
1177 3450 1362 3504 sua,et
1391 3443 1446 3496 in
1465 3441 1887 3495 similitudinem
1903 3441 2116 3510 germi-

521 3549 610 3604 nis
639 3540 953 3618 pullulabit.
991 3535 1284 3605 Signiﬁcat
1329 3537 1518 3586 autem
1559 3529 1882 3594 Zorobabel,
1916 3529 2012 3599 qui
2052 3546 2116 3582 ex

523 3617 722 3692 humili
743 3639 800 3684 et
827 3627 1045 3698 captivo
1074 3624 1132 3676 in
1162 3622 1358 3675 ducem
1384 3618 1570 3689 p0puli
1606 3617 1864 3680 surrexit,
1899 3625 1956 3670 et
1983 3617 2116 3671 aedi-

526 3723 711 3779 ﬁcavit
739 3717 1009 3786 templum
1044 3711 1278 3765 Domino
1330 3710 1442 3761 Hoc
1470 3714 1555 3759 est
1583 3707 1728 3758 enim
1757 3705 1903 3776 quod
1939 3706 2076 3759 dicit
2101 3722 2112 3758 :

528 3814 598 3868 Et
625 3804 920 3864 aedificabit
947 3800 1218 3870 templum
1243 3797 1500 3850 Domino.

605 3973 627 4006 ι
655 3951 851 4020 Etipse
875 3948 1124 4000 exstruet
1145 3940 1414 4011 templum
1447 3937 1702 4000 Domino,
1725 3937 1910 4006 etipse
1935 3942 2120 4007 porta-

528 4039 878 4112 bitgloriam,
909 4056 934 4086 »
952 4033 1104 4087 idest
1134 4030 1366 4084 alteram
1382 4043 1663 4080 coronam.
1695 4047 1714 4074 α
1735 4025 1801 4078 Et
1821 4025 2037 4079 sedebit
2064 4029 2123 4079 et

529 4128 912 4187 dominabitur
927 4139 1095 4192 super
1107 4119 1244 4172 solio
1261 4135 1380 4171 suo.
1393 4117 1458 4169 Et
1469 4115 1576 4168 erit
1590 4115 1848 4168 sacerdos
1860 4131 1921 4167 su
1931 4130 2124 4184 perso-

532 4221 606 4272 lio
619 4221 803 4276 suo,et
822 4211 1112 4266 consilium
1131 4206 1279 4276 pacis
1293 4206 1400 4256 erit.
1412 4202 1690 4254 interilles
1707 4201 1738 4253 d
1750 4218 1866 4254 uos.
1890 4202 1957 4254 Et
1971 4218 2126 4254 coro-

534 4323 622 4360 nae
637 4309 804 4358 erunt
821 4299 995 4352 Helen
1013 4304 1068 4347 et
1083 4293 1268 4347 Tobiae
1285 4298 1341 4343 et
1355 4289 1522 4343 Idaiae
1544 4295 1600 4342 et
1614 4288 1757 4341 Hen.
1786 4307 1807 4338 ι
1829 4289 2124 4359 [lucusque

2133 1713 2316 1778 Btum
2350 1726 2406 1778 in
2447 1727 2655 1796 templo
2688 1725 2912 1779 Domini
2949 1725 3273 1779 obtulerunt
3307 1731 3602 1796 :quartum
3631 1740 3760 1789 vero,

2197 1813 2343 1884 quod
2374 1830 2544 1884 supra
2588 1830 2699 1867 non
2744 1821 2849 1876 est,
2890 1813 2941 1866 id
2970 1819 3056 1866 est
3082 1813 3232 1870 Hen.
3265 1813 3552 1868 Danielem
3589 1813 3762 1865 dicunt

2197 1919 2336 1966 esse,
2371 1909 2428 1955 et
2459 1903 2640 1971 ipsum
2675 1902 2889 1955 venisse
2918 1919 3044 1955 cum
3076 1898 3308 1955 munere
3329 1921 3341 1968 ;
3365 1902 3570 1957 idcirco
3599 1906 3788 1979 autem.

2198 1991 2390 2043 Iielem
2409 1991 2649 2061 positum
2664 2007 2783 2044 esse
2797 2006 2895 2060 pro
2910 1989 3284 2060 Holdai,quod
3302 1991 3344 2043 Η
3353 1990 3496 2044 elem
3511 1989 3762 2043 somnium

2195 2077 2614 2148 interpretetur,
2648 2083 2711 2132 ut
2743 2095 2807 2131 ex
2835 2077 3298 2148 interpretatione
3319 2078 3646 2132 ostendatur
3671 2077 3768 2130 Da-

2196 2166 2324 2228 niel,
2360 2175 2416 2220 et
2445 2173 2560 2220 tres
2592 2167 2749 2236 pueri
2781 2167 2876 2237 qui
2922 2167 2978 2220 in
3011 2165 3295 2236 Babylone
3350 2166 3555 2237 regalis
3584 2161 3768 2218 somnii

2198 2255 2465 2324 mysteria
2507 2261 2902 2324 cognoverant.
2936 2254 3122 2307 Josias
3146 2263 3336 2308 autem
3363 2254 3495 2323 iste,
3519 2253 3588 2308 ad
3617 2267 3767 2323 quem

2199 2341 2412 2396 intrare
2441 2344 2714 2413 propheta
2739 2343 2992 2413 jubetur,
3019 2349 3073 2396 et
3095 2343 3153 2396 in
3181 2344 3341 2412 cujus
3365 2341 3608 2413 gratiam
3629 2357 3661 2394 a
3683 2340 3772 2394 Se-

2199 2431 2498 2500 ptuaginta
2539 2431 2970 2486 translatoribus
3000 2431 3268 2486 dicuntur
3297 2447 3422 2486 esse
3449 2445 3678 2494 coronae,
3715 2442 3772 2481 eo

2199 2519 2344 2588 quod
2369 2519 2516 2588 apud
2538 2519 2698 2573 illum
2717 2525 3095 2583 servarentur,
3127 2519 3387 2586 aedituus,
3417 2519 3474 2573 id
3500 2529 3584 2572 est
3607 2521 3776 2571 custos

2199 2607 2635 2678 Dominitempli
2661 2616 2784 2662 erat
2806 2607 3378 2677 Haecjuxtalitteram,
3405 2603 3778 2662 sicutsehabet

2199 2695 2560 2749 Hebraeorum
2591 2695 2822 2749 traditio
2875 2696 3262 2765 Spiritualiter
3279 2693 3780 2767 jubeturpropheta

2195 2800 2459 2836 sumerea
2472 2784 2969 2853 transmigratione
2983 2801 3182 2838 aurum
3202 2791 3260 2838 et
3273 2785 3784 2855 argentum.Trans-

2197 2873 2457 2943 migratio
2480 2874 2667 2944 populi
2690 2873 3033 2936 Judaeorum,
3053 2873 3110 2926 id
3131 2881 3215 2926 est
3236 2874 3428 2944 populi
3460 2875 3634 2928 Deum
3662 2886 3783 2924 con-

2195 2961 2424 3026 fitentis,
2457 2969 2591 3015 sunt
2619 2962 2754 3015 vitia
2799 2968 2854 3016 et
2892 2968 3133 3032 peccata,
3167 2979 3292 3032 qua:
3320 2979 3451 3016 cum
3477 2962 3602 3033 quis
3631 2957 3784 3029 coepit

2133 3062 2175 3120 ο
2195 3049 2509 3119 relinquere
2537 3055 2594 3104 et
2622 3067 2790 3121 agere
2821 3050 3224 3120 pcenitentiam,
3259 3059 3316 3105 et
3343 3051 3666 3106 desiderare
3693 3063 3781 3120 pa-

2197 3138 2384 3198 triam,
2418 3139 2473 3192 id
2496 3146 2582 3192 est
2604 3139 2950 3193 Hierusalem
2975 3141 3278 3201 caelestem,
3302 3140 3472 3194 offert
3500 3141 3558 3194 in
3586 3137 3780 3207 templo

2198 3226 2419 3280 Domini
2451 3243 2652 3280 aurum
2681 3233 2740 3280 et
2765 3234 3084 3297 argentum,
3118 3227 3409 3282 intellectu
3452 3233 3512 3282 et
3537 3239 3782 3282 sermone

2198 3315 2496 3368 Dominum
2521 3316 2854 3369 confitendo.
2887 3317 2961 3370 Ex
2988 3317 3091 3372 hoc
3123 3333 3264 3370 auro
3293 3322 3351 3370 et
3379 3323 3618 3388 argento
3655 3317 3787 3368 ﬁunt

2199 3420 2415 3457 coronae
2442 3405 2496 3456 in
2529 3405 2737 3474 templo
2768 3404 2952 3469 Josiae,
2978 3405 3073 3474 qui
3095 3405 3506 3476 interpretatur
3533 3405 3786 3465 salvatus,

2199 3497 2255 3544 et
2282 3491 2428 3544 filius
2443 3499 2528 3545 est
2548 3492 2872 3546 salvationis
2897 3493 3129 3546 Domini.
3179 3493 3392 3547 Domus
3413 3493 3664 3548 Ecclesia
3691 3497 3788 3557 est,

2201 3580 2257 3633 in
2288 3597 2398 3650 qua
2423 3587 2506 3634 est
2535 3581 2772 3651 populus
2794 3581 3040 3634 salvatus
3065 3598 3100 3634 a
3122 3581 3375 3644 Domino,
3401 3583 3500 3653 qui
3541 3589 3630 3636 est
3652 3580 3791 3634 ﬁlius

2203 3668 2535 3722 visitationis
2557 3669 2800 3723 Domini.
2833 3669 3094 3722 Visitavit
3121 3669 3270 3723 enim
3299 3671 3574 3739 Dominus
3594 3687 3686 3724 eos
3707 3667 3794 3738 qui

2202 3757 2348 3809 male
2377 3758 2742 3827 aegrotabant,
2764 3765 3118 3828 peccatorum
3135 3759 3405 3828 languore
3437 3757 3792 3812 decubantes.

2203 3842 2284 3897 Ini
2294 3853 2577 3914 ponuntur
2589 3847 2671 3900 han
2694 3863 2912 3900 coronae
2941 3847 2966 3900 J
2975 3863 3073 3900 esu
3105 3847 3218 3901 lilio
3238 3847 3518 3901 Josedech
3532 3840 3799 3900 sacerdoti

2203 3950 2425 4004 magno.
2459 3935 2608 4005 quod
2640 3934 2798 3988 nobis
2845 3953 2876 3989 a
2927 3935 3248 4006 captivitate
3287 3935 3502 3990 diaboli
3532 3931 3797 3996 liberatis,

2205 4028 2261 4076 et
2277 4023 2696 4093 proficientibus
2727 4041 2825 4094 per
2849 4023 3097 4094 singulas
3111 4023 3344 4078 virtutes
3373 4031 3607 4078 nostras
3627 4020 3806 4078 Domi-

2206 4128 2312 4164 nus
2353 4119 2675 4172 coronatur,
2724 4112 2838 4166 imo
2869 4113 2928 4165 in
2960 4111 3119 4166 nobis
3149 4129 3384 4166 coronas
3414 4113 3542 4184 ipse
3586 4109 3800 4181 accipit.

2207 4199 2375 4253 Recte
2391 4207 2578 4254 autem
2600 4202 2653 4254 iil
2664 4202 2748 4254 ius
2762 4201 2968 4256 dicitur
2985 4201 3377 4272 Josedech,qui
3397 4201 3808 4272 interpretatur

2211 4289 2482 4342 Dominus
2485 4290 2740 4358 justitiae,
2756 4291 2900 4360 quod
2920 4291 3068 4344 Deus
3080 4291 3248 4344 Pater
3265 4290 3483 4344 Domini
3503 4289 3808 4345 Salvatoris

534 4394 604 4447 de
615 4385 1034 4445 Zorobabelznu
1045 4397 1110 4434 nc
1128 4379 1328 4432 iterum
1353 4376 1554 4446 repetit
1575 4376 1643 4429 de
1658 4377 1684 4430 J
1693 4392 1790 4429 esu
1812 4376 2118 4439 sacerdote,
2140 4371 2188 4428 D
2203 4377 2354 4445 juste
2383 4377 2619 4446 singulis
2643 4395 2742 4448 pro
2768 4379 2885 4432 suis
2902 4379 3117 4433 meritis
3139 4379 3414 4435 restituet.
3449 4379 3620 4434 Unde
3648 4376 3812 4432 conli-

535 4482 605 4536 de
636 4495 746 4550 quo
771 4475 926 4546 prius
953 4471 1188 4523 dixerat.
1232 4465 1338 4520 Sed
1366 4474 1424 4517 et
1453 4465 1694 4534 pontifex
1720 4464 1939 4533 (inquit)
1964 4465 2125 4518 Jesus

535 4567 750 4625 sedebit
780 4565 836 4618 in
857 4559 994 4616 solio
1017 4574 1136 4620 suo,
1169 4556 1274 4608 hoc
1303 4559 1404 4615 est,
1439 4551 1496 4605 in.
1525 4552 1728 4606 throno
1770 4553 2121 4618 sacerdotali,

536 4665 592 4714 et
616 4656 725 4713 erit
751 4669 855 4726 pax
877 4651 1026 4704 inter
1051 4645 1190 4700 duos
1215 4643 1358 4700 illos,
1385 4641 1486 4694 hoc
1509 4640 1776 4706 est,inter
1799 4640 2119 4704 Zorobabel,

536 4747 635 4820 qui
682 4745 752 4799 de.
787 4740 962 4810 stirpe
1001 4734 1156 4804 regia
1185 4737 1324 4794 erat,
1358 4736 1413 4782 et
1441 4731 1630 4820 Jesum
1663 4728 1757 4798 qui
1787 4729 1855 4782 de
1885 4729 2127 4784 Levitica

538 4837 687 4893 tribu
717 4829 1097 4888 descenderat,
1127 4829 1190 4877 ut
1217 4819 1592 4875 sacerdotium
1627 4823 1684 4872 et
1711 4835 1945 4888 regnum
1975 4819 2126 4890 pari-

537 4933 625 4980 ter
653 4921 750 4976 Dei
766 4917 1033 4990 populum
1067 4911 1549 4981 regant,ipsasque
1568 4923 1802 4960 coronas
1831 4913 2129 4979 postquam

538 5007 814 5080 impositae
843 5001 1052 5056 fuerint
1090 4998 1258 5068 capiti
1279 4999 1408 5050 Jcsu
1433 4995 1531 5049 ﬁlii
1562 4996 1850 5060 Josedech,
1875 5004 1932 5050 et
1960 4995 2128 5068 capiti

538 5093 839 5151 Zorobabel
864 5089 964 5144 lilii
991 5086 1280 5149 Salatbiel,
1313 5083 1664 5138 consecrabis
1691 5085 1745 5138 in
1779 5086 1987 5155 templo
2028 5103 2129 5140 no-

540 5181 784 5238 minibus
809 5191 1026 5237 eorum,
1051 5189 1084 5225 a
1113 5171 1315 5242 quibus
1341 5170 1541 5223 oblatae
1561 5175 1710 5224 sunt.
1739 5171 1792 5223 id
1825 5179 1910 5224 est
1929 5172 2128 5226 Helem

538 5278 592 5326 et
617 5268 802 5324 Tobiae
822 5272 877 5318 et
905 5261 1074 5316 Idaiae
1105 5266 1162 5312 et
1190 5259 1326 5312 llen.
1362 5277 1383 5307 ι
1413 5257 1551 5310 Filio
1585 5259 1879 5338 Sophoniep
1914 5275 2125 5314 inemo-

538 5360 676 5416 riale
701 5357 758 5410 in
789 5352 997 5422 templo
1025 5347 1248 5404 Domini
1305 5347 1371 5398 Et
1401 5345 1494 5414 qui
1526 5347 1714 5415 procul
1737 5349 2130 5407 sunt,venient

537 5458 594 5503 et
621 5441 976 5500 azdiiicabunt
1003 5438 1058 5491 in
1090 5435 1296 5506 templo
1321 5433 1562 5494 Domini,
1586 5442 1642 5488 et
1660 5435 1847 5489 scietis
1867 5436 1998 5506 quia
2028 5437 2128 5490 Do-

519 5537 725 5598 .minus
743 5528 1084 5586 exercituum
1101 5523 1255 5578 misit
1273 5539 1362 5576 me
1392 5520 1463 5576 ad
1495 5539 1605 5576 vos.
1632 5523 1752 5577 Erit
1777 5531 1964 5578 autem
1997 5524 2122 5594 hoc,

2207 4465 2406 4519 denter
2424 4465 2644 4520 dicebat
2663 4468 2962 4537 Apostolus
2984 4484 3039 4519 τε(
3057 4467 3320 4538 Reposita
3335 4473 3424 4521 est
3444 4467 3591 4522 mihi
3611 4481 3814 4521 corona

2202 4553 2434 4622 justitiae
2491 4574 2515 4606 »
2541 4561 2646 4608 etc.
2673 4556 2999 4626 Praecipitur
3027 4555 3218 4627 itaque
3244 4557 3558 4627 prophetae,
3585 4562 3654 4610 ut
3673 4563 3817 4628 post-

2207 4659 2374 4712 quam
2396 4643 2725 4712 imposuerit
2744 4660 2978 4699 coronas
2995 4649 3342 4716 supercaput
3355 4645 3382 4698 J
3389 4661 3495 4699 esu
3515 4645 3625 4698 ﬁlii
3653 4645 3819 4698 Josc-

2207 4731 2347 4784 dech
2397 4731 2704 4786 sacerdotis
2750 4733 2962 4803 magni,
2997 4733 3148 4787 dicat
3177 4733 3248 4787 ad
3277 4750 3404 4788 eum
3438 4751 3450 4786 :
3493 4752 3521 4784 ς(
3559 4733 3700 4787 Ecce
3738 4731 3820 4784 vir

2209 4821 2395 4874 oriens
2425 4837 2627 4874 nomen
2655 4822 2794 4890 ejus.
2823 4841 2849 4874 υ
2871 4822 3126 4876 Christus
3151 4822 3246 4892 qui
3269 4822 3433 4876 Jesus
3452 4821 3696 4885 dicitur,
3730 4820 3824 4892 qui

2211 4908 2443 4962 salvavit
2465 4909 2758 4968 mundum.
2784 4925 2933 4964 nunc
2944 4909 3132 4964 oriens
3143 4909 3612 4980 vocatur,quiain
3625 4909 3824 4964 diebus

2211 4997 2260 5065 ej
2271 5013 2334 5048 us
2347 5002 2468 5050 orta
2481 5002 2568 5050 est
2573 4997 2594 5066 j
2604 4996 2790 5050 ustitia
2802 5039 2812 5050 .
2825 5015 2850 5046 ι(
2875 4997 2944 5052 Et
2955 4996 3149 5052 subter
3160 5014 3288 5052 eum
3305 4997 3547 5058 orietur,
3564 5019 3593 5051 υ
3621 4997 3830 5053 subau-

2211 5083 2297 5137 dis
2321 5085 2622 5139 multitudo
2652 5086 3021 5140 credentium.
3056 5106 3079 5137 ε
3109 5087 3179 5140 Et
3207 5085 3514 5140 aedificabit
3542 5087 3829 5157 templum

2211 5171 2502 5231 Domino,»
2536 5173 2590 5226 id
2617 5179 2701 5228 est
2733 5174 3032 5228 Ecclesiam
3087 5193 3113 5226 «
3134 5175 3203 5228 Et
3231 5173 3637 5228 dominabitur
3658 5190 3834 5246 super

2209 5260 2350 5313 solio
2389 5277 2508 5325 suo,
2545 5279 2571 5313 ι
2605 5262 2738 5332 quia
2766 5279 2892 5316 cum
2923 5263 3137 5316 venerit
3167 5264 3239 5316 ad
3268 5263 3572 5332 judicium,
3608 5263 3834 5318 sedebit

2212 5364 2382 5418 super
2406 5350 2592 5402 sedem
2627 5352 2939 5420 majestatis
2963 5368 3096 5406 suae.
3132 5371 3152 5402 ι
3188 5352 3256 5405 Et
3288 5352 3396 5406 erit
3423 5352 3712 5406 sacerdos
3737 5368 3836 5406 su-

2211 5453 2312 5506 per
2340 5439 2478 5491 solio
2503 5455 2658 5496 suo,»
2682 5440 2814 5509 quia
2835 5440 2952 5509 ipse
2975 5446 3060 5493 est
3079 5440 3320 5512 rex,ipse
3341 5439 3697 5510 pontifex,et
3717 5441 3839 5511 ipse

2209 5525 2427 5581 sedebit
2471 5535 2588 5580 tam
2631 5526 2689 5581 in
2715 5527 2888 5598 regali
2917 5545 3086 5600 quam
3115 5529 3174 5582 in
3207 5527 3547 5584 sacerdotali
3589 5529 3843 5613 throno.
