3970 6150
224 227 307 284 241

1096 240 1510 295 ENARRATIO
1549 242 1625 295 IN
1663 236 2081 298 ZACHARIAM
2126 244 2583 299 PROPHETAM.

3370 243 3473 298 5252

226 366 248 400 ι
276 349 339 445 ει
356 352 652 445 consilium
675 357 828 425 pacis
851 360 960 413 erit
979 361 1129 416 inter
1148 364 1449 427 duosillos,
1483 385 1502 412 ι
1529 371 1705 418 utnec
1719 383 1867 445 πίε-Α
1885 369 2129 422 rusalem
2161 368 2527 429 habitaretur,
2563 375 2619 422 et
2645 371 2831 422 essent
2861 366 3145 436 opulenta,
3178 370 3235 418 et
3271 365 3392 433 ipsa
3417 370 3474 419 et

221 437 333 507 gale
357 438 645 510 fastigium
684 446 1090 503 sacerdotalem
1129 452 1407 521 deprimat
1439 453 1791 520 dignitatem,

221 541 311 577 nec
334 528 638 624 sacerdotii
676 531 923 602 dignitas
959 539 1147 607 regale
1186 540 1491 608 fastigium,
1526 541 1619 593 sed
1661 557 1795 593 con-

222 620 412 668 sentiat
450 621 832 690 utrumquein
858 624 1023 680 unius
1054 626 1277 681 Domini
1305 628 1436 682 Jesu
1460 628 1719 697 gloriam.

809 768 1043 824 CAPUT
1069 770 1194 828 VII.

284 903 308 936 α
338 886 409 940 Et
430 886 638 942 factum
654 894 740 944 est
759 890 817 945 in
838 908 985 947 anno
1007 900 1207 964 quarto
1227 894 1379 948 Darii
1402 895 1566 965 regis,
1590 896 1798 949 factum

220 978 295 1028 est
330 974 564 1030 verbum
610 978 835 1034 Domini
881 982 951 1035 ad
992 983 1313 1037 Zachariam
1348 984 1401 1037 in
1436 992 1637 1054 quarta
1666 984 1798 1038 noni

218 1063 433 1127 mensis,
468 1066 564 1136 qui
595 1073 681 1121 est
703 1069 923 1124 Casleu.
949 1071 1309 1125 Etmiserunt
1339 1073 1405 1124 ad
1437 1073 1666 1125 domum
1698 1072 1801 1126 Dei

217 1151 441 1208 Sarasar
467 1160 527 1207 et
550 1155 1006 1225 Rogommelech.
1035 1165 1090 1212 et
1121 1160 1221 1213 viri
1249 1162 1340 1230 qui
1390 1170 1549 1213 crnut
1578 1177 1701 1213 cum
1734 1177 1800 1214 eo

216 1239 280 1293 ad
296 1240 704 1311 deprecandam
720 1246 916 1299 faciem
942 1248 1181 1313 Domini,
1209 1255 1270 1301 ut
1285 1249 1533 1302 dicerent
1548 1249 1801 1303 sacerdo-

215 1325 350 1381 tibus
361 1329 567 1383 domus
584 1332 806 1386 Domini
827 1336 1170 1389 exercituum
1195 1342 1251 1390 et
1265 1336 1549 1406 prophetis
1573 1338 1801 1405 loquen-

217 1420 306 1471 tes.
342 1436 366 1465 ι
392 1418 603 1472 Mensis
626 1437 825 1481 nonus,
852 1424 945 1492 qui
968 1425 1115 1493 apud
1140 1423 1406 1476 Hebraeos
1445 1424 1652 1477 dicitur
1691 1425 1798 1477 Ca-

215 1503 338 1567 sleu,
365 1506 519 1575 apud
549 1525 649 1561 nos
682 1516 908 1565 vocatur
944 1511 1265 1565 December.
1299 1514 1362 1566 ln
1399 1513 1559 1581 cujus
1589 1514 1797 1565 mensis

216 1601 403 1660 quarta
434 1595 527 1648 die
548 1596 825 1652 miserunt
855 1600 924 1652 ad
958 1601 1229 1670 templum
1262 1600 1661 1670 l)omini,quod
1680 1601 1796 1669 jam

1879 457 2045 510 urbes
2074 458 2129 510 in
2160 457 2394 510 circuitu
2427 458 2568 525 ejus.
2603 462 2660 510 et
2687 456 2756 509 ad
2796 462 3049 508 austrum
3077 460 3137 507 et
3162 453 3217 506 in
3251 470 3472 523 campe-

1877 545 2084 598 stribus
2132 544 2524 598 habitaret-ur?
2558 565 2579 594 ι
2612 546 2750 599 Cum
2800 544 3018 612 (inquit)
3066 543 3247 595 adhuc
3295 548 3470 595 staret

1876 633 2247 691 Hierusalem.
2278 640 2333 687 et
2364 633 2521 687 bonis
2549 633 2807 686 omnibus
2835 632 3039 702 ubique
3060 632 3391 694 abundaret,
3418 636 3475 684 et

1884 737 2108 774 summa
2136 739 2269 791 pace
2298 723 2597 787 frueretur,
2616 722 2730 774 haec
2756 721 2874 790 ipsa
2890 738 3011 790 quae
3031 737 3133 789 ego
3151 737 3300 774 nunc
3327 720 3469 783 dico,

1884 808 2258 879 loquebantur
2282 812 2351 863 ad
2383 828 2477 863 vos
2512 810 2724 880 priores
2769 809 3073 878 prophetae.
3107 808 3242 871 Qum
3280 814 3471 861 autem

1883 902 2071 950 essent
2098 897 2213 959 illa,
2244 898 2299 951 in
2330 896 2691 967 sequentibus
2717 897 3125 949 manifestatur.

1959 1006 1980 1034 α
2016 986 2085 1040 Et
2105 987 2309 1039 factum
2333 996 2417 1039 est
2449 986 2676 1039 verbum
2709 983 2935 1037 Domini
2957 985 3022 1037 ad
3036 985 3361 1038 Zachariam
3391 985 3471 1038 di-

1882 1090 2031 1137 cens,
2067 1075 2194 1128 Haec
2220 1075 2300 1128 ait
2324 1074 2597 1127 Dominus
2631 1073 2996 1134 exercituum,
3032 1073 3222 1127 dicens
3256 1091 3267 1125 :
3311 1072 3470 1126 Judi-

1882 1161 2029 1214 cium
2061 1178 2252 1215 verum
2277 1161 3064 1230 judicate,etmisericordiam
3083 1167 3139 1215 et
3160 1154 3474 1214 miseratio-

1882 1265 1981 1302 nes
2012 1250 2194 1313 facite,
2225 1250 2610 1319 unusquisque
2643 1266 2766 1301 cum
2799 1248 2971 1300 fratre
3000 1264 3118 1300 suo.
3153 1248 3389 1302 Viduam
3416 1255 3474 1304 et

1882 1337 2155 1407 pupillum
2180 1344 2235 1390 et
2251 1339 2521 1390 advenam
2543 1343 2597 1390 et
2611 1353 2910 1405 pauperem
2931 1336 3100 1387 nolite
3117 1335 3468 1401 calumniari,

1882 1431 1938 1479 et
1964 1426 2171 1478 malum
2205 1426 2286 1478 vir
2313 1426 2473 1479 fratri
2496 1442 2595 1479 suo
2618 1442 2729 1478 non
2763 1424 2967 1493 cogitet
2988 1424 3043 1476 in
3066 1424 3231 1476 corde
3249 1440 3370 1476 suo.
3407 1425 3474 1477 Et

1880 1513 2568 1576 nolueruntattendere,et
2579 1518 2901 1566 averterunt
2912 1512 3193 1581 scapulam
3213 1511 3475 1564 receden-

1880 1605 1983 1663 tes,
2016 1608 2072 1654 et
2092 1618 2256 1655 aures
2285 1618 2416 1655 suas
2445 1608 2891 1671 aggravaverunt
2914 1617 2981 1653 ne
3011 1599 3292 1658 audirent.
3312 1604 3368 1652 et
3381 1615 3476 1651 cor

213 1678 582 1736 instauratum
606 1693 747 1751 erat,
781 1688 851 1740 ad
872 1687 1175 1741 Zorobabel
1197 1695 1251 1741 et
1271 1689 1298 1742 J
1306 1706 1460 1742 esum
1486 1690 1720 1742 Sarasar
1747 1694 1804 1741 et
1822 1688 1865 1745 Β
1882 1705 2043 1741 suum
2068 1696 2375 1759 posuerunt
2396 1700 2457 1743 ut
2476 1688 3395 1755 adamantemmeaudirentlegem
3418 1692 3477 1740 et

216 1766 660 1837 Rogommelecb,
696 1776 788 1844 qui
813 1781 895 1841 (ut
927 1776 1141 1830 Hebrzei
1173 1782 1488 1842 autumant)
1521 1778 1801 1847 principes

215 1862 361 1911 erant
373 1858 985 1918 PersarumDominum
997 1864 1348 1931 timentes,ut
1360 1866 1493 1935 quia
1506 1866 1804 1919 audierant

215 1943 583 2002 instauratum
614 1953 905 2022 templum,
933 1959 1247 2024 quaarerent
1275 1971 1307 2007 a
1336 1954 1719 2008 sacerdotibus
1745 1960 1802 2008 et

215 2035 511 2104 prephetis,
536 2044 730 2093 utrum
760 2042 1066 2095 secundum
1111 2044 1571 2096 consuetudinem
1610 2044 1801 2113 pristi-

214 2136 329 2175 nam
358 2124 501 2178 ﬂere
531 2126 803 2182 deberent
832 2135 889 2183 et
930 2130 1206 2200 jejunare,
1234 2148 1304 2184 an
1331 2132 1541 2184 luctum
1574 2131 1628 2183 in
1660 2132 1801 2184 laeti-

214 2208 337 2263 tiam
385 2219 447 2266 et
484 2216 759 2283 gaudium
801 2226 1140 2272 convertere.
1181 2239 1202 2269 ι
1235 2220 1503 2288 Nunquid
1552 2219 1801 2273 flendum

213 2298 337 2351 mihi
363 2308 456 2355 est
486 2302 546 2356 in
578 2320 767 2359 mense
783 2306 1005 2376 quinto?
1030 2325 1054 2358 ν
1080 2307 1287 2370 Quinto
1311 2323 1520 2370 mense,
1538 2306 1632 2376 qui
1654 2306 1803 2375 apud

215 2385 489 2445 Romanos
500 2398 733 2447 vocatur
749 2395 1325 2464 Augustussubversa
1345 2402 1430 2449 est
1450 2395 1799 2447 Hierusalem

215 2489 244 2525 a
262 2476 798 2536 Nabuchodonosor.
831 2483 915 2538 Ob
937 2500 1103 2553 quam
1118 2500 1344 2537 causam
1367 2499 1542 2552 usque
1561 2483 1633 2535 ad
1664 2483 1797 2536 illud

216 2568 426 2637 tempus
453 2569 868 2638 jejunaverant,
903 2572 1304 2625 desolationem
1336 2571 1531 2641 templi
1562 2571 1711 2624 luctu
1743 2577 1800 2624 et

200 2658 443 2710 ‘mmrore
456 2658 828 2715 consolantes.
838 2661 999 2714 Nunc
1014 2677 1141 2713 vero
1154 2659 1417 2730 quoniam
1431 2667 1541 2713 tem
1551 2660 1701 2728 plum
1717 2675 1798 2712 re-

209 2746 478 2798 structum
499 2746 780 2812 videbant,
790 2753 843 2802 et
856 2765 1081 2802 causam
1097 2764 1207 2802 non
1223 2764 1515 2818 superesse
1537 2747 1795 2812 tristitiae,

206 2828 555 2904 interrogant
577 2841 766 2889 utrum
797 2838 899 2891 hoc
928 2853 1077 2891 nunc
1109 2837 1291 2890 facere
1315 2835 1570 2889 debeant.
1600 2835 1667 2888 Et
1695 2836 1799 2890 hoc

207 2926 282 2972 est
296 2923 445 2990 quod
471 2923 656 2983 dicitm
675 2926 940 2996 Nunquid
958 2926 1307 2979 sanctiﬁcare
1330 2940 1418 2977 me
1440 2923 1633 2983 debeo,
1654 2924 1799 2977 sicut

1883 1777 2068 1835 verba.
2093 1795 2216 1848 qua:
2241 1778 2391 1831 misit
2424 1779 2691 1831 Dominus
2705 1778 3045 1830 exercituum
3071 1775 3125 1828 in
3143 1774 3343 1846 spiritu
3374 1791 3477 1829 suo

1882 1882 1981 1935 per
2012 1883 2237 1919 manum
2270 1867 2669 1936 prophetarum
2695 1866 3035 1935 priorum,et
3054 1865 3199 1916 facta
3220 1872 3306 1916 est
3325 1863 3475 1915 indi-

1880 1955 2073 2023 gnatio
2098 1972 2302 2024 magna
2331 1972 2363 2007 a
2398 1954 2636 2008 Domino
2657 1954 3021 2007 exercituum.
3050 1951 3122 2005 Et
3150 1952 3354 2004 factum
3389 1957 3477 2004 est

1884 2042 2030 2096 sicut
2084 2043 2302 2096 locutus
2333 2049 2435 2103 est,
2468 2050 2523 2095 et
2554 2059 2663 2096 non
2698 2043 3016 2100 audierunt,
3046 2040 3124 2093 sic
3153 2038 3476 2093 clamabunt

1886 2138 1941 2184 et
1960 2148 2072 2184 non
2111 2131 2425 2195 exaudiam,
2450 2131 2586 2185 dicit
2610 2131 2878 2183 Dominus
2892 2129 3254 2183 exercituum.
3285 2128 3354 2181 Et
3381 2127 3470 2180 di-

1884 2219 2060 2288 spersi
2091 2234 2185 2271 eos
2216 2235 2316 2289 per
2342 2219 2530 2272 omnia
2562 2235 2735 2287 regna
2767 2234 2889 2287 quae
2928 2216 3203 2279 nesciunt,
3236 2221 3296 2269 et
3323 2222 3478 2269 terra

1884 2306 2135 2359 desolata
2164 2313 2250 2359 est
2278 2307 2347 2359 ab
2378 2307 2479 2369 eis,
2518 2323 2582 2359 eo
2613 2304 2757 2375 quod
2796 2321 2906 2357 non
2937 2310 3085 2357 esset
3113 2304 3394 2357 transiens
3419 2308 3477 2357 et

1883 2400 2185 2453 revertens,
2210 2402 2267 2447 et
2287 2400 2595 2465 posuerunt
2619 2400 2827 2447 terram
2848 2391 3271 2446 desiderabilem
3299 2392 3357 2445 in
3385 2392 3478 2445 de-

1882 2489 2116 2535 sertum.
2143 2500 2170 2535 »
2198 2483 2327 2536 Haec
2352 2490 2485 2536 sunt
2510 2483 2740 2552 (inquit)
2773 2498 2896 2552 quae
2937 2480 3073 2533 mihi
3104 2480 3228 2549 plus
3254 2480 3478 2548 placent

1882 2587 2047 2640 quam
2073 2571 2350 2640 jejunium
2395 2572 2573 2641 quinti
2605 2577 2661 2624 et
2686 2570 2907 2640 septimi
2939 2568 3165 2630 mensis,
3199 2584 3320 2638 qum
3346 2568 3479 2638 quia

1882 2674 1993 2711 non
2041 2658 2271 2725 fecistis,
2304 2659 2496 2712 traditi
2536 2660 2669 2712 estis
2709 2657 3019 2728 captivitati
3063 2664 3118 2710 et
3153 2657 3471 2727 Opprobrio.

1886 2765 1911 2799 α
1950 2747 2135 2800 Facite
2161 2747 2379 2817 (inquit)
2402 2746 2843 2799 misericordiam
2876 2752 2933 2798 et
2964 2745 3396 2799 miserationem.
3441 2764 3469 2798 »

1881 2834 2324 2888 Misericordiam
2392 2835 2573 2889 facere
2622 2840 2728 2898 est,
2775 2834 3187 2903 eleemosynam
3237 2828 3473 2903 pauperi

1879 2923 2012 2976 dare
2037 2942 2047 2975 ε
2073 2923 2460 2976 miserationes
2480 2939 2628 2979 vero.
2652 2921 2998 2975 debitoribus
3022 2921 3331 2990 indulgere,
3349 2938 3472 2992 quae

206 3006 297 3061 feci
320 3011 439 3079 jam
464 3012 628 3066 annis
646 3015 872 3067 multis?
900 3034 920 3062 ρ
945 3014 1232 3084 Jejunium
1273 3018 1471 3066 vocant
1498 3013 1645 3065 enim
1668 3029 1798 3066 san—
1816 2992 1857 3049 (ἶ
1881 3011 1990 3065 duo
2021 3012 2078 3065 in
2110 3013 2382 3082 propheta
2424 3010 2574 3064 Isaia
2604 3011 2682 3064 ita
2710 3010 2990 3068 dicuntur,
3030 3029 3051 3057 α
3098 3010 3313 3079 Frange
3342 3026 3473 3063 esu-

206 3095 616 3165 ctiﬁcationem,
642 3103 773 3171 quia
802 3102 860 3155 in
872 3102 1099 3171 jejunio
1121 3101 1191 3155 ab
1214 3101 1471 3155 omnibus
1497 3100 1797 3170 voluptati-

204 3182 299 3238 bus
313 3186 698 3253 abstinebant,
719 3196 777 3243 et
789 3190 947 3243 bonis
960 3190 1222 3261 operibus
1244 3195 1412 3259 atque
1426 3188 1797 3260 eleemosynis

204 3274 491 3328 vacabant.
526 3276 687 3330 Unde
708 3283 766 3330 et
795 3279 1067 3348 prepheta
1096 3277 1248 3341 dicit,
1283 3297 1304 3327 ι
1332 3276 1693 3330 Sanctiticate
1716 3276 1798 3344 je-

201 3361 438 3429 junium.
483 3383 506 3415 ο
552 3366 836 3435 Jejunium
870 3366 1217 3420 sanctiﬁcare
1247 3370 1333 3419 est
1362 3364 1643 3433 adjunctis
1673 3363 1796 3416 aliis

206 3449 373 3515 bonis,
396 3470 433 3506 a
454 3453 607 3507 vitiis
647 3455 947 3508 abstinere.
990 3455 1295 3524 Postquam
1329 3470 1461 3523 ergo
1491 3453 1798 3521 interroga-

205 3548 393 3595 verunt
421 3544 730 3596 Persarum
764 3544 1041 3615 principes
1077 3560 1178 3614 per
1222 3544 1433 3613 legatos
1454 3558 1593 3610 quos
1626 3540 1795 3592 mise-

206 3635 341 3693 rant,
374 3631 444 3683 ﬁt
474 3647 662 3684 sermo
682 3631 905 3684 Domini
940 3632 1009 3684 ad
1048 3632 1399 3701 prophetam,
1427 3629 1710 3698 imperans
1735 3633 1798 3680 ut

206 3714 465 3786 loquatur
515 3718 587 3771 ad
631 3736 852 3772 omnem
896 3719 1184 3790 populum.
1232 3716 1590 3787 Loquebatur
1626 3716 1794 3771 etiam

205 3805 267 3857 ad
291 3807 639 3871 sacerdotes,
666 3808 798 3877 quid
828 3808 1070 3861 debeant
1096 3808 1450 3877 respondere.

274 3913 294 3941 ε
317 3893 390 3947 Et
408 3895 626 3948 factum
651 3903 734 3948 est
758 3895 983 3949 verbum
1009 3896 1228 3950 Domini
1250 3894 1597 3948 exercituum
1622 3892 1693 3945 ad
1712 3908 1800 3945 me

1880 3098 2046 3151 rienti
2068 3115 2266 3169 panem
2288 3104 2468 3152 tuum.
2499 3116 2522 3146 »
2547 3098 2682 3150 Ecce
2714 3097 3171 3149 misericordiam.
3210 3097 3277 3149 Et
3305 3097 3472 3166 paulo

1879 3203 2070 3256 supra,
2107 3205 2133 3238 ς(
2164 3187 2409 3240 Dissolve
2439 3185 2823 3255 colligationcs
2846 3184 3175 3254 impietatis,
3205 3186 3357 3238 solve
3386 3184 3473 3237 fa-

1880 3275 2115 3328 sciculos
2135 3275 2514 3343 deprimentes
2538 3293 2548 3326 :
2582 3294 2601 3323 ι
2628 3290 2751 3327 ecce
2776 3272 3181 3326 miserationes.
3206 3273 3357 3326 Ordo
3377 3289 3474 3326 au-

1878 3369 1992 3415 tem
2024 3363 2369 3416 rectissimus
2402 3368 2503 3422 est,
2535 3368 2599 3414 ut
2618 3362 2893 3429 judicium
2938 3368 3210 3431 sequatur
3248 3361 3474 3427 miseri-

1879 3451 2087 3509 cordia,
2124 3450 2361 3503 maxime
2408 3450 2465 3502 in
2510 3449 2714 3502 fratres
2759 3465 2898 3517 quos
2939 3449 3021 3501 vel
3065 3449 3357 3517 sanguinis
3389 3449 3473 3501 vel

1880 3538 2129 3605 ejusdem
2157 3538 2283 3591 ﬁdei
2314 3536 2473 3590 nobis
2502 3536 2693 3605 jungit
2722 3536 2964 3588 affinitas
3032 3537 3175 3589 Nam
3225 3537 3373 3606 quod
3414 3537 3471 3588 in

1878 3627 2002 3695 lege
2029 3626 2250 3687 dicitur,
2288 3645 2311 3676 (ι
2346 3627 2470 3678 Non
2502 3623 2851 3677 misereberis
2881 3624 2937 3676 in
2963 3624 3197 3692 judicio,
3228 3644 3252 3674 »
3278 3624 3471 3694 inipso

1874 3713 2086 3782 judicio
2110 3729 2219 3765 non
2244 3720 2328 3765 est
2360 3712 2439 3765 illi
2465 3711 2862 3771 miserendum,
2881 3713 2976 3763 sed
2999 3713 3251 3765 convicto
3271 3718 3325 3765 et
3345 3729 3472 3766 rea-

1880 3809 2000 3854 tum
2038 3818 2200 3854 suum
2234 3800 2521 3854 confitenti
2553 3800 2936 3852 misericordia
2972 3800 3349 3868 impendenda
3365 3805 3469 3853 est.

1882 3889 1961 3942 De
1990 3889 2170 3942 viduis
2196 3906 2417 3958 quoque
2463 3894 2520 3941 et
2567 3887 2791 3957 pupillis
2836 3887 3107 3940 Dominus
3156 3888 3466 3958 praecepit:

206 3977 385 4035 dicens
420 4001 432 4035 :
479 3983 736 4053 Loquere
780 3985 849 4037 ad
891 4001 1113 4037 omnem
1154 3984 1421 4054 populum
1451 3989 1615 4035 terrae
1644 3987 1697 4035 et
1728 3981 1797 4033 ad
1882 3976 2016 4029 Esto
2047 3976 2273 4046 pupillis
2305 3985 2463 4046 pater
2503 3982 2556 4028 et
2609 3991 2707 4044 pro
2750 3975 2866 4026 viro
2907 3981 3090 4026 mater
3119 3991 3333 4027 eorum.
3365 3975 3474 4027 Ad-

186 4106 187 4109 η
208 4071 523 4125 sacerdotes
552 4073 765 4136 dicens,
784 4076 923 4128 Cum
949 4075 1283 4144 jejunaretis
1306 4079 1362 4127 et
1378 4073 1720 4143 plangeretis
1741 4072 1797 4123 in
1883 4081 2030 4118 vena:
2053 4080 2272 4133 quoque
2294 4070 2349 4115 et
2371 4062 2604 4133 pauperi
2630 4060 2883 4131 praecipit
2900 4060 3238 4114 calumniam
3262 4077 3371 4114 non
3395 4062 3473 4114 in-

209 4158 392 4225 quinto
414 4166 477 4214 et
497 4162 554 4215 in
580 4163 820 4232 septimo
862 4179 1051 4216 mense
1070 4179 1167 4233 per
1190 4164 1291 4215 hos
1319 4161 1678 4231 septuaginta
1706 4175 1802 4212 an-
1884 4152 2191 4213 ferendam,
2219 4151 2351 4221 quia
2371 4151 2611 4203 alterum
2642 4148 3015 4220 peregrinatio
3045 4149 3321 4210 humiliat,
3343 4150 3478 4203 alte-

208 4260 318 4311 nos,
340 4250 603 4320 nunquid
626 4251 902 4320 jejunium
926 4251 1226 4320 jejunastis
1246 4249 1421 4302 mihi?
1455 4268 1480 4300 ι>
1509 4247 1575 4301 In
1608 4248 1867 4320 quinto1h
1886 4258 2009 4294 rum
2036 4247 2273 4309 egestas.
2299 4240 2437 4293 Cum
2472 4240 2586 4291 haec
2607 4245 2663 4291 et
2682 4237 2792 4290 alia
2830 4239 3157 4307 praeceperit
3182 4238 3474 4297 Dominus,

212 4349 395 4391 mense
420 4339 1005 4409 jejunabant,quiain
1034 4340 1127 4391 illo
1152 4338 1417 4391 subversa
1437 4344 1524 4391 est
1547 4337 1805 4389 Hierusa-
1825 4326 1868 4349 υ
1887 4330 1966 4382 illi
1993 4336 2218 4383 econtra
2248 4328 2517 4387 facerunt,
2556 4333 2612 4379 et
2652 4332 2940 4379 verterunt
2958 4326 3027 4378 ad
3055 4342 3183 4379 eum
3208 4327 3393 4391 dorsa,
3425 4333 3482 4381 et

211 4422 310 4478 lem
339 4443 374 4479 a
403 4427 709 4491 Chaldaais,
742 4428 979 4496 septimo
1027 4432 1238 4483 autem.
1273 4427 1405 4497 quia
1429 4434 1561 4479 tunc
1591 4426 1805 4478 occisus
1889 4419 2262 4482 recedentem,
2280 4417 2333 4469 id
2355 4423 2440 4470 est
2458 4421 2800 4468 avertentem
2823 4431 2881 4468 Se
2904 4414 3212 4484 δεδρυὶειω.
3238 4421 3293 4468 et
3317 4431 3482 4469 aures

212 4519 290 4567 est
316 4515 607 4580 Godolias,
635 4533 804 4586 quem
828 4517 1154 4586 praefecerat
1173 4532 1267 4568 rex
1292 4513 1589 4584 Babylonis
1620 4518 1803 4574 terrae,
1889 4510 2350 4576 aggravaverunt,
2384 4504 2527 4557 sicut
2555 4504 2738 4556 surdze
2766 4502 3006 4571 aspides.
3042 4500 3397 4573 Quapropter
3414 4502 3485 4556 ad

212 4608 264 4655 et
282 4605 539 4676 reliquiae
570 4606 761 4677 populi
791 4605 1054 4675 dispersae
1077 4613 1229 4658 sunt.
1279 4604 1425 4658 Dicit
1456 4619 1588 4672 ergo
1622 4601 1808 4654 Domi-
1890 4612 2093 4665 magna
2137 4601 2364 4665 peccata
2403 4593 2549 4646 facta
2581 4599 2667 4644 est
2696 4607 2896 4659 magna
2929 4590 3028 4643 Dei
3056 4591 3386 4660 indignatio,
3430 4597 3487 4644 et

213 4709 313 4748 nus
333 4716 343 4747 ;
361 4696 512 4760 Quid
530 4696 672 4749 mihi
691 4696 958 4765 proderat
977 4694 1125 4765 quod
1137 4692 1479 4763 jejunabatis
1500 4699 1556 4744 et
1576 4691 1808 4760 plange-
1891 4682 2130 4752 dispersi
2157 4688 2287 4735 sunt
2318 4698 2415 4751 per
2439 4696 2628 4750 regna.
2665 4696 2786 4749 quae
2816 4685 2983 4731 antea
3008 4679 3347 4741 nescierunt,
3382 4679 3486 4731 As-

212 4781 349 4837 batis
360 4801 464 4855 per
485 4784 847 4854 septuaginta
865 4780 1415 4836 annosdesolationis
1437 4778 1803 4841 Hierusalem,
1892 4772 2193 4841 syriorum,
2220 4770 2506 4823 Μθάιπυῐη
2526 4775 2579 4821 et
2601 4768 2918 4825 Ρθνεῖινιιῖη·
2944 4772 2999 4818 οῖ
3028 4773 3181 4818 terra
3211 4782 3333 4836 (Ιυεθ
3355 4767 3489 4820 Πυθ-

214 4887 331 4925 cum
358 4853 476 4926 ᾖοη
510 4853 672 4937 mihi,
703 4872 803 4925 sed
831 4871 984 4924 vubis
1011 4869 1390 4940 jejunaretis?
1891 4859 1989 4913 bat
2017 4861 2160 4912 lacte
2183 4864 2239 4912 et
2263 4859 2447 4921 melle,
2467 4872 2623 4909 versa
2642 4862 2726 4909 est
2755 4856 2810 4908 in
2837 4853 3212 4907 solitudinem.
3246 4854 3493 4909 Possunt

280 4963 347 5015 Et
370 4967 594 5025 contra,
624 4980 650 5012 «
681 4960 750 5013 Et
778 4976 902 5013 cum
945 4958 1265 5013 comedistis
1283 4964 1339 5010 et
1356 4954 1574 5009 bibistis
1601 4975 1620 5002 ο
1648 4954 1705 5007 in
1730 4954 1813 5007 fe-
1895 4955 1951 5001 et
1982 4949 2098 5001 haec
2120 4947 2315 5000 referri
2337 4947 2406 4999 ad
2429 4962 2523 4999 eos
2545 4943 2639 5013 qui
2663 4944 2720 4996 in
2748 4941 2986 4996 Ecclesia
3017 4942 3181 5012 positi
3216 4943 3286 4995 de
3316 4943 3491 4998 virtu-

218 5050 554 5104 stivitatibus
576 5049 795 5113 vestris,
825 5069 846 5099 ι
877 5048 1130 5117 nunquid
1152 5063 1261 5099 non
1294 5045 1447 5098 vobis
1467 5043 1811 5105 comedistis,
1897 5044 2016 5090 tum
2031 5037 2187 5106 copia
2209 5034 2558 5104 superbiunt.
2579 5049 2681 5085 nec
2699 5033 2813 5085 Deo
2832 5030 3045 5083 ιῖίοοῒονί
3063 5031 3277 5098 gratias
3296 5039 3492 5102 agunt.

219 5145 271 5191 et
294 5138 714 5208 vobismetipsis
732 5136 983 5189 bibistis?
1018 5155 1038 5184 ι
1067 5136 1190 5188 Non
1207 5134 1354 5186 enim
1390 5133 1476 5186 his
1506 5131 1670 5184 rebus
1702 5131 1817 5200 pla-
1900 5124 2108 5178 idcirco
2133 5124 2287 5191 justo
2315 5121 2413 5173 Dei
2438 5119 2651 5208 judicio
2682 5117 3089 5208 permittuntur
3108 5121 3317 5172 tentari
3336 5120 3500 5173 adia.

220 5235 376 5280 catur
398 5228 569 5291 Deus,
595 5206 693 5279 sed
714 5225 875 5278 bonis
896 5222 1176 5294 Operibus,
1206 5223 1262 5275 in
1278 5221 1490 5291 judicio
1521 5225 1577 5271 et
1595 5219 1820 5288 justitia
1903 5213 2049 5275 bolo,
2092 5220 2146 5263 et
2175 5209 2527 5279 εθρῒίνῖιῐιων
2556 5207 2657 5260 SUb
2692 5208 2811 5276 lege
2842 5206 3072 5277 Ρθίτοπῖί,
3117 5212 3174 5259 6t
3217 5208 3505 5262 ἀθεοὶειῑω·

222 5321 273 5367 et
300 5316 561 5369 veritate.
595 5316 733 5369 Esca
761 5321 949 5367 autem
988 5329 1089 5365 nos
1134 5328 1242 5364 non
1297 5308 1652 5363 commendat
1684 5308 1818 5360 Deo.
1905 5308 2055 5355 terra
2087 5314 2301 5357 eorum,
2336 5297 2388 5348 id
2426 5302 2527 5353 est,
2554 5296 2743 5348 anima
2768 5295 3048 5365 quondam
3078 5294 3372 5349 Trinitatis
3403 5299 3502 5351 ho-

294 5424 314 5455 c
341 5405 613 5474 Nunquid
638 5404 757 5457 hinc
774 5408 907 5456 sunt
924 5400 1111 5463 verba,
1134 5416 1257 5470 quae
1278 5400 1498 5451 locutus
1529 5404 1615 5449 est
1631 5395 1821 5448 Domi-
1905 5389 2157 5459 spitium.
2185 5392 2240 5438 et
2269 5385 2506 5439 vertitur
2526 5385 2581 5437 in
2603 5384 2909 5445 desertum,
2938 5383 3207 5437 derelicta
3234 5401 3267 5437 a
3293 5386 3407 5439 Deo
3428 5387 3507 5437 in-

229 5509 330 5547 nus
351 5495 411 5548 in
442 5509 613 5547 manu
636 5492 1036 5563 prOphetarum
1064 5490 1334 5560 priorum,
1351 5503 1477 5541 cum
1495 5486 1677 5539 adhuc
1699 5484 1824 5537 Hie-
1908 5477 2240 5531 habitatore.
