3970 6150
414 242 516 298 247

861 241 1237 301 HAYMONIS
1282 243 1772 298 HALBERSTAT.
1809 242 2030 298 EPISC.
2071 245 2228 300 OPP.
2255 247 2440 303 PARS
2469 249 2513 303 l.
2549 279 2612 289 —
2645 249 3023 310 COMMENT.
3060 251 3249 310 BIBL.

3580 253 3686 311 248

415 371 776 437 concedente,
807 371 889 424 ita
931 371 1221 437 duntaxat,
1251 369 1298 424 si
1343 369 1631 424 veritatem
1663 336 1911 439 diligatis
1950 372 2070 429 etA
2090 372 2512 441 apprehendent
2542 373 2817 437 Ecclesiae,
2842 375 2898 428 id
2919 381 3003 430 est
3027 377 3256 432 credent
3283 376 3686 434 incarnationis

414 476 608 532 pacem
619 501 632 513 .

489 566 518 603 α
551 550 680 603 Haec
705 549 843 602 dicit
870 549 1142 604 Dominus
1172 549 1510 602 exercituum
1540 568 1550 601 :
1584 549 1886 618 Usquequo
1917 567 2010 600 vc-

418 638 580 692 niant
602 638 810 709 populi.
839 644 894 692 et
914 637 1170 691 habitent
1188 638 1244 690 in
1270 636 1586 690 civitatibus
1612 638 1824 701 multis,
1849 644 1906 690 et
1923 654 2013 690 va-

421 728 560 782 dant
588 727 931 780 habitatores
951 742 1097 780 unus
1119 726 1185 779 ad
1214 727 1452 780 alterum
1483 726 1730 779 dicentes
1761 745 1771 778 :
1809 727 2013 779 Eamus

423 822 482 870 et
509 817 874 887 deprecemur
900 815 1095 868 faciem
1128 815 1372 877 Domini,
1399 821 1455 868 et
1484 831 1801 884 quaeramus
1828 815 2015 868 Domi-

421 921 559 959 num
585 905 945 958 exercituum.
975 926 996 951 n
1026 904 1251 972 Jejunia
1276 903 1492 973 (inquit)
1533 904 1798 974 praedicta
1826 903 2012 973 quarti

425 1000 482 1048 et
501 980 682 1064 quinti
697 993 906 1046 mensis
921 998 1208 1046 vertentur
1225 992 1281 1046 in
1297 992 1680 1045 solemnitates
1696 993 2010 1062 praeclaras,

421 1084 480 1138 in
509 1089 730 1136 tantum
759 1089 821 1136 ut
850 1081 1102 1135 civitates
1147 1081 1375 1145 Judaezn,
1421 1097 1542 1151 quae
1586 1081 1738 1152 prius
1781 1081 2014 1135 desertis

422 1174 668 1236 fuerant,
700 1171 1061 1224 multitudine
1088 1169 1292 1223 civium
1315 1171 1652 1240 repleantur,
1678 1176 1735 1223 et
1755 1185 1869 1224 una
1889 1170 2016 1223 civi-

421 1265 510 1315 tas
536 1264 734 1330 pergat
765 1259 836 1311 ad
865 1258 1124 1321 alteram,
1157 1263 1210 1310 et
1240 1273 1299 1310 se
1331 1264 1525 1310 mutuo
1551 1257 2011 1320 cohortabuntur,

423 1349 556 1420 quia
590 1364 690 1418 per
717 1348 817 1400 hos
849 1345 1206 1415 septuaginta
1250 1362 1427 1398 annos
1457 1346 1646 1399 nullus
1672 1346 1780 1399 fuit
1807 1345 1902 1415 qui
1928 1361 2016 1398 ve-

424 1437 575 1490 niret
593 1436 661 1489 ad
684 1435 957 1504 templum
976 1434 1219 1497 Domini,
1237 1451 1303 1487 eo
1324 1434 1470 1504 quod
1505 1434 1600 1488 viae
1626 1434 1758 1488 Sion
1779 1433 1838 1486 in
1860 1433 2010 1487 luctu

423 1532 479 1580 et
532 1523 834 1578 solitudine
875 1527 1080 1588 essent,
1131 1538 1278 1576 nunc
1305 1539 1441 1592 pace
1470 1521 1690 1575 reddita
1716 1537 2016 1592 pergamus

424 1613 796 1677 Hierusalem,
814 1617 877 1666 ut
894 1612 1237 1667 celebremus
1253 1612 1656 1676 solemnitates,
1673 1628 1796 1681 quaa
1814 1611 1871 1664 in
1895 1611 2017 1680 lege

2091 462 2213 530 ejus
2235 463 2583 532 mysterium.
2607 464 2712 516 Per
2733 463 3032 530 ﬁmbriam,
3055 482 3178 536 quae
3199 472 3284 520 est
3305 467 3536 520 minima
3558 485 3686 538 pars

2091 550 2279 610 vestis,
2314 550 2602 604 humilitas
2632 551 3036 607 incarnationis
3062 556 3184 623 ejus
3221 554 3494 608 innuitur.
3533 558 3689 610 Hanc

2092 639 2280 708 tetigit
2308 640 2510 693 mulier
2537 641 2936 703 haemorrousa,
2967 648 3022 695 et
3048 648 3244 696 sanata
3273 649 3376 697 est.
3400 645 3562 714 Hunc
3588 646 3690 699 ita-

2096 743 2204 797 que
2220 728 2659 798 apprehendent,
2681 730 2970 799 cupientes
2992 733 3114 801 ejus
3128 731 3400 786 inhaerere
3423 734 3688 803 vestigiis.

2096 816 2303 870 Omnes
2334 833 2466 886 ergo
2497 818 2590 888 qui
2619 825 2920 872 censentur
2941 821 3167 873 nomine
3190 821 3529 886 Christiano,
3559 828 3615 875 et
3633 822 3692 876 in

2096 921 2416 958 mensuram
2461 911 2541 968 (ut
2582 907 2792 960 dictum
2835 914 2935 974 est)
2980 908 3081 961 viri
3123 909 3350 979 perfecti
3399 915 3693 976 venerunt,

2096 993 2650 1063 comprehenduntur
2675 994 2731 1047 in
2759 995 2949 1048 decem
2975 995 3315 1062 hominibus,
3339 1001 3396 1050 et
3416 996 3474 1049 hi
3500 1014 3698 1068 appre-

2096 1081 2344 1134 hendent
2372 1081 2651 1134 ﬁmbriam
2687 1082 2785 1134 viri
2815 1083 3011 1144 Judaei,
3040 1083 3095 1136 id
3125 1089 3208 1137 est
3237 1084 3550 1138 imitatores
3581 1091 3698 1138 stu-

2097 1171 2233 1224 dent
2269 1186 2389 1223 esse
2420 1170 2628 1224 Christi
2659 1171 2934 1225 credendo
2973 1172 3216 1226 ﬁdeliter
3248 1173 3698 1227 incarnationem

2097 1257 2264 1311 illius.
2301 1259 2605 1312 Possumus
2651 1276 2872 1330 quoque
2914 1277 3014 1330 per
3051 1260 3330 1314 ﬁmbriam
3369 1261 3473 1314 viri
3509 1261 3689 1315 Judaei

2096 1346 2332 1400 Paulum
2350 1347 2665 1415 apostolum
2684 1348 3002 1419 specialiter
3019 1348 3294 1418 accipere:
3313 1366 3443 1402 nam
3465 1349 3692 1402 ﬁmbria

2099 1434 2333 1487 minima
2357 1451 2483 1504 pars
2523 1440 2606 1488 est
2635 1436 2822 1501 vestis,
2867 1442 2922 1490 et
2962 1437 3082 1507 ipse
3110 1437 3178 1490 de
3207 1453 3267 1490 se
3305 1437 3440 1490 dicit
3470 1455 3482 1489 :
3521 1455 3548 1488 α
3575 1438 3690 1507 Ego

2099 1539 2222 1575 sum
2251 1522 2518 1576 minimus
2543 1525 2944 1594 apostolorum,
2969 1525 3065 1596 qui
3091 1542 3202 1580 non
3227 1542 3352 1580 sum
3381 1525 3585 1596 dignus
3603 1541 3694 1580 vo-
3791 1574 3795 1576 _

2101 1611 2216 1664 cari
2243 1611 2546 1678 apostolus.
2586 1630 2610 1662 »
2653 1612 2900 1666 Fimbria
2927 1612 3117 1684 itaque
3147 1614 3251 1666 viri
3277 1613 3453 1668 Judaei
3481 1614 3693 1668 Paulus

423 1701 825 1773 praecipiuntur
854 1701 911 1754 in
941 1717 1088 1754 anno
1122 1701 1263 1761 ﬁeri,
1297 1706 1354 1754 et
1381 1701 1599 1755 dicente
1627 1717 1741 1754 una
1771 1699 2013 1764 civitate,
2035 1680 2082 1740 Β
2101 1705 2186 1753 est
2209 1699 2494 1769 apostolus
2525 1700 2743 1754 Domini
2772 1702 2968 1755 nostri.
2995 1702 3152 1755 Hanc
3185 1701 3463 1755 ﬁmbriam
3487 1718 3695 1772 appre-

425 1789 785 1861 respondebit
794 1790 972 1843 altera
988 1790 1254 1843 «Vadam
1271 1790 1439 1844 etiam
1454 1806 1576 1859 ego,
1588 1807 1730 1859 »quo
1743 1795 2012 1860 tempore:

500 1899 523 1929 ι
571 1879 642 1932 Et
677 1877 902 1932 venient
943 1879 1134 1948 populi
1165 1878 1326 1932 multi
1356 1884 1412 1932 et
1439 1884 1637 1948 gentes
1669 1878 1910 1932 robustae
1948 1877 2017 1931 ad

425 1967 790 2039 quaerendum
811 1967 1112 2022 Dominum
1135 1968 1476 2022 exercituum
1498 1967 1556 2020 in
1575 1967 1947 2031 Hierusalem,
1963 1971 2020 2020 et

424 2056 836 2126 deprecandam
864 2056 1062 2110 faciem
1088 2056 1334 2121 Domini,
1365 2076 1386 2107 ι
1413 2061 1470 2110 et
1491 2061 1555 2109 ut
1583 2055 1898 2109 sacriﬁcent
1915 2055 2020 2108 Do-

424 2144 580 2197 mino
604 2145 740 2211 Deo,
783 2149 841 2198 et
879 2143 1250 2214 deprecentur
1276 2145 1475 2198 faciem
1503 2146 1649 2214 ejus.
1681 2143 1788 2197 Sed
1820 2142 2018 2196 altiore

425 2248 596 2287 sensu
617 2233 786 2287 facies
813 2233 1058 2300 Domini,
1081 2233 1254 2286 Filius
1275 2239 1360 2286 est
1384 2233 1484 2287 Dei
1507 2233 1707 2295 Patris,
1732 2247 1832 2302 per
1858 2231 2017 2284 illum

426 2321 576 2376 enim
607 2321 767 2392 quasi
796 2338 895 2392 per
923 2321 1120 2375 faciem
1145 2322 1312 2374 Pater
1335 2321 1487 2376 Deus
1507 2321 1854 2390 agnoscitur,
1876 2320 2022 2373 sicut

425 2410 544 2481 ipse
565 2410 739 2463 Filius
759 2410 925 2464 dicit:
952 2428 978 2463 α
1003 2410 1348 2463 Manifestavi
1373 2427 1577 2463 nomen
1599 2418 1758 2463 tuum
1783 2407 2023 2462 homini-

425 2498 550 2552 bus.
588 2519 610 2549 ι
646 2499 854 2552 Omnes
884 2515 1016 2568 ergo
1046 2498 1390 2551 credentium
1422 2498 1611 2568 populi
1641 2499 1929 2552 confluunt
1953 2497 2022 2550 ad

429 2587 748 2646 Ecclesiam,
774 2592 832 2640 et
859 2586 934 2639 ibi
955 2587 1329 2657 deprecantur
1351 2587 1553 2639 Filium
1586 2587 1707 2651 Dei,
1739 2586 1922 2639 laudis
1953 2585 2026 2637 vi-

431 2675 631 2729 ctimas
662 2676 775 2729 Deo
803 2675 1116 2729 immolant.

506 2783 529 2814 «
566 2764 695 2817 Haec
726 2764 862 2817 dicit
885 2765 1150 2819 Dominus
1177 2764 1520 2817 exercituum
1542 2763 1601 2816 in
1621 2761 1818 2815 diebus
1837 2761 1946 2815 illis
1971 2761 2028 2814 in

431 2851 633 2923 quibus
663 2853 1086 2922 apprehendent
1132 2853 1322 2906 decem
1372 2852 1623 2905 homines
1666 2868 1730 2904 ex
1771 2850 2029 2904 omnibus

432 2940 640 3009 linguis
667 2940 944 3009 gentium,
967 2947 1025 2994 et
1045 2941 1467 3010 apprehendent
1493 2939 1769 2993 ﬁmbriam
1803 2938 1902 2990 viri
1929 2939 2029 2990 Ju-

433 3027 558 3090 daei,
592 3027 841 3080 dicentes
885 3044 898 3080 :
945 3026 1160 3080 Ibimus
1200 3029 1503 3092 vobiscum,
1535 3028 1852 3082 audivimus
1881 3026 2028 3079 enim

437 3115 700 3184 quoniam
724 3114 873 3168 Deus
894 3114 1172 3168 vobiscum
1196 3124 1298 3168 est.
1319 3134 1343 3167 ι
1360 3116 1624 3179 Quamvis
1639 3115 1814 3169 Judaei
1833 3115 1939 3167 hoc
1961 3114 2033 3166 ad

437 3202 639 3256 ultima
659 3203 986 3256 Antichristi
1013 3209 1268 3272 tempora
1295 3204 1556 3268 referant,
1581 3221 1682 3257 nos
1708 3203 1946 3256 dicimus
1975 3201 2033 3254 in

439 3291 683 3344 adventu
704 3291 926 3344 Domini
946 3291 1056 3344 ista
1072 3291 1261 3356 fuisse,
1286 3292 1509 3361 quando
1533 3308 1596 3345 ex
1625 3291 1802 3344 Maria
1822 3290 2034 3359 virgine

440 3384 608 3433 natus
641 3385 744 3433 est.
776 3381 977 3434 Decem
1008 3380 1156 3434 enim
1186 3380 1279 3434 isti
1318 3381 1574 3434 homines
1618 3379 1873 3433 Ecclesiae
1903 3385 2038 3433 sunt

442 3485 543 3540 per
570 3469 760 3523 orbem
793 3469 1025 3523 diffusas.
1058 3471 1202 3522 Nam
1233 3470 1495 3523 denarius
1523 3469 1800 3540 perfectus
1824 3474 1910 3521 est
1937 3484 2039 3520 nu-

442 3573 651 3622 merus,
667 3558 794 3611 ﬁnis
813 3564 1038 3612 tesserae
1056 3575 1441 3612 numerorum.
1466 3560 1586 3612 Iota
1605 3573 1824 3627 quoque
1849 3557 2040 3609 littera

444 3648 595 3718 apud
624 3647 866 3712 Graecos,
889 3663 924 3700 a
950 3663 1060 3716 quo
1083 3663 1287 3700 nomen
1308 3649 1440 3701 JCsu
1466 3647 1710 3706 inchoat.
1742 3645 2037 3698 denarium

445 3735 726 3806 exprimit.
762 3735 876 3789 Hos
903 3735 1096 3789 decem
1139 3738 1283 3789 viros
1326 3735 1615 3805 requisivit
1661 3735 1933 3787 Dominus
1970 3732 2040 3786 ab

445 3824 751 3887 Abraham,
785 3825 832 3877 si
859 3825 1122 3877 invenero
1151 3823 1227 3876 ibi
1251 3825 1462 3887 decem,
1486 3840 1598 3876 non
1627 3822 1823 3876 delebo
1845 3821 2040 3876 urbem

445 3919 675 3984 prepter
704 3914 917 3968 decem.
943 3913 1057 3966 Has
1082 3913 1354 3967 Ecclesias
1373 3929 1495 3983 quae
1525 3911 1616 3965 hic
1644 3911 1873 3965 denario
1905 3911 2044 3979 ﬁgu-

446 4009 668 4068 rantur,
697 4003 941 4056 Joannes
979 4002 1035 4056 in
1077 4002 1412 4073 Apocalypsi
1457 4001 1773 4072 septenario
1806 4014 2041 4053 numero

447 4091 713 4154 ostendit,
727 4090 918 4144 dicens
939 4091 1141 4143 vidisse
1157 4091 1355 4143 Filium
1375 4090 1618 4142 hominis
1638 4090 1696 4141 in
1717 4088 1900 4142 medio
1914 4103 2044 4140 can-

2099 1788 2355 1842 hendunt
2377 1788 2566 1842 decem
2597 1789 2871 1853 homines,
2902 1790 2957 1844 id
2987 1794 3090 1856 est,
3113 1791 3422 1844 doctrinam
3452 1791 3574 1859 ejus
3603 1807 3695 1843 se-

2101 1885 2352 1946 quuntur
2390 1892 2582 1930 omnes
2614 1875 2672 1930 in
2704 1877 2988 1932 Christum
3019 1878 3326 1945 credentes,
3353 1879 3515 1948 juxta
3545 1877 3697 1948 quod

2099 1965 2216 2034 ipse
2244 1964 2381 2019 dicit
2411 1983 2423 2018 :
2461 1983 2487 2016 «
2521 1965 2841 2020 Imitatores
2866 1966 2978 2020 mei
3006 1971 3201 2020 estote.
3240 1983 3268 2019 θ

2724 2108 2957 2163 CAPUT
2994 2108 3093 2163 IX.

2177 2249 2200 2280 α
2231 2231 2386 2285 Onus
2407 2231 2558 2285 verbi
2589 2231 2811 2286 Domini
2834 2233 2891 2286 in
2915 2239 3068 2287 terra
3088 2231 3347 2286 Hadrach
3367 2236 3424 2286 et
3445 2231 3703 2287 Damasci

2101 2320 2315 2389 requiei
2345 2321 2481 2388 ejus.
2502 2340 2526 2372 »
2553 2320 2686 2375 Haec
2716 2322 3006 2392 prophetia
3033 2321 3102 2375 de
3131 2321 3538 2375 constructione
3566 2335 3704 2372 san-

2105 2413 2206 2461 ctae
2227 2408 2482 2462 Ecclesiae
2513 2415 2615 2466 est.
2639 2425 2760 2478 quae
2779 2414 2896 2462 tam
2918 2425 2983 2462 ex
3004 2409 3212 2462 Judieis
3232 2424 3399 2479 quam
3421 2424 3487 2461 ex
3509 2406 3704 2477 genti-

2105 2496 2209 2549 bus
2237 2503 2472 2550 constat.
2509 2497 2605 2550 Est
2628 2504 2816 2551 autem
2848 2498 2984 2551 ordo
3004 2496 3298 2550 verborum
3326 2516 3338 2550 :
3367 2498 3521 2551 Onus
3549 2495 3705 2548 enim

2106 2585 2324 2654 pondus
2347 2584 2494 2638 verbi
2526 2586 2766 2644 Domini,
2789 2585 2935 2640 acuti
2962 2591 3018 2639 et
3048 2586 3250 2650 mollis,
3273 2584 3420 2638 acuti
3450 2583 3709 2636 videlicet

2107 2679 2301 2727 contra
2322 2679 2661 2742 peccatores,
2686 2674 2867 2727 mollis
2887 2691 3021 2744 erga
3040 2675 3243 2744 justos.
3273 2673 3394 2726 Had
3417 2672 3564 2725 enim
3597 2672 3709 2724 He-

2109 2761 2294 2815 braice
2314 2769 2560 2816 acutum.
2587 2763 2718 2815 rach
2736 2763 2901 2816 molle
2917 2763 3140 2827 dicitur,
3167 2778 3298 2831 ergo
3314 2760 3531 2831 pondus
3551 2759 3711 2812 verbi

2112 2850 2336 2903 Domini
2369 2850 2750 2917 peccatoribus
2777 2851 3192 2919 gravissimum,
3230 2850 3396 2903 molle
3421 2849 3607 2917 justis.
3640 2849 3710 2902 In

2110 2945 2265 2992 terra
2280 2939 2398 2991 Had
2408 2940 2557 3002 rach,
2575 2940 2796 2992 Judazos
2813 2939 3214 3009 intelligamus:
3237 2954 3336 3009 per
3351 2938 3682 2991 Damascum
3693 2975 3708 3001 ,

2111 3038 2322 3096 gentes.
2342 3027 2430 3080 Fit
2448 3044 2580 3096 ergo
2597 3044 2737 3097 opus
2758 3027 2908 3080 verbi
2931 3028 3153 3081 Domini
3174 3028 3230 3080 in
3254 3033 3402 3080 terra
3425 3025 3708 3088 Hadrach,

2115 3114 2171 3166 id
2203 3121 2286 3167 est
2307 3115 2510 3185 populo
2529 3116 2871 3180 Judaaurum,
2897 3133 3066 3186 super
3084 3133 3248 3186 quem
3271 3122 3328 3170 et
3355 3116 3712 3169 severitatem

2117 3203 2389 3258 Dominus
2403 3206 2657 3258 exercuit
2674 3212 2731 3258 et
2741 3205 3115 3266 clementiam,
3136 3205 3488 3259 severitatem
3505 3205 3562 3258 in
3583 3204 3714 3257 illos

2118 3292 2213 3361 qui
2244 3293 2470 3346 credere
2499 3294 2820 3348 noluerunt.
2852 3294 3212 3347 clementiam
3242 3309 3371 3347 vero
3400 3294 3456 3346 in
3491 3308 3583 3346 eos
3613 3291 3716 3362 qui

2117 3379 2188 3431 ab
2208 3380 2538 3434 inﬁdelitate
2558 3382 2627 3435 ad
2649 3382 2818 3436 ﬁdem
2841 3382 3092 3435 conversi
3113 3388 3262 3435 sunt.
3282 3382 3586 3436 Damascus
3613 3396 3718 3433 au-

2119 3473 2231 3521 tem
2262 3469 2484 3538 requies
2509 3470 2731 3523 Domini
2755 3470 2980 3535 dicitur,
3005 3471 3133 3540 quia
3162 3471 3220 3523 in
3242 3469 3574 3539 gentilitatis
3601 3468 3717 3522 ﬁde

2121 3563 2179 3611 et
2223 3558 2516 3612 devotione
2567 3559 2836 3613 Dominus
2878 3560 3172 3630 requievit,
3215 3560 3374 3630 juxta
3427 3559 3575 3628 quod
3613 3574 3719 3628 per

2121 3646 2326 3699 Isaiam
2344 3647 2670 3716 praedictum
2692 3647 2877 3701 fuerat
2893 3649 2962 3701 de
2975 3647 3222 3701 Christo:
3246 3653 3556 3717 Antequam
3571 3647 3721 3700 sciat

2124 3750 2264 3803 puer
2287 3751 2480 3788 vocare
2511 3741 2729 3805 patrem
2751 3741 2851 3789 aut
2879 3743 3116 3789 matrem
3145 3751 3324 3801 suam,
3347 3736 3578 3806 accipiet
3599 3735 3718 3788 vir-

2121 3827 2300 3876 tutem
2324 3823 2579 3878 Damasci
2603 3830 2659 3878 et
2687 3824 2867 3894 spolia
2894 3825 3178 3878 Samaria.
3202 3824 3370 3878 Recte
3389 3831 3577 3877 autem
3602 3823 3721 3876 Da-

2123 3926 2343 3964 mascus
2370 3913 2699 3980 sanguinem
2731 3912 2942 3972 bibens,
2976 3913 3061 3965 vel
3093 3913 3322 3982 sanguis
3349 3911 3514 3965 cilicii
3539 3912 3722 3964 inter-

2123 4004 2396 4069 pretatur,
2439 4001 2572 4070 quia
2615 4001 2903 4070 gentilitas
2957 4002 3138 4071 primo
3189 4017 3291 4071 per
3343 4000 3724 4054 idololatriam

2125 4095 2437 4151 cruentata,
2457 4089 2729 4158 sanguine
2753 4096 3108 4159 peccatorum
3129 4087 3503 4151 sauciabatur,
3523 4095 3725 4158 postea

448 4179 829 4241 delabrorum,
874 4178 928 4229 id
959 4183 1047 4230 est
1088 4178 1476 4242 Ecclesiarum,
1509 4194 1648 4246 quas
1679 4176 1910 4246 mystice
1939 4174 2108 4272 subD
2126 4177 2457 4245 sanguinem
2480 4178 2708 4232 malitiae
2727 4178 2906 4231 cilicio
2935 4177 3277 4248 pcenitentiaz
3295 4176 3512 4230 studuit
3530 4177 3722 4230 deter-

449 4265 772 4319 nominibus
791 4264 1075 4316 civitatum
1097 4265 1378 4317 describit.
1399 4265 1461 4318 In
1489 4264 1634 4316 Isaia
1659 4280 1880 4333 quoque
1906 4263 2044 4315 dici-

450 4358 580 4406 tur:
605 4353 1044 4422 Apprebendent
1067 4358 1280 4422 septem
1307 4352 1569 4405 mulieres
1591 4352 1769 4404 virum
1794 4367 1967 4404 unum
1988 4351 2044 4403 in

451 4439 544 4492 die
568 4441 682 4493 illa.
709 4441 1011 4510 Apostolus
1028 4456 1248 4510 quoque
1273 4441 1477 4494 Paulus
1497 4441 1567 4493 ad
1587 4447 1800 4510 septem
1823 4446 2044 4492 tantum

449 4528 646 4582 scribit
677 4529 966 4590 Ecclesias,
1001 4529 1070 4582 ad
1117 4529 1399 4583 Romanos
1427 4529 1701 4594 videlicet,
1733 4529 1804 4581 ad
1844 4529 2046 4581 Corin-

449 4615 618 4681 thios,
645 4618 714 4671 ad
746 4617 993 4680 Galatas,
1027 4619 1097 4671 ad
1129 4618 1414 4688 Ephesios,
1442 4618 1511 4670 ad
1543 4617 1941 4686 Philippenses,
1973 4615 2046 4669 ad

453 4706 829 4772 Colossenses,
861 4707 930 4761 ad
973 4708 1514 4761 Thessalonicenses.
1571 4706 1840 4759 Ecclesias
1888 4721 2039 4775 ergo,

451 4813 592 4866 quas
634 4797 716 4850 illi
760 4797 1078 4868 septenario
1125 4812 1360 4850 numero
1407 4795 1786 4865 signaverunt,
1820 4800 2047 4864 propter

450 4885 598 4938 dona
640 4885 982 4955 septiformis
1026 4885 1287 4956 Spiritus,
1318 4884 1408 4938 hic
1451 4885 1725 4954 propheta
1752 4883 2045 4937 Zacharias

449 4971 680 5026 denario
711 4973 972 5043 exprimit
1013 4990 1247 5027 numero
1290 4980 1520 5042 propter
1547 4973 1833 5026 denariam
1864 4972 2045 5042 perfe-

449 5061 710 5114 ctionem.
744 5060 819 5115 Et
860 5062 1280 5130 apprehendent
1318 5063 1510 5118 decem
1560 5062 1829 5124 homines,
1864 5061 1919 5114 id
1960 5065 2047 5114 est

449 5149 706 5206 Ecclesiae
733 5150 792 5203 in
818 5149 998 5203 virum
1029 5150 1331 5220 perfectum
1363 5156 1654 5220 provectae,
1681 5155 1738 5205 et
1766 5151 2042 5204 rationem

449 5238 760 5308 spiritualis
787 5239 1106 5293 intellectus
1135 5238 1424 5302 habentes,
1456 5241 1878 5310 apprehendent
1916 5240 2042 5291 ﬁm-

451 5326 601 5380 brias
627 5328 730 5380 viri
759 5327 954 5388 Judaei,
990 5327 1092 5380 hoc
1117 5334 1200 5380 est
1231 5328 1449 5381 Domini
1484 5329 1806 5382 Salvatoris.
1833 5329 1902 5381 de
1932 5344 2042 5397 quo

447 5417 722 5486 scriptum
751 5422 835 5470 est
860 5436 870 5446 ·
899 5435 924 5468 α
956 5418 984 5471 J
995 5418 1121 5478 uda,
1143 5423 1199 5471 te
1227 5417 1537 5471 laudabunt
1565 5419 1765 5472 fratres
1783 5417 1866 5470 tui
1890 5435 1902 5482 ;
1930 5434 1955 5468 ν
1988 5421 2044 5470 et

447 5508 508 5562 in
529 5506 770 5578 psalmo:
785 5524 812 5558 α
834 5507 862 5562 J
869 5507 978 5561 uda
997 5523 1093 5560 rex
1114 5523 1288 5562 meus.
1314 5527 1337 5557 ι
1358 5508 1540 5576 Hujus
1560 5507 1741 5562 Judaei
1762 5506 2042 5560 ﬁmbriam

2124 4280 2275 4332 gere.
2300 4265 2490 4327 «Quia
2516 4266 2782 4318 Dominus
2808 4272 2893 4318 est
2910 4267 3101 4320 oculus
3123 4263 3365 4318 hominis
3386 4272 3442 4318 et
3465 4265 3724 4318 omnium

2127 4351 2374 4404 tribuum
2403 4353 2592 4406 Israel.
2622 4373 2644 4403 ι
2668 4354 2879 4408 Idcirco
2912 4354 3136 4423 (inquit)
3158 4353 3357 4405 domus
3387 4351 3630 4411 Domini,
3663 4353 3723 4407 id

2127 4446 2214 4492 est
2243 4440 2486 4493 Ecclesia
2509 4441 2578 4494 de
2608 4449 2844 4510 utroque
2869 4442 3072 4511 populo
3104 4448 3161 4493 et
3185 4440 3253 4493 de
3281 4446 3434 4493 terra
3461 4439 3725 4493 Hadrach

2127 4535 2186 4581 et
2203 4529 2272 4582 de
2297 4530 2568 4583 Damasco
2587 4530 2948 4594 construitur,
2968 4529 3231 4600 quoniam
3255 4527 3475 4581 Domini
3497 4532 3582 4579 est
3603 4527 3727 4597 qui-

2128 4632 2349 4688 cunque
2382 4619 2464 4672 vel
2497 4618 2564 4671 de
2587 4619 2868 4686 gentibus,
2890 4619 2973 4671 vel
3002 4618 3070 4671 de
3094 4617 3301 4671 Judaeis
3323 4615 3548 4686 respicit
3565 4630 3720 4680 eum,

2127 4706 2404 4760 credendo
2421 4713 2478 4760 et
2500 4707 2776 4777 sperando
2796 4707 2854 4760 in
2871 4707 3050 4761 illum.
3072 4706 3282 4762 Oculus
3299 4705 3445 4757 enim
3459 4709 3725 4774 aspectus

2129 4800 2214 4848 est
2243 4795 2746 4865 contemplationis.

2204 4905 2224 4935 ι
2247 4885 2447 4938 Emath
2463 4899 2683 4953 quoque
2699 4882 2756 4934 in
2772 4881 3026 4936 terminis
3041 4882 3178 4950 ejus,
3194 4881 3441 4950 etTyrus
3455 4883 3510 4932 et
3525 4877 3721 4944 Sidon,

2127 4978 2552 5042 assumpserunt
2567 4970 2771 5041 quippe
2791 4969 2896 5023 sibi
2917 4969 3252 5040 sapientiam
3266 4967 3440 5021 valde.
3460 4965 3534 5020 Et
3553 4967 3728 5020 aediﬁ-

2127 5061 2270 5116 cavit
2290 5063 2470 5132 Tyrus
2494 5060 2861 5113 munitionem
2881 5074 3062 5121 suam,
3085 5064 3141 5110 et
3165 5056 3506 5110 coacervavit
3522 5071 3726 5125 argen-

2124 5160 2245 5204 tum
2276 5150 2435 5220 quasi
2467 5149 2719 5207 humum,
2752 5156 2809 5200 et
2836 5163 3036 5201 aurum
3062 5152 3126 5200 ut
3152 5146 3332 5198 lutum
3368 5145 3714 5214 platearum.

2128 5240 2262 5293 Ecce
2295 5241 2562 5292 Dominus
2592 5237 2898 5307 possidebit
2925 5253 3068 5301 eam,
3101 5243 3157 5290 et
3184 5236 3462 5306 percutiet
3485 5234 3542 5286 in
3575 5234 3724 5286 mari

2124 5327 2508 5381 fortitudinem
2539 5325 2677 5393 ejus,
2701 5331 2758 5377 et
2785 5327 2901 5378 haec
2924 5324 3040 5393 igni
3064 5323 3437 5376 devorabitur.
3469 5341 3490 5371 ι
3518 5321 3722 5374 Emath

2125 5416 2318 5469 civitas
2339 5421 2425 5468 est
2448 5414 2622 5484 Syriae
2643 5414 2840 5474 Cceles.
2867 5413 2999 5482 quia
3025 5413 3094 5465 ab
3122 5412 3396 5465 Antiocho
3427 5409 3720 5480 Epiphane

2125 5504 2459 5559 rexediﬁcata
2487 5501 2798 5571 Epiphania
2825 5508 2912 5554 est
2938 5507 3279 5572 nuncupata.
3307 5500 3722 5569 Interpretatur
