3926 6164
196 331 280 387 249

1044 329 1466 385 ENARRATIO
1511 328 1592 384 IN
1629 331 2048 390 ZACl-IARIAM
2087 333 2547 389 PROPHETAM.
2648 328 2653 336 ’
3325 328 3438 384 250

107 477 111 481 ·
201 455 327 510 enim
359 455 562 509 Emath
590 455 926 525 indignatio.
968 454 1038 508 Et
1063 454 1181 508 haec
1209 453 1382 522 igitur
1406 458 1463 506 et
1499 454 1680 524 Tyrus
1711 460 2026 516 etAstrata
2053 459 2145 523 sit,
2177 464 2310 512 tunc
2341 456 2557 511 sedebit
2586 459 2875 527 separator
2914 455 2972 507 in
3021 455 3213 513 Azoto,
3249 452 3303 505 id
3332 459 3437 518 est,

203 548 350 603 Sidon
376 553 541 600 erunt
569 547 626 599 in
661 545 918 600 terminis
949 546 1089 614 ejus,
1130 544 1185 596 id
1233 550 1318 596 est
1346 544 1625 597 Damasci.
1658 546 1771 598 sive
1853 546 2123 599 Dominus
2153 546 2425 610 Salvator,
2448 545 2540 615 qui
2573 550 2799 614 separat
2827 543 3167 598 frumentum
3193 558 3225 594 a
3245 541 3439 611 paleis,

202 638 248 690 in
279 635 522 689 terminis
552 641 718 688 terrae
740 633 1018 691 Hadrach,
1043 639 1106 686 ut
1128 640 1183 686 et
1209 632 1342 700 ipsae
1371 648 1496 685 cum
1525 633 1638 685 illis
1657 650 1771 686 cre-
1854 636 2031 688 malos
2049 635 2225 704 pisces
2247 653 2280 688 a
2299 635 2479 692 bonis.
2501 635 2708 704 quique
2727 634 2780 685 in
2795 632 3004 702 judicio
3017 629 3300 702 separabit
3315 645 3444 682 oves

203 725 320 778 dant
339 723 391 776 in
415 722 716 776 Dominum
749 722 1114 784 Salvatorem,
1142 720 1233 773 cui
1253 720 1386 773 dicit
1409 721 1681 790 propheta
1715 722 1772 775 in
1855 723 1925 776 ab
1954 724 2146 777 haedis.
2175 724 2400 778 Sedebit
2427 729 2615 778 autem
2640 723 2698 775 in
2718 724 2910 778 Azoto.
2933 720 3028 774 ubi
3048 720 3192 790 ignis
3213 719 3446 790 spiritus

201 811 388 882 psalmo
421 829 433 863 :
473 831 495 861 ι
529 811 762 863 Postula
789 826 824 862 a
843 825 933 862 me
965 814 1022 862 et
1049 807 1192 861 dabo
1223 807 1323 861 tibi
1354 815 1570 877 gentes,
1611 829 1633 859 ι
1664 815 1770 866 etc.
1855 810 1956 864 Dei
1975 816 2210 880 generat
2240 812 2385 864 ﬁlios
2408 810 2841 881 adoptionis,ubi
2874 816 2960 863 est
2979 809 3123 879 ignis
3153 807 3445 879 patruelis,

205 897 375 953 Emath
405 913 531 967 quae
561 896 894 966 indignatio,
929 902 986 949 et
1027 897 1212 966 Tyrus
1255 913 1378 967 qua:
1407 897 1688 966 angustia,
1719 902 1777 950 et
1856 900 1912 952 id
1951 905 2037 952 est
2066 899 2314 968 ejusdem
2350 900 2572 953 Domini
2602 899 2778 952 nostri
2826 900 2958 952 Jesu
2997 897 3224 961 Christi,
3259 895 3354 966 qui
3383 909 3449 947 ex

204 985 350 1040 Sidon
369 1001 494 1054 quae
530 985 754 1038 venatio
786 984 1002 1037 inutilis
1046 984 1470 1055 interpretatur,
1519 987 1773 1054 gentium
1856 987 2016 1041 nobis
2074 1004 2298 1041 carnem
2355 1004 2640 1041 assumere
2692 988 2956 1056 dignatus
2994 995 3099 1046 est,
3147 991 3203 1039 et
3233 986 3301 1037 de
3339 999 3449 1055 quo

203 1074 409 1144 populos
435 1073 886 1142 designant,quae
913 1072 1095 1143 primo
1117 1073 1186 1125 ad
1209 1073 1656 1143 przedicationem
1680 1091 1778 1128 no-
1860 1076 2036 1130 Isaias
2059 1095 2070 1129 :
2090 1075 2776 1146 Cantabo,inquit,di|ecto
2791 1093 2913 1129 meo
2926 1076 3203 1129 canticum
3230 1079 3452 1144 patrue-

203 1162 345 1216 minis
366 1161 577 1215 Christi
607 1161 910 1230 indignata;
941 1167 1092 1225 sunt,
1117 1167 1176 1215 et
1203 1161 1259 1215 in
1290 1163 1554 1231 angustia
1581 1177 1777 1232 pecca-
1859 1166 1928 1218 lis
1959 1167 2087 1228 mei,
2115 1166 2287 1218 vineae
2310 1181 2466 1219 meae.
2499 1163 2583 1218 Ibi
2612 1181 2832 1236 quoque
2854 1165 2998 1234 ignis
3030 1163 3314 1222 mamillae.
3346 1161 3451 1215 hoc

203 1256 365 1304 torum
397 1255 584 1312 erant,
616 1255 675 1303 et
695 1248 1044 1302 venabantur
1071 1265 1105 1301 a
1132 1249 1375 1314 diabolo,
1411 1251 1469 1303 in
1497 1252 1659 1320 cujus
1690 1256 1781 1321 ty-
1863 1253 2315 1314 est,desiderium
2339 1258 2395 1306 et
2419 1252 2588 1305 ardor
2617 1252 2853 1321 sugendi
2882 1253 2967 1304 lac
2995 1251 3261 1304 doctrina:
3281 1249 3450 1320 spiri-

203 1354 317 1410 pum
348 1343 707 1407 praecesserat
737 1338 1018 1390 Nemroth
1049 1336 1315 1391 robustus
1346 1344 1577 1392 venator
1593 1354 1780 1392 coram
1863 1341 2058 1396 tualis.
2090 1342 2230 1394 Nam
2265 1341 2374 1394 duo
2404 1339 2579 1394 ubera
2627 1340 2900 1399 Ecclesiae,
2934 1339 3045 1391 duo
3086 1344 3219 1391 sunt
3255 1339 3450 1390 Testa-

203 1426 436 1481 Dumino.
475 1426 633 1488 Quod
675 1441 802 1479 vero
833 1425 918 1478 hae
948 1425 1202 1478 civitates
1239 1426 1325 1478 vel
1356 1427 1535 1496 magis
1561 1432 1777 1496 gentes,
1864 1435 2072 1488 menta,
2099 1429 2244 1482 sicut
2261 1429 2693 1499 sponsaindicat
2711 1428 2767 1479 in
2790 1427 3036 1481 Canticis
3053 1425 3396 1479 canticorum
3436 1442 3449 1476 :

206 1531 326 1585 quas
352 1513 1207 1584 significabant,promptissime
1226 1513 1437 1568 fuerint
1455 1515 1526 1568 ad
1555 1515 1781 1568 creden-
1866 1537 1888 1568 ι
1923 1517 2128 1571 Botrus
2158 1517 2326 1588 Cypri
2343 1518 2578 1571 dilectus
2601 1533 2758 1569 meus
2782 1514 2938 1574 mihi,
2958 1515 3106 1567 inter
3133 1513 3308 1566 ubera
3330 1528 3455 1565 mea

202 1602 337 1664 dum,
360 1602 637 1656 Dominus
668 1601 914 1655 ostendit
953 1601 1010 1654 in
1040 1602 1337 1672 Evangelio
1363 1603 1555 1656 dicens
1589 1621 1601 1656 :
1639 1623 1661 1653 ι
1686 1604 1781 1656 Vae
1865 1605 2320 1661 commorabitur.
2344 1625 2407 1657 »ι
2440 1606 2504 1658 Et
2525 1604 2844 1674 disperdam
2863 1603 3181 1673 superbiam
3207 1600 3458 1655 Philisti-

205 1690 291 1744 tibi
309 1691 618 1755 Corozaim,
642 1707 722 1744 vae
753 1690 856 1744 tibi
888 1689 1208 1756 Bethsaida,
1242 1691 1373 1760 quia
1401 1691 1447 1744 si
1474 1691 1530 1744 in
1552 1691 1699 1761 Tyro
1730 1696 1789 1745 et
1868 1712 2089 1759 norum,
2123 1700 2180 1748 et
2215 1694 2462 1748 auferam
2493 1693 2823 1763 sanguinem
2855 1694 2977 1762 ejus
3006 1692 3075 1745 de
3113 1707 3208 1744 ore
3229 1691 3372 1760 ejus,
3402 1693 3459 1742 et

202 1779 388 1833 Sidone
413 1779 580 1832 facta;
603 1779 845 1832 fuissent
867 1778 1100 1832 virtutes
1127 1795 1249 1849 quae
1277 1779 1336 1832 in
1363 1785 1420 1832 te
1446 1779 1604 1833 factae
1631 1785 1781 1846 sunt,
1800 1767 1846 1826 Β
1865 1783 2310 1862 abominationes
2336 1783 2458 1852 ejus
2471 1783 2540 1835 de
2561 1781 2744 1834 medio
2762 1781 3017 1834 dentium
3035 1778 3257 1849 ejus.Et
3283 1778 3457 1830 relin-

205 1867 320 1921 Olim
348 1867 742 1936 paenitentiam
777 1867 1044 1936 egissem:-
1079 1885 1100 1917 ι
1123 1869 1568 1938 Assumpserunt
1593 1867 1783 1937 itaque
1867 1877 2073 1943 quetur
2098 1871 2266 1925 etiam
2307 1871 2427 1941 ipse
2456 1871 2572 1923 Deo
2601 1875 2813 1933 nostro,
2845 1873 2902 1921 et
2929 1868 3036 1921 erit
3073 1867 3231 1938 quasi
3257 1866 3369 1920 dux
3398 1865 3457 1918 in

205 1954 521 2024 sapientiam
549 1955 731 2018 valde.
758 1954 814 2008 id
843 1960 926 2008 est
954 1955 1300 2025 sophismata
1347 1961 1405 2008 et
1450 1955 1784 2009 calliditates
1865 1961 2027 2015 Juda.
2058 1978 2086 2012 ι»
2119 1959 2440 2024 Philistiim,
2477 1959 2572 2029 qui
2599 1958 3044 2028 interpretantur
3074 1955 3336 2008 cadentes
3362 1969 3459 2023 po-

205 2042 326 2096 artis
355 2042 868 2112 dialecticaeTyrus
891 2059 1110 2112 quoque
1131 2043 1421 2097 aadiﬁcavit
1445 2043 1785 2097 munitiones

205 2146 337 2196 suas,
366 2130 423 2182 id
461 2135 551 2183 est
601 2129 768 2184 fortia
813 2136 1171 2199 argumenta,
1206 2130 1406 2200 quibus
1435 2131 1595 2202 quasi
1624 2147 1784 2184 muro

207 2218 471 2288 quondam
500 2218 720 2272 munita
737 2218 1042 2288 gentilitas,
1075 2235 1110 2272 a
1137 2220 1291 2272 nullo
1323 2226 1510 2290 posset
1541 2220 1786 2274 veritatis

207 2305 413 2360 doctore
441 2307 721 2376 superari.
753 2307 1117 2361 Coacervavit
1143 2315 1460 2376 argentum,
1484 2308 1635 2362 idest
1656 2308 1785 2361 rhe-

206 2392 376 2446 torice
405 2394 705 2458 facundiae,
738 2400 795 2448 et
825 2411 1025 2448 aurum
1083 2411 1347 2449 sensuum
1398 2396 1694 2450 moralium
1731 2401 1789 2450 et

209 2480 610 2552 allegoriarum.
659 2483 869 2536 Verum
919 2499 1086 2552 quam
1131 2484 1245 2537 sint
1276 2485 1392 2538 haec
1415 2484 1543 2537 vilia
1571 2489 1627 2537 et
1653 2500 1789 2537 con-

207 2571 492 2622 temnenda
519 2570 786 2633 ostendit,
819 2586 947 2623 cum
980 2578 1276 2640 argentum
1307 2578 1363 2624 et
1392 2588 1594 2625 aurum
1639 2571 1789 2625 istud

210 2664 481 2727 comparat
501 2659 624 2712 luto
645 2659 1120 2729 platearum.Haec
1140 2665 1329 2713 autem
1355 2659 1784 2729 congregabant,

208 2750 261 2796 ut
304 2746 594 2798 munirent
632 2762 868 2815 regnum
917 2746 1265 2809 idololatrize,
1315 2737 1370 2800 et
1415 2746 1791 2817 insuperabile

210 2831 458 2886 facerent.
487 2833 765 2886 Dominus
788 2850 921 2903 ergo
943 2834 1188 2904 possedit
1207 2836 1414 2905 Tyrum
1432 2841 1488 2888 et
1504 2835 1789 2900 Sidonem,

209 2936 322 2974 cum
351 2938 548 2975 earum
577 2923 917 2992 percusserit
945 2923 1350 2986 fortitudinem,
1383 2940 1550 2993 quam
1583 2923 1793 2977 habent

205 3008 258 3060 in
286 3011 612 3064 turbulento
636 3010 778 3062 mari
807 3011 973 3080 hujus
994 3011 1200 3077 saeculi,
1230 3017 1286 3065 et
1313 3012 1652 3066 destruxerit
1678 3029 1793 3066 om-

1866 2050 2010 2112 culo,
2044 2065 2108 2101 eo
2130 2048 2276 2117 quod
2307 2047 2376 2100 de
2419 2047 2591 2100 calice
2623 2045 3024 2100 daemoniorum
3057 2042 3316 2096 inebriati
3341 2057 3457 2094 cor-

1866 2143 2120 2191 ruerunt.
2130 2136 2199 2190 Hi
2213 2152 2346 2206 ergo
2365 2136 2807 2206 interpretantur
2817 2133 3167 2187 evocationes
3180 2129 3455 2201 gentium,

1867 2226 1972 2279 hoc
1993 2232 2095 2286 est,
2122 2224 2622 2294 blasphemiae,sive
2645 2240 2772 2277 esus
2789 2238 2982 2276 eorum
3000 2236 3122 2291 quae
3143 2219 3306 2272 idolis
3329 2222 3462 2270 sunt

1868 2312 2245 2378 immolata,ut
2267 2313 2354 2366 his
2383 2311 2586 2364 ablatis
2607 2312 2958 2381 relinquatur
2978 2309 3099 2379 ipsa
3119 2307 3234 2360 Deo
3246 2313 3457 2369 nostro,

1869 2408 1926 2455 et
1949 2407 2138 2472 spreta
2168 2401 2473 2454 multorum
2505 2416 2657 2463 cura,
2683 2415 2856 2452 unum
2877 2403 3098 2451 tantum
3123 2396 3300 2451 Deum
3329 2393 3464 2446 inci-

1869 2489 1988 2559 piat
2015 2489 2272 2554 adorare,
2296 2488 2480 2558 sitque
2508 2487 2618 2540 dux
2648 2486 2704 2539 in
2733 2487 2760 2538 .l
2769 2487 2896 2548 uda,
2926 2491 2990 2538 ut
3018 2484 3172 2554 prior
3199 2483 3458 2553 populus,

1872 2577 1964 2646 qui
1999 2576 2089 2628 hic
2119 2592 2219 2646 per
2245 2576 2271 2628 J
2281 2576 2447 2628 udam
2489 2575 2765 2642 signatur,
2795 2578 3046 2626 vertatur
3065 2573 3120 2624 in
3142 2570 3466 2633 caudam,et

1872 2664 2207 2717 novissimus
2238 2663 2333 2732 qui
2371 2669 2492 2716 erat
2524 2662 2720 2724 cauda,
2754 2665 3008 2714 transeat
3036 2659 3089 2711 in
3123 2663 3310 2728 caput.
3343 2674 3368 2707 α
3394 2657 3465 2710 Et

1874 2753 2124 2804 Accaron
2149 2769 2173 2802 ι
2208 2751 2491 2821 quondam
2514 2750 2720 2803 sterilis
2742 2757 2798 2803 et
2813 2748 3117 2807 eradicata,
3149 2747 3206 2799 id
3227 2751 3313 2799 est
3329 2759 3464 2814 gen-

1873 2839 2049 2892 tilitas
2070 2839 2161 2892 sit.
2200 2860 2221 2889 ι
2253 2840 2426 2902 Quasi
2453 2838 2765 2896 Jebusaaus,
2803 2857 2825 2888 ν
2861 2837 2915 2890 id
2939 2842 3042 2900 est,
3075 2835 3234 2906 quasi
3256 2833 3464 2888 Hieru-

1875 2928 2070 2990 salem,
2095 2944 2218 2998 quae
2239 2927 2435 2980 civitas
2455 2926 2636 2981 tribus
2653 2925 2974 2980 nominibus
2994 2923 3228 2978 diversis
3253 2928 3466 2992 tempo-

1874 3015 2027 3069 ribus
2047 3016 2328 3086 appellata
2354 3022 2456 3069 est.
2490 3014 2675 3068 Primo
2703 3014 2853 3067 dicta
2871 3023 2956 3067 est
2975 3013 3179 3074 Salem,
3203 3009 3405 3065 deinde
3432 3026 3468 3063 a

205 3113 321 3151 nem
343 3098 689 3169 sapientiam
713 3099 1060 3161 saecularem,
1092 3109 1146 3152 et
1177 3116 1376 3154 aurum
1407 3108 1578 3171 atque
1598 3077 1851 3170 argen-C
1874 3104 2141 3158 Jebusaais
2172 3121 2445 3174 possessa,
2478 3109 2672 3157 vocata
2701 3110 2788 3157 est
2814 3101 3202 3171 Jebussicque
3230 3097 3467 3169 conjun-

207 3191 318 3239 tum
348 3203 544 3240 earum
568 3187 850 3240 excoxerit
879 3194 933 3240 et
963 3189 1286 3258 purgaverit
1305 3189 1400 3242 illo
1427 3191 1576 3260 igne,
1593 3191 1662 3243 de
1683 3207 1792 3260 quo

207 3274 318 3344 ipse
349 3275 407 3328 in
439 3274 749 3344 Evangelia
773 3275 907 3330 dicit
949 3297 960 3328 :
1003 3293 1030 3326 α
1083 3274 1277 3344 Ignem
1329 3278 1454 3332 veni
1481 3285 1706 3332 mittere
1735 3280 1794 3332 in

208 3365 422 3427 terram,
459 3382 483 3412 ›
510 3366 622 3416 etc.

273 3468 299 3502 ε
327 3449 565 3504 Videbit
592 3451 830 3504 Ascalon
860 3455 916 3504 et
950 3450 1190 3517 timebit,
1224 3458 1282 3506 et
1308 3453 1474 3517 Gaza,
1510 3460 1566 3508 et
1588 3454 1801 3509 dolebit

210 3537 381 3600 nimis,
404 3544 463 3592 et
480 3541 762 3597 Accaron.
785 3540 1051 3608 quoniam
1075 3540 1307 3594 confusa
1335 3548 1422 3595 est
1439 3560 1567 3613 spes
1581 3544 1799 3612 ejus.Et

210 3626 399 3696 peribit
433 3644 534 3680 rex
569 3626 638 3679 de
670 3627 836 3690 Gaza,
863 3634 919 3680 et
945 3629 1183 3682 Ascalon
1214 3646 1322 3682 non
1353 3630 1800 3685 habitabitur.Et

213 3716 414 3769 sedebit
441 3720 746 3786 separator
786 3715 844 3768 in
889 3716 1080 3769 Azoto.
1120 3735 1142 3766 ι
1177 3716 1318 3769 Cum
1353 3717 1568 3786 (inquit)
1601 3719 1798 3772 viderit

212 3805 455 3868 Ascalon,
480 3811 543 3858 et
567 3804 734 3865 Gaza,
753 3809 810 3857 et
835 3806 1234 3874 Accaron,qure
1245 3812 1375 3858 sunt
1391 3807 1643 3860 civitates
1664 3807 1798 3860 Phi-

213 3891 546 3954 listinorum,
586 3892 735 3961 quod
781 3892 982 3945 Emath
1027 3892 1099 3946 sit
1146 3892 1203 3946 in
1234 3893 1490 3946 terminis
1518 3895 1798 3961 Damasci,

218 3984 267 4032 et
288 3981 467 4051 Tyrus
497 3985 562 4032 et
588 3979 761 4031 Sidon
789 3979 859 4032 ad
887 3995 1010 4033 eam
1041 3980 1386 4045 transierint,
1419 3998 1625 4051 easque
1655 3983 1802 4035 vide-

217 4069 316 4122 rint
332 4082 629 4138 possessas
657 4083 691 4119 a
717 4067 974 4126 Domino,
1006 4067 1272 4122 dolebunt
1299 4085 1363 4121 ac
1390 4069 1590 4122 timore
1629 4071 1804 4140 reple-

219 4154 433 4220 buntur,
464 4159 609 4228 quia
639 4154 908 4210 videbunt
935 4173 1088 4226 spem
1120 4173 1287 4226 quam
1319 4157 1376 4210 in
1406 4158 1571 4211 idolis
1600 4175 1802 4228 posue-

219 4253 356 4311 runt,
406 4264 534 4300 esse
591 4245 904 4301 confusam.
935 4246 1173 4298 Ascalon
1219 4245 1623 4311 interpretatur
1658 4246 1804 4315 ignis

221 4331 488 4411 ignobilis.
531 4335 653 4388 sive
701 4333 1044 4404 ponderata;
1091 4334 1257 4399 Gaza,
1309 4335 1469 4387 fortis
1497 4342 1597 4388 aut
1624 4335 1804 4405 impe-

219 4421 370 4485 rium,
401 4425 664 4476 Accaron
688 4427 898 4484 autem,
930 4421 1155 4484 sterilis,
1187 4422 1302 4475 sive
1331 4422 1611 4476 eradicata
1634 4442 1645 4489 ;
1672 4426 1804 4476 Azo-

218 4513 317 4570 tus,
346 4511 493 4580 ignis
521 4526 825 4581 generans,
872 4510 958 4562 vel
985 4509 1132 4579 ignis
1161 4511 1366 4580 patrui,
1401 4512 1483 4564 vel
1513 4511 1656 4580 ignis
1685 4527 1806 4564 ma-

220 4597 390 4652 milla.
422 4600 726 4653 Jebusaaus
756 4598 1135 4660 conculcatus,
1180 4599 1459 4666 significat
1495 4600 1714 4652 animas
1739 4615 1805 4653 eo

222 4687 372 4740 modo
388 4704 422 4740 a
441 4687 672 4740 diabolo
689 4686 970 4755 deceptas.
995 4687 1138 4739 Nam
1155 4687 1414 4750 Ascalon,
1435 4687 1491 4739 in
1516 4703 1628 4756 qua
1641 4696 1808 4740 antea

222 4771 388 4829 fuerat
407 4774 804 4844 diabolus,qui
831 4780 917 4827 est
938 4773 1084 4843 ignis
1103 4773 1383 4843 ignobilis,
1415 4781 1471 4827 et
1492 4775 1560 4828 ad
1588 4791 1810 4828 mensu-

224 4877 332 4916 ram
360 4865 447 4917 vel
491 4863 719 4933 pondus
760 4867 1088 4931 pervenerat
1143 4869 1514 4932 peccatorum,
1555 4863 1811 4916 videlicet

222 4953 456 5019 gentium
475 4950 936 5022 populus,timuit
961 4950 1061 5004 tali
1091 4967 1292 5020 pavore
1314 4951 1806 5020 perterrita.Gaza,

225 5053 333 5106 qua:
360 5041 525 5094 fortis
557 5040 762 5103 fuerat,
791 5043 847 5092 et
869 5037 974 5091 sibi
1005 5038 1299 5107 imperium
1329 5038 1654 5093 idololatria:
1680 5056 1808 5109 pro-

226 5126 487 5194 mittebat,
521 5127 709 5181 doluit
731 5127 916 5191 nimis,
950 5142 1122 5195 agens
1152 5126 1533 5196 pumitentiam
1560 5128 1809 5197 priorum

226 5216 765 5269 scelerum.Accaron
788 5231 1008 5285 quoque
1037 5215 1264 5278 sterilis,
1287 5221 1344 5267 et
1364 5215 1574 5284 absque
1595 5216 1694 5269 Dei
1715 5233 1813 5270 no-

228 5302 356 5362 titia.
381 5321 493 5358 non
527 5303 742 5357 habens
772 5303 1092 5373 spirituales
1123 5303 1284 5365 ﬁlios,
1321 5304 1599 5357 eradicata
1629 5311 1716 5358 est
1741 5305 1810 5358 ab

232 5406 422 5457 errore,
449 5409 566 5463 quo
599 5393 935 5460 quasiﬁrma
965 5392 1151 5444 radice
1167 5391 1484 5456 tenebatur,
1516 5394 1656 5446 Cum
1679 5411 1811 5462 ergo

231 5477 306 5531 hie
329 5481 584 5535 civitates
614 5481 824 5534 fuerint
852 5481 1178 5550 perterritae,
1209 5496 1347 5550 quas
1372 5481 1616 5534 diximus
1665 5483 1809 5550 figu-

233 5582 345 5622 rare
365 5578 589 5639 gentes,
621 5575 679 5623 et
704 5569 990 5624 doluerint
1027 5585 1092 5623 eo
1140 5569 1289 5639 quod
1319 5585 1446 5640 spes
1470 5585 1666 5623 earum
1692 5570 1814 5624 fru-

1876 3192 1980 3244 ctis
1999 3191 2216 3245 duobus
2246 3191 2565 3244 nominibus
2584 3190 2753 3244 Jebus
2773 3197 2830 3244 et
2843 3188 3206 3253 Salem,dicta
3235 3190 3321 3240 est
3343 3185 3469 3238 Hie-

1875 3281 2142 3334 rusalem.
2176 3282 2424 3333 Accaron
2446 3280 2554 3333 erit
2596 3279 2756 3349 quasi
2785 3278 3089 3342 Jebusaeus,
3123 3275 3256 3347 quia
3273 3279 3470 3344 gentes

1881 3369 2158 3438 accipient
2184 3368 2446 3438 gratiam,
2485 3383 2654 3438 quam
2687 3367 2992 3437 aliquando
3024 3362 3471 3433 Hierosolymitae

1879 3456 2199 3510 habuerunt
2224 3457 2513 3510 credentes
2542 3457 2600 3509 in
2632 3456 2866 3510 Deum.-
2903 3455 2971 3508 Et
2997 3451 3354 3507 circumdabo
3377 3451 3474 3504 do-

1881 3562 2036 3598 mum
2061 3562 2265 3607 meam,
2297 3565 2317 3593 n
2352 3544 2409 3598 id
2432 3550 2518 3598 est
2547 3544 2868 3598 Ecclesiam.
2905 3560 2929 3593 «
2965 3543 3040 3596 Ex
3071 3541 3156 3594 his
3189 3541 3282 3610 qui
3331 3538 3474 3591 mili-

1882 3641 2006 3688 tant
2035 3634 2172 3686 mihi
2197 3639 2393 3687 euntes
2413 3640 2470 3687 et
2499 3637 2861 3695 revertentes,
2893 3651 2913 3677 η
2947 3630 3004 3682 id
3035 3631 3122 3682 est
3139 3627 3326 3697 angeli
3375 3626 3472 3696 qui

1882 3723 2020 3775 mihi
2052 3721 2376 3775 deserviunt
2403 3722 2458 3774 in
2494 3721 2726 3774 diversis
2753 3717 3097 3781 ministeriis,
3122 3719 3349 3786 propter
3378 3729 3473 3766 eos
3574 3777 3575 3780 η

1884 3812 1978 3881 qui
2008 3810 2392 3864 hmreditatem
2437 3811 2665 3878 capiunt
2693 3808 2908 3871 salutis,
2945 3822 3183 3877 quorum
3213 3800 3474 3874 praesidio

1880 3899 2122 3951 vallatur
2134 3897 2622 3960 Ecclesia,dicente
2641 3893 3288 3949 Psalmista:«Immittet
3310 3904 3475 3958 ange-

1882 3987 1969 4040 lus
2002 3985 2222 4038 Domini
2253 3985 2309 4036 in
2341 3984 2576 4036 circuitu
2619 3983 2941 4036 timentium
2973 3998 3123 4035 eum.
3154 4004 3174 4028 ι
3205 3999 3227 4030 α
3264 3980 3334 4032 Et
3360 3992 3474 4030 non

1882 4073 2148 4128 transibit
2176 4073 2325 4125 ultra
2350 4087 2517 4141 super
2545 4087 2641 4125 eos
2672 4077 2911 4135 exactor,
2942 4089 2966 4122 »
2999 4070 3055 4122 id
3083 4071 3169 4121 est
3195 4065 3470 4131 diabolus,

1884 4163 1952 4216 de
1977 4176 2087 4230 quo
2114 4160 2290 4213 Isaias
2319 4178 2330 4212 :
2364 4177 2390 4212 α
2415 4160 2704 4222 Quomodo
2727 4160 2936 4230 quievit
2965 4163 3205 4220 exactor,
3240 4153 3476 4208 cessavit

1884 4247 2198 4303 tributum?
2226 4265 2286 4299 ια
2319 4246 2463 4311 Quia
2485 4264 2631 4301 nunc
2654 4247 2763 4300 vidi
2788 4247 2845 4299 in
2868 4247 3042 4300 oculis
3063 4244 3223 4309 meis,
3249 4261 3275 4295 ι)
3301 4243 3472 4304 idest,

1886 4339 2073 4391 videre
2099 4337 2200 4390 feci
2224 4336 2526 4407 prophetas
2549 4353 2722 4390 meos.
2757 4334 2872 4406 Ipsi
2893 4335 3039 4388 enim
3062 4340 3196 4388 sunt
3212 4332 3356 4386 oculi
3373 4331 3480 4384 Do-

1890 4426 2048 4485 mini,
2078 4442 2176 4495 per
2205 4441 2343 4494 quos
2374 4425 2529 4488 vidit,
2558 4424 2610 4476 id
2643 4430 2727 4477 est
2756 4423 3110 4478 annuntiavit
3131 4421 3477 4475 vocationem

1887 4515 2141 4584 gentium
2172 4519 2228 4566 et
2256 4513 2511 4566 Ecclesia:
2532 4513 2919 4568 securitatem.

1967 4623 1987 4653 ι
2011 4602 2234 4656 Exsulta
2269 4602 2421 4655 satis.
2448 4601 2559 4653 filia
2580 4601 2733 4665 Sion,
2745 4601 2942 4670 jubila,
2960 4599 3074 4652 ﬁlia
3104 4596 3472 4650 Hierusalem.

1891 4693 2028 4745 Ecce
2045 4706 2143 4744 rex
2159 4696 2293 4743 tuus
2322 4689 2507 4742 veniet
2531 4689 2631 4742 tibi
2655 4691 2842 4758 justus
2867 4696 2923 4741 et
2949 4685 3333 4755 salvator,ipse
3347 4698 3477 4753 pau-

1891 4795 1992 4848 per
2021 4783 2075 4830 et
2113 4778 2418 4831 ascendens
2469 4794 2639 4847 super
2691 4777 2912 4829 asinum
2952 4781 3008 4828 et
3056 4789 3224 4843 super
3261 4771 3478 4843 pullum

1890 4866 2070 4920 filium
2100 4866 2286 4920 asinae.
2314 4865 2446 4919 Haec
2476 4865 2786 4935 prophetia,
2810 4870 2873 4917 ut
2910 4862 3210 4916 Matthazus
3238 4875 3478 4930 evange-

1891 4953 2023 5006 lista
2055 4953 2298 5022 exponit,
2334 4951 2565 5021 impleta
2597 4957 2683 5003 est
2710 4950 2767 5003 in
2799 4951 3104 5012 Salvatore,
3137 4948 3360 5019 quando
3388 4964 3481 5000 ve-

1893 5042 1977 5094 nit
1989 5041 2362 5101 Hierusalem,
2383 5039 2582 5092 sedens
2602 5056 2772 5108 super
2787 5039 3001 5108 pullum
3021 5039 3484 5107 asinae.exceptus

1895 5135 1980 5182 est
1994 5146 2026 5182 a
2046 5129 2226 5182 turbis
2246 5145 2372 5180 cum
2396 5127 2568 5179 ramis
2582 5127 2921 5197 palmarum,
2937 5127 3150 5180 divinas
3171 5127 3274 5179 sibi
3290 5126 3483 5180 laudes

1893 5214 2717 5285 acclamantibus.Diciturergo
2733 5235 2742 5268 :
2757 5236 2781 5264 α
2799 5217 3026 5270 Exsulta
3039 5215 3316 5278 satis,lilia
3327 5215 3481 5280 Sion,

1890 5305 2090 5374 jubila,
2124 5304 2239 5357 ﬁlia
2268 5304 2640 5372 Hierusalem,
2664 5323 2688 5354 ι
2712 5322 2833 5375 quze
2855 5323 2965 5359 una
2986 5310 3071 5358 est
3089 5305 3484 5359 civitas.cEcce

1895 5411 1987 5447 rex
2011 5401 2162 5456 tuus,
2183 5413 2203 5442 ι
2226 5393 2476 5446 omnium
2489 5393 2713 5448 vocibus
2734 5395 3132 5465 prophetarum
3157 5393 3482 5464 promissus,

1901 5503 1920 5532 σ
1956 5481 2105 5533 venit
2135 5481 2256 5545 tibi,
2294 5503 2318 5531 »
2347 5483 2402 5534 id
2437 5489 2522 5536 est
2551 5490 2781 5553 propter
2812 5490 2883 5544 te,
2912 5489 2975 5537 ut
3000 5489 3056 5536 te
3086 5483 3302 5546 liberet,
3340 5502 3361 5531 α
3389 5484 3484 5551 ju-

1895 5575 2014 5623 stus
2047 5575 2105 5622 et
2130 5569 2394 5636 salvator,
2424 5588 2450 5623 ι
2483 5572 2578 5640 qui
2602 5570 2878 5626 Hebraice
2907 5572 3113 5626 dicitur
3139 5572 3319 5635 Jesus,
3343 5585 3484 5640 quo-
