3970 6150
501 315 610 371 255
930 316 1310 372 HAYMONIS
1350 316 1838 372 HALBERSTAT.
1879 315 2109 371 EPISC.
2152 316 2309 374 OPP.
2351 318 2535 372 PARS
2572 317 2613 371 Ι.
2660 348 2724 358 -
2765 316 3137 375 COMMENT.
3180 317 3360 373 BIBL.
3650 318 3742 374 256

506 456 633 496 cum
660 440 901 511 peccatis
929 440 1204 495 ultionem
1233 442 1709 506 fecerit,visitabit
1725 441 1785 495 in
1810 441 1955 495 bono
1973 458 2102 512 gre-
2120 446 2165 502 Α
2188 444 2478 513 temporis,
2507 462 2533 494 ν
2556 448 2661 497 etc.
2687 442 3065 497 Nihilominus
3085 442 3203 496 hac
3220 440 3291 495 ab
3320 440 3627 496 Hebraeisad
3643 442 3746 498 Ma-

510 545 637 599 gem
677 530 1105 595 suum,domum
1127 530 1295 595 Juda,
1324 532 1377 585 id
1411 536 1497 586 est
1524 548 1618 584 eos
1644 531 1740 601 qui
1771 531 1946 585 Deum
1980 546 2111 583 voce
2194 531 2446 586 chabaos
2474 532 2813 593 referuntur,
2831 531 2977 601 quod
2999 530 3277 602 superatis
3299 529 3544 585 hostibus
3568 530 3746 587 domus

508 623 566 673 et
594 617 842 672 moribus
862 620 1219 672 confitentur.
1256 620 1324 673 Et
1352 626 1523 690 ponet
1559 636 1653 672 eos
1693 619 1855 689 quasi
1902 636 2109 688 equum
2190 618 2363 687 Juda,
2397 620 2453 673 id
2480 626 2565 674 est
2596 621 2719 675 duae
2747 620 2952 688 tribus,
2982 626 3039 673 et
3082 619 3284 674 domus
3332 618 3551 688 Ioseph,
3581 618 3629 671 id
3674 626 3748 672 est

507 706 719 775 gloriae,
754 706 886 777 quia
918 707 1232 777 pmsidebit
1259 707 1357 767 eis,
1387 714 1444 761 et
1472 716 1629 779 reget
1654 709 1799 772 illos,
1831 714 1888 762 et
1915 708 1972 762 in
2000 706 2110 761 illis

510 794 785 848 mirabilis
833 794 1143 865 apparebit.
1182 795 1265 849 De
1301 796 1387 849 his
1430 797 1589 866 equis
1623 782 1895 867 propheta
1921 795 2060 849 dixit
2091 812 2103 849 :

508 882 615 946 Qui
636 884 884 938 ascendit
900 900 1069 954 super
1083 900 1255 955 equos
1284 890 1431 950 tuos,
1477 891 1534 939 et
1562 886 1847 956 equitatus
1873 890 2003 939 tuus
2023 901 2110 938 sa-

509 971 676 1027 nitas.

584 1081 607 1111 (
644 1062 720 1116 Ex
745 1062 885 1133 ipso,
909 1080 933 1114 ο
965 1062 1018 1115 id
1048 1067 1134 1115 est
1160 1062 1256 1132 qui
1286 1067 1457 1134 ponet
1477 1079 1572 1117 eos
1590 1063 1751 1134 quasi
1767 1079 1973 1133 equum
1993 1062 2111 1132 glo-

507 1149 605 1203 rite
643 1167 778 1213 suae,
828 1151 936 1204 erit
970 1170 992 1202 α
1025 1151 1279 1220 angelus,
1313 1173 1336 1200 ι
1370 1151 1425 1205 id
1457 1156 1543 1206 est
1583 1152 1862 1223 perfectus
1908 1152 2109 1221 aliquis

505 1240 601 1309 qui
640 1240 793 1294 velut
830 1240 972 1310 lapis
1018 1240 1305 1309 angularis
1335 1240 1642 1295 continebit
1685 1246 1741 1294 et
1766 1240 2101 1294 confortabit

506 1326 841 1379 constitutos
858 1326 915 1379 in
938 1327 1265 1380 certamine.
1314 1329 1381 1382 Et
1401 1347 1427 1380 α
1450 1345 1514 1382 ex
1547 1328 1666 1400 ipso
1693 1351 1717 1376 »ι
1749 1328 1894 1382 eritc
1927 1328 2105 1398 paxil-
2186 1344 2302 1395 eos,
2335 1334 2392 1382 et
2429 1329 2811 1399 multiplicabo
2839 1345 2934 1382 eos
2968 1329 3113 1383 sicut
3143 1334 3309 1382 antea
3340 1330 3563 1382 fuerant
3588 1327 3757 1382 multi-

506 1413 595 1468 lus
629 1432 655 1465 ι
700 1414 928 1468 humilis
957 1415 1161 1485 aliquis
1191 1416 1247 1468 in
1280 1417 1540 1479 Ecclesia,
1574 1423 1633 1470 et
1651 1424 1843 1471 tamen
1872 1432 1976 1470 sua
2004 1433 2103 1486 pa-
2188 1418 2396 1488 plicati,
2448 1424 2506 1471 et
2550 1417 2838 1471 seminabo
2886 1433 2981 1472 eos
3013 1417 3071 1469 in
3110 1416 3350 1488 populis.
3406 1436 3429 1467 ι
3466 1416 3756 1471 Sacratiore

505 1502 706 1556 tientia
735 1502 981 1573 reliquos
1020 1504 1179 1574 quasi
1206 1510 1497 1559 extensum
1527 1506 1812 1559 sustinens
1847 1504 2107 1558 taberna-
2189 1521 2357 1559 sensu
2378 1504 2625 1559 sibilabit
2647 1506 2936 1567 Dominus,
2961 1505 3018 1558 id
3038 1510 3125 1559 est
3144 1504 3367 1574 signum
3388 1504 3555 1558 faciet
3572 1504 3653 1556 his
3672 1503 3756 1573 qui

508 1590 696 1644 culum
753 1591 821 1644 Et
849 1612 870 1641 ι
900 1608 962 1644 ex
986 1591 1105 1662 ipso
1128 1609 1292 1649 arcus
1314 1593 1550 1663 prmlii,»
1577 1594 1633 1647 id
1655 1601 1741 1646 est
1754 1593 2105 1663 praedicator,
2190 1594 2435 1665 peccatis
2461 1594 2685 1648 fuerant
2712 1594 2971 1664 dispersi,
3008 1600 3072 1647 ut
3100 1593 3170 1647 ad
3206 1593 3388 1663 ipsum
3424 1592 3664 1646 redeant.
3698 1591 3757 1644 Et

502 1680 693 1750 jacula
729 1681 1181 1736 comminationis
1210 1683 1592 1753 peccatoribus
1620 1684 1951 1738 immittens.
1983 1702 2011 1737 α
2042 1684 2153 1753 Εἱᾷ
2191 1682 2443 1753 loquitur
2470 1683 2527 1736 in
2574 1683 2872 1752 Evangelio
2900 1700 2911 1734 :
2951 1702 2973 1733 ε
3008 1682 3207 1735 Venite
3233 1682 3305 1735 ad
3334 1698 3423 1735 me
3451 1678 3758 1749 omnes,qui

510 1784 577 1823 ex
608 1768 728 1839 ipso
757 1770 1076 1839 egredietur
1104 1751 1285 1825 omnis
1316 1778 1539 1826 exactor
1565 1773 1797 1830 simul.»
1823 1775 1917 1845 qui
1947 1774 2106 1845 quasi
2128 1751 2172 1810 Β
2190 1751 2527 1824 laboratiset
2543 1751 2760 1824 onerati
2774 1771 2927 1824 estis.
2950 1771 3409 1839 »Congregantur
3428 1767 3760 1837 autem.quia

509 1863 675 1927 cogat
699 1858 971 1923 nolentes,
1004 1866 1061 1913 et
1090 1860 1275 1929 exigat
1304 1866 1369 1914 ut
1398 1861 1620 1916 Christo
1650 1862 2110 1933 subdantur,per—
2189 1859 2462 1913 Dominus
2490 1858 2729 1913 redemit
2758 1876 2852 1912 eos
2891 1858 3136 1929 pretioso
3166 1857 3437 1927 sanguine
3458 1855 3762 1913 suo.Multi-

509 1945 694 2000 territi
736 1947 1033 2002 formidine
1058 1948 1274 2018 judicii,
1306 1966 1431 2004 cum
1465 1951 1703 2005 audiunt
1741 1957 1951 2022 quanta
1978 1951 2108 2005 infi-
2192 1948 2490 2019 plicantur,
2524 1948 2655 2018 quia
2685 1946 2833 2001 sicut
2861 1953 3030 2000 antea
3058 1946 3281 2000 fuerant
3310 1944 3679 2015 multiplicati,
3710 1943 3761 1997 id

511 2033 730 2089 delibus
759 2035 873 2088 sint
894 2037 1168 2107 supplicia
1194 2044 1523 2108 praeparata.
2192 2042 2279 2091 est
2303 2038 2610 2092 secundum
2642 2036 2790 2106 quod
2811 2036 2881 2089 ad
2914 2035 3199 2089 Abraham
3242 2034 3456 2087 dictum
3491 2038 3575 2088 est
3606 2050 3617 2085 :
3650 2053 3671 2082 ι
3704 2032 3761 2086 in

587 2142 615 2176 ι
655 2123 723 2177 Et
748 2130 916 2178 erunt
941 2126 1102 2196 quasi
1131 2126 1322 2187 fortes,
1356 2128 1748 2183 conculcantes
1779 2129 1956 2183 lutum
1999 2131 2111 2184 via-
2192 2126 2407 2181 semine
2427 2132 2524 2180 tuo
2555 2125 2957 2179 benedicentur
2976 2140 3169 2178 omnes
3182 2128 3437 2194 gentes.»
3466 2124 3534 2177 Et
3553 2124 3762 2192 Aposto-

511 2228 638 2266 rum
666 2212 725 2265 in
752 2213 964 2283 praelia,
983 2214 1499 2286 etbellabunt,quia
1520 2216 1792 2271 Dominus
1811 2235 1937 2272 cum
1959 2219 2059 2274 eis.
2080 2238 2105 2270 ι)
2193 2216 2280 2269 lus
2310 2234 2321 2268 :
2360 2235 2381 2266 ι
2419 2216 2706 2284 Quotquot
2730 2230 2796 2267 ex
2825 2213 2934 2267 ﬁde
2960 2218 3094 2267 sunt
3127 2211 3385 2277 Abrahae,
3432 2211 3494 2265 hi
3522 2210 3617 2264 ﬁlii
3644 2213 3763 2263 sunt

512 2300 654 2355 Cum
692 2300 903 2355 fuerint
931 2318 1030 2372 pro
1056 2302 1278 2357 Christo
1306 2304 1576 2373 martyrio
1594 2305 1864 2371 coronati,
1881 2312 1940 2360 et
1954 2307 2110 2361 dixe-
2190 2304 2447 2359 Abrahae.
2477 2322 2499 2355 ιι
2527 2302 2890 2357 Seminantur
2903 2317 3124 2372 quoque
3146 2301 3203 2354 in
3224 2299 3463 2371 papulis,
3491 2305 3554 2353 ut
3580 2298 3635 2352 in
3653 2313 3762 2350 om-

511 2389 627 2443 rint
679 2406 805 2444 cum
848 2391 1147 2445 Psalmista
1178 2410 1190 2444 :
1227 2392 1285 2445 Si
1324 2392 1633 2447 consistant
1669 2394 1962 2448 adversum
2020 2412 2109 2451 me
2190 2393 2355 2447 nibus
2381 2392 2645 2463 gentibus
2669 2391 2954 2446 Christum
2975 2388 3627 2459 annuntient,sicutipse
3641 2403 3763 2457 pne-

510 2482 713 2541 castra,
741 2484 847 2533 etc.
869 2478 979 2533 Sed
1012 2480 1115 2534 hoc
1143 2479 1262 2533 loco
1279 2480 1497 2536 Hebraei
1515 2488 1817 2553 exponunt,
1845 2484 1992 2554 quod
2014 2484 2110 2538 illa
2190 2480 2337 2551 cepit
2366 2495 2378 2530 :
2410 2499 2432 2530 ι
2469 2480 2679 2533 Euntes
2708 2477 2763 2531 in
2794 2477 3068 2531 mundum
3106 2477 3448 2539 universum,
3484 2473 3763 2546 praedicata

512 2568 828 2638 persecutio
861 2584 984 2638 quae
1014 2568 1221 2622 Judaeis
1264 2570 1501 2639 contigit
1545 2570 1649 2624 sub
1674 2572 1967 2637 Antiocho,
2012 2590 2112 2644 per
2193 2569 2555 2639 Evangelium
2583 2567 2736 2620 omni
2764 2572 3052 2621 creaturas.
3091 2585 3113 2617 ι

513 2656 735 2726 culpam
764 2656 1062 2726 contigerit
1094 2657 1514 2727 magistrorum,
1555 2665 1613 2712 et
1654 2659 1779 2714 ideo
1810 2661 2117 2716 visitaverit
2274 2678 2297 2707 ι
2331 2658 2397 2710 Et
2424 2656 2492 2709 de
2522 2656 2688 2725 longe
2707 2654 3153 2709 recordabuntur
3178 2654 3306 2710 mei.
3330 2673 3355 2705 »
3370 2653 3585 2717 Quibus
3601 2649 3767 2704 verbis

2192 708 2387 763 decem
2433 708 2612 764 tribus
2666 708 3048 775 salvabuntur,
3079 714 3136 763 et
3163 707 3241 762 sic
3268 708 3588 779 gaudebunt
3608 706 3749 777 quasi

2191 796 2330 851 ebrii
2357 798 2512 854 vino.
2551 797 2708 853 Tunc
2735 815 2957 869 quoque
2983 797 3347 853 sociabuntur
3374 798 3494 852 duae
3507 802 3561 852 et
3578 797 3750 853 decem

2190 886 2521 958 tribus,quaa
2539 890 2643 940 sub
2658 885 2993 941 Hieroboam
3012 885 3085 939 ab
3110 885 3346 940 invicem
3366 891 3627 957 separatae
3642 888 3751 941 tue-

2189 982 2335 1040 rant,
2365 982 2423 1030 et
2473 980 2609 1030 tunc
2664 981 2832 1029 erunt
2883 975 3029 1029 sicut
3064 974 3296 1028 fuerunt
3332 980 3625 1045 antequam
3660 993 3744 1030 eos

2190 1063 2459 1117 Dominus
2483 1063 2836 1134 projecisset.
2878 1063 3005 1117 Filii
3037 1079 3261 1133 quoque
3301 1079 3494 1117 eorum
3522 1062 3752 1116 videntes

2192 1153 2503 1223 triumphos
2532 1158 2850 1224 parentum,
2881 1150 3225 1205 laetabuntur
3251 1152 3307 1205 in
3340 1152 3591 1206 Domino.

2260 1258 2287 1293 α
2313 1241 2556 1295 Sibilabo
2587 1241 2687 1302 eis,
2721 1246 2779 1294 et
2807 1239 3160 1310 congregabo
3198 1240 3347 1304 illos,
3389 1240 3520 1310 quia
3557 1239 3749 1293 redemi

514 2760 685 2815 super
709 2745 912 2807 hircos,
945 2746 1002 2799 id
1031 2751 1117 2800 est
1142 2747 1430 2817 populum,
1451 2752 1507 2801 et
1536 2748 1834 2803 tradiderit
1857 2766 1951 2803 eos
1970 2767 2111 2819 gen-
2191 2750 2389 2816 gentes
2416 2744 2875 2814 innuuntur,quae
2903 2744 3066 2813 longe
3094 2748 3381 2812 erantpraz
3400 2741 3719 2795 inﬁdelitate
3740 2754 3770 2790 ει

511 2832 681 2896 tibus,
707 2840 903 2905 postea
918 2834 1226 2888 visitaverit
1250 2852 1481 2905 gregem
1506 2852 1669 2890 suum
1693 2837 1921 2892 domum
1946 2839 1973 2893 ,Ι
1981 2840 2111 2907 uda,
2197 2836 2340 2901 Deo;
2366 2834 2436 2888 de
2467 2832 2681 2916 quibus;
2703 2832 3004 2886 Psalmista
3040 2850 3087 2884 ει
3112 2831 3568 2921 Reminiscentur
3584 2835 3639 2883 et
3656 2840 3769 2880 con«

513 2923 835 2977 suscitando
870 2922 983 2976 illis
1020 2924 1223 2977 Judam
1257 2924 1637 2980 Machabmum
1668 2931 1727 2980 et
1755 2932 1985 2981 caeteros
2023 2929 2119 2998 qui
2201 2928 2488 2977 vertentur
2505 2922 2577 2975 ad
2593 2920 2916 2985 Dominum,
2948 2939 2973 2973 ι)
2998 2925 3055 2974 et
3074 2919 3173 2989 qui
3187 2919 3395 2973 mortui
3416 2919 3770 2988 erantpecca-

516 3010 677 3081 quasi
709 3027 887 3081 equus
908 3010 1101 3080 gloriae
1128 3011 1375 3066 fuerunt.
1409 3014 1567 3081 Quod
1602 3031 1731 3068 vero
1756 3014 1964 3069 dicitur
1997 3035 2009 3068 :
2039 3017 2117 3070 Ex

512 3098 636 3168 ipso
664 3099 898 3168 angelus
927 3105 986 3153 et
1013 3115 1077 3152 ex
1097 3099 1219 3170 ipso
1248 3100 1504 3170 paxillus,
1536 3103 1807 3171 angulum
1836 3105 2115 3174 interpre-

515 3193 711 3242 tantur
738 3189 953 3258 regiam
985 3194 1341 3259 potestatem,
1375 3192 1524 3261 quod
1554 3191 1694 3245 duos
1723 3194 1965 3262 parietes
1982 3210 2116 3248 con-

513 3276 696 3330 tineat
716 3296 729 3341 ;
753 3277 1019 3347 paxillum
1035 3294 1185 3340 vero,
1203 3279 1598 3333 sacerdotium.
1626 3280 1700 3334 Ex
1724 3281 1845 3351 ipso
1871 3287 2111 3347 exactor,

515 3364 573 3419 id
597 3370 683 3418 est
705 3381 899 3419 omnes
927 3365 1052 3419 alia;
1081 3365 1327 3421 minores
1355 3367 1679 3438 dignitates,
1704 3375 1768 3422 ut
1785 3369 1861 3423 sit
1879 3386 2077 3424 sensus
2100 3388 2111 3423 :

515 3452 687 3508 Nulla
706 3452 816 3507 erit
844 3452 1108 3523 dignitas,
1139 3470 1261 3524 quae
1286 3470 1396 3508 non
1424 3455 1593 3519 illius,
1621 3456 1676 3510 id
1707 3463 1793 3511 est
1820 3457 1977 3512 Judaa
1998 3459 2121 3512 Ma-

402 3609 415 3624 ;
517 3540 727 3596 chabaai
757 3540 1091 3611 disponatur
1119 3541 1379 3600 arbitrio.

593 3650 615 3681 ι
645 3630 1139 3685 Etconfundentur
1167 3647 1491 3685 ascensores
1515 3649 1786 3703 equorum
1821 3640 1878 3688 et
1906 3634 2121 3688 confor-

459 3734 483 3750 ί
516 3718 648 3774 tabo
674 3719 903 3773 domum
942 3718 1111 3785 Juda,
1163 3727 1220 3773 et
1252 3720 1480 3774 domum
1513 3722 1718 3792 Joseph
1757 3722 2001 3776 salvabo.
2053 3724 2122 3777 Et

518 3812 837 3861 convertam
852 3823 965 3872 eos,
986 3807 1115 3877 quia
1136 3808 1445 3862 miserebor
1462 3825 1681 3879 eorum,
1697 3817 1751 3864 et
1776 3817 1943 3864 erunt
1955 3811 2121 3865 sicuti

516 3894 747 3950 fuerunt
766 3896 991 3967 quando
1021 3913 1130 3950 non
1166 3899 1512 3968 projeceram
1544 3915 1655 3952 eos.
1691 3899 1806 3969 Ego
1836 3900 1985 3953 enim
2018 3901 2122 3954 Do-

517 3985 704 4040 minus
734 3986 882 4040 Deus
936 4001 1129 4040 eorum
1184 3987 1479 4041 exaudiam
1514 4004 1627 4041 eos.
1663 4008 1686 4040 ι)
1732 3989 1856 4043 Haec
1897 4005 2119 4060 quoque

511 4075 673 4145 juxta
683 4075 1029 4145 superiorem
1047 4075 1372 4146 accipienda
1382 4076 2119 4148 suntintellectum,quando

518 4169 576 4217 et
619 4163 1099 4234 persecutionibus
1152 4165 1492 4218 confortabit
1545 4166 1816 4220 Dominus
1847 4171 2120 4236 martyres

430 4248 443 4257 '
517 4266 668 4313 suos,
693 4256 751 4303 et
778 4250 1088 4320 desperatis
1118 4252 1405 4320 praestabit
1427 4252 1719 4316 auxilium,
1744 4253 2121 4307 tuncconfun-

519 4338 726 4392 dentur
753 4353 1077 4391 ascensores
1098 4354 1389 4407 equorum,
1415 4339 1469 4392 id
1497 4344 1584 4393 est
1613 4340 1839 4409 superbi
1869 4357 2188 4427 persecu-D

519 4430 690 4478 tores.
722 4425 880 4479 Tunc
903 4425 1235 4480 confortabit
1259 4427 1490 4481 domum
1540 4428 1702 4491 Juda,
1736 4429 1793 4482 id
1831 4436 1917 4482 est
1960 4431 2127 4483 confi-

519 4516 703 4566 tentes
735 4511 1058 4572 Dominum,
1086 4518 1143 4565 et
1170 4512 1400 4567 domum
1425 4514 1755 4585 Joseph,qui
1785 4521 1984 4569 auctus
2005 4516 2121 4571 sive

517 4600 717 4655 beatus
739 4601 1164 4671 interpretatur.

596 4709 619 4741 ι
654 4690 723 4746 Et
768 4695 939 4761 erunt
966 4691 1126 4761 quasi
1176 4689 1350 4744 fortes
1400 4692 1684 4762 prraim,
1737 4699 1795 4748 et
1840 4693 2125 4748 laetabitur

520 4794 617 4833 cor
645 4795 839 4834 eorum
871 4779 1030 4850 quasi
1061 4795 1095 4833 a
1133 4779 1276 4842 vino,
1312 4785 1369 4833 et
1396 4780 1497 4833 ﬁlii
1528 4797 1721 4835 eorum
1764 4782 2031 4836 videbunt
2066 4789 2124 4836 et

522 4866 885 4935 laetabuntur,
908 4874 966 4921 et
993 4867 1294 4922 exsultabit
1333 4884 1431 4922 cor
1462 4885 1656 4923 eorum
1699 4870 1757 4924 in
1799 4871 2054 4925 Domino.
2095 4890 2118 4921 ι

520 4955 909 5027 Ephraim,qui
937 4957 1345 5028 interpretatur
1373 4957 1620 5021 ubertas,
1644 4963 1708 5011 ut
1727 4958 1845 5013 sint
1874 4975 1941 5012 eo
1969 4959 2123 5029 digni

520 5044 771 5098 nomine.
830 5045 899 5098 Et
949 5045 1289 5099 laetabuntur
1334 5062 1461 5100 cum
1495 5046 1738 5102 biberint
1766 5048 1957 5102 vinum
1997 5048 2125 5100 vitis

524 5149 685 5197 verae,
724 5133 782 5186 id
825 5138 911 5186 est
938 5149 1067 5187 cum
1115 5134 1249 5187 socii
1270 5134 1497 5190 fuerunt
1530 5137 1852 5206 passicnum
1880 5136 2116 5192 Christi.

522 5220 650 5275 Filii
672 5236 893 5290 quoque
908 5237 1121 5284 eorum,
1147 5220 1350 5291 quibus
1364 5223 1614 5293 loquitur
1629 5225 1962 5294 Apostolus:
1994 5243 2016 5274 ι
2042 5224 2126 5277 Fi-

522 5308 639 5362 lioli
690 5309 818 5367 mei.
868 5325 1009 5377 quos
1039 5309 1244 5364 iterum
1287 5312 1559 5380 parturio,
1595 5330 1621 5364 ιι
1671 5319 1804 5375 etc.,
1837 5318 1895 5366 et
1923 5310 2126 5382 quibus

522 5397 825 5451 Psalmista
853 5397 990 5451 dicit
1022 5416 1033 5450 :
1068 5417 1097 5448 ιι
1119 5397 1335 5457 Venite.
1372 5400 1489 5465 filii,
1519 5400 1709 5455 audite
1737 5418 1852 5457 me.
1899 5423 1920 5449 ο
1953 5401 2129 5454 Lmta-

522 5484 757 5544 buntur.
777 5492 834 5539 et
852 5503 947 5540 cor
984 5503 1176 5541 eorum
1213 5487 1483 5556 gaudebit
1512 5488 1567 5541 in
1600 5490 1857 5555 Domino,
1877 5489 2128 5545 dicentes

524 5586 665 5625 cum
676 5571 943 5644 Apostolo
967 5589 978 5624 :
1002 5591 1025 5622 ι
1053 5572 1175 5626 Non
1200 5578 1335 5626 sunt
1352 5573 1643 5642 condigna
1662 5575 1950 5645 passiones
1963 5574 2129 5643 hujus

2199 3012 2292 3065 tis.
2328 3036 2344 3059 ι
2382 3011 2452 3066 Et
2480 3011 2663 3064 vivent
2690 3026 2816 3063 cum
2839 3008 2969 3063 filiis
2997 3008 3134 3071 suis,
3159 3026 3185 3055 ιι
3218 3008 3332 3061 illis
3361 3007 3619 3061 videlicet
3645 3019 3769 3075 quos

2199 3100 2549 3171 praedicando
2561 3103 2882 3168 genuerunt
2901 3095 3375 3151 Christo.Talibus
3395 3095 3534 3149 dicit
3553 3096 3770 3165 Aposto-

2199 3190 2286 3242 lus
2318 3206 2364 3240 τι
2383 3188 2673 3257 Tanquam
2702 3185 2947 3257 parvulis
2970 3185 3029 3238 in
3054 3184 3297 3250 Christo,
3318 3184 3404 3237 lac
3420 3182 3576 3238 vobis
3590 3188 3766 3253 potum

2198 3276 2346 3340 dedi,
2378 3292 2493 3329 non
2520 3292 2725 3329 escam.
2765 3294 2788 3325 ι

2273 3386 2299 3413 α
2327 3365 2397 3418 Et
2425 3368 2792 3426 revertentur,
2818 3366 2876 3417 et
2903 3362 3166 3416 reducam
3197 3377 3292 3415 eos
3322 3361 3393 3414 de
3422 3364 3577 3415 terra
3617 3359 3772 3429 Egy—

2201 3453 2302 3523 pti,
2340 3473 2360 3503 ι
2389 3452 2445 3505 id
2466 3458 2553 3506 est
2579 3453 2648 3506 de
2678 3451 2925 3506 tenebris
2954 3450 3305 3520 ignorantiae,
3348 3449 3407 3502 in
3435 3449 3639 3519 quibus
3673 3448 3776 3501 dia-

2200 3540 2359 3595 bolus
2389 3547 2605 3611 regnat.
2642 3559 2669 3591 ι(
2701 3540 2769 3594 Et
2796 3540 2865 3593 de
2891 3539 3136 3609 Assyriis
3166 3538 3523 3608 congregabo
3540 3554 3633 3592 eos
3667 3556 3687 3586 ι
3712 3535 3775 3589 de

2201 3629 2440 3701 superbo
2466 3646 2632 3683 sensu
2666 3628 2819 3699 pravi
2845 3627 3125 3697 dogmatis
3151 3626 3601 3680 hazreticorumux
3625 3625 3689 3679 Et
3713 3622 3776 3676 ad

2200 3725 2409 3772 terram
2451 3717 2662 3772 Galaad
2686 3723 2743 3769 et
2772 3715 2968 3770 Libani
2998 3715 3270 3768 adducam
3293 3732 3408 3778 eos,
3427 3720 3487 3768 et
3516 3730 3627 3767 non
3642 3713 3781 3766 inve-

2202 3808 2390 3861 nietur
2410 3807 2489 3860 eis
2515 3807 2688 3859 locus.
2704 3804 2944 3858 :Galaad
2972 3804 3378 3873 interpretatur
3397 3800 3768 3856 testimonium

2203 3894 2735 3965 transmigrationis,
2778 3893 3017 3946 Libanus
3064 3892 3366 3945 dealbatio.
3426 3891 3781 3945 Reducuntur

2201 4000 2335 4053 ergo
2357 3982 2426 4035 ad
2456 3988 2666 4035 terram
2695 3979 3030 4049 Galaad,qui
3060 3979 3129 4032 de
3160 3977 3481 4032 carnalibus
3495 3978 3781 4031 transeunt
3860 3978 3865 3981 ’

2202 4072 2273 4127 ad
2291 4070 2625 4141 spiritualia,
2642 4075 2698 4123 et
2718 4069 2787 4122 de
2807 4068 3048 4121 terrenis
3065 4066 3132 4120 ad
3151 4066 3545 4120 coelestiaAdd
3554 4070 3783 4119 ucuntur

2203 4160 2273 4213 ad
2302 4166 2511 4213 terram
2541 4157 2756 4214 Libani.
2792 4156 2887 4226 qui
2925 4155 3184 4224 deposita
3211 4154 3503 4225 nigredine
3534 4158 3779 4224 peccato-

2204 4265 2352 4312 rum,
2384 4234 2721 4301 dealbantur
2758 4244 3115 4314 baptismate,
3145 4248 3338 4313 postea
3362 4242 3552 4296 educti
3580 4240 3649 4295 de
3667 4254 3781 4292 cor-

2206 4353 2359 4407 pore,
2391 4332 3172 4402 dealbabuntur,accipientes
3200 4330 3644 4385 immortalitatis
3662 4343 3782 4381 can-

2206 4425 2395 4478 didam
2427 4424 2649 4478 stolam.

2281 4535 2303 4561 o
2338 4514 2406 4567 Et
2435 4498 2756 4565 transibunt
2796 4510 2853 4563 in
2895 4508 3068 4563 maris
3100 4509 3267 4572 freto,
3315 4512 3374 4560 et
3419 4505 3699 4578 percutiet
3733 4504 3785 4556 in

2203 4601 2347 4655 mari
2376 4602 2596 4665 ﬂuctus,
2629 4607 2687 4653 et
2713 4597 3125 4653 confundentur
3148 4596 3340 4650 omnia
3366 4595 3643 4667 profunda
3685 4596 3788 4645 ﬂu-

2205 4689 2390 4743 minis.
2415 4689 2483 4743 Et
2511 4686 2901 4741 humiliabitur
2929 4684 3192 4755 superbia
3208 4686 3402 4747 Assur,
3433 4689 3492 4737 et
3511 4687 3784 4752 sceptrum

2204 4777 2429 4848 Egypti
2454 4776 2694 4831 recedet.
2730 4773 3070 4829 Confortabo
3109 4789 3203 4827 eos
3246 4772 3305 4825 in
3337 4771 3596 4834 Domino,
3640 4777 3693 4823 et
3731 4767 3783 4819 in

2206 4865 2433 4920 nomine
2449 4866 2571 4934 ejus
2590 4863 2978 4923 ambulabunt,
3003 4861 3144 4915 dicit
3166 4860 3490 4914 Dominus.»
3517 4860 3684 4913 Juxta
3706 4856 3790 4908 lit-

2204 4962 2385 5008 teram
2414 4952 2640 5006 traditio
2673 4950 3050 5004 Hzebraeorum
3083 4956 3188 5014 est,
3222 4947 3371 5020 quod
3420 4948 3660 5018 populus
3695 4946 3789 4997 Ju-

2206 5043 2453 5097 daaorum
2473 5046 2670 5110 captus
2690 5038 2760 5093 ab
2780 5038 3026 5110 Assyriis
3044 5044 3100 5092 et
3123 5054 3158 5091 a
3177 5038 3471 5097 Chaldaeis,
3491 5053 3605 5091 non
3616 5036 3788 5089 solum

2208 5131 2265 5183 in
2294 5129 2485 5184 Medos
2514 5134 2573 5181 et
2595 5128 2819 5185 Persas.
2842 5127 2956 5180 sive
2986 5126 3043 5179 in
3064 5125 3404 5197 Babylonem
3429 5124 3671 5178 traditus
3692 5130 3791 5190 est,

2208 5218 2305 5272 sed
2329 5218 2501 5272 etiam
2534 5218 2593 5270 in
2626 5215 3123 5286 septentrionalem
3153 5215 3375 5284 plagam
3400 5220 3457 5267 et
3476 5213 3531 5267 in
3557 5213 3795 5284 Bospho-

2207 5324 2358 5372 rum,
2380 5312 2436 5360 et
2465 5312 2663 5377 postea
2681 5322 2747 5358 ex
2768 5311 2927 5375 parte
2956 5303 3085 5355 inde
3113 5309 3357 5366 vocatus,
3387 5302 3488 5356 Dei
3515 5318 3611 5355 eos
3632 5302 3798 5371 respi-

2210 5397 2391 5449 ciente
2411 5393 2808 5449 clementia.Et
2822 5394 2925 5445 hoc
2942 5398 3029 5445 est
3045 5391 3192 5461 quod
3215 5391 3305 5444 hic
3327 5391 3796 5444 diciturchraus-

2208 5486 2371 5538 ibunt
2400 5484 2455 5536 in
2484 5482 2655 5536 maris
2682 5482 2845 5543 freto,
2878 5501 2900 5531 ι
2932 5481 2987 5534 id
3018 5486 3105 5534 est
3132 5480 3189 5532 in
3220 5488 3460 5549 augusto
3492 5479 3633 5531 mari
3660 5478 3795 5532 Pro-

2212 5572 2478 5645 pontidis,
2510 5570 2606 5625 ubi
2637 5569 3100 5638 angustissimum
3143 5568 3351 5623 fretum
3392 5566 3796 5622 Chalcedonem
