3970 6150
262 242 351 294 257

1153 234 1573 291 ENARRATIO
1602 235 1680 289 IN
1706 231 2129 287 ZACHARIAM
2158 231 2619 287 PROPHETAM.

3364 206 3496 288 '258

256 369 305 415 et
324 360 637 432 Byzantium
653 360 868 425 dividit,
906 365 963 413 et
982 361 1260 431 percutiet
1288 359 1560 414 Dominus
1587 360 1641 411 in
1679 357 1817 409 mari
1837 361 1879 416 Α
1903 357 2132 426 phorice
2148 356 2570 425 succidendum,
2602 356 2660 409 id
2689 365 2775 410 est
2802 356 3069 410 Romanis
3120 356 3498 427 pugnantibus

257 451 456 513 ﬂuctus,
473 449 675 502 vadens
695 455 826 502 ante
849 450 1116 519 pOpulum
1140 466 1326 509 suum,
1343 454 1400 502 et
1421 448 1833 502 confundentur
1913 446 2316 500 devastandum
2332 491 2343 502 .

254 537 511 608 profunda
540 537 859 599 ﬂuviorum,
898 543 961 589 ut
986 538 1270 607 quondam
1316 538 1522 590 factum
1576 541 1680 600 est,
1704 551 1831 589 cum

256 643 394 679 mare
418 624 661 679 Rubrum
685 625 923 678 divisum
946 631 1049 683 est.
1075 632 1132 679 et
1150 626 1414 679 Jordanis
1462 625 1700 679 siccatus
1726 628 1829 677 est.

255 715 392 768 Tunc
402 713 789 767 humiliabitur
806 713 1069 783 superbia
1088 715 1532 785 Assyriorum,et
1550 718 1834 783 sceptrum

256 801 457 871 [Egypti
478 801 712 854 tolletur
744 800 813 854 ab
836 802 940 867 eis,
966 801 1201 855 liberato
1232 801 1332 855 Dei
1366 801 1589 872 populo,
1619 807 1676 853 et
1700 816 1834 853 con-

255 889 594 943 fortabuntur
622 890 676 942 in
711 890 967 951 Domino,
998 890 1134 944 etin
1162 890 1389 943 nomine
1422 890 1544 958 ejus
1576 887 1832 942 ambula-

254 976 391 1039 bunt,
415 982 757 1030 revertentes
777 978 832 1029 in
857 983 1070 1030 terram
1094 992 1275 1029 suam.
1302 977 1432 1030 Haec
1470 977 1634 1045 juxta
1662 974 1835 1029 tradi-

256 1063 443 1118 tionem
468 1063 829 1118 llebrzeorum
852 1064 999 1118 dicta
1022 1064 1151 1117 sint.
1178 1065 1344 1118 Juxta
1382 1080 1605 1118 sensum
1630 1062 1833 1135 mysti-

256 1168 387 1216 cum,
410 1153 719 1207 transimus
739 1159 795 1206 et
825 1169 926 1207 nos
957 1153 1011 1207 in
1029 1158 1330 1222 angustum
1364 1168 1518 1206 mare
1544 1152 1714 1222 hujus
1733 1168 1836 1205 saa-

256 1240 370 1305 culi,
395 1242 538 1311 quod
562 1241 770 1295 sanctis
793 1242 1255 1312 angustissimum
1287 1247 1344 1294 et
1364 1242 1734 1311 periculorum
1753 1246 1839 1294 est

254 1330 460 1399 plenum
486 1330 863 1384 :amatoribus
885 1337 1074 1384 autem
1099 1331 1268 1400 hujus
1288 1330 1476 1384 seaculi
1496 1329 1838 1383 latissimum

253 1425 344 1481 est,
364 1418 490 1487 quia
509 1419 628 1471 lata
655 1420 743 1472 via
763 1425 992 1489 estquae
1020 1419 1175 1472 ducit
1205 1419 1274 1472 ad
1299 1424 1716 1481 mortem.arcta
1734 1434 1836 1471 au-

258 1514 357 1559 tem
390 1512 474 1559 est
503 1523 628 1577 quae
684 1507 839 1560 ducit
895 1507 963 1559 ad
1011 1507 1200 1560 vitam.
1237 1508 1301 1561 In
1350 1508 1491 1560 mari
1530 1508 1633 1560 hoc
1673 1506 1838 1575 hujus

1989 552 2015 586 ‹‹
2040 535 2161 588 Vox
2178 536 2432 591 ulutatus
2452 543 2762 608 pastorum,
2788 534 2920 606 quia
2944 538 3161 588 vastata
3190 539 3275 588 est
3299 533 3513 603 magni-

1916 623 2141 676 ﬁcentia
2161 640 2376 679 eorum.
2408 646 2431 675 ι)
2455 626 2605 690 Quos
2624 642 2793 696 supra
2814 624 3010 677 cedros
3039 623 3123 676 vel
3150 622 3360 676 abietes
3399 623 3512 677 sive

1919 728 2158 782 quercus
2178 712 2412 778 dixerat,
2442 732 2591 769 nunc
2623 715 2780 785 quasi
2808 728 3091 782 exponens
3125 711 3255 781 quid
3289 711 3512 778 dixerit,

1918 816 2018 869 per
2032 800 2199 853 aliam
2224 803 2612 873 metaphoram
2651 808 2811 855 vocat
2851 807 3125 871 pastores,
3142 800 3199 853 id
3225 806 3312 854 est
3336 817 3518 855 sacer-

1917 889 2077 942 dotes
2094 896 2147 942 et
2172 890 2448 961 principes
2466 891 2812 945 eorum.Jam
2844 889 2980 942 dicit
3007 888 3190 941 audiri
3213 889 3510 956 ululatum,

1918 978 2182 1048 quoniam
2214 978 2629 1047 magniﬁcentia
2658 986 2714 1032 et
2740 979 2909 1032 decus
2953 977 3199 1041 illorum,
3230 978 3507 1051 templum

1916 1066 2173 1120 videlicet
2192 1066 2248 1120 in
2282 1083 2391 1137 quo
2414 1067 2654 1121 maxime
2681 1066 3086 1137 gloriabantur,
3138 1067 3430 1121 incensum
3460 1071 3518 1121 et

1920 1154 2271 1209 destructum
2295 1155 2385 1209 sit.

1994 1260 2021 1295 «
2044 1244 2161 1297 Vox
2180 1244 2400 1313 rugitus
2416 1240 2663 1304 leonum,
2700 1242 2963 1313 quoniam
2986 1248 3200 1297 vastata
3212 1250 3298 1298 est
3323 1260 3515 1315 super-

1918 1330 2010 1385 bia
2031 1331 2311 1385 Iordanis.
2349 1352 2377 1382 »
2414 1331 2566 1395 Quos
2587 1331 2846 1401 superius
2874 1330 3101 1384 arbores
3148 1332 3233 1384 vel
3265 1338 3517 1402 pastores

1919 1420 2153 1484 dixerat,
2186 1437 2334 1473 nunc
2360 1425 2517 1473 vocat
2547 1421 2757 1485 leones,
2781 1425 2835 1472 et
2879 1418 3024 1473 sicut
3043 1420 3302 1490 superius
3330 1421 3521 1475 altitu-

1919 1509 2106 1563 dinem
2134 1509 2328 1579 templi
2359 1508 2705 1579 comparavit
2728 1508 3044 1561 celsitudini
3069 1509 3275 1562 montis
3296 1509 3519 1579 Libani,

253 1594 425 1647 δίθωιί
454 1602 700 1664 anguStO
730 1601 788 1648 et
809 1595 1153 1655 turbulento.
1182 1595 1398 1665 primus
1440 1594 1699 1648 transivit
1728 1595 1838 1647 Re-
1921 1616 2031 1669 quo
2062 1599 2201 1651 nihil
2223 1598 2509 1657 excelsius,
2529 1596 2783 1667 nihilque
2809 1597 3144 1651 condensius
3169 1603 3252 1651 est
3277 1597 3336 1651 in
3364 1604 3518 1652 terra

248 1682 493 1753 demptor
525 1694 735 1749 noster,
775 1683 979 1737 deinde
1025 1684 1204 1737 secuti
1235 1691 1370 1737 sunt
1416 1700 1542 1737 eum
1575 1683 1833 1754 apostoli,
1852 1669 1899 1727 Β
1922 1686 2390 1757 repromissionis,
2416 1686 2494 1739 sic
2523 1701 2671 1739 nunc
2700 1686 2946 1755 rugitum
2999 1686 3226 1739 leonum
3251 1692 3307 1739 et
3328 1702 3521 1757 super-

254 1771 313 1824 de
332 1771 535 1841 quibus
551 1772 795 1825 dicitur:
832 1772 939 1836 Qui
955 1772 1301 1826 descendunt
1316 1788 1470 1825 mare
1492 1773 1549 1825 in
1584 1771 1837 1838 navibus,

248 1859 342 1932 ipsi
374 1860 638 1915 viderunt
666 1878 839 1931 opera
868 1862 1111 1915 Domini.
1143 1862 1299 1915 Tunc
1328 1860 1716 1915 humiliabitur
1745 1877 1840 1913 su-

256 1950 432 2020 perbia
450 1952 653 2015 Assur,
686 1949 741 2002 id
770 1959 855 2003 est
883 1948 1109 2015 diaboli,
1171 1956 1228 2003 et
1266 1949 1564 2020 imperium
1596 1948 1839 2020 EEgypti,

248 2038 295 2091 id
318 2043 397 2092 est
417 2038 786 2092 tenebrarum
810 2044 866 2091 et
882 2038 1162 2091 aeriarum
1209 2044 1574 2108 potestatum,
1602 2038 1840 2103 recedet,

252 2143 364 2181 cum
385 2127 694 2181 novissima
724 2142 875 2180 mors
900 2127 1241 2187 destruetur,
1270 2134 1326 2180 et
1353 2127 1447 2180 ille
1468 2127 1561 2196 qui
1604 2126 1846 2180 habebat

254 2214 432 2273 mortis
462 2215 791 2285 imperium,
818 2214 1113 2268 claudetur
1139 2216 1196 2268 in
1226 2214 1497 2284 gehennae
1538 2231 1839 2269 carcerem.

255 2302 426 2356 Sancti
458 2320 594 2356 vero
620 2302 1085 2356 confortabuntur
1112 2303 1169 2356 in
1198 2303 1455 2368 Domino,
1506 2309 1559 2357 et
1608 2303 1795 2357 dicent
1830 2322 1841 2357 ε

260 2390 587 2446 «Fortitudo
616 2408 743 2445 mea
773 2398 827 2445 et
856 2391 981 2445 laus
1013 2408 1155 2444 mea.
1193 2410 1219 2443 υ
1276 2392 1343 2445 Et
1392 2390 1762 2445 ambulabunt
1788 2392 1846 2445 in

258 2480 466 2533 nomine
498 2481 647 2550 ejus,
672 2481 728 2534 id
759 2487 843 2534 est
863 2480 918 2534 in
950 2480 1177 2533 nomine
1207 2480 1437 2541 Christi,
1471 2496 1503 2533 a
1542 2497 1651 2550 quo
1682 2480 1845 2534 Chri-

257 2567 409 2620 stiani
438 2575 735 2633 vocantur,
761 2575 816 2622 et
837 2569 941 2622 sub
971 2568 1247 2638 dignitate
1270 2568 1438 2637 hujus
1468 2568 1616 2621 tituli
1647 2568 1846 2622 ambu-

255 2656 436 2709 labunt
462 2657 537 2709 de
561 2657 766 2712 virtute
788 2658 845 2711 in
874 2658 1157 2721 virtutem,
1190 2657 1367 2710 donec
1407 2656 1667 2710 videatur
1695 2657 1846 2710 Deus

253 2743 470 2798 deorum
494 2744 556 2798 in
578 2746 731 2799 Sion.

848 2888 1083 2942 CAPUT
1111 2888 1207 2942 XI.

317 3012 546 3083 «Aperi,
583 3013 813 3078 Libane,
837 3019 1026 3084 portas
1052 3019 1200 3078 tuas,
1221 3016 1274 3067 et
1290 3013 1543 3066 comedat
1574 3012 1718 3082 ignis
1747 3028 1841 3066 ce-

251 3100 371 3154 dros
391 3111 576 3155 tuas.»
600 3101 845 3155 Libanus
859 3118 1018 3155 mons
1033 3106 1120 3155 est
1137 3100 1434 3163 Phoenicis,
1453 3100 1548 3155 ubi
1572 3100 1847 3154 terminus

252 3188 441 3244 Judrea':
463 3197 665 3243 contra
691 3190 1126 3260 septentrionem
1152 3196 1254 3242 est.
1286 3190 1394 3243 Sed
1420 3189 1524 3242 hoc
1554 3190 1673 3242 loco
1700 3196 1847 3242 tem-

252 3278 393 3346 plum
422 3286 585 3333 vocat
613 3278 909 3341 Libanum,
969 3278 1115 3349 quod
1147 3277 1216 3331 de
1267 3277 1434 3347 lignis
1489 3278 1684 3331 Libani
1713 3294 1848 3331 con-

251 3372 516 3420 structum
549 3374 693 3420 erat.
727 3366 991 3420 Prtedixit
1019 3383 1152 3436 ergo
1201 3368 1476 3437 propheta
1521 3367 1669 3435 quod
1701 3372 1846 3420 tem-

250 3453 416 3522 plum,
449 3455 603 3525 quod
635 3454 850 3508 noviter
879 3455 1064 3508 fuerat
1092 3455 1422 3508 aedificatum
1456 3472 1489 3507 a
1543 3453 1846 3508 Zorobabel

252 3548 300 3593 et
320 3542 467 3605 Jesu,
521 3543 928 3596 destruendum
980 3550 1128 3596 esset
1176 3560 1210 3596 a
1240 3543 1584 3613 Vespasiano
1612 3549 1669 3595 et
1715 3542 1842 3596 Tito

253 3631 591 3702 principibus
624 3632 1025 3684 Romanorum.
1057 3651 1076 3681 ι
1134 3631 1300 3701 Aperi
1338 3631 1586 3701 (inquit),
1615 3630 1845 3695 Libane,

252 3726 430 3786 portas
462 3726 614 3779 tuas,
654 3738 679 3771 »
712 3725 772 3772 ut
804 3720 1077 3790 suscipias
1123 3719 1502 3787 ingredientes
1531 3720 1737 3773 hostes.
1780 3720 1848 3773 Et

1925 1774 2073 1829 biam
2101 1775 2362 1829 Jordanis
2388 1775 2596 1844 jungit,
2632 1775 2723 1844 qui
2756 1774 2813 1827 in
2862 1773 2959 1827 illa
3004 1774 3233 1844 regione
3263 1774 3517 1828 omnium

1926 1864 2223 1917 ﬂuminum
2252 1864 2528 1916 maximus
2558 1870 2641 1916 est
2671 1863 2949 1928 Jordanis,
2993 1864 3153 1931 juxta
3198 1879 3363 1933 quem
3397 1880 3517 1917 mo-

1927 1959 2126 2006 rantur
2156 1953 2363 2017 leones,
2391 1952 2504 2005 sive
2534 1958 2597 2005 ut
2625 1952 2881 2005 ardorem
2928 1950 3050 2004 sitis
3095 1967 3238 2021 aqua
3270 1951 3520 2006 ﬂuminis

1925 2042 2192 2105 relevent,
2226 2042 2339 2094 sive
2371 2040 2501 2110 quia
2547 2040 2784 2093 vicinum
2820 2045 2902 2093 est
2951 2039 3238 2093 desertum
3278 2044 3336 2093 et
3364 2046 3521 2094 vasta

1927 2129 2189 2183 solitudo.
2210 2128 2304 2182 Ait
2324 2144 2455 2197 ergo
2467 2129 2741 2199 propheta
2766 2147 2776 2181 :
2806 2146 2832 2181 ι(
2857 2128 2970 2181 Vox
2993 2128 3471 2197 rugitusleonum,
3493 2147 3515 2179 ι

1926 2216 1983 2270 id
2014 2223 2099 2272 est
2153 2218 2486 2287 optimatum
2536 2221 2594 2269 et
2646 2216 2980 2287 principum,
3024 2216 3290 2270 subaudis
3328 2215 3523 2270 audita

1928 2312 2029 2359 est.
2060 2324 2085 2359 α
2105 2307 2249 2370 Quia
2278 2310 2493 2359 vastata
2522 2310 2608 2359 est
2635 2304 2899 2376 superbia
2926 2304 3205 2370 Jordanis,
3238 2324 3257 2355 ο
3282 2305 3387 2359 hoc
3415 2310 3519 2372 est,

1928 2393 2175 2464 dignitas
2205 2393 2398 2464 templi
2423 2393 2609 2448 deleta
2637 2399 2740 2461 est,
2774 2394 2924 2448 unde
2953 2394 3221 2448 auxilium
3266 2392 3528 2464 speraba-

1927 2487 2039 2537 tur.

2004 2590 2029 2623 α
2060 2573 2189 2626 Haec
2220 2573 2357 2627 dicit
2381 2573 2657 2628 Dominus
2685 2572 2833 2625 Deus
2884 2587 3042 2624 meus
3075 2588 3086 2624 :
3123 2570 3296 2625 Pasce
3322 2586 3527 2642 pecora

1928 2660 2242 2725 occisionis,
2286 2678 2408 2731 quae
2458 2661 2505 2714 si
2537 2658 2919 2731 possidebant,
2950 2658 3296 2721 occidebant,
3327 2664 3382 2713 et
3410 2676 3524 2713 non

1927 2748 2214 2814 dolebant,
2232 2756 2288 2803 et
2314 2748 2628 2803 vendebant
2649 2765 2770 2801 ea.)
2796 2747 2913 2801 Vox
2942 2746 3160 2801 Domini
3184 2747 3255 2801 ad
3281 2747 3527 2818 prophe-

1922 2842 2037 2891 tam
2049 2838 2231 2891 .Nunc
2253 2837 2481 2908 (inquit)
2498 2837 2723 2890 interim
2743 2836 3029 2889 nutriatur
3044 2852 3181 2906 grex
3212 2841 3270 2890 et
3285 2840 3522 2902 crescat,

1924 2927 2020 2996 qui
2042 2932 2235 2996 postea
2249 2925 2318 2980 ab
2338 2925 2592 2980 hostibus
2611 2924 2885 2995 capiatur.
2912 2924 3045 2988 Qua:
3060 2941 3259 2994 pecora
3285 2923 3529 2979 Romani

1930 3015 2022 3085 qui
2047 3015 2407 3085 possidebant
2428 3016 2557 3085 jure
2614 3013 2908 3079 victorum,
2942 3012 3285 3077 occidebant,
3319 3018 3376 3067 et
3411 3029 3527 3068 non

1928 3103 2213 3168 dolebant,
2245 3121 2347 3157 nec
2378 3103 2809 3167 miserebantur,
2847 3119 2970 3173 qua)
3022 3101 3319 3157 servabant
3346 3103 3415 3156 ad
3444 3102 3528 3157 vi-

1927 3198 2067 3256 tam,
2100 3192 2431 3255 vendebant,
2464 3198 2522 3245 et
2575 3191 2930 3256 lzetabantur,
2969 3210 2990 3242 ι
3025 3191 3275 3245 dicentes
3310 3209 3321 3244 :
3354 3192 3530 3245 Bene-

1930 3281 2114 3334 dictus
2128 3281 2419 3339 Dominus.
2442 3280 2643 3335 divites
2668 3280 2798 3334 facti
2827 3297 3043 3334 sumus.
3076 3302 3096 3328 ι
3117 3281 3247 3334 Haec
3262 3279 3342 3334 ita
3368 3285 3530 3350 gesta

1930 3386 2052 3423 esse
2113 3369 2209 3439 qui
2267 3370 2561 3423 historiam
2604 3368 2822 3439 legerit,
2856 3368 3118 3422 inveniet.
3164 3368 3528 3439 Tropologice

1928 3464 2167 3528 possunt
2215 3460 2329 3511 hmc
2388 3458 2583 3511 referri
2626 3458 2712 3511 .ad
2764 3457 3055 3528 episcopos
3083 3462 3138 3511 et
3169 3456 3528 3528 presbyteros

1929 3544 2405 3600 Christianorum.
2433 3544 2679 3598 Pascunt
2703 3544 2851 3597 enim
2884 3560 3052 3614 pecus
3080 3543 3373 3597 occisionis
3395 3543 3529 3599 mali

1931 3639 2201 3703 pastores,
2229 3649 2469 3702 quorum
2514 3632 2859 3702 negligentia
2914 3633 3059 3703 perit
3110 3648 3244 3702 grex
3279 3631 3526 3698 Domini,

1929 3722 2064 3775 dum
2098 3722 2380 3791 subjectos
2412 3721 2600 3774 vident.
2624 3721 2706 3774 ire
2728 3738 2829 3791 per
2857 3720 3096 3791 abrupta
3149 3720 3431 3785 vitiorum,
3474 3726 3531 3775 et

250 3807 384 3875 quod
415 3808 639 3861 dixerat
687 3808 983 3867 Libanum.
1042 3812 1227 3861 servat
1268 3807 1679 3877 metaphoram,
1723 3806 1850 3861 sub-
1930 3827 2039 3864 non
2068 3810 2378 3879 corrigunt,
2403 3827 2506 3864 nec
2544 3810 2863 3872 emendant,
2899 3809 3032 3863 dum
3076 3816 3338 3863 metuunt
3366 3810 3531 3864 amit-

252 3893 398 3961 dens,
432 3903 489 3950 et
514 3896 745 3949 devoret
803 3896 952 3967 ignis
999 3896 1196 3950 cedros
1234 3900 1377 3950 tuas.
1424 3896 1535 3949 Per
1563 3896 1757 3950 cedros
1794 3901 1851 3950 et
1931 3904 2053 3952 tere
2083 3897 2379 3951 commoda
2410 3897 2763 3967 temporalia.
2788 3914 2913 3967 qua:
2934 3897 3194 3966 diligunt,
3216 3884 3406 3969 sicque
3436 3914 3533 3969 pa-

251 3982 452 4039 abietes
493 3993 555 4039 et
588 4001 828 4056 quercus
860 3984 1044 4038 Basan
1094 3991 1152 4039 et
1207 3985 1413 4039 saltum
1464 4001 1849 4052 nemorosum,
1933 3992 2096 4040 scunt
2124 4002 2218 4039 eos
2246 4002 2358 4039 non
2391 3985 2457 4039 ad
2492 3985 2683 4049 vitam,
2715 3984 2813 4037 sed
2844 3984 2914 4037 ad
2945 3984 3301 4051 occisionem,
3347 4001 3531 4055 neque

253 4071 524 4143 principes
554 4080 615 4127 et.
641 4074 959 4127 sacerdotes
980 4080 1038 4127 et
1060 4074 1327 4144 populum
1350 4073 1852 4143 signiticatludaao—
1934 4078 2169 4145 possunt
2196 4070 2379 4127 dicere
2400 4090 2526 4127 cum
2560 4072 2827 4143 Apostolo
2850 4091 2861 4125 :
2898 4072 3067 4136 «Quis
3098 4072 3531 4141 scandalizatur,

254 4177 388 4215 rum.
417 4182 444 4212 ι
468 4162 749 4217 Comedat
779 4162 1005 4233 (inquit)
1025 4162 1171 4232 ignis
1196 4162 1391 4216 cedros
1410 4168 1558 4229 tuas,
1586 4183 1607 4213 ι
1628 4169 1692 4217 ut
1721 4180 1853 4217 cun-
1934 4168 1991 4217 et
2019 4178 2124 4232 ego
2155 4178 2266 4216 non
2288 4162 2469 4216 uror?
2505 4182 2526 4212 ι
2556 4161 2819 4215 Vendunt
2848 4176 3071 4231 quoque
3100 4159 3407 4215 submissos
3427 4178 3531 4232 po-

256 4256 337 4303 cta
354 4251 438 4304 vel
468 4250 734 4304 incendio
764 4250 847 4304 vel
903 4249 1095 4303 hostili
1148 4249 1384 4321 imperio
1441 4256 1750 4316 vastentur,
1796 4256 1853 4305 et
1934 4251 2116 4322 pulos,
2148 4268 2274 4305 cum
2306 4268 2371 4305 ex
2396 4250 2621 4304 illorum
2644 4249 2880 4304 interitu
2910 4249 3015 4302 sibi
3054 4249 3278 4304 divitias
3309 4254 3530 4319 parant,

257 4344 360 4392 tam
383 4339 558 4393 duces
589 4355 759 4409 quam
791 4338 980 4409 populi
1005 4345 1431 4393 consumantur.
1870 4328 2127 4394 Dfavent
2158 4339 2534 4411 peccantibus,
2557 4339 2855 4393 laudantes
2876 4355 2971 4392 eos
3003 4338 3222 4409 praedas
3241 4339 3336 4410 qui
3357 4343 3535 4410 agunt

324 4447 346 4478 ι
398 4428 586 4491 Ulula,
655 4425 825 4492 abies,
876 4426 1010 4497 quia
1079 4427 1283 4481 cecidit
1328 4427 1550 4492 cedrus,
1589 4428 1853 4498 quoniam
1936 4428 2006 4482 de
2033 4427 2273 4487 miseris,
2306 4434 2364 4481 et
2384 4428 2609 4498 iniquos
2640 4426 3050 4483 benedicentes.

260 4516 533 4586 magniﬁci
556 4514 761 4569 vastati
788 4520 948 4569 sunt:
976 4516 1215 4581 ulutate,
1236 4532 1474 4587 quercus
1506 4517 1855 4587 Basan,quo-
2012 4537 2034 4567 ι
2062 4517 2131 4571 Et
2149 4522 2403 4587 pastores
2420 4532 2615 4570 eorum
2634 4532 2746 4569 non
2766 4514 3070 4587 parcebant
3098 4515 3386 4586 eis,etego
3419 4532 3533 4570 non

260 4603 399 4656 niam
427 4604 788 4657 succisus-est
824 4595 1004 4657 saltus
1036 4604 1306 4658 munitus.
1356 4623 1377 4654 ι
1412 4604 1609 4657 Mutua
1636 4604 1853 4675 (inquit)

260 4691 658 4746 lamentatione
687 4692 1007 4746 sacerdotes
1063 4700 1120 4746 et
1175 4692 1456 4763 principes
1493 4709 1558 4746 ac
1594 4694 1852 4764 populus,

261 4787 498 4835 vestrum
519 4780 768 4852 plangite
798 4780 1111 4846 interitum,
1132 4786 1188 4833 et
1218 4780 1378 4851 quasi
1409 4796 1688 4853 quarreres
1719 4781 1853 4851 quid

260 4868 570 4938 significent
586 4868 759 4923 cedri.
780 4869 981 4940 quidve
998 4868 1210 4923 abietes
1250 4877 1307 4923 et
1338 4886 1596 4940 quercus,
1623 4886 1853 4941 respon-

263 4957 368 5023 det,
391 4958 697 5012 ostendens
719 4958 788 5012 de
804 4958 1121 5012 hominibus
1136 4974 1195 5012 se
1209 4957 1688 5028 dicere,quoniam
1707 4974 1858 5029 mag-

265 5047 405 5100 nitici
437 5046 641 5101 vastati
666 5052 818 5101 sunt.
864 5048 1045 5100 Basan
1078 5046 1329 5100 confusio
1352 5046 1575 5111 dicitur,
1618 5063 1854 5116 quercus

263 5149 385 5189 vero
406 5136 610 5193 Basan,
634 5134 894 5189 homines
922 5135 1058 5188 dicit
1085 5134 1426 5188 confusionis
1444 5134 1854 5204 etignominize,

267 5224 527 5291 quoniam
540 5224 790 5279 succisus
810 5230 895 5276 est
914 5224 1090 5276 saltus
1107 5223 1378 5276 munitus.
1422 5222 1641 5276 Saltum
1680 5223 1863 5276 muni.

270 5316 376 5363 tum
408 5312 529 5365 sive
552 5329 929 5375 nemorosum,
960 5311 1145 5382 ipsum
1194 5311 1467 5381 templum
1514 5309 1668 5375 dicit,
1712 5311 1861 5381 quod

272 5397 683 5470 inexpugnabili
704 5401 971 5454 firmitate
990 5406 1372 5453 constructum
1389 5399 1616 5452 fuerata
1628 5398 1860 5454 diversis

270 5488 506 5559 regibus,
528 5497 581 5546 et
600 5491 672 5545 ad
691 5490 953 5546 ultimum
974 5488 1044 5543 ab
1062 5488 1469 5553 Herode.Quod
1507 5488 1648 5544 dicit
1676 5495 1857 5544 meta-

1939 4621 2163 4675 parcam
2193 4606 2343 4659 ultra
2372 4622 2543 4676 super
2555 4604 2876 4658 habitantes
2905 4609 3135 4669 terram,
3169 4603 3305 4657 dicit
3350 4604 3538 4657 Domi-

1938 4709 2062 4746 nus.
2100 4712 2123 4745 »
2157 4692 2302 4756 Quia
2330 4692 2548 4763 (inquit)
2573 4698 2825 4763 pastores
2860 4707 2973 4745 non
3022 4690 3325 4762 parcebant
3350 4691 3533 4761 gregi,

1936 4781 2034 4835 sed
2054 4780 2160 4851 ipsi
2182 4780 2350 4852 primi
2372 4781 2778 4834 devoraverunt
2794 4779 3062 4850 populum
3087 4794 3297 4845 meum,
3330 4778 3540 4835 idcirco

1937 4874 1994 4924 et
2023 4886 2124 4939 ego
2152 4886 2263 4923 non
2295 4885 2523 4940 parcam
2562 4869 2710 4922 ultra
2740 4883 2909 4938 super
2952 4866 3271 4921 habitantes
3299 4872 3535 4932 terram,

1938 4958 2205 5012 subaudis
2223 4959 2495 5012 Judaeum.
2516 4956 2637 5011 Hoc
2657 4956 2804 5010 enim
2827 4957 2992 5026 juxta
3023 4955 3271 5011 litteram
3292 4958 3362 5012 de
3382 4963 3539 5012 terra

1936 5048 2277 5113 Judzeorum,
2302 5052 2359 5100 et
2377 5062 2488 5099 non
2510 5046 2578 5099 de
2590 5045 2741 5099 omni
2759 5044 2891 5099 orbe
2912 5045 3138 5099 dicitur.
3174 5046 3300 5100 Non
3314 5047 3543 5117 (inquit)

1942 5153 2167 5206 parcam
2202 5136 2369 5197 ultra,
2403 5135 2500 5189 sed
2532 5134 2796 5188 continuo
2828 5134 3385 5197 ulciscar,ettradam
3418 5136 3543 5190 illos

1947 5224 2219 5278 hostibus.
2247 5224 2403 5289 Quod
2422 5223 2714 5295 impletum
2737 5228 2823 5277 est
2851 5223 3282 5293 quadragesimo
3299 5224 3546 5278 secundo

1945 5330 2092 5367 anno
2114 5318 2241 5383 post
2262 5311 2606 5365 Dominicam
2627 5313 2965 5383 passionem,
3000 5312 3150 5383 quod
3179 5318 3403 5384 tempus
3446 5313 3542 5367 da-

1941 5409 2062 5457 tum
2096 5401 2281 5455 fuerat
2311 5400 2421 5454 illis
2448 5400 2519 5454 ad
2542 5401 2819 5472 agendam
2847 5400 3255 5471 paenitentiam.

2017 5507 2043 5539 (
2078 5489 2216 5543 Ecce
2246 5505 2350 5560 ego
2394 5489 2617 5545 tradam
2670 5489 2947 5557 homines,
3000 5504 3461 5563 unumquemque
3486 5489 3547 5544 in
