3970 6150
502 282 612 379 eis

826 390 837 435 ἑ

914 317 1295 374 HAYMONIS
1331 266 1818 376 animas“:
1862 276 2091 373 Episc.
2136 276 2295 373 ori».
2341 274 2545 375 m‘s.
2585 280 2630 375 ἰ.
2672 349 2732 360 -
2773 289 3145 377 cOMMEN'r.
3184 322 3365 381 BIBL.

3640 294 3730 383 260

502 461 675 500 manu
689 442 926 514 proximi
947 442 1054 503 sui,
1079 447 1135 495 et
1158 442 1211 495 in
1236 457 1404 494 manu
1427 441 1574 510 regis
1592 442 1699 506 sui,
1726 447 1780 496 et
1801 442 2097 496 concident
2112 444 2165 502 A
2181 445 2578 498 sternanturin
2600 444 2842 505 deserto,
2862 452 2917 500 et
2933 447 3135 517 reliqui
3155 456 3366 513 vorent.
3387 452 3732 521 unusquisque

499 541 730 597 terram,
764 537 821 595 et
850 547 960 588 non
991 546 1184 584 eruam
1207 529 1275 583 de
1302 545 1479 599 ,manu
1503 537 1783 594 eorum,et
1805 531 2099 599 depascam

500 640 674 695 pecus
701 619 1013 681 occisionis,
1047 621 1274 687 propter
1302 616 1425 679 hoc,
1459 634 1491 668 ο
1515 628 1788 687 panperes
1815 619 2024 687 gregis.
2071 639 2092 667 ι

500 711 796 773 Dimittam
829 698 1333 775 (inquit)lhomines,
1362 710 1426 757 ut
1452 712 1648 775 mutua
1677 722 1736 758 se
1754 706 1902 759 crede
1923 706 2098 767 inter-

501 800 714 861 ﬁciant.
736 798 1012 865 Legamus
1041 776 1365 862 Josephum,
1400 797 1458 851 et
1483 790 1835 847 inveniemus
1862 794 2005 863 quod
2039 795 2096 847 in

500 888 624 960 ipsa
651 884 951 949 obsidione,
968 880 1321 949 Hierusalem
1344 884 1505 935 tanta
1558 880 1707 941 inter
1734 881 1955 960 Judzeos
1976 886 2099 947 erat

502 940 1082 1039 discordiaetseditio,
1107 940 1171 1022 ut
1191 942 1248 1021 in
1272 974 1387 1033 tres
1402 973 1589 1038 partes
1620 940 1859 1041 populus
1884 940 2098 1023 divide-

501 1046 1005 1128 retur,,etinvicem
1028 1064 1224 1130 contra
1252 1074 1316 1109 se
1333 1062 1664 1125 pugnarent.
1708 1057 1774 1111 Et
1801 1058 2098 1113 concident

502 1152 728 1223 (inquit)
754 1155 963 1203 terram
1014 1146 1272 1199 Romani.
1307 1144 1465 1207 Quod
1505 1161 1634 1198 vero
1680 1145 1831 1215 dicit,
1878 1164 1903 1197 «
1943 1148 2095 1216 regis

455 1300 463 1308 ,
499 1243 605 1304 sui.
646 1261 668 1291 ι
710 1245 844 1295 tunc
872 1235 1101 1306 quidem
1128 1232 1305 1286 Judaei
1336 1248 1525 1301 regem
1550 1249 1660 1286 non
1696 1233 2095 1299 habebamﬁed

500 1345 694 1401 regem
726 1343 825 1397 pro
856 1328 1173 1395 protectore
1225 1329 1296 1387 et,
1325 1321 1576 1391 principe
1608 1322 1810 1391 posuit.
1842 1323 2100 1379 Ostendit

501 1426 690 1475 autem
713 1414 846 1486 quid
867 1412 1049 1479 sitilla
1068 1408 1341 1463 desolatio
1364 1414 1591 1481 aeterna,
1613 1426 1739 1462 cum
1764 1410 1900 1463 dicit
1922 1412 2023 1465 :«N
2028 1429 2100 1466 on

501 1522 698 1563 eruam
715 1505 785 1557 de
799 1490 1056 1557 manibus
1076 1514 1293 1562 eorum,
1324 1517 1344 1547 ι
1371 1497 1422 1550 id
1442 1503 1528 1569 est
1542 1498 1946 1565 Romanorum,
1976 1517 2101 1570 pro-

503 1602 697 1666 pterea
726 1591 859 1662 quia
889 1590 987 1651 Dei
1018 1596 1104 1659 est
1133 1586 1413 1666 sententia
1442 1568 1499 1639 ut
1552 1586 1632 1659 ita
1668 1587 1780 1641 ﬁat.
1819 1587 1863 1641 Ο
1886 1568 2097 1658 ρῃιῇρο-

500 1664 592 1749 res
608 1681 817 1751 gregis,
843 1677 975 1749 justi
1005 1677 1073 1739 de
1103 1664 1297 1738 Israel,
1333 1673 1428 1744 qui
1477 1674 1533 1727 in
1590 1674 1887 1739 Dominum
1920 1677 2098 1730 Deum

2181 548 2403 584 carnem
2438 532 2671 602 proximi
2698 533 2803 587 sui.
2849 534 3155 590 Vertantur
3186 538 3400 607 (inquit)
3451 539 3505 591 in
3533 539 3733 592 seditio-

2181 635 2330 685 nem,
2365 625 2422 674 et
2446 621 2626 674 instar
2655 620 2964 676 bestiarum
3022 625 3231 678 mutuis
3259 626 3532 680 morsibus
3556 627 3736 680 lacera-

2180 705 2410 770 buntur,
2435 709 2738 779 nullusque
2767 715 2978 764 terram
3001 728 3192 765 eorum
3224 714 3647 783 repromissionis
3667 715 3739 769 in-

2180 799 2381 849 troeat.
2582 852 2587 867 ,

2220 922 2227 947 ;
2256 904 2276 933 ι
2315 885 2383 947 Et
2411 884 2514 939 tuli
2544 872 2760 955 virgam
2798 902 2982 941 meam
3015 904 3138 957 quae
3167 890 3463 945 vocabatur
3482 891 3659 957 decus,
3692 898 3738 945 et

2180 971 2547 1055 abscidieam.
2561 998 2581 1020 ι
2609 974 2741 1027 Post
2756 975 3196 1045 assumptionem
3220 977 3464 1045 Israelis,
3479 979 3589 1033 haec
3609 980 3740 1032 enim

2180 1066 2271 1139 est.
2286 1061 2530 1116 secunda
2556 1062 2732 1130 virga,
2769 1079 2891 1132 quae
2921 1064 3312 1133 appellabatur
3326 1067 3613 1133 funiculus,
3628 1066 3741 1121 tulit

2178 1148 2451 1211 Dominus
2468 1148 2706 1219 primum
2728 1150 2944 1219 virgam
2962 1167 3084 1220 quae
3105 1153 3409 1208 vocabatur
3435 1154 3644 1212 decora.
3660 1172 3740 1208 na-

2181 1237 2595 1297 tionesscilicet
2624 1238 2799 1291 totius
2821 1238 2988 1303 orbis,
3021 1239 3153 1308 quia
3184 1242 3379 1296 relicto
3408 1245 3521 1297 Deo
3564 1250 3740 1297 secutae

2180 1333 2315 1379 sunt
2333 1324 2501 1387 idola,
2525 1331 2580 1379 et
2604 1326 2980 1381 utPsalmista
3000 1327 3140 1381 dicit
3162 1348 3173 1382 :
3199 1347 3223 1380 α
3248 1329 3743 1385 Omnesdeclinave-

2179 1419 2331 1478 runt,
2364 1432 2389 1465 )›
2424 1419 2484 1467 et
2520 1414 2678 1484 quasi
2734 1431 3021 1484 exponens
3080 1433 3202 1485 quae
3233 1433 3382 1472 esset
3427 1419 3541 1473 haec
3585 1420 3741 1489 virga,

2180 1501 2465 1575 adjunxit:
2487 1521 2513 1554 α
2537 1502 2612 1555 Ut
2640 1502 2863 1555 irritum
2896 1503 3133 1558 facerem
3175 1506 3356 1560 foedus
3386 1524 3588 1573 meum,
3615 1507 3759 1578 quod,

2180 1590 2425 1660 percussi
2447 1607 2572 1645 cum
2608 1590 2871 1644 omnibus
2905 1592 3144 1662 populis.
3188 1600 3245 1646 et
3274 1593 3329 1647 in
3359 1595 3579 1663 irritum
3598 1595 3745 1649 dedu-

2178 1685 2329 1732 ctum
2362 1684 2448 1732 est
2474 1679 2531 1731 in
2560 1678 2649 1732 die
2687 1678 2804 1740 illa,
2859 1685 2916 1733 et
2962 1689 3344 1749 cognoverunt
3388 1684 3470 1737 sic
3500 1699 3746 1753 pauperes

501 1760 835 1831 credidistis,
871 1763 1139 1819 subaudis
1170 1751 1360 1815 audite
1413 1768 1466 1815 et
1518 1761 1815 1832 intelligite
1852 1779 1976 1832 quae
2016 1763 2154 1841 di-B
2176 1767 2364 1836 gregis
2409 1767 2505 1837 qui
2559 1768 2886 1832 custodiunt.
2932 1768 3089 1827 mihi,
3128 1770 3259 1839 quia
3290 1751 3520 1826 verbum
3552 1751 3747 1825 Domini

498 1866 720 1914 cuntur.
1438 1912 1441 1915 μ

518 1986 528 2015 λ
576 1947 695 2007 «Et
716 1928 992 2012 assumpsi
1051 1939 1187 1993 mihi
1239 1939 1383 2013 duasl
1430 1938 1634 2009 virgas,
1693 1956 1861 2001 unam
1911 1942 2097 2007 vocavi

502 2037 784 2102 decorem,
810 2038 865 2085 et
893 2030 1139 2093 alteram,
1163 2028 1345 2100 vocavi
1375 2027 1710 2089 funiculum,
1744 2034 1798 2080 et
1824 2029 1951 2103 pavi
1974 2046 2096 2103 gre-

498 2140 651 2195 gem.
688 2141 713 2173 »
744 2121 977 2189 creator
997 2124 1056 2181 et,
1079 2122 1277 2189 pastor,~
1326 2116 1598 2190 Dominus
1644 2115 1793 2191 Deus
1821 2116 1961 2170 duas
1990 2117 2097 2177 sibi

501 2206 1101 2281 assumpsit,virgas,id
1135 2210 1221 2258 est
1253 2204 1393 2258 duos
1425 2204 1679 2273 populos.
1708 2204 1953 2267 Primam
1984 2205 2095 2269 vir-

498 2317 630 2372 gam
658 2298 876 2361 habuit,
908 2311 1074 2367 omne
1102 2293 1272 2377 simul
1291 2291 1578 2353 hominum
1607 2308 1787 2361 genus
1829 2292 1934 2355 sub
1953 2294 2091 2361 Noe,

502 2405 672 2461 quam
702 2386 915 2442 vocavit
941 2385 1218 2455 decorem,
1244 2380 1379 2455 quia
1428 2397 1610 2451 nuper
1637 2380 1951 2456 instaurate
1971 2388 2097 2453 post

501 2464 773 2533 diluvium
803 2473 1033 2536 mundo,
1066 2470 1303 2523 necdum
1362 2469 1618 2522 homines
1647 2470 1952 2524 sceleribus
1981 2488 2096 2539 sor-

501 2568 761 2630 duerant,
794 2570 851 2617 et
867 2560 1229 2630 nihiljustius
1251 2574 1417 2631 quam
1465 2557 1845 2612 universitatis
1881 2566 2097 2613 creato-

501 2672 634 2721 rem,
652 2669 847 2725 omnes
876 2649 1168 2723 aequaliter
1190 2662 1408 2713 vocare,
1430 2662 1569 2716 quos
1589 2648 1881 2725 generavit
1895 2649 2096 2718 aequali

504 2722 852 2813 conditione;
895 2722 1131 2805 alteram
1186 2735 1401 2795 vocavit
1451 2722 1782 2805 funiculum,
1843 2736 2097 2806 eligendo

500 2814 722 2906 plebem
743 2828 1111 2895 Israeliticam
1133 2823 1583 2897 subgibraham.
1613 2841 1637 2889 (ς
1671 2823 1905 2886 Quando
1946 2824 2094 2895 enim

500 2920 786 2981 dividebat
801 2917 1127 2987 Altissimus
1148 2920 1363 2984 gentes,
1390 2934 1410 2962 ι
1437 2919 1541 2966 etc.
1573 2932 1594 2961 ι
1622 2912 1687 2965 Et
1715 2912 1837 2983 pavi
1863 2913 2095 2999 (inquit)

504 3025 734 3081 gregem
759 3026 784 3060 ιι
801 3007 916 3069 sive
937 3003 1134 3065 Israel,
1160 3003 1275 3055 sive
1308 3017 1474 3055 omne
1502 3016 1685 3071 genus
1715 3001 2026 3055 hominum.

502 3143 512 3161 ,
585 3118 606 3144 ιι
632 3098 702 3151 Et
728 3093 938 3149 succidi
978 3098 1231 3162 pastores
1257 3097 1370 3143 tres
1396 3089 1453 3141 in
1479 3105 1671 3142 mense
1708 3105 1837 3145 uno.
1876 3095 1936 3159 et
1965 3105 2098 3153 con-

499 3181 1000 3251 tractaestauima
1026 3196 1145 3249 mea
1174 3179 1229 3230 in
1262 3178 1341 3229 eis
1394 3177 1667 3246 siquidem
1700 3177 1885 3229 anima
1904 3194 2097 3231 eorum

499 3274 821 3341 variavitin
842 3286 951 3334 me,
971 3276 1026 3322 et
1053 3267 1184 3321 dixi.
1227 3286 1246 3315 J
1289 3267 1426 3319 Tres
1461 3272 1730 3340 pastores,
1765 3267 2011 3335 Moysen,
2042 3271 2100 3320 et

500 3342 710 3427 Aaron,
734 3358 1081 3431 Mariamque
1110 3371 1356 3431 sororem
1399 3368 1592 3405 eorum
1648 3351 1916 3421 debemus
1961 3354 2100 3406 acci-

501 3432 655 3523 pere.
690 3463 927 3529 quorum
960 3444 1138 3519 Maria
1189 3430 1370 3516 primo
1401 3457 1610 3503 mense,
1645 3440 1737 3510 qui
1769 3436 1915 3511 apud
1970 3443 2098 3495 illos

496 3530 727 3608 vocatur
758 3537 952 3601 Nisam,
986 3533 1139 3605 apud
1162 3532 1444 3595 Romanus
1500 3529 1726 3598 Aprilis,
1758 3540 1982 3583 mortua
2013 3536 2099 3584 est

501 3630 561 3695 in
584 3629 805 3682 deserto
827 3625 943 3682 Sin.
981 3624 1043 3677 1n
1098 3621 1293 3675 eodem
1333 3634 1543 3680 mense,
1578 3623 1747 3687 atque
1790 3617 1847 3671 in
1905 3619 2096 3672 eodem

501 3719 641 3781 loco,
675 3717 895 3785 Moyses
926 3719 983 3765 et
1006 3713 1191 3777 Aaron
1224 3707 1581 3760 condemnati
1630 3712 1780 3771 sunt,
1826 3724 1895 3759 ne
1921 3707 2099 3775 intra-

499 3811 647 3867 rent,
663 3804 724 3869 in
747 3809 955 3859 terram
980 3796 1452 3872 repromissionis,
1485 3795 1617 3867 quia
1638 3811 1749 3865 non
1782 3795 2098 3848 sanctiﬁca-

500 3898 703 3959 verunt
727 3889 1027 3959 Dominum
1075 3870 1144 3939 ad
1167 3870 1369 3957 .Aquas
1397 3880 1871 3959 contradictionis.
1901 3883 2100 3954 Sicque

499 3960 703 4049 succisi
726 3986 859 4035 sunt
885 3986 1001 4043 tres
1059 3981 1312 4047 pastores
1353 3989 1466 4040 uno
1498 3988 1709 4050 mense,
1742 3971 1921 4025 Maria
1964 3988 2100 4043 plve-

500 4056 651 4139 senti,
668 4076 867 4134 morte,
892 4069 1113 4139 Moyses
1133 4071 1190 4120 et
1209 4066 1396 4118 Aaron
1428 4061 1705 4116 sententia
1724 4060 1926 4126 futurae
1949 4077 2099 4115 mor-

499 4161 706 4219 tiSJEt
726 4163 1010 4212 contracta
1027 4161 1112 4209 est
1131 4152 1320 4225 anima
1358 4166 1482 4203 mea
1498 4150 1552 4202 in
1571 4149 1671 4217 eis,
1697 4166 1723 4201 ii
1758 4148 1814 4202 id
1835 4154 1922 4202 est
1948 4148 2100 4223 indi-

495 4248 765 4319 gnatione
796 4238 1037 4314 quadam
1066 4232 1294 4294 taediata
1322 4243 1407 4291 est
1426 4254 1597 4306 super
1620 4242 1734 4289 tres
1762 4236 1885 4310 illos
1915 4244 2099 4305 pasto-

2180 1865 2281 1909 est.
2312 1878 2331 1903 ι
2368 1856 2491 1909 Mox
2522 1855 2667 1908 enim
2699 1861 2764 1908 ut
2810 1855 2986 1909 Israel
3015 1864 3338 1928 assumptus
3380 1866 3486 1922 est,
3526 1861 3749 1931 projects

2180 1950 2267 2005 est
2298 1944 2596 1998 multitudo
2616 1944 2892 2012 gentium,
2925 1948 2981 1997 et
3000 1945 3224 1999 irritum
3256 1947 3464 2001 factum
3490 1955 3571 2002 est
3591 1948 3749 2002 fmdus

2180 2032 2329 2101 quod
2348 2031 2583 2098 inieram
2606 2048 2733 2085 cum
2766 2031 3024 2086 omnibus
3054 2034 3398 2098 nationibus,
3420 2042 3477 2090 et
3501 2052 3749 2106 cognove-

2179 2127 2314 2173 runt
2366 2120 2445 2173 sic
2491 2110 2765 2190 pauperes
2810 2119 3016 2189 gregis,
3049 2120 3107 2174 id
3135 2130 3219 2177 est
3250 2124 3445 2178 fideles
3482 2141 3546 2178 ex
3573 2123 3748 2185 Israel,

2179 2208 2274 2277 qui
2317 2224 2440 2261 mea
2481 2209 2746 2267 mandata
2775 2209 3115 2265 custodiunt.
3138 2210 3281 2275 Quia
3300 2211 3532 2266 verbum
3556 2211 3751 2266 Domini

2178 2302 2282 2361 est,
2311 2297 2414 2349 hoc
2435 2302 2523 2374 est
2565 2298 2827 2350 voluntas
2857 2298 2979 2367 ejus
3025 2304 3090 2352 ut
3115 2307 3314 2369 gentes
3341 2301 3672 2372 abjiciantur
3704 2306 3752 2354 et

2177 2384 2353 2438 Israel
2374 2384 2431 2438 in
2457 2383 2741 2449 Abraham
2766 2385 3026 2455 eligatur.

2253 2492 2275 2521 α
2303 2474 2371 2527 Et
2388 2472 2502 2526 dixi
2533 2473 2601 2527 ad
2630 2490 2724 2527 eos
2752 2492 2762 2525 :
2796 2474 2852 2528 Si
2883 2475 3090 2531 bonum
3117 2482 3200 2531 est
3254 2476 3310 2530 in
3340 2478 3519 2531 oculis
3553 2475 3748 2540 vestris,

2177 2563 2372 2616 afferte
2387 2563 2698 2616 mercedem
2715 2579 2896 2615 meam
2921 2577 2931 2610 :
2965 2574 3019 2617 et
3043 2564 3089 2617 si
3122 2581 3254 2626 non,
3286 2565 3574 2635 quiescite.
3604 2564 3751 2618 nDixi

2183 2651 2402 2720 (inquit)
2421 2650 2492 2703 ad
2513 2667 2629 2707 eos.
2657 2651 2711 2705 id
2735 2657 2819 2704 est
2847 2651 2918 2704 ad
2949 2668 3225 2722 pauperes
3248 2653 3439 2722 gregis
3457 2652 3751 2715 Israelitici,

2179 2745 2477 2808 postquam
2505 2744 2884 2807 cognoverunt
2908 2739 3135 2792 verbum
3168 2756 3290 2793 esse
3337 2741 3580 2801 Domini,
3620 2739 3753 2810 quod

2177 2826 2435 2880 videlicet
2450 2827 2705 2879 voluntas
2723 2832 2871 2880 esset
2882 2827 3126 2891 Domini,
3150 2835 3215 2883 ut
3233 2829 3495 2883 omnibus
3514 2829 3756 2899 gentibus

2175 2914 2427 2984 abjectis,
2446 2922 2505 2969 et
2518 2915 2634 2969 suis
2655 2904 2944 2985 promissis
2965 2901 3268 2981 erroribus,
3292 2917 3598 2987 eligeretur
3617 2916 3755 2970 natio

2180 3002 2370 3057 Israel.
2394 3023 2416 3052 α
2438 3003 2495 3057 Si
2525 3002 2733 3057 bonum
2767 3009 2853 3057 est
2890 3003 2947 3059 in
2978 3005 3154 3059 oculis
3183 3006 3400 3071 vestris,
3442 3030 3464 3054 ι
3494 3006 3550 3060 id
3579 3012 3675 3071 est,
3714 3004 3756 3058 si

2181 3090 2336 3144 vobis
2359 3091 2557 3160 placet,
2581 3090 2819 3144 liberum
2851 3090 3001 3145 enim
3013 3080 3181 3146 habet
3214 3092 3516 3148 arbitrium
3533 3093 3755 3163 eligendi

2181 3180 2324 3248 quod
2352 3180 2605 3243 voluerit,
2662 3197 2762 3250 pro
2814 3180 2917 3233 hac
2975 3183 3356 3251 assumptione
3404 3200 3519 3253 qua
3543 3183 3756 3252 abjectze

2178 3284 2371 3322 omnes
2384 3274 2604 3337 gentes,
2623 3273 2680 3331 et
2704 3286 2800 3322 vos
2820 3268 2877 3322 in
2898 3270 3235 3339 peculiarem
3264 3271 3403 3323 mihi
3433 3271 3577 3341 elegi
3597 3286 3759 3340 popu-

2178 3356 2315 3421 lum,
2338 3357 2555 3410 reddite
2577 3356 3041 3410 mihimercedem
3070 3374 3273 3422 meum,
3303 3358 3357 3411 id
3388 3364 3477 3413 est
3503 3374 3761 3428 meaprae-

2179 3454 2341 3514 cepta
2362 3456 2598 3499 servate.
2642 3438 2736 3498 Sin
2794 3452 2981 3498 autem
3044 3461 3154 3497 non
3185 3446 3350 3499 vultis
3394 3463 3522 3500 meo
3560 3445 3761 3519 censeri

2178 3533 2424 3593 nomine,
2444 3548 2627 3603 neque
2657 3532 2838 3586 facere
2869 3549 2991 3602 quae
3024 3534 3277 3603 praecepi,
3298 3534 3463 3587 facite
3486 3526 3763 3606 manifeste

2183 3638 2305 3692 qua:
2339 3621 2525 3675 vultis.
2557 3623 2631 3674 At
2660 3621 2739 3674 illi
2772 3627 2906 3674 tunc
2937 3621 3163 3690 quidem
3205 3639 3328 3675 cum
3365 3623 3448 3676 eis
3477 3624 3587 3677 ista
3633 3623 3767 3676 dice-

2181 3716 2395 3773 rentur,
2415 3709 2823 3779 respondcrunt
2848 3709 3020 3779 Moysi
3046 3728 3055 3761 :
3078 3730 3102 3760 ci
3136 3710 3339 3763 Omnia
3365 3727 3491 3780 quae
3513 3709 3765 3782 praecepit

2182 3798 2342 3862 nobis
2372 3798 2642 3852 Dominus
2672 3797 2820 3852 Deus
2852 3804 3061 3857 noster,
3084 3798 3369 3853 faciemus.
3400 3817 3426 3851 ν
3457 3799 3526 3854 In
3558 3801 3666 3853 fine
3683 3814 3772 3852 au-

2181 3894 2297 3942 tem
2329 3891 2646 3957 temporum
2675 3904 2775 3957 pro
2826 3886 3087 3946 omnibus
3117 3903 3239 3958 quae
3266 3888 3347 3942 eis
3376 3888 3504 3954 feci,
3539 3888 3770 3943 liberans

2182 3990 2277 4039 eos
2307 3974 2376 4029 de
2403 3974 2674 4043 servitute
2695 3974 3039 4045 Egyptiaca,
3064 3982 3121 4029 et
3148 3975 3286 4028 mihi
3318 3992 3414 4031 eos
3435 3976 3494 4030 in
3528 3975 3770 4048 peculia-

2182 4079 2300 4118 rem
2333 4079 2625 4117 assumens
2657 4063 2948 4133 populum.

2186 4210 2187 4217 ,
2256 4167 2281 4198 ε(
2305 4149 2373 4202 Et
2392 4140 2781 4219 appenderunt
2810 4147 3122 4220 mercedem
3157 4164 3360 4213 meam,
3401 4168 3422 4198 ι
3449 4140 3649 4202 dantes
3677 4160 3769 4217 pro

2179 4252 2305 4305 meo
2325 4234 2597 4305 sanguine
2625 4235 2652 4287 J
2659 4235 2781 4295 udae
2799 4234 3056 4297 tradituri
3095 4254 3115 4281 ι
3147 4234 3377 4305 triginta
3398 4239 3775 4305 argenteos,et

499 4352 611 4405 res,
644 4324 1389 4405 quospraeposueramgregi
1419 4341 1563 4392 meo.
1599 4323 1882 4393 Siquidem
1910 4320 2146 4405 anima;
2179 4323 2319 4377 dixit
2348 4325 2614 4391 Dominus
2646 4323 2714 4393 ad
2742 4339 2905 4393 me,»,
2935 4324 3207 4405 Salvator,
3259 4325 3419 4393 cujus
3449 4329 3587 4395 sunt
3610 4322 3773 4393 verba

500 4400 722 4477 illorum
744 4400 989 4479 variavit
1005 4417 1064 4483 in
1087 4432 1182 4487 me
1200 4412 1529 4476 dubitando,
1583 4411 1715 4482 quia
1744 4406 1851 4464 non
1881 4401 2159 4481 gloriﬁ-D
2179 4410 2525 4489 superiora,«
2547 4410 2758 4481 projice
2779 4410 2917 4464 illud
2939 4410 3009 4475 ad
3030 4400 3426 4474 statuarium,»
3449 4411 3505 4464 id
3527 4421 3613 4465 est
3630 4411 3775 4463 ﬁcto-

500 4514 779 4579 caverunt.
798 4523 888 4561 me
914 4520 1101 4573 coram
1133 4503 1264 4575 filiis
1288 4501 1461 4573 Israel
1490 4500 1775 4570 adaquas
1805 4499 2099 4579 icontradi-

500 4599 718 4656 ctionis.
752 4597 812 4663 Si
835 4612 965 4663 vero
985 4594 1057 4649 ad
1076 4580 1341 4664 populum
1374 4591 1476 4644 hoc
1504 4589 1712 4643 referre
1733 4580 2091 4655 voluerimus,

500 4690 611 4759 erit
637 4704 835 4756 sensus
868 4704 878 4739 :
937 4683 1147 4753 Idcirco
1193 4680 1519 4751 indignatus
1548 4694 1701 4752 sum,
1740 4677 1867 4748 quia
1907 4677 2098 4749 anima

500 4772 719 4843 eorum,
752 4776 917 4845 idest
942 4770 1168 4844 populi,
1186 4765 1418 4835 variavit
1446 4766 1505 4819 in
1532 4764 1643 4830 me,
1677 4766 1996 4819 ﬂuctuando
2008 4765 2098 4833 in-

502 4872 591 4929 ter
618 4882 708 4921 me
732 4869 791 4928 et
816 4862 984 4921 idola.
1044 4866 1102 4913 et
1152 4852 1385 4927 diversis
1440 4854 1744 4927 pugnando
1783 4858 1976 4907 contra
2007 4872 2096 4919 me

501 4936 1450 5020 modis.Quam,obremindignatus
1484 4943 1627 5017 dixi:
1661 4938 1682 4993 ἔ
1717 4943 1843 4995 Non
1873 4936 2097 5019 pascam

502 5058 625 5107 vos;
647 5060 673 5093 »
696 5046 772 5107 et
791 5038 862 5091 ad
886 5036 1116 5106 Moysen
1135 5026 1281 5108 dixit,
1306 5051 1317 5086 :
1345 5051 1369 5085 ς(
1394 5032 1628 5106 Dimitte
1675 5046 1765 5083 me
1789 5036 1851 5084 ut
1876 5030 2092 5083 deleam

500 5120 617 5193 eos.
646 5149 668 5181 ι
700 5129 884 5195 Iratus
914 5124 1138 5195 quidem
1172 5127 1314 5195 erat,
1346 5121 1444 5177 sed
1486 5120 1669 5174 adhuc
1721 5116 2093 5190 exspectabat,

501 5235 634 5281 nam
655 5233 778 5285 cum
802 5214 961 5281 dicit,
985 5231 1008 5264 α
1043 5211 1263 5280 dimitte
1290 5226 1403 5269 me.
1420 5227 1456 5279 ο»
1481 5215 1740 5280 provocat
1769 5208 1928 5275 illum
1940 5208 2017 5280 ad
2038 5223 2097 5261 se

498 5305 836 5377 rogandum,
871 5288 1203 5377 etJostend‘it
1229 5315 1288 5365 se
1317 5290 1478 5369 posse
1499 5297 1697 5351 teneri.
1735 5315 1758 5347 (ι
1793 5294 2096 5371 Quod'mo-

500 5371 663 5459 ritur,
695 5371 1000 5446 moriatur:
1024 5371 1258 5477 etquod
1287 5378 1613 5454 succiditur,
1646 5404 1672 5438 »
1702 5401 1800 5456 per
1822 5389 2089 5459 mortem,

505 5506 528 5538 ι
550 5482 901 5551 succidatur,
932 5485 989 5541 et
1007 5473 1209 5549 reliqui
1235 5476 1523 5549 devorent,
1565 5473 1948 5544 unusquisque
1978 5488 2095 5525 car-

500 5562 632 5631 nem
656 5560 898 5643 proiimi
915 5567 1020 5624 sui.
1059 5585 1085 5621 ι)
1119 5565 1386 5622 Omnium
1434 5563 1656 5635 (inquit)
1707 5577 1942 5632 corpora
1960 5576 2095 5632 (pro-

2179 4516 2319 4575 rem,
2354 4499 2439 4575 vel
2467 4499 2721 4570 ﬁgulum,
2747 4515 2914 4571 quem
2946 4498 3124 4553 Deum
3151 4499 3404 4569 omnium
3445 4500 3699 4571 fictorem
3721 4503 3774 4551 et

2180 4578 2576 4663 plasmatorem
2598 4586 2991 4657 accipimus,ut
3007 4586 3170 4661 istius
3192 4586 3403 4640 ﬁctoris
3408 4587 3624 4659 judicio
3638 4603 3774 4643 mer-

2158 4686 2268 4753 ‘ces
2286 4674 2502 4755 reddita
2514 4674 3342 4745 penderetur.Deindecernens
3352 4682 3467 4731 tam
3483 4676 3579 4746 vili
3590 4675 3772 4747 pretio

2177 4760 2413 4839 triginta
2426 4759 2819 4839 argenteorum
2835 4763 3030 4837 mundi
3053 4765 3375 4837 Creatorem
3399 4770 3455 4839 et
3474 4764 3774 4821 Dominum

2179 4836 2585 4923 appretiatum,
2609 4836 2959 4927 perironiam
2990 4836 3159 4905 dixit:
3179 4869 3206 4923 ς(
3232 4836 3506 4919 Decorum
3528 4850 3772 4922 pretium

2180 4927 2290 5011 quo
2320 4936 2669 5013 appretiat'us
2699 4954 2824 4992 sum
2855 4937 2924 4991 ab
2982 4938 3079 4992 eis.
3116 4958 3141 4989 υ
3163 4939 3243 4992 Ac
3266 4938 3312 4991 si
3368 4954 3493 4992 cum
3512 4928 3773 5017 quadam

2178 5018 2795 5097 indignantisirrisione
2815 5026 3055 5100 diceret:
3084 5027 3220 5081 Ecce
3252 5043 3361 5096 quo
3383 5026 3564 5097 pretio
3597 5042 3774 5098 popu-

2179 5116 2267 5192 lus
2293 5132 2451 5170 meus
2464 5116 2831 5186 specialitera
2855 5132 2944 5169 me
2974 5115 3229 5193 dilectus,
3251 5129 3529 5184 quemque
3554 5113 3614 5166 in
3634 5112 3773 5166 ﬁlios

2179 5200 2596 5279 adOptaveram,
2618 5221 2708 5279 me
2723 5204 3071 5258 vendendum
3080 5202 3490 5281 judicaverunt,
3502 5207 3593 5255 «et
3609 5202 3734 5261 tuli,
3746 5220 3769 5249 ››

2180 5296 2461 5368 Propheta
2489 5294 2689 5368 inquit,
2728 5316 2749 5345 ε
2784 5294 3018 5365 triginta
3043 5298 3357 5363 argenteos,
3392 5310 3417 5343 »
3446 5297 3506 5347 et
3526 5307 3645 5363 non
3675 5290 3774 5344 de-

2176 5384 2334 5456 posui
2359 5401 2479 5451 eos,
2502 5402 2528 5435 ε(
2559 5353 2653 5439 sed
2686 5383 2898 5457 projeci
2937 5399 3029 5456 eos
3086 5382 3145 5458 in
3180 5381 3407 5457 domum
3444 5379 3673 5457 Domini
3703 5375 3774 5430 ad

2176 5472 2511 5549 statuarium
2536 5491 2557 5521 ι
2584 5472 2691 5549 hoc
2708 5476 2811 5539 est,
2844 5471 2944 5542 feci
2974 5469 3111 5545 illud
3130 5469 3399 5549 pretium,
3426 5485 3459 5522 a
3486 5462 3774 5547 proditore

2175 5560 2473 5631 deportare
2494 5558 2553 5615 in
2569 5548 2801 5611 domum
2829 5556 3072 5624 Domini,
3097 5561 3157 5609 et
3174 5554 3333 5608 reddi
3361 5548 3775 5617 sacerdotibus,
