3970 6150
246 300 328 400 ἑὲί

1078 306 1493 397 lBNARRATIO
1530 343 1607 397 IN
1645 340 2064 396 ZACHARIAM
2102 338 2566 421 PROPHETAM.

3365 342 3474 402 262

241 432 916 539 conﬁtentqipso,¢peccavi
933 467 1505 535 tradenssanguinem
1518 468 1793 534 justum.)
1814 466 2050 533 Asuper
2077 464 2300 517 oculum
2331 464 2454 533 ejus
2472 465 2750 530 dextrum,
2784 470 2850 519 ut
2877 461 3064 521 omnis
3087 464 3210 537 ejus
3239 468 3474 522 scientia

242 557 398 614 Atilli
423 556 721 623 noluerunt
748 556 883 609 illud
910 556 1130 608 mittere
1160 554 1215 607 in
1246 554 1567 617 corbonam,
1591 556 1697 607 hoc
1717 561 1801 607 est

241 646 290 698 in
300 634 864 731 gazophylaciumsed
889 649 1150 698 emerunt
1169 660 1232 697 ex
1256 659 1321 697 eo
1343 660 1540 711 agrum
1564 642 1720 712 ﬁguli
1744 644 1800 695 in

238 733 550 802 sepulturam
575 733 1142 801 peregrinorum.Nos
1172 732 1321 785 enim
1353 731 1719 800 signabamur
1742 731 1799 783 in

237 821 326 883 hoc
351 819 504 891 iacto,
535 820 629 888 qui
661 820 941 890 peregrini
976 836 1202 873 eramus
1232 836 1265 872 a
1292 826 1630 873 testamento
1673 819 1796 883 Dei,

240 909 320 978 sed
340 909 613 977 :redempti
655 910 901 978 pretioso
945 909 1072 963 Filii
1097 910 1218 978 ejus
1247 908 1521 977 sanguine
1548 909 1604 962 in
1634 909 1800 961 domo

239 996 372 1066 ﬁguli
395 996 660 1063 creatoris
694 1003 751 1050 et
786 997 1014 1058 factoris
1040 998 1314 1065 omnium,
1346 998 1404 1050 in
1445 997 1625 1067 pretio
1666 1000 1800 1050 san-

237 1070 397 1154 guinis
422 1084 626 1149 Christi
651 1086 1072 1154 requiescimUs.
1212 1138 1217 1153 ,

236 1234 245 1239 ἰ
284 1193 321 1237 ,ι
344 1162 874 1243 Etpraacidivirgam
905 1189 1088 1227 meam
1116 1173 1441 1237 secundam,
1465 1188 1588 1242 qua:
1608 1172 1804 1242 appel-

237 1261 433 1329 labatur
446 1261 862 1325 funiculus,utd
871 1262 1187 1315 issolverem
1200 1261 1632 1331 germanitatem
1655 1260 1805 1314 inter

233 1350 408 1413 Iudam
430 1356 487 1402 et
517 1350 714 1407 Israel.
747 1369 769 1399 ι
824 1350 1129 1419 Postham
1158 1350 1427 1405 Dominus
1456 1349 1691 1419 triginta
1716 1352 1805 1402 ar-

231 1430 425 1507 genteis
454 1438 806 1507 appretiatus
835 1444 938 1502 est,
988 1444 1055 1491 ‘et.
1088 1438 1328 1508 pretium
1360 1437 1421 1490 in
1452 1438 1801 1507 ‘sepulturam

230 1514 651 1595 peregrinorum,
687 1527 791 1579 hoc
811 1533 914 1587 est,
932 1526 1186 1595 gentium
1213 1543 1336 1596 quae
1357 1526 1554 1579 alienae
1582 1529 1744 1579 erant
1771 1542 1805 1578 a

229 1614 350 1681 Deo,
379 1615 630 1684 perfecit,
659 1615 884 1684 prtecidi
916 1615 1119 1684 (inquit
1151 1616 1436 1679 Dominus)
1470 1615 1683 1683 virgam
1712 1632 1803 1668 se-

230 1702 466 1769 cundam.
504 1702 559 1759 id
601 1708 688 1756 est
716 1702 935 1772 plebem
967 1703 1122 1756 illam
1154 1702 1290 1755 mihi
1310 1702 1571 1757 dilectam
1600 1703 1800 1771 repuli,

1884 558 1938 603 et
1959 552 2294 613 intellectus,
2329 552 2398 606 de
2426 569 2534 622 quo
2561 554 2815 623 jactabat
2855 568 2934 619 se,
2967 556 3191 610 teternis
3224 548 3474 610 tenebris

1885 640 2232 693 obscuretur.
2259 641 2449 694 Potest
2469 658 2690 711 quoque
2702 643 2927 713 gladius
2964 645 3059 698 ille
3079 645 3347 716 accipi,d‘e
3364 658 3474 716 quo

1882 727 2014 781 alibi
2037 727 2242 781 dicitur
2263 746 2312 780 zu
2339 728 2653 784 Inebriatus
2679 738 2764 785 est
2784 730 2840 784 in
2862 732 3000 786 cmlo
3015 730 3237 802 gladius
3259 743 3470 788 meush

1884 816 1987 869 Hi'c
2005 816 2248 886 gladius,
2283 817 2511 870 verbum
2548 819 2757 872 scilicet
2791 820 2910 883 Dei,
2943 830 3243 891 penetrans
3263 824 3471 887 omnia,

1882 904 2269 958 fortitudinem
2304 905 2639 962 Antichristi
2674 906 3018 964 marcescere
3044 908 3227 976 faciet;
3263 928 3320 967 et
3349 907 3475 967 ocu-

1884 994 1998 1046 lum
2020 994 2170 1062 ejus,
2191 994 2244 1046 id
2269 999 2355 1047 est
2369 995 2543 1048 aciem
2567 998 2686 1065 ejus
2707 1000 3047 1069 mentis,qua
3069 1011 3129 1053 se
3151 1001 3477 1056 acutissime

1884 1081 2120 1152 putabat
2145 1081 2331 1135 videre
2378 1083 2731 1139 sacramenta
2768 1087 2888 1149 Dei.
2929 1086 3202 1159 perpetua
3230 1082 3477 1144 caecitate

1884 1170 2194 1224 damnabit.

2300 1386 2305 1391 ι
2486 1284 2721 1369 δὶὼυέιπ
2749 1280 2869 1371 Xll.

1964 1455 1985 1484 ι
2022 1435 2177 1490 Onus
2197 1436 2351 1489 verlii
2374 1437 2595 1491 Domini
2616 1434 2785 1509 super
2813 1441 3008 1495 Israel.
3041 1442 3187 1495 Dixit
3207 1434 3480 1498 Dominus

1888 1524 2191 1577 extendens
2219 1525 2506 1582 coelum.et
2521 1527 2759 1581 fundens
2789 1535 3019 1593 terram,
3055 1524 3110 1584 et
3139 1533 3355 1601 ﬁngens
3374 1533 3484 1603 spi-

1888 1611 2059 1665 ritum
2085 1612 2325 1666 hominis
2352 1614 2407 1667 in
2440 1631 2506 1667 eo
2560 1617 2699 1669 Ecce
2741 1630 2845 1686 ego
2885 1629 3088 1688 ponam
3129 1611 3483 1675 Hierusalem

1888 1701 2315 1770 superliminare
2345 1702 2588 1774 crapulae
2608 1705 2869 1759 omnibus
2888 1708 3110 1777 populis
3132 1708 3186 1761 in
3218 1697 3479 1773 circuitu,

227 1796 282 1859 ut
302 1776 654 1863 dissolverem
684 1791 1117 1861 germanitatem
1141 1791 1288 1844 inter
1305 1790 1511 1844 Juddm
1532 1797 1589 1844 et
1607 1791 1798 1856 ISrael,
1824 1813 1872 1873 B
1888 1790 1984 1842 sed
2013 1796 2071 1843 et
2093 1788 2129 1842 J
2134 1790 2243 1844 uda
2272 1791 2381 1844 erit
2402 1792 2458 1844 in
2481 1791 2770 1847 obsidione
2790 1776 2983 1848 contra
3006 1787 3376 1851 Hiemsal'eni.
3409 1799 3485 1853 Et

230 1878 276 1945 id
295 1872 594 1946 estrexillo
610 1881 816 1961 peplulo
850 1896 1169 1957 separarem
1198 1880 1489 1934 credentes
1510 1886 1670 1933 anon
1692 1872 1833 1933 ore-7
1890 1878 1999 1932 erit
2034 1878 2090 1931 in
2121 1878 2210 1932 di'e
2255 1880 2373 1942 illa,
2406 1896 2610 1949 ponam
2646 1878 2991 1936 Hierusalem
3022 1884 3265 1954 lapidem
3297 1876 3483 1941 oneris

230 1967 490 2032 dentibus,
516 1969 800 2037 apostolos
824 1969 1095 2031 videlicet,
1117 1975 1173 2022 et
1192 1985 1286 2022 eos
1307 1968 1398 2039 Qui
1422 1968 1808 2039 paenitentiam

232 2067 457 2124 egerant,
488 2071 631 2126 quos
662 2058 905 2113 vocantJ
914 2058 1100 2123 udam,
1134 2064 1452 2128 separarem
1487 2075 1580 2112 eos
1611 2057 1681 2111 ab
1700 2058 1811 2111 illis

230 2146 310 2214 qui
339 2146 749 2211 clamaverunt,
787 2168 808 2196 ι
844 2147 1130 2214 cruciﬁge.
1171 2166 1194 2198 ι
1230 2152 1287 2200 et
1328 2170 1352 2194 κ
1393 2160 1505 2200 non
1536 2146 1808 2214 habemus

231 2247 402 2302 regem
434 2235 547 2288 nisi
569 2236 875 2309 .Czesarem',
910 2235 1171 2304 mquiqu‘e
1225 2235 1285 2287 in
1326 2246 1429 2288 sua
1477 2235 1809 2289 infidelitate

228 2337 545 2394 permanere
571 2324 880 2391 elegerunt.
908 2324 977 2377 Et
993 2323 1097 2377 hoc
1117 2330 1199 2376 est
1226 2324 1371 2392 quod
1391 2323 1527 2376 dicit
1549 2341 1560 2375 :
1582 2342 1605 2375 ι
1623 2324 1808 2377 Nolite

229 2396 477 2476 arbitrari
512 2411 649 2481 quia
670 2412 793 2465 veni
824 2424 1015 2489 pacem
1049 2412 1272 2485 mittere
1300 2411 1358 2465 in
1379 2419 1611 2473 terram,
1638 2416 1742 2465 et‘c.
1782 2434 1804 2463 ι

230 2550 233 2553 ,
291 2515 325 2567 (ί,
342 2498 405 2561 Et
432 2498 587 2552 dixit
604 2498 885 2557 Dominus
906 2499 975 2552 ad
989 2513 1078 2553 me
1109 2517 1120 2551 :
1151 2499 1345 2552 Adhuc
1375 2516 1534 2553 sume
1553 2500 1654 2553 tibi
1682 2517 1811 2554 vasa

228 2570 448 2654 pastoris
476 2587 662 2654 stulti,
705 2588 835 2657 quia
857 2602 983 2641 ecce
1006 2602 1111 2655 ego
1139 2587 1418 2641 suscitabo
1449 2594 1728 2657 pastorem
1750 2588 1806 2641 in

227 2682 379 2737 terra,
427 2675 528 2745 qui
572 2669 839 2740 derelicta
888 2692 999 2728 non
1050 2676 1310 2739 visitabit,
1353 2676 1667 2747 dispersum
1697 2684 1809 2730 nun

227 2770 438 2832 quaret,
457 2772 519 2817 et
535 2763 841 2829 contritum
865 2780 976 2827 non
1000 2764 1244 2829 sanabit,
1264 2765 1389 2841 etid
1407 2765 1553 2834 quod
1571 2770 1683 2818 stat
1698 2776 1808 2818 non

229 2851 471 2921 enutriet,
491 2860 554 2920 et
567 2868 765 2919 carnes
782 2852 1078 2922 pinguium
1102 2853 1375 2918 comedet,
1393 2858 1449 2906 et
1466 2854 1706 2923 ungulas
1723 2866 1812 2907 eo-

231 2953 343 3009 rum
363 2922 655 3007 dissolvet.
694 2958 719 3007 ig
754 2942 952 2996 Pastor
978 2943 1187 2996 stultus
1219 2948 1277 2995 et
1302 2922 1597 3011 imperitus
1643 2943 1810 2995 Anti-

231 3025 459 3087 christus
483 3034 596 3093 est,
631 3028 733 3099 qui
771 3029 830 3083 in
860 3030 1345 3093 consummatione
1380 3030 1567 3083 swculi
1608 3030 1815 3084 di'citur

1890 1967 2106 2021 cunctis
2123 1968 2369 2037 populis;
2393 1976 2587 2022 omnes
2609 1970 2703 2039 qui
2722 1971 2982 2024 levabant
3004 1967 3151 2037 eum,
3168 1964 3484 2030 concisione

1892 2054 2309 2118 lacerabuntur,
2339 2062 2397 2109 et
2428 2057 2765 2126 colligentur
2809 2055 3104 2114 adversum
3138 2072 3260 2115 eam
3293 2065 3486 2118 omnia
3534 2057 3543 2071 ’

1890 2159 2065 2212 regna
2088 2149 2269 2197 terrae.
2311 2164 2332 2194 ιι
2367 2145 2631 2199 Extendit
2661 2147 2932 2201 Dominus
2971 2150 3168 2203 coelum
3220 2141 3374 2205 velut
3397 2158 3485 2206 ta-

1889 2230 2345 2294 bernaculum,et
2373 2234 2679 2287 secundum
2712 2232 3066 2290 Psallnistaiu
3097 2232 3241 2293 sicut
3260 2229 3483 2309 pellem.

1892 2318 2048 2373 Sicut
2061 2320 2208 2373 enim
2226 2320 2384 2390 pellis
2399 2325 2602 2391 corpus
2617 2321 2877 2377 animalis
2894 2322 3141 2396 undique
3151 2318 3486 2399 circumdat,

1890 2408 1972 2475 sic
2021 2409 2221 2462 ctrlu'm
2263 2412 2364 2462 suo
2394 2410 2612 2465 ambitu
2643 2409 2911 2466 continet.
2946 2412 3225 2469 Fuddavit
3251 2406 3484 2486 terreni,

1892 2513 2014 2565 quae
2047 2498 2232 2550 media
2268 2502 2323 2551 et
2348 2498 2465 2552 ima
2493 2505 2582 2552 est
2611 2501 2862 2555 omnium
2890 2496 3317 2570 elementorum;
3352 2496 3488 2577 quia

1893 2586 2236 2639 immobilem
2264 2603 2386 2639 eam
2421 2593 2475 2640 et
2506 2588 2561 2640 in
2594 2590 2696 2641 sua
2727 2590 2873 2643 mole
2903 2597 3144 2645 stantem
3171 2582 3485 2650 constituit.

1892 2674 2080 2728 Finxit
2092 2675 2350 2744 spiritum
2375 2676 2618 2729 hominis
2638 2676 2693 2730 in
2718 2694 2803 2741 eo,
2828 2678 2884 2731 id
2910 2686 2997 2732 est
3018 2672 3262 2735 animuin
3291 2674 3350 2737 in
3370 2690 3490 2739 ‘co'r-

1892 2779 2027 2833 pore
2042 2762 2285 2819 hominis
2315 2763 2586 2833 p’oSuit,et
2606 2781 2668 2817 ex
2685 2763 2904 2819 duabus
2934 2766 3266 2823 substantiis
3281 2761 3485 2827 ’a'nim'aa

1893 2856 1952 2905 et
1978 2852 2244 2921 corporis,
2278 2858 2452 2905 unum
2483 2853 2690 2906 animal
2723 2853 3019 2924 compegit.
3055 2850 3298 2927 Spiritus
3330 2860 3483 2915 enim

1895 2939 1984 2994 hic
2006 2956 2105 3009 pro
2134 2939 2325 2993 anima
2344 2939 2712 3009 ppnitur.Iste
2730 2941 2919 3012 itaque
2932 2938 3312 3000 universitatis
3324 2948 3490 3003 Crea-

1896 3033 1986 3082 tor
2001 3034 2058 3081 et
2076 3027 2932 3097 Dominusdicit,juxtalitteram
2956 3028 3270 3102 pdsiturum
3284 3028 3343 3089 se
3360 3036 3490 3091 Hie-

227 3130 340 3178 esse
356 3118 810 3185 venturus.Vasa
825 3119 1065 3188 pastoris
1082 3118 1237 3173 stulti
1257 3117 1510 3172 habitum
1532 3124 1589 3171 et
1610 3122 1814 3172 caetera
1833 3125 1874 3182 Ο
1899 3117 2144 3170 rusale'm
2172 3117 2604 3186 snperliminare
2637 3120 2880 3189 crapulm
2908 3116 3165 3176 omnibus
3194 3115 3413 3194 populis
3428 3114 3489 3180 iii

229 3202 339 3270 ejus
391 3204 643 3273 insignia
679 3198 835 3272 dicit,
880 3220 1097 3277 peram,
1144 3206 1713 3279 baculumnﬁstula'm
1756 3213 1812 3259 et

227 3290 456 3364 sibilum,
503 3294 655 3357 sicut
682 3294 893 3362 Isaias,
921 3301 985 3357 ut
1019 3296 1401 3365 captivitatem
1430 3295 1681 3353 futuram
1710 3313 1812 3349 suo

229 3379 408 3448 habitu
439 3383 770 3449 ostenderet
797 3370 1101 3438 ambulavit
1122 3384 1307 3437 nudus
1337 3390 1394 3437 et
1421 3384 1809 3449 discalceatus,

227 3468 296 3523 sic
322 3470 626 3525 Zacharias
662 3471 916 3525 habitum
943 3473 1099 3527 stulti
1131 3473 1379 3543 pastoris.
1394 3472 1627 3540 jubetur
1654 3489 1812 3526 assu-

230 3560 389 3627 mere,
411 3565 475 3612 ut
497 3577 631 3621 eum
655 3576 820 3628 quem
845 3568 1140 3614 venturum
1170 3561 1485 3632 nuntiabat,
1511 3561 1669 3631 quasi
1688 3576 1817 3616 ven-

228 3650 375 3709 turus
393 3654 551 3717 esset
565 3649 905 3711 ostenderet.
923 3650 1066 3703 Nam
1089 3650 1220 3719 quia
1238 3650 1497 3719 superius
1518 3650 1696 3715 iratus
1720 3649 1819 3703 bo-

229 3748 335 3803 nus,
352 3743 551 3805 pastor
581 3736 814 3801 dixerat,
854 3758 875 3787 α
913 3754 1022 3803 non
1050 3750 1275 3807 pascam
1306 3746 1425 3802 vus,
1463 3755 1489 3789 »
1522 3738 1649 3791 ideo
1672 3750 1816 3807 pra:-

227 3820 420 3877 dicitur
447 3831 650 3895 pastor
686 3826 892 3879 stultus
934 3842 1055 3879 esse
1106 3831 1392 3890 venturus,
1426 3826 1522 3895 qui
1563 3825 1816 3879 stultitiae

226 3917 383 3985 tanta:
423 3914 521 3973 sit,
572 3917 641 3983 μς
677 3913 734 3976 in
781 3914 991 3983 templo
1040 3913 1138 3967 Dei
1177 3914 1388 3977 sedeat,
1431 3914 1731 3968 ostendens
1756 3930 1815 3966 se

227 3990 485 4076 tahquam
514 4000 595 4055 sit
622 4000 1185 4072 Deushquiqnejnon
1228 4002 1377 4059 venit
1411 4008 1475 4057 ut
1515 4008 1696 4067 sanet,
1718 4003 1817 4056 seu

230 4095 283 4140 ut
310 4086 512 4169 perdat
536 4084 771 4163 gregem
804 4088 998 4153 Israel.
1046 4091 1209 4145 Hunc
1254 4092 1487 4147 stultum
1535 4095 1815 4161 pastorem

230 4164 758 4253 suscipieht_.ludaai
796 4180 955 4253 justo
1009 4179 1106 4237 Dei
1149 4178 1380 4249 judicio,
1429 4185 1495 4233 ut
1548 4178 1681 4249 quia
1717 4193 1820 4233 no-

228 4263 444 4337 luerunt
460 4268 706 4341 credere
742 4267 986 4333 veritati,
1019 4268 1251 4331 credant
1277 4268 1587 4323 mendacio.
1630 4266 1823 4330 Qualis

229 4361 407 4427 autem
465 4356 697 4411 futurus
738 4356 823 4417 .sit
875 4356 1230 4426 apertissime
1283 4356 1555 4427 prepheta
1617 4354 1824 4410 descri-

1893 3204 2150 3265 circuitu,
2199 3210 2263 3257 ut
2294 3204 2390 3274 qui
2438 3204 2608 3258 limen
2639 3206 2759 3274 ejus
2780 3204 3050 3277 attigerit,
3093 3209 3406 3266 inebrietur
3431 3204 3492 3268 ‘et

1896 3296 2142 3356 corruat,
2177 3292 2262 3345 vel
2284 3292 2455 3345 etiam
2495 3292 2676 3369 ipsum
2721 3297 3152 3365 superliminare
3180 3307 3407 3355 currunt
3432 3302 3493 3356 i‘n

1900 3397 2052 3445 eum,
2077 3380 2171 3450 qui
2190 3388 2321 3435 eum
2345 3382 2622 3452 attigerit.
2662 3383 2767 3436 Sed
2793 3388 2849 3437 et
2867 3385 3042 3439 Judas
3061 3383 3259 3457 captus
3278 3382 3349 3442 ab
3369 3380 3495 3444 hos-

1896 3469 2130 3533 tibus,et
2148 3469 2204 3522 in
2228 3469 2452 3523 illorum
2474 3471 2753 3524 transiens
2770 3472 3350 3541 societatem,obsessa
3361 3470 3495 3532 Hie-

1899 3558 2140 3613 rusalem
2172 3557 2394 3611 civitate
2420 3563 2541 3621 sua,
2576 3564 2809 3629 cogetur
2837 3560 3093 3617 obsidere
3122 3559 3302 3634 ipsam
3332 3573 3494 3621 suam

1900 3644 2207 3717 civitatem.
2244 3646 2423 3699 Ponet
2451 3652 2674 3716 quoque
2710 3648 2979 3703 DominUs
3007 3648 3185 3720 ipsam
3226 3647 3496 3708 Hierusa-

1900 3732 2010 3785 lem
2044 3734 2284 3803 lapidem
2313 3734 2500 3787 oneris
2530 3736 2744 3788 cunctis
2774 3739 3012 3807 populis.
3045 3756 3211 3809 quam
3237 3742 3331 3812 qui
3352 3735 3498 3797 leva-

1901 3837 1960 3883 re
1983 3821 2248 3883 .voluerit,
2280 3822 2595 3876 concisione
2617 3823 2972 3879 lacerabitur.
3009 3827 3128 3881 Mos
3157 3825 3244 3883 est
3268 3829 3495 3885 urbium

1899 3909 2207 3963 Palaestinae
2225 3912 2312 3977 (ut
2337 3910 2470 3963 dicit
2492 3911 2686 3964 beatus
2710 3912 3106 3984 llierOnymus:
3130 3916 3261 3970 utin
3288 3911 3496 3973 castel-

1900 3997 1967 4051 lis
1988 4004 2045 4057 et
2064 3997 2197 4050 vicis
2228 4005 2510 4067 ponantur
2528 4000 2755 4052 rotundi
2782 4000 2996 4067 lapides
3017 4001 3337 4071 gravissimi
3355 4002 3499 4076 pou-

1901 4085 2071 4145 deris,
2104 4085 2173 4138 ad
2207 4096 2347 4155 quos
2375 4087 2614 4154 juvenes
2659 4088 2903 4142 exerceri
2950 4090 3153 4160 solent,
3185 4088 3242 4146 et
3269 4090 3365 4148 eos
3394 4086 3498 4165 prb

1903 4186 2133 4228 suarum
2162 4173 2362 4227 virium
2385 4174 2571 4228 levare
2593 4176 2883 4245 qualitate,
2915 4177 3170 4249 aliusque
3194 4176 3267 4235 ad
3286 4194 3494 4253 genua,

1903 4262 2000 4319 alii
2028 4261 2099 4337 ad
2129 4261 2477 4325 umbilicum,
2496 4263 2830 4334 q'uibuédam
2866 4270 3042 4337 usque
3066 4268 3135 4322 ad
3160 4264 3425 4326 humeros
3444 4279 3504 4327 et

1905 4356 2091 4421 caput,
2120 4351 2374 4405 nonnulli
2401 4358 2571 4422 super
2606 4353 2874 4408 verticem
2916 4357 3119 4411 erectis
3168 4353 3495 4432 junctisqiie

230 4430 321 4512 bit,
354 4446 667 4501 ostendens
723 4460 851 4499 eum
902 4461 1005 4515 per
1060 4447 1249 4499 omnia
1277 4444 1561 4499 contraria
1598 4444 1823 4499 Christo
1842 4474 1890 4533 D
1909 4439 2916 4514 manibUSextollerc,magnitudinem
2933 4446 3163 4499 suarum
3179 4447 3377 4504 virium
3395 4430 3502 4503 hoc

292 4614 571 4695 Opastor,
596 4628 655 4693 et
674 4622 889 4677 idolum
921 4622 1319 4692 derelinquens
1330 4631 1584 4699 gregem,
1600 4621 1825 4691 gladius

231 4725 388 4781 super
411 4709 716 4780 brachium
739 4712 948 4779 ejus,et
966 4726 1136 4782 super
1149 4710 1370 4770 oculum
1393 4711 1648 4765 dextrum
1680 4710 1822 4779 ejus.

230 4792 533 4873 Brachium
552 4799 689 4867 ‘ejus
717 4797 979 4866 auiditate
998 4797 1382 4862 siccabitur,et
1409 4797 1602 4852 oculus
1631 4797 1825 4871 dexter

232 4884 345 4953 ejus
372 4886 776 4956 tenebrescens
818 4885 1230 4952 obscurabitur.
1267 4903 1293 4938 ι
1324 4885 1621 4955 Descripto
1651 4884 1824 4941 stulto

232 4978 290 5040 et,
300 4975 549 5047 pessimo
570 4976 895 5045 pastoreuiit
915 4975 1257 5058 apostropha
1276 4974 1345 5027 ad
1369 4974 1573 5044 ipsum,
1592 4972 1827 5043 dicitur-

232 5077 332 5131 que
364 5076 411 5114 τα
449 5063 498 5118 Ο
521 5068 801 5134 νβεῐυμςβι
827 5062 1058 5128 idolum,
1098 5079 1122 5114 »
1146 5062 1459 5129 Tamenim
1489 5062 1826 5116 sceleratum

233 5164 351 5203 eum
375 5142 649 5222 ostendit,
685 5157 748 5205 ut
777 5168 888 5207 non
919 5151 1190 5215 cultorem
1234 5164 1363 5205 eum
1406 5138 1707 5215 idolorum,
1730 5150 1826 5225 sed

234 5236 411 5314 ipsum
446 5240 663 5314 idolum
692 5256 822 5293 eum
849 5232 1027 5306 'voqete
1056 5226 1189 5303 ilum
1221 5255 1281 5292 se
1312 5239 1429 5293 vult
1453 5244 1517 5292 ut
1547 5239 1728 5295 Deum
1760 5238 1828 5292 ab

236 5327 491 5399 clunibus
520 5322 764 5399 adorari,
801 5327 1263 5398 quiderelinquit
1290 5341 1523 5397 gregem
1555 5328 1828 5397 devoran-

233 5413 355 5489 dum
389 5416 669 5493 abestiis,
701 5433 881 5487 quem,
893 5416 1175 5483 Dominus
1197 5422 1354 5469 tanto
1376 5422 1629 5493 tempore
1650 5422 1830 5470 custo-

235 5473 673 5586 dieratgbladius
689 5522 861 5576 super
872 5504 1161 5575 brachium
1185 5505 1333 5574 ejus,
1350 5505 1404 5569 id
1428 5511 1516 5558 est
1535 5473 1833 5563 manifesta

233 5591 384 5656 ultio,
414 5598 482 5645 ut
511 5584 678 5647 omne
708 5584 882 5648 robur
933 5598 991 5649 et
1029 5592 1299 5651 fortitudo
1327 5592 1480 5649 illius
1509 5599 1742 5659 arescat,
1778 5597 1835 5646 et

1908 4528 2075 4589 modo
2094 4528 2411 4598 probantes.
2442 4528 2547 4584 Est
2574 4546 2706 4600 ergo
2726 4544 2924 4586 sensus
2948 4550 2959 4585 :
2992 4533 3202 4587 Pona'm
3233 4533 3505 4595 Hierusa-

1906 4617 2018 4671 lem
2039 4617 2198 4687 quasi
2222 4618 2619 4687 gravissimum
2651 4619 2894 4688 lapidem
2910 4621 3127 4675 cu'nctis
3148 4620 3505 4692 gentibus,tit

1908 4706 2069 4775 quasi
2095 4706 2166 4759 ad
2187 4706 2389 4768 ludum.
2403 4705 2730 4773 sublevandi
2743 4707 2962 4777 lapidis,
2980 4709 3062 4762 sic
3081 4710 3149 4763 ad
3167 4708 3501 4781 'capiendam

1905 4807 2027 4851 eam
2058 4800 2493 4865 congregantur,
2510 4801 2567 4849 et
2585 4811 2744 4849 suam
2766 4796 3030 4851 virtutem
3049 4797 3373 4857 ostendant.
3387 4801 3501 4857 Sed

1906 4894 2139 4941 necesse
2163 4884 2271 4938 erit
2294 4889 2359 4938 ut
2377 4884 2509 4938 dum
2541 4884 2758 4937 levatur
2780 4884 2943 4954 lapis,
2969 4885 3025 4938 id
3054 4891 3143 4940 est
3162 4887 3297 4942 dum
3329 4885 3506 4962 oppu-

1904 4978 2113 5041 gnatur
2133 4971 2632 5041 Hierusalemdpso
2644 4972 2772 5026 nisu
2792 4978 2855 5026 et
2869 4973 3179 5030 elevatione
3199 4972 3503 5036 scissuram

1908 5061 1992 5114 vel
2021 5075 2273 5114 rasuram
2296 5060 2542 5130 aliquam
2571 5058 2630 5113 in
2659 5059 2966 5116 levantium
2996 5060 3325 5135 corporibus
3348 5064 3505 5124 dere-

1909 5149 2165 5219 linquat.
2620 5192 2649 5203 ,η

1965 5258 2009 5305 ,ι
2045 5239 2108 5292 In
2139 5237 2230 5290 die
2282 5236 2399 5301 illa,
2433 5237 2571 5291 dicit
2612 5237 2905 5305 Dominus,
2937 5239 3249 5311 percutiam
3280 5241 3504 5301 omnem

1912 5342 2115 5396 equum
2140 5326 2196 5379 in
2214 5331 2589 5395 stuporem,et
2601 5342 2953 5383 ascensorem
2970 5328 3091 5399 ejus
3105 5331 3505 5400 inamentiam,

1914 5422 1971 5470 et
1993 5431 2164 5485 super
2208 5414 2439 5468 domum
2493 5416 2637 5469 .luda
2693 5418 2941 5488 aperiam
2992 5420 3182 5474 oculos
3229 5434 3403 5485 meos,
3452 5428 3512 5476 et

1915 5512 2139 5561 omnem
2181 5510 2389 5572 equum
2442 5505 2774 5574 populorum
2822 5504 3131 5577 percutiam
3176 5507 3441 5564 cmcitate.
3472 5522 3505 5560 υ

1916 5592 1981 5646 In
2009 5591 2099 5646 die
2144 5591 2261 5660 illa,
2291 5592 2395 5649 hoc
2423 5599 2509 5649 est
2543 5593 2605 5650 in
2630 5600 2887 5667 tempore
2925 5611 3036 5667 quo
3066 5595 3293 5653 obsessa
3338 5595 3511 5653 fuerit
