3970 6150
479 189 583 247 263

907 189 1284 244 HAYMONlS
1323 188 1810 243 HALBERSTAT.
1854 187 2077 241 EPISC.
2120 185 2280 242 OPP.
2321 169 2507 242 PARS
2545 188 2588 242 Ι.
2634 220 2696 232 —
2735 189 3112 248 COMMENT.
3157 193 3338 249 BIBL.

3618 195 3708 252 264

480 313 851 377 Hierusalem,
877 313 957 366 ita
978 319 1042 366 ut
1059 314 1086 366 J
1094 313 1233 366 udas
1262 328 1482 382 quoque
1501 311 1756 365 obsidere
1770 328 1894 364 eam
1915 329 2076 381 coga-
2092 312 2140 370 A
2159 311 2304 365 derit
2335 329 2527 382 pacem
2559 314 2836 376 Ecclesiae,
2871 323 2927 370 et
2953 317 3143 371 hostes
3168 319 3287 388 ejus
3311 319 3365 372 in
3385 325 3648 391 stuporem
3667 327 3714 375 et

479 401 875 472 tur,percutiet
903 401 1173 454 Dominus
1194 418 1388 453 omnes
1409 417 1580 470 equos
1601 400 2072 453 adversariorum.

487 514 510 539 α
549 489 612 545 In
640 497 947 560 stuporem,
977 512 998 537 ι
1033 491 1088 542 id
1121 495 1224 553 est,
1259 496 1320 542 ut
1349 495 1612 558 stupeant
1638 505 1832 542 omnes
1858 489 1950 558 qui
1983 506 2077 542 eos

481 579 725 633 viderint
767 595 886 631 esse
909 595 1199 648 percussos
1229 597 1240 642 ;
1266 579 1398 640 sive,
1445 597 1466 628 (ι
1509 577 1785 647 percutiet
1805 577 1860 630 in
1882 585 2076 647 stupo-

483 685 623 733 rem,
652 691 670 716 ι
687 675 747 722 ut
766 667 923 738 quasi
945 667 1154 737 stupidi
1177 673 1233 720 et
1253 665 1461 736 absque
1483 683 1645 719 sensu
1661 666 1992 730 efﬁciantur,
2023 673 2080 719 et

483 774 805 812 ascensores
826 773 1020 809 eorum
1036 757 1092 808 in
1110 755 1501 820 amentia,hoc
1523 761 1608 808 est
1620 762 1778 808 tanta
1801 755 2078 824 magnitu-

483 847 613 900 dine
658 845 972 899 formidinis
1001 850 1349 915 prementur,
1383 849 1445 896 ut
1475 851 1767 896 vertantur
1791 844 1847 896 in
1879 859 2076 896 anien-

483 935 641 990 tiam.
677 935 856 1004 Super
885 933 1112 986 domum
1145 933 1308 992 Juda,
1345 931 1439 1002 qui
1463 939 1660 985 contra
1689 949 1847 985 suam
1881 932 2076 985 civita-

484 1031 597 1078 tem
628 1024 809 1076 facere
829 1021 1120 1091 cogebant,
1149 1021 1364 1091 aperiet
1385 1020 1655 1074 Dominus
1678 1021 1890 1088 oculos,
1916 1021 1972 1073 id
1993 1026 2080 1074 est

485 1118 798 1182 respectum
856 1110 1251 1173 miserationis,
1300 1114 1363 1162 ut
1414 1127 1508 1162 eos
1556 1109 1752 1179 dignos
1783 1109 1951 1162 faciat
1980 1126 2081 1162 suo

485 1207 734 1270 aspectu,
771 1208 824 1253 et
858 1200 1147 1252 oculorum
1177 1214 1407 1251 suorum
1444 1198 1687 1250 illustret
1715 1197 2082 1266 lumine.Spi-

483 1289 764 1342 ritualiter
779 1287 1160 1357 equi,quando
1179 1287 1234 1339 in
1254 1287 1458 1339 malam
1475 1293 1686 1356 partem
1707 1287 2077 1356 accipiuntur,

487 1376 812 1429 luxuriosos
832 1381 1000 1445 atque
1023 1374 1291 1445 superbos
1320 1375 1634 1444 designant.
1652 1376 1862 1427 Horum
1886 1391 2081 1428 ascen-

487 1481 648 1518 sores
692 1471 825 1518 sunt
852 1465 1152 1528 dmmones,
1186 1465 1271 1516 vel
1301 1463 1570 1517 falsorum
1602 1463 1928 1533 dogmatum
1961 1480 2083 1516 ma-

471 1541 668 1622 gistri,
711 1553 806 1623 qui
853 1569 1044 1606 omnes
1081 1558 1372 1606 vertentur
1398 1553 1452 1605 in
1487 1558 1771 1622 stuporem
1804 1559 1860 1606 et
1887 1569 2083 1606 amen-

2161 399 2216 453 in
2247 402 2548 455 amentiam
2587 405 2830 467 verterit,
2889 413 3054 461 erunt
3107 407 3277 461 duces
3325 409 3565 462 Ecclesia:
3591 410 3715 463 sicut

2161 488 2304 557 ignis
2335 490 2390 542 in
2419 491 2600 560 lignis,
2635 497 2692 545 et
2735 493 2881 546 sicut
2923 494 3068 548 faces
3113 495 3168 550 in
3213 497 3338 549 feno
3383 505 3717 567 excoquentes

2161 593 2325 629 omne
2356 579 2567 641 vitium,
2594 579 2820 648 etligna
2846 581 3211 643 infructuosa,
3236 584 3292 637 id
3321 591 3405 637 est
3423 586 3600 638 omnia
3617 603 3721 656 per-

2159 682 2318 718 versa
2351 665 2617 736 dogmata
2645 676 3065 732 consumentur,
3099 679 3157 725 et
3187 672 3527 726 devorabunt
3553 689 3583 726 a
3605 673 3722 726 dex-

2159 755 2262 807 tris
2283 756 2646 810 etasinistris
2677 775 2771 811 eos
2802 759 2896 827 qui
2932 761 3235 814 noluerunt
3264 761 3504 815 medium
3527 761 3724 814 virtutis

2160 842 2270 895 iter
2298 851 2515 901 tenere.
2552 846 2748 899 Omnis
2779 847 2928 899 enim
2962 847 3136 902 virtus
3168 849 3225 902 in
3253 849 3553 902 meditullio
3571 855 3663 902 est.
3687 851 3727 902 Α

2160 931 2370 984 dextris
2389 939 2578 986 autem
2611 941 2668 986 et
2692 935 2937 987 sinistris
2969 936 3221 1006 sunt,qui
3235 942 3333 990 aut
3357 937 3477 1006 plus
3505 935 3724 1006 sapiunt,

2161 1031 2259 1072 aut
2291 1021 2474 1074 minus
2499 1013 2664 1091 quain
2681 1024 3081 1093 oportet.Tunc
3102 1025 3343 1078 Ecclesia
3362 1031 3638 1093 receptura
3655 1030 3730 1077 est

2165 1108 2458 1178 pristinam
2485 1111 2744 1178 gloriam,
2764 1119 2822 1164 et
2848 1112 3230 1176 tabernacula,
3258 1113 3314 1165 id
3338 1119 3422 1166 est
3450 1119 3730 1166 conventus

2165 1197 2432 1259 ﬁdelium,
2468 1214 2567 1266 per
2592 1206 2771 1251 totum
2798 1199 2987 1252 orbem
3020 1201 3500 1265 instaurabuntur,
3533 1200 3729 1254 necsibi

2163 1284 2415 1338 tribuent
2435 1285 2692 1354 magistri
2714 1287 2856 1340 hanc
2873 1287 3410 1358 gloriam,tanquam
3424 1305 3520 1358 per
3537 1305 3624 1342 eos
3641 1305 3732 1358 pax

2165 1371 2279 1424 haec
2294 1373 2548 1426 Ecclesiae
2571 1375 2803 1438 venerit,
2821 1375 2920 1428 sed
2943 1376 3178 1430 Domino
3195 1377 3570 1446 assignabitur
3589 1392 3733 1430 omne

2163 1460 2431 1528 gaudium
2464 1468 2520 1514 et
2547 1464 2891 1533 prosperitas
2925 1465 3193 1518 ﬁdelium.

2244 1569 2264 1598 σ
2296 1549 2359 1602 ln
2391 1549 2481 1601 die
2514 1549 2605 1602 illa
2623 1556 2875 1620 proteget
2899 1551 3170 1606 Dominus
3198 1551 3539 1606 habitatores
3561 1553 3734 1606 Hieru-

486 1641 643 1704 tiam,
675 1649 738 1696 ut
759 1641 1391 1694 convincanturnullam
1411 1640 1672 1694 habuisse
1687 1641 2000 1702 scientiam,
2028 1647 2085 1694 et
2105 1625 2150 1684 Β
2168 1637 2363 1700 salem,
2391 1644 2446 1690 et
2471 1639 2579 1691 erit
2608 1639 2701 1708 qui
2731 1640 3027 1694 ollenderit
3055 1658 3120 1694 ex
3151 1641 3232 1694 eis
3267 1641 3327 1694 in
3364 1641 3454 1696 die
3489 1642 3576 1695 illa
3599 1641 3735 1711 quasi

487 1730 808 1800 oppriment
857 1747 951 1783 eos
982 1730 1287 1800 palpabiles
1316 1729 1575 1788 tenebrae.
1619 1730 1762 1784 sicut
1803 1729 2082 1800 quondam

484 1820 810 1891 Egyptum.
849 1821 1030 1889 Super
1053 1819 1282 1872 domum
1333 1825 1522 1872 autem
1562 1819 1725 1882 Juda,
1760 1819 1812 1872 id
1839 1824 1922 1872 est
1951 1835 2084 1872 con-

486 1911 710 1962 ﬁtentes
737 1907 1058 1970 Dominum,
1092 1908 1310 1978 aperiet
1334 1907 1604 1961 Dominus
1625 1907 1816 1961 oculos
1835 1923 1984 1970 suos,
2026 1907 2082 1960 id

487 2006 572 2052 est
611 1997 967 2050 miserebitur
1002 1996 1081 2049 illi
1113 1996 1378 2049 clamanti
1414 1996 1482 2049 ad
1518 2013 1576 2050 se
1612 2015 1622 2049 :
1658 1996 1892 2066 Respice
1915 1996 1970 2048 in
1994 2013 2082 2048 me

486 2091 544 2140 et
565 2086 829 2140 miserere
851 2085 980 2139 mei.

566 2197 582 2223 ι
609 2175 677 2228 Et
690 2174 878 2227 dicent
902 2174 1070 2227 duces
1085 2175 1113 2226 J
1120 2173 1229 2227 uda
1252 2174 1308 2226 in
1331 2173 1496 2226 corde
1518 2189 1619 2226 suo
1645 2191 1655 2225 :
1687 2172 2087 2226 Confortentur

485 2262 625 2316 mihi
658 2262 1001 2316 habitatores
1025 2262 1374 2316 Hierusalem
1399 2262 1456 2314 in
1486 2261 1723 2315 Domino
1741 2261 2085 2315 exercituum

487 2353 602 2406 Deo
625 2368 818 2405 eorum
854 2352 1024 2404 pCum
1062 2350 1288 2421 (inquit)
1321 2350 1607 2420 aperuerit
1626 2349 1898 2403 Dominus
1919 2365 2089 2418 super

487 2441 688 2495 Judam
725 2441 916 2494 oculos
943 2456 1093 2502 suos,
1122 2445 1179 2492 et
1205 2439 1471 2492 misertus
1509 2438 1679 2492 tuerit
1708 2455 1922 2503 eorum,
1953 2445 2089 2492 tunc

489 2529 658 2584 duces
678 2529 823 2584 Juda
841 2528 934 2600 qui
955 2528 1188 2582 erantin
1199 2527 1489 2580 obsidione
1507 2534 1701 2580 contra.
1718 2527 2084 2592 Hierusalem,

495 2619 672 2673 coacti
693 2617 763 2671 ab
793 2617 1288 2680 hostibusJacient
1321 2624 1446 2670 vota
1476 2617 1532 2670 in
1557 2615 1836 2682 cordibus,
1866 2617 1998 2686 quia
2015 2618 2093 2670 lo—

493 2707 588 2778 qui
620 2707 792 2760 libere
821 2723 931 2760 non
955 2705 1332 2768 audebunt,ut
1349 2723 1518 2776 super
1541 2706 2086 2776 Hierusalem,quam

491 2796 769 2861 obsident,
799 2801 855 2850 et
879 2796 998 2866 ipse
1012 2796 1185 2849 Judas
1203 2796 1384 2848 vincat
1403 2812 1527 2848 cum
1551 2794 1762 2848 civibus
1787 2795 1921 2847 suis.
1947 2795 2086 2848 Tro-

489 2885 737 2956 pologice
767 2885 936 2938 duces
977 2884 1118 2937 Juda
1155 2891 1287 2937 sunt
1317 2883 1575 2955 apostoli,
1623 2883 1726 2936 viri
1769 2882 2080 2953 apostolici,

487 2973 787 3042 caeterique
819 2972 1094 3036 doctores,
1113 2972 1208 3041 qui
1231 2979 1478 3042 przesunt
1498 2971 1828 3025 exercitibus
1849 2971 2076 3025 Christi.

488 3061 560 3114 Hi
584 3061 783 3113 nolunt
800 3059 1008 3113 habere
1033 3060 1173 3112 alios
1193 3061 1574 3118 auxiliatores.
1595 3060 1705 3113 nisi
1737 3059 2081 3114 habitatores

486 3148 860 3213 Hierusalem,
896 3147 951 3201 id
984 3155 1068 3201 est
1098 3148 1438 3201 orthodoxos
1477 3153 1534 3201 et
1575 3147 1877 3202 catholicos
1911 3148 2078 3213 viros,

485 3253 692 3306 eosque
713 3242 912 3307 optant
953 3237 1258 3290 confortari
1307 3236 1365 3289 in
1401 3236 1638 3289 Domino
1682 3236 1795 3289 Deo
1846 3253 1968 3289 suo.
2004 3236 2083 3290 De

484 3325 572 3379 his
601 3325 834 3379 ducibus
867 3343 1011 3379 unus
1049 3326 1156 3379 fuit
1196 3325 1412 3388 Petrus,
1448 3325 1544 3394 qui
1593 3324 1805 3376 invenit
1833 3325 2081 3377 Marcum

486 3414 860 3468 habitatorem
886 3414 1268 3468 Hierusalem:
1297 3414 1500 3466 Paulus
1523 3429 1745 3482 quoque
1768 3417 1825 3464 et
1845 3411 2084 3482 ipsedux

487 3503 750 3573 egregius
780 3502 975 3557 habuit
1002 3503 1378 3556 Timotheum.
1418 3502 1628 3566 Titum,
1660 3499 1894 3567 Lucam,
1924 3517 2082 3554 veros

487 3593 974 3663 Hierosolymitas,
1003 3598 1060 3645 et
1077 3608 1204 3646 cum
1225 3591 1306 3644 eis
1325 3589 1516 3644 orbem
1532 3595 1808 3642 terrarum
1833 3589 2086 3644 subdidit

487 3681 731 3735 Christo.

563 3789 584 3820 α
620 3771 684 3823 In
714 3769 804 3822 die
852 3769 950 3821 illo
999 3784 1204 3838 ponam
1245 3767 1414 3820 duces
1452 3767 1598 3821 Juda
1626 3767 1774 3821 sicut
1801 3766 2085 3820 caminum

490 3856 638 3928 ignis
666 3857 724 3911 in
757 3855 942 3927 lignis,
976 3861 1033 3910 et
1061 3856 1209 3910 sicut
1229 3855 1402 3909 facem
1430 3855 1576 3925 ignis
1606 3855 1663 3909 in
1696 3855 1904 3920 feno,et
1924 3855 2086 3908 devo-

488 3945 692 4000 rabunt
723 3945 793 4000 ad
833 3945 1118 3999 dexteram
1140 3950 1197 3999 et
1224 3944 1294 3998 ad
1326 3945 1613 3998 sinistram
1637 3961 1830 3998 omnes
1852 3943 2086 4014 populos

487 4034 546 4088 in
575 4035 832 4098 circuitu,
880 4041 933 4088 et
981 4033 1328 4088 habitabitur
1369 4032 1725 4110 Hierusalem
1771 4049 1996 4086 rursum
2030 4032 2086 4085 in

487 4124 609 4177 loco
629 4140 730 4176 suo
760 4123 818 4175 in
847 4122 1220 4185 Hierusalem,
1253 4128 1310 4174 et
1337 4111 1575 4174 salvabit
1600 4120 1872 4173 Dominus
1899 4119 2087 4172 taber-

488 4212 690 4265 nacula
729 4209 898 4273 Juda,
931 4210 1076 4263 sicut
1113 4210 1172 4262 in
1203 4208 1496 4278 principio,
1531 4215 1595 4261 ut
1643 4225 1753 4261 non
1790 4208 2085 4277 magniﬁce

2168 1725 2362 1790 David,
2397 1732 2454 1779 et
2477 1727 2678 1781 domus
2732 1729 2903 1782 David
2953 1729 3113 1798 quasi
3166 1729 3286 1795 Dei,
3342 1731 3486 1784 sicut
3531 1730 3736 1799 angelus

2168 1814 2388 1868 Domini
2413 1815 2471 1868 in
2499 1822 2798 1886 conspectu
2829 1818 2950 1886 ejus
2984 1815 3246 1888 [eorum].
3285 1838 3306 1867 ι
3333 1819 3396 1872 In
3424 1818 3516 1871 illo
3530 1818 3734 1888 (inquit)

2165 1907 2437 1973 tempore,
2459 1921 2586 1957 cum
2612 1905 2844 1958 Domino
2861 1905 3172 1960 auxiliante
3195 1907 3222 1960 J
3229 1906 3341 1960 uda
3363 1906 3640 1960 victoriam
3658 1905 3738 1958 ob-

2173 1991 2689 2063 tinuerit,proteget
2720 1994 2988 2048 Dominus
3008 1995 3356 2049 habitatores
3386 1994 3735 2059 Hierusalem,

2167 2081 2262 2150 qui
2300 2080 2702 2134 obsidebantur
2727 2087 2784 2135 et
2812 2099 2890 2135 διο
2917 2083 3106 2137 omnia
3133 2082 3504 2137 mutabuntur
3546 2083 3599 2136 in
3642 2098 3739 2134 me-

2165 2169 2295 2231 lius,
2329 2176 2393 2222 ut
2422 2170 2518 2240 qui
2546 2170 2840 2224 offenderit
2871 2188 2933 2224 ex
2965 2173 3044 2225 eis
3073 2173 3350 2237 Deum,et
3370 2179 3597 2242 putatur
3612 2171 3740 2224 vilis-

2168 2257 2363 2322 simus,
2395 2258 2468 2311 sit
2489 2259 2646 2328 quasi
2677 2259 2870 2318 David.
2894 2260 2950 2313 id
2973 2268 3059 2314 est
3077 2261 3238 2331 quasi
3268 2261 3482 2314 familia
3511 2260 3673 2330 regia,
3693 2264 3743 2313 et

2171 2347 2266 2416 qui
2297 2347 2366 2400 de
2390 2347 2557 2400 domo
2591 2355 2678 2401 est
2716 2349 2892 2418 regia,
2943 2349 3019 2402 sit
3046 2350 3207 2420 quasi
3251 2350 3320 2403 de
3351 2350 3519 2403 domo
3551 2349 3661 2416 Dei,
3691 2348 3740 2400 id

2171 2443 2256 2489 est
2286 2436 2430 2489 sicut
2457 2436 2688 2490 nuntius
2711 2437 3000 2491 Dominiin
3015 2445 3312 2508 conspectu
3338 2455 3534 2492 eorum
3561 2437 3743 2508 quieos

2173 2525 2267 2577 illo
2297 2530 2550 2594 tempore
2580 2525 2863 2578 videbunt.
2887 2527 3086 2580 Altiori
3117 2543 3305 2592 sensu,
3341 2545 3470 2580 cum
3501 2526 3742 2580 Dominus

2175 2614 2474 2668 Ecclesiam
2501 2630 2658 2667 suam
2680 2614 2749 2668 de
2770 2621 3195 2684 persecutorum
3217 2615 3481 2670 manibus
3503 2615 3744 2669 liberave-

2169 2702 2261 2762 rit,
2296 2702 2352 2755 hi
2383 2703 2478 2772 qui
2509 2703 2566 2756 in
2609 2703 2996 2774 persecutione
3037 2710 3357 2758 constantes
3408 2705 3738 2766 exstiterunt,

2167 2795 2284 2843 tam
2335 2791 2564 2860 gloriosi
2623 2793 2770 2862 apud
2821 2809 3017 2846 omnes
3064 2801 3250 2860 erunt,
3284 2800 3348 2848 ut
3371 2795 3469 2864 qui
3503 2793 3745 2846 minimus

2169 2878 2355 2943 fuerit,
2388 2885 2444 2931 et
2472 2879 2617 2933 sicut
2646 2880 2812 2933 homo
2839 2881 2932 2951 qui
2963 2882 3129 2935 verbo
3168 2883 3255 2936 vel
3287 2883 3435 2936 facto
3476 2883 3643 2936 Deum
3670 2879 3744 2933 of-

2167 2965 2426 3030 fenderit,
2461 2968 2537 3021 sit
2565 2967 2622 3021 in
2651 2969 2848 3023 ordine
2871 2971 3269 3040 magistrorum
3304 2993 3315 3025 :
3351 2969 3602 3040 magistri
3630 2981 3744 3020 vero

2164 3055 2278 3107 sint
2312 3056 2468 3124 quasi
2502 3056 2701 3110 domus
2734 3058 2854 3120 Dei,
2889 3065 2947 3111 ot
2967 3059 3114 3112 sicut
3141 3059 3374 3129 angelus
3402 3058 3746 3113 transforma-

2164 3148 2256 3196 tus
2287 3143 2346 3196 in
2377 3145 2751 3215 evangelicam
2773 3147 3131 3216 dignitatem.

2242 3250 2266 3282 «
2302 3232 2370 3286 Et
2403 3233 2530 3298 erit,
2564 3233 2620 3286 in
2663 3235 2754 3288 die
2801 3235 2899 3288 illa
2935 3253 3185 3306 quaeram
3239 3242 3530 3290 conterere
3571 3248 3746 3288 omnes

2165 3329 2382 3390 gentes,
2417 3339 2541 3391 quae
2575 3323 2806 3377 veniunt
2858 3331 3054 3378 contra
3105 3324 3485 3379 Hierusalem.
3533 3344 3558 3376 ι
3601 3321 3745 3386 Quod

2169 3409 2321 3472 dicit,
2354 3425 2603 3478 quaerere
2631 3427 2688 3463 se
2711 3420 3002 3465 conterere
3017 3429 3211 3466 omnes
3231 3418 3451 3482 gentes,
3476 3414 3530 3466 in
3561 3412 3748 3465 bonam

2170 3502 2388 3566 partem
2421 3497 2806 3568 accipiendum
2849 3506 2950 3553 est.
2995 3502 3249 3554 Conterit
3289 3501 3444 3555 enim
3496 3499 3748 3555 Dominus

2168 3602 2279 3638 non
2309 3586 2378 3639 ad
2403 3586 2899 3656 perditionem,sed
2922 3590 2994 3643 ad
3015 3591 3492 3656 emendationem,
3528 3595 3591 3644 ut
3616 3586 3748 3642 desi-

2167 3679 2320 3727 stant
2347 3675 2603 3744 persequi
2625 3675 2995 3742 Hierusalem,
3009 3683 3067 3730 et
3086 3695 3152 3730 ex
3172 3678 3428 3732 hostibus
3451 3678 3749 3733 efﬁciantur

2170 3780 2320 3818 OVCS.

2244 3871 2270 3905 α
2318 3853 2385 3906 Et
2434 3853 2718 3907 eﬂ‘undam
2761 3871 2930 3925 super
2977 3855 3208 3910 domum
3254 3856 3452 3920 David,
3509 3863 3564 3911 et
3598 3870 3752 3927 super

2173 3941 2520 3995 habitatores
2534 3942 2882 3996 Hierusalem
2901 3943 3162 4015 spiritum
3181 3946 3378 4016 gratiae
3399 3953 3458 4000 et
3474 3961 3743 4018 precum»

2172 4028 2278 4082 Per
2307 4030 2594 4084 eﬁ'usionis
2621 4031 2941 4100 largitatem
2970 4032 3159 4087 dantis
3189 4035 3594 4107 ostendit,quia
3616 4035 3751 4089 Deus

2169 4119 2411 4186 gratiam
2434 4119 2674 4189 Spiritus
2699 4121 2878 4174 sancti
2910 4121 3202 4188 tribuit,de
3221 4140 3332 4194 qua
3353 4124 3564 4178 Paulus
3592 4123 3744 4177 dicit:

2175 4228 2196 4255 ι
2222 4207 2480 4260 Charitas
2520 4207 2619 4260 Dei
2656 4208 2859 4262 diffusa
2887 4215 2973 4263 est
3001 4211 3058 4264 in
3088 4211 3348 4266 cordibus
3377 4213 3602 4266 nostris.
3639 4233 3660 4263 ι
3694 4211 3753 4264 Et

489 4299 764 4370 glorietur
793 4298 994 4351 domus
1015 4297 1208 4360 David,
1243 4302 1300 4350 et
1340 4297 1521 4365 gloria
1550 4296 1922 4349 habitantium
1952 4296 2086 4349 Hie-
2105 4290 2150 4346 D
2169 4311 2270 4363 per
2300 4295 2473 4348 alium
2504 4295 2837 4365 prophetam
2868 4297 3075 4351 dicitur
3107 4317 3118 4351 :
3157 4321 3179 4350 ι
3214 4300 3514 4354 Effundam
3549 4301 3617 4353 de
3647 4298 3754 4369 Spi-

488 4387 734 4442 rusalem
755 4391 951 4439 contra
971 4385 1229 4440 Judam.»
1254 4386 1414 4449 Cum,
1437 4384 1638 4454 inquit,
1663 4386 1830 4438 duces
1853 4384 2087 4450 inJuda,

490 4475 586 4548 qui
616 4475 945 4529 necessitate
975 4491 1100 4528 cum
1131 4472 1384 4526 hostibus
1415 4479 1577 4526 erant
1597 4478 1793 4525 contra
1823 4473 2092 4526 Hierusa-

493 4565 626 4628 lem,
660 4565 776 4618 hazc
805 4569 933 4617 vota
964 4562 1240 4627 fecerunt,
1265 4568 1401 4614 tunc
1438 4578 1540 4631 ego
1570 4561 1843 4614 Dominus
1871 4567 2088 4615 tantam

490 4653 572 4708 eis
601 4653 746 4708 dabo
775 4651 1185 4715 fortitudinem,
1213 4657 1276 4704 ut
1305 4649 1464 4720 quasi
1495 4648 1643 4719 ignis
1667 4648 1839 4718 ligna.
1862 4654 1920 4702 et
1947 4649 2092 4703 sicut

491 4743 580 4796 fax
610 4742 820 4806 fenum,
863 4741 940 4795 sic
978 4741 1246 4794 devorent
1293 4754 1488 4792 omnes
1528 4737 1875 4791 adversarios
1907 4738 1964 4792 in
1986 4738 2088 4791 cir-

489 4831 666 4896 cuitu,
700 4837 764 4884 ut
783 4836 1006 4900 peracta
1035 4829 1269 4882 victoria
1291 4826 1578 4880 habitetur
1598 4842 1794 4880 rursus
1826 4826 2090 4881 Hierusa-

492 4919 623 4981 lem,
651 4925 709 4972 et
750 4919 1140 4972 instaurentur
1166 4916 1532 4970 tabernacula
1564 4915 1727 4977 Juda,
1761 4915 1816 4968 id
1857 4921 1942 4969 est
1965 4933 2089 4969 cas-

492 5006 645 5069 tella,
677 5005 778 5059 vici
805 5011 863 5059 et
893 5005 1099 5075 oppida
1121 5021 1244 5074 quae
1273 5009 1490 5058 vastata
1519 5003 1764 5069 fuerant,
1803 5009 1865 5056 ut
1891 5004 2091 5057 domus

493 5093 637 5147 Juda
668 5093 741 5155 (id
796 5098 882 5145 est
919 5092 1132 5145 familia
1183 5092 1355 5161 regia,
1405 5109 1527 5162 qua:
1565 5092 1634 5145 de
1667 5092 1838 5145 David
1867 5091 2091 5145 descen-

494 5182 656 5248 dunt)
682 5186 738 5235 et
761 5181 955 5251 inclyti
985 5197 1049 5233 ac
1077 5185 1332 5250 potentes
1361 5181 1430 5233 de
1461 5181 1813 5234 Hierusalem
1845 5197 1956 5234 non
1974 5181 2092 5250 glo-

494 5270 920 5324 rienturcontra
945 5270 972 5322 J
982 5269 1166 5330 udam,
1203 5273 1471 5338 tanquam
1504 5285 1605 5322 suo
1636 5268 1870 5340 imperio
1885 5274 1944 5322 et
1963 5285 2091 5322 con-

493 5359 635 5413 siliis
656 5358 1006 5428 regatur,sed
1039 5357 1220 5410 sciant
1239 5357 1371 5426 quia
1405 5357 1674 5412 Dominus
1695 5357 1768 5410 sit
1789 5374 1880 5412 rex
1894 5374 2087 5412 eorum

493 5454 664 5520 atque
682 5445 934 5504 victoria.
967 5446 1133 5502 Juxta
1161 5445 1510 5516 allegoriam,
1541 5463 1667 5500 cum
1691 5445 1969 5502 Dominus
1997 5445 2092 5521 de-

2175 4383 2285 4436 ritu
2333 4400 2456 4437 meo
2499 4400 2671 4454 super
2711 4401 2935 4439 omnem
2967 4403 3211 4441 carnem.
3254 4412 3274 4436 ι
3335 4390 3402 4443 Et
3449 4389 3608 4452 bene,
3637 4403 3753 4441 cum

2174 4471 2403 4525 dixisset
2453 4491 2477 4522 «
2523 4472 2784 4542 spiritum
2821 4474 3040 4542 gratiae,
3089 4494 3114 4527 »
3145 4475 3363 4530 addidit
3395 4498 3417 4528 ι
3453 4493 3697 4549 precum,
3727 4494 3752 4525 ι)

2173 4559 2307 4629 quia
2339 4576 2477 4630 quos
2504 4560 2742 4630 Spiritus
2771 4568 2996 4616 sanctus
3027 4565 3452 4634 repleverit,eos
3485 4566 3672 4620 statim
3691 4561 3756 4616 ad

2176 4648 2530 4702 adorandum
2541 4650 2952 4704 accendit.Haec
2977 4658 3033 4705 et
3047 4652 3102 4705 in
3122 4653 3333 4707 Christi
3354 4654 3754 4709 resurrectione

2171 4737 2404 4808 impleta
2445 4743 2597 4801 sunt,
2659 4744 2716 4792 et
2771 4740 3020 4809 quotidie
3067 4741 3374 4812 implentur
3404 4744 3461 4797 in
3491 4741 3751 4798 Ecclesia.

2175 4844 2200 4877 α
2236 4827 2304 4880 Et
2330 4826 2602 4897 aspicient
2629 4827 2699 4880 ad
2732 4844 2840 4886 me.
2874 4845 3039 4899 quem
3082 4832 3450 4896 conﬁxerunt,
3502 4838 3561 4886 et
3605 4832 3757 4903 plan-

2170 4921 2307 4984 gent
2336 4931 2462 4968 eum
2494 4915 2720 4985 planctu
2751 4917 2912 4984 quasi
2942 4933 3112 4987 super
3133 4919 3506 4988 unigenitum,
3527 4925 3582 4974 et
3611 4918 3758 4973 dole-

2172 5003 2314 5057 bunt
2336 5020 2505 5074 super
2533 5021 2682 5066 eum,
2717 5009 2781 5058 ut
2837 5005 3012 5059 doleri
3056 5007 3199 5060 solet
3237 5007 3292 5061 in
3337 5014 3518 5062 morte
3563 5008 3758 5078 primo-

2170 5091 2367 5160 geniti.
2403 5111 2428 5143 »
2464 5091 2779 5146 Introducit
2798 5095 3066 5164 propheta
3092 5095 3276 5166 ipsum
3296 5097 3394 5150 Dei
3418 5097 3619 5150 Filium
3643 5111 3756 5149 ma-

2173 5179 2534 5234 nifestissime
2563 5181 2632 5234 de
2661 5199 2719 5235 se
2749 5182 3070 5252 loquentem
3115 5202 3126 5236 :
3182 5203 3210 5232 α
3241 5185 3527 5256 Aspicient
3555 5185 3623 5238 ad
3673 5198 3756 5236 me

2174 5285 2339 5338 quem
2371 5271 2738 5323 conﬁxerunt.
2793 5290 2819 5322 »
2854 5272 2970 5324 Hoc
2997 5277 3187 5325 autem
3218 5280 3273 5326 et
3305 5274 3375 5327 ad
3401 5280 3623 5343 tempus
3654 5273 3757 5326 Do-

2173 5356 2389 5411 minicaa
2409 5358 2702 5428 passionis,
2718 5363 2773 5411 et
2794 5358 2863 5411 ad
2890 5359 3039 5413 diem
3052 5361 3340 5415 novissimi
3365 5360 3563 5431 judicii
3580 5364 3760 5432 potest

2172 5445 2388 5501 referri.
2413 5447 2652 5502 Domino
2678 5447 2829 5502 enim
2849 5446 2905 5503 in
2931 5465 3095 5505 cruce
3121 5450 3324 5522 posito,
3356 5450 3495 5507 nulli
3523 5449 3757 5506 dubium
