3926 6164
181 313 264 371 265
1036 304 1456 364 ENARRATIO
1496 305 1574 359 1N
1611 263 2032 361 ZACHARIAM
2068 309 2530 372 PROPHETAM.
3289 333 3398 390 266

177 436 283 508 quin
322 433 395 504 pii
439 449 664 504 quoque
720 437 778 488 et
834 433 1030 487 fideles
1089 448 1218 487 eum
1265 428 1655 522 aspiciebant,_
1674 429 1788 486 etA
1808 428 1962 522 dicii,
1991 449 2116 489 cum
2144 437 2307 492 Jesus
2335 440 2593 496 Christus
2621 443 2680 498 in
2710 446 3004 515 majestate
3033 466 3136 504 sua
3161 455 3398 522 venerit,

177 524 376 579 maximo
395 539 566 592 super
592 539 723 576 eum
753 523 1120 576 movebantur
1139 519 1540 575 viscerabiliter
1568 519 1726 572 dolo-
1809 522 1867 570 et
1895 519 2161 590 stigmata
2187 528 2462 595 passionis
2483 529 2540 583 in
2561 547 2793 602 corpore
2811 551 2911 589 suo
2939 538 3198 593 omnibus
3218 519 3406 597 esten.

175 629 247 678 re;
271 610 357 664 sed
381 626 494 664 non
522 610 580 663 in
588 610 800 679 judicio
811 610 1083 680 aspicient
1097 610 1169 662 ad
1184 625 1311 663 eum
1333 609 1390 661 in
1416 605 1728 676 majestatis
1809 606 1972 672 derit,
2003 609 2180 680 ipsam
2203 630 2423 686 quoque
2454 635 2674 673 crucem
2709 623 2968 677 manibus
2997 628 3262 696 angelicis
3300 631 3404 685 de-

176 716 266 754 sua
286 698 456 768 gloria
477 699 811 764 venientem,
846 714 1014 768 quem
1052 699 1404 751 conﬁxerunt
1456 695 1515 748 in
1563 710 1726 748 cruce
1811 696 2090 764 portatam
2118 700 2189 754 ab
2222 705 2375 757 omni
2412 708 2622 762 mundo
2649 709 2824 763 videri
2851 695 3200 777 fecerit,erit
3240 720 3403 788 plan-

175 787 326 846 clavis,
355 792 412 839 et
438 787 708 856 plangant
736 802 801 840 ac
833 786 1104 840 dolebunt
1130 785 1391 874 maximo
1414 784 1643 854 planctu
1658 787 1729 874 _et
1809 789 1932 874 ctus
1980 786 2454 858 incomparabilis,
2488 795 2883 866 plangentibus
2938 803 3198 857 omnibus
3240 784 3405 874 quod

175 876 347 937 dolore,
411 874 576 928 sicuti
649 875 708 928 in
755 880 934 928 morte
980 874 1276 943 unigeniti,
1307 873 1490 942 cujus.
1531 871 1729 924 acerbo
1811 871 2083 928 Dominus
2120 882 2175 930 et
2201 879 2434 934 Creator
2461 899 2596 938 suus
2625 891 2784 939 tanta
2815 894 2872 940 et
2898 893 3015 942 tam
3039 871 3402 964 indigna—pro

173 962 321 1018 funeri
334 962 532 1031 ingens
559 980 594 1016 a
613 962 944 1034 parentibus
967 964 1153 1016 luctus
1179 960 1729 1049 imponditur.Plan-
1809 958 2056 1030 indignis
2073 969 2128 1016 et
2143 967 2524 1034 peccatoribus
2545 972 2891 1027 sustinuerit.
2921 975 3100 1030 Erunt
3119 958 3404 1049 itaqueibi

172 1056 282 1122 gent
304 1051 489 1121 itaque
541 1052 720 1105 Judaei
769 1051 928 1121 quasi
982 1066 1151 1120 super
1194 1049 1504 1119 unigenito,
1537 1048 1642 1113 vel,
1666 1053 1731 1101 ut
1811 1057 2054 1117 quatuor
2080 1052 2302 1106 ordines
2327 1055 2744 1126 plangentium:
2776 1078 2876 1130 per
2903 1062 3175 1118 familiam
3204 1048 3405 1124 domus

176 1139 510 1210 Septuaginta
528 1138 1401 1209 transtulerunt,cprimogenito.
1430 1156 1451 1186 ι
1473 1137 1729 1190 Christus
1812 1135 2007 1202 David,
2041 1139 2370 1210 designatur
2397 1146 2533 1199 ordo
2554 1149 2760 1216 regalis
2816 1156 2872 1203 et
2918 1153 3168 1207 omnium
3218 1157 3407 1211 saculi

172 1229 297 1282 enim
313 1227 637 1296 unigenitus
652 1234 738 1280 est
753 1227 1060 1280 secundum
1072 1226 1473 1296 proprietatem
1491 1231 1725 1278 natura:
1813 1222 2153 1293 dignitatum
2185 1247 2198 1293 ;
2232 1229 2290 1282 in
2318 1231 2425 1284 hoc
2444 1234 2640 1288 ordine
2671 1237 2900 1306 quidam
2952 1248 3121 1295 erunt
3158 1244 3298 1312 justi
3344 1251 3403 1300 et

173 1331 255 1384 per
292 1315 635 1368 divinitatem
693 1316 893 1368 unicus
949 1314 1150 1378 Patris,
1182 1330 1283 1383 per
1323 1313 1734 1366 humanitatem
1816 1313 1996 1378 electi,
2026 1315 2122 1383 qui
2142 1318 2409 1386 populum
2441 1319 2544 1374 sibi
2575 1326 2958 1392 commissum,
2979 1331 3287 1385 secundum
3303 1333 3405 1387 Dei

169 1403 340 1455 unicus
365 1403 588 1455 matris.
613 1402 712 1454 Est
730 1408 786 1453 et
812 1401 1468 1471 primogenitus,quia,ut
1485 1399 1734 1454 Joannes
1815 1399 2178 1466 voluntatem,
2195 1403 2336 1458 bene
2347 1423 2542 1475 regere
2561 1411 3024 1484 studuerunt,qui
3043 1417 3412 1486 designantur

169 1489 311 1543 dicit:
343 1508 367 1538 α
390 1487 810 1558 Primogenitus
841 1493 927 1540 est
965 1503 1031 1540 ex
1079 1490 1339 1552 mortuis,
1371 1495 1430 1540 et
1478 1487 1735 1557 princeps
1817 1502 1917 1555 per
1942 1488 2105 1542 viros:
2123 1507 2223 1559 per
2249 1492 2517 1549 familiam
2535 1497 2734 1553 domus
2747 1501 3252 1567 Nathan,indicant
3271 1507 3409 1561 ordo

168 1593 338 1648 regum
365 1583 555 1630 terra.
592 1595 616 1626 ι

1818 1573 2410 1666 ἀρειοιῖιωλῌοεῐθεὶεθ.
2444 1584 2668 1639 Nathan
2690 1589 2894 1659 quippe
2906 1593 3179 1661 propheta
3192 1599 3412 1666 tempo-

185 1715 190 1720 .
230 1686 251 1717 ι
273 1667 332 1720 In
359 1664 451 1718 die
480 1665 577 1718 illa
602 1681 842 1734 magnus
871 1664 978 1717 erit
997 1663 1254 1734 planctus
1283 1663 1340 1716 in
1361 1662 1733 1726 Hierusalem,
1752 1687 1802 1746 Β
1823 1659 1977 1715 ribus
2000 1663 2192 1728 David,
2226 1672 2283 1719 et
2322 1669 2528 1725 idcirco
2557 1690 2659 1743 per
2711 1692 2838 1730 eum
2901 1659 3155 1735 doctores
3209 1659 3416 1738 intelli-

166 1755 291 1809 sicut
314 1754 577 1824 planctus
607 1753 1006 1816 Hadremmon,
1029 1752 1088 1805 in
1106 1767 1303 1820 campo
1325 1751 1742 1819 Mageddom,et

167 1843 413 1913 plangent
456 1847 623 1895 terra
670 1840 916 1901 familia,
956 1845 1013 1893 et
1057 1839 1282 1892 familia
1332 1855 1587 1892 seorsum
1621 1854 1633 1888 :
1663 1838 1742 1891 fa-

166 1931 313 1984 milia
332 1930 535 1983 domus
582 1929 760 1982 David
808 1944 1081 1992 seorsum,
1119 1933 1176 1981 et
1228 1927 1496 1980 mulieres
1547 1942 1742 1980 eorum

167 2035 430 2072 seorsum:
473 2017 702 2071 familia
732 2016 931 2070 domus
960 2016 1185 2069 Nathan
1224 2032 1496 2080 seorsum,
1531 2020 1588 2068 et
1616 2031 1743 2068 mu-

169 2108 312 2160 lieres
325 2123 527 2160 eorum
548 2120 800 2159 seorsum
817 2118 828 2152 :
861 2104 1085 2158 familia
1101 2103 1301 2157 domus
1318 2104 1446 2157 Levi
1467 2119 1743 2172 seorsum,

167 2204 214 2248 et
229 2195 490 2249 mulieres
502 2209 697 2248 eorum
709 2209 983 2246 seorsum:
1006 2192 1232 2246 familia
1256 2192 1442 2245 Semei
1465 2207 1718 2246 seorsum
1727 2231 1740 2257 ,

169 2291 217 2336 et
242 2283 503 2337 mulieres
521 2298 715 2336 eorum
745 2297 1018 2335 seorsum.
1043 2300 1070 2332 η
1104 2281 1487 2334 Hadremmon
1508 2279 1641 2335 urbs
1662 2283 1750 2333 est

163 2373 306 2440 juxta
331 2372 572 2435 Jezrael,
607 2387 731 2441 qua
793 2385 943 2423 nunc
992 2367 1482 2438 Maximianopolis
1519 2367 1742 2430 dicitur,

168 2459 262 2512 sita
284 2460 342 2512 in
369 2475 576 2528 campo
607 2457 903 2527 Mageddo.
935 2456 994 2510 in
1036 2472 1147 2526 quo
1193 2455 1406 2509 occisus
1436 2459 1521 2508 est
1567 2454 1748 2507 Josias

165 2564 250 2600 rex
266 2547 622 2616 justissimus
645 2563 678 2599 a
707 2547 998 2598 Pharaone
1019 2544 1264 2610 Nechao,
1288 2560 1456 2612 super
1471 2559 1580 2613 quo
1593 2541 1750 2595 Jere-

169 2635 293 2689 mias
311 2636 532 2690 luctum
573 2635 882 2688 maximum
903 2633 1052 2698 fecit,
1079 2634 1240 2702 cujus
1269 2631 1440 2685 etiam
1494 2630 1752 2684 meminit

163 2723 216 2776 in
264 2723 404 2778 libro
455 2722 974 2786 Lamentationum,
1030 2720 1248 2774 dicens:
1293 2739 1315 2770 ‹
1365 2719 1606 2789 Spiritus
1635 2718 1748 2772 oris

167 2812 330 2865 nostri
359 2811 629 2866 Christus
653 2811 924 2864 Dominus
952 2815 1148 2879 captus
1167 2814 1255 2862 est
1279 2809 1338 2861 in
1371 2807 1612 2878 peccatis
1646 2823 1747 2860 no-

165 2900 302 2965 stris,
324 2901 416 2954 cui
437 2899 719 2953 diximus:
755 2897 868 2952 Sub
882 2898 1081 2952 umbra
1104 2903 1205 2953 tua
1224 2897 1470 2950 vivemus
1490 2896 1547 2949 in
1569 2895 1755 2966 genti-

164 2987 276 3053 bus,
310 3008 334 3038 ›
365 2989 504 3043 licet
530 2988 657 3052 hoc,
679 2988 838 3057 juxta
862 2986 1208 3056 spiritualem
1229 2984 1756 3050 sensum,referatur

167 3076 228 3130 ad
253 3077 568 3131 Dominum
600 3075 957 3129 salvatorem.
989 3075 1147 3127 Sicut
1169 3072 1344 3143 igitur
1371 3079 1755 3141 tuncmagnus

164 3164 258 3218 fuit
312 3165 582 3234 planctus
645 3163 703 3217 in
745 3162 883 3216 urbe
934 3162 1335 3225 Hadremmon,
1389 3161 1470 3213 ita
1518 3176 1756 3229 magnus

164 3253 408 3322 planctus
420 3251 989 3316 revocabitur,occiso
1004 3249 1373 3314 Salvatore,in
1386 3249 1757 3305 Hierusalem.

164 3342 310 3404 Quod
339 3358 477 3395 vero
511 3340 800 3410 sequitur:
838 3360 860 3390 ι
898 3338 1164 3409 plangant
1192 3337 1416 3391 familia
1445 3343 1500 3390 et
1535 3336 1759 3390 familia

165 3445 427 3496 seorsum,
457 3451 483 3481 ι
521 3430 633 3482 hoc
661 3427 1002 3498 innuitquod
1031 3428 1090 3480 in
1111 3431 1361 3495 tempore
1382 3424 1760 3478 tribulationis

164 3534 266 3572 non
317 3519 560 3582 debent,
595 3516 690 3587 qui
739 3532 938 3570 uxores
967 3514 1195 3580 habent,
1230 3514 1384 3584 operi
1434 3513 1758 3583 nuptiarum

165 3607 379 3660 servire.
405 3607 568 3660 Nam
597 3611 654 3658 et
684 3604 743 3657 in
766 3603 970 3657 Genesi
997 3602 1225 3672 legitur,
1259 3601 1391 3671 quia
1405 3602 1764 3672 impendente

163 3694 360 3748 diluvio
389 3695 616 3748 dicitur
653 3693 724 3746 ad
754 3693 907 3746 Noe:
949 3691 1248 3761 Ingredere
1278 3691 1344 3743 in
1386 3706 1572 3744 arcam
1599 3695 1664 3742 tu
1711 3692 1768 3742 et

163 3782 254 3835 ﬁlii
269 3783 372 3844 tui,
394 3799 553 3836 uxor
567 3787 665 3834 tua
685 3785 742 3833 et
756 3796 956 3833 uxores
976 3779 1221 3831 filiorum
1243 3783 1470 3831 tuorum
1493 3777 1766 3847 ;primum

161 3888 363 3940 ponens
392 3876 632 3942 patrem
649 3884 776 3922 cum
799 3867 949 3932 filiis,
983 3866 1186 3920 deinde
1209 3865 1512 3936 separatim
1532 3881 1763 3919 uxorem

161 3958 323 4026 patris
353 3964 416 4012 et
435 3973 657 4012 uxores
685 3954 1025 4009 ﬁliorum.Et
1054 3969 1202 4008 nunc
1230 3953 1405 4023 igitur
1430 3958 1765 4022 separantur

159 4045 222 4099 ab
237 4046 516 4102 uxoribus
549 4045 770 4099 familia
782 4043 976 4107 David,
1003 4048 1061 4097 et
1077 4042 1291 4096 familia
1304 4042 1502 4096 domus
1516 4041 1762 4106 Nathan,

159 4139 210 4187 et
234 4135 452 4190 familia
476 4136 694 4189 domus
717 4132 867 4197 Levi,
893 4135 951 4185 et
976 4131 1190 4184 familia
1217 4131 1416 4184 domus
1470 4129 1674 4194 Semei,
1703 4133 1768 4183 ut

158 4221 423 4294 plangant
442 4220 816 4292 unigenitum
833 4220 1141 4285 Christum,
1157 4225 1352 4272 contra
1372 4233 1538 4288 quem
1556 4217 1767 4270 clama-

156 4319 366 4368 verunt.
393 4331 424 4366 ι
460 4310 719 4381 Sanguis
750 4310 871 4379 ejus
928 4325 1099 4379 super
1145 4324 1266 4372 nos,
1301 4313 1356 4361 et
1403 4322 1574 4377 super
1624 4305 1769 4359 ﬁlios

1819 1754 2049 1834 guntur,
2083 1767 2222 1820 quos
2243 1759 2527 1824 apostolus
2558 1761 2766 1816 Paulus
2790 1767 3091 1834 pr0phetas
3112 1775 3271 1822 vocat
3310 1789 3321 1822 :
3357 1769 3416 1823 in

1822 1833 1928 1887 hoc
1953 1851 2172 1906 quoque
2202 1840 2397 1895 ordine
2417 1843 2511 1898 alii
2541 1853 2676 1899 sunt
2703 1851 2863 1917 quasi
2896 1833 3016 1915 viri,
3049 1855 3276 1908 verbum
3313 1855 3418 1910 Dei

1825 1921 2039 2000 sincere
2066 1927 2454 1996 praedicantes;
2479 1932 2538 1984 hi
2568 1935 2922 2004 accipiuntur
2947 1957 3048 2009 per
3066 1942 3332 2006 viros,alii
3351 1960 3418 1997 ex

1825 2026 1928 2064 sua
1957 2014 2349 2081 pradicatione
2376 2018 2602 2074 laudem
2625 2024 2710 2076 vel
2741 2027 2991 2081 muneris
3009 2031 3323 2085 mercedem
3345 2031 3418 2085 ab

1827 2098 2166 2189 hominibus,
2193 2120 2304 2158 non
2327 2121 2361 2159 a
2384 2106 2497 2160 Deo
2524 2118 2856 2178 quarentes,
2884 2115 2979 2184 qui
3000 2116 3298 2186 signantur
3319 2135 3421 2189 per

1827 2187 2091 2242 mulieres
2117 2209 2129 2243 :
2153 2207 2254 2261 per
2279 2193 2550 2249 familiam
2581 2198 2780 2253 domus
2811 2202 2961 2266 Levi,
3002 2203 3258 2260 innuitur
3285 2187 3421 2261 ordo

1829 2277 2207 2343 sacerdotalis,
2243 2286 2300 2334 et
2341 2285 2522 2337 omnis
2584 2287 3087 2345 ecclesiasticarum
3140 2295 3423 2362 graduum

1830 2363 2095 2433 dignitas.
2129 2368 2284 2421 Inter
2302 2369 2403 2424 hos
2432 2387 2653 2443 quoque
2683 2374 2945 2430 similiter
2972 2378 3068 2432 alii
3123 2387 3258 2435 sunt
3307 2383 3425 2437 Deo

1831 2451 2132 2521 placentes,
2169 2462 2226 2509 et
2250 2457 2489 2512 viriliter
2507 2461 2564 2514 in
2593 2461 2876 2517 lucrandis
2906 2466 3200 2521 animabus
3230 2468 3428 2539 invigi-

1831 2539 2032 2604 lantes,
2094 2543 2190 2596 alii
2242 2546 2402 2614 quasi
2457 2547 2678 2602 femina
2724 2552 3003 2606 enerviter
3044 2554 3315 2622 viventes,
3371 2563 3430 2612 et

1831 2628 2201 2697 perditionem
2231 2634 2549 2690 animarum
2575 2637 2806 2691 minime
2825 2647 3085 2695 curantes
3109 2661 3121 2709 ;
3150 2643 3430 2713 perfami-

1828 2715 1964 2770 liam
1997 2718 2196 2773 domus
2225 2720 2430 2787 Semei,
2452 2722 2778 2793 designatur
2801 2727 2936 2780 ordo
2965 2729 3213 2794 laicalis;
3239 2733 3427 2787 Semei

1839 2821 2060 2876 quoque
2082 2806 2141 2860 in
2171 2808 2355 2862 medio
2385 2812 2576 2880 populi
2607 2813 2913 2881 habitabat,
2942 2823 2999 2870 et
3058 2819 3258 2872 domus
3311 2836 3427 2875 sua

1838 2900 2030 2947 tamen
2059 2910 2251 2949 curam
2277 2898 2528 2966 gerebat,
2559 2901 2686 2955 ideo
2716 2919 2816 2972 per
2846 2904 2994 2958 hunc
3021 2906 3103 2959 illi
3130 2907 3430 2977 signantur

1841 2982 1937 3051 qui
1965 2985 2217 3039 saculari
2248 2986 2460 3055 degunt
2485 2991 2937 3059 conversatione;
2970 2994 3068 3048 sed
3091 2994 3150 3048 in
3177 2996 3281 3050 hoc
3334 3013 3430 3050 or-

1837 3069 1967 3124 dine
1997 3078 2128 3124 sunt
2146 3072 2277 3126 boni
2307 3075 2400 3144 qui
2427 3077 2782 3146 appellantur
2801 3080 2937 3146 viri;
2962 3087 3094 3136 sunt
3122 3088 3180 3136 et
3208 3082 3436 3154 reprobi

1839 3159 1935 3229 qui
1965 3160 2229 3215 mulieres
2257 3162 2552 3218 dicuntur:
2576 3166 2654 3219 sic
2683 3172 2818 3221 tunc
2869 3168 2926 3223 in
2969 3171 3181 3239 judicio
3225 3172 3434 3243 singuli

1841 3263 1942 3316 pro
1964 3249 2292 3304 meritorum
2321 3253 2591 3322 qualitate
2619 3255 2896 3310 distinctis
2948 3259 3305 3326 stationibus,
3342 3261 3437 3316 alii

1841 3337 1910 3388 ad
1932 3338 2217 3392 dexteram
2238 3341 2660 3398 collocabuntur
2683 3346 3008 3412 coronandi,
3037 3348 3132 3401 alii
3179 3354 3436 3404 statuen-

1841 3427 1936 3477 tur
1949 3426 2017 3478 ad
2040 3426 2326 3480 sinistram
2354 3429 2677 3484 damnandi.
2693 3431 2915 3488 .Omnes
2939 3435 3129 3505 itaque
3144 3437 3430 3507 plangent,

1841 3513 1937 3566 sed
1961 3515 2243 3583 justorum
2273 3516 2530 3586 planctus
2551 3525 2801 3575 vertetur
2827 3522 2886 3575 in
2904 3529 3171 3578 aternam
3192 3527 3435 3580 exsulta-

1848 3600 2077 3666 tionem,
2109 3603 2475 3672 reproborum
2498 3612 2687 3660 autem
2716 3607 2774 3661 in
2803 3624 3091 3680 nunquam
3127 3610 3436 3669 ﬁniendam

1847 3689 2242 3759 plorationem.

2423 3834 2655 3891 CAPUT
2691 3836 2845 3893 x111.
2875 3803 2882 3810 ’

1923 3955 1946 3986 ε
1983 3936 2047 3990 In
2075 3937 2164 3990 die
2189 3937 2283 3990 illa
2308 3939 2416 3992 erit
2442 3939 2565 3994 fons
2595 3947 2791 4012 patens
2819 3946 3010 4002 domui
3031 3950 3228 4016 David,
3261 3959 3319 4008 et
3333 3955 3436 4009 ha-

1848 4021 2155 4078 bitantibus
2177 4025 2547 4093 Hierusalem,
2578 4030 2637 4084 in
2666 4031 3010 4089 ablutionem
3038 4041 3349 4108 peccatoris
3377 4048 3435 4097 et

1849 4119 2228 4170 menstruata.
2253 4135 2288 4178 ,ι
2325 4117 2470 4171 Fons
2500 4118 2606 4172 iste
2633 4126 2832 4190 patens
2873 4123 3066 4181 domui
3094 4128 3290 4197 David,
3343 4148 3433 4186 se-

1850 4205 2094 4259 cundum
2121 4204 2346 4262 beatum
2377 4207 2802 4280 Hieronymum.
2830 4214 3062 4271 scientia
3091 4224 3176 4273 est
3193 4221 3439 4292 Scriptu-

1851 4308 2063 4360 rarum,
2096 4295 2192 4365 qui
2219 4295 2342 4349 fons
2370 4301 2527 4366 patet
2554 4298 2746 4357 domui
2767 4301 2960 4369 David,
2983 4307 3137 4360 omni
3158 4308 3437 4365 Ecclesia.

158 4407 388 4456 nostros.
425 4419 452 4454 ι
494 4402 569 4455 In
591 4397 770 4453 David
801 4397 1028 4469 quidem
1055 4397 1255 4450 domus
1304 4396 1480 4465 regia,
1511 4395 1616 4448 hoc
1682 4385 1830 4448 εδει)
1850 4382 1977 4452 Ipsa
2008 4390 2094 4437 est
2107 4383 2256 4436 enim
2290 4383 2490 4438 domus
2504 4386 2698 4454 David,
2728 4389 2861 4459 quia
2876 4391 2935 4445 in
2954 4409 3020 4446 ea
3035 4393 3252 4450 habitat
3267 4413 3440 4453 manu

162 4489 326 4544 tribus
376 4490 564 4554 Juda,
615 4486 923 4557 accipitur;
955 4486 1014 4539 in
1069 4485 1293 4540 Nathan
1347 4483 1675 4554 prophetia;
1708 4483 1769 4536 in
1850 4471 2008 4525 fortis
2038 4477 2095 4525 et
2113 4472 2232 4526 visu
2262 4472 2667 4528 desiderabilis.
2695 4478 2799 4532 Hic
2829 4485 2916 4533 est
2951 4480 3074 4536 fons
3103 4501 3269 4553 quem
3305 4486 3441 4542 Eze-

158 4577 276 4632 Levi
304 4579 450 4634 οι-άο
471 4575 875 4637 sacerdotalis,
903 4573 1037 4644 quia
1083 4572 1154 4626 de
1183 4572 1314 4626 Levi
1358 4571 1536 4641 stirpe
1577 4576 1769 4626 ortum
1851 4561 1994 4614 chiel
2040 4561 2313 4632 propheta
2370 4579 2430 4616 se
2483 4563 2688 4619 vidisse
2735 4566 2870 4621 dicit
2932 4571 3314 4639 egredientem
3371 4575 3442 4628 de

160 4675 236 4720 est
254 4666 659 4722 sacerdotium
697 4663 943 4726 illorum,
985 4663 1043 4715 in
1084 4660 1264 4716 Semei
1310 4661 1568 4714 doctores
1619 4659 1759 4712 desi-

1851 4650 2080 4720 templo,
2113 4650 2208 4720 qui
2227 4652 2402 4705 crevit
2421 4652 2480 4707 in
2503 4670 2768 4724 magnum
2787 4657 3443 4729 ﬂuvium,etperrexitad

159 4762 434 4824 gnantur;
471 4755 620 4825 quia
643 4752 826 4806 tribus
853 4751 923 4804 de
961 4766 1072 4821 qua
1124 4749 1231 4802 fuit
1275 4748 1457 4803 Semei
1505 4747 1770 4802 doctrina

161 4851 210 4897 et
257 4842 592 4916 magisterii
630 4840 984 4914 privilegium
1027 4838 1230 4892 tenuit.
1286 4837 1446 4900 Quod
1496 4853 1625 4890 vero
1683 4852 1775 4889 se-

166 4933 349 5003 quitur
371 4951 384 4983 :

228 5043 251 5073 ι
276 5024 499 5078 Omnes
531 5017 1020 5088 familia,reliqua
1038 5017 1284 5080 familia,
1309 5014 1604 5069 etfamiliae
1619 5029 1776 5067 seor-

165 5126 298 5173 sum,
323 5119 383 5165 et
413 5110 704 5164 mulieres
732 5122 927 5160 eorum
964 5121 1238 5170 seorsum,
1268 5122 1294 5156 ›
1325 5103 1777 5173 omnesreliquas

163 5199 396 5254 familias
430 5202 735 5267 συνονυμῶς
765 5193 1208 5264 comprehendit,
1242 5208 1364 5262 qua
1421 5191 1638 5244 nullum
1682 5191 1778 5244 ha-

165 5285 289 5340 bent
302 5286 577 5359 privilegi
587 5301 682 5338 um
696 5283 1142 5354 dignitatis.Hac
1152 5281 1303 5334 dicta
1322 5285 1456 5333 sunt
1469 5279 1778 5333 secundum

169 5376 306 5445 quod
336 5375 409 5428 ab
438 5371 708 5428 Hebrais
729 5374 1103 5440 exponuntur.
1135 5366 1445 5422 Dicendum
1477 5383 1625 5420 nunc
1646 5383 1781 5437 quo-

169 5465 384 5518 modoa
421 5459 767 5517 doctoribus
798 5459 1057 5514 Ecclesia
1095 5458 1167 5511 ad
1205 5456 1355 5510 diem
1400 5455 1598 5526 judicii
1645 5455 1782 5509 refe-

170 5559 378 5628 rantur.
419 5552 491 5607 In
523 5549 629 5603 die
649 5548 872 5619 (inquit)
900 5547 1018 5617 illa,
1038 5547 1146 5628 hoc
1166 5552 1252 5627 est
1295 5545 1356 5601 in
1402 5549 1654 5617 tempore
1686 5545 1782 5616 ju-

405 5652 708 5736 Parnm.1
750 5646 964 5735 gXYlI
977 5691 994 5711 .

1859 4738 2214 4793 solitudinem
2228 4741 2576 4809 gentiumut
2591 4742 2744 4795 illam
2764 4743 3028 4813 irrigaret
3045 4746 3243 4802 divina
3263 4749 3444 4804 scien-

1857 4829 1949 4883 tia
1981 4828 2222 4882 fluentis.
2249 4829 2350 4882 Hic
2376 4833 2497 4882 tons
2528 4836 2682 4900 patet
2727 4831 2785 4883 in
2843 4831 3189 4890 ablutionem
3243 4854 3446 4908 pecca-

1858 4918 1998 4972 toris
2025 4922 2082 4970 et
2119 4923 2503 4984 menstruata,
2536 4924 2616 4982 ut,
2649 4925 2911 4989 percepta
2935 4922 3061 4986 fide,
3085 4939 3451 4983 renascamur

1857 5006 1917 5060 in
1947 5005 2187 5069 Christo,
2213 5011 2270 5059 et
2296 5005 2355 5058 in
2383 5021 2587 5074 aquam
2614 4999 2876 5075 baptismi
2909 5016 3102 5065 nostra
3147 5013 3454 5071 abluantur

1859 5096 2078 5150 delicta.
2117 5095 2433 5150 Secundum
2477 5093 2705 5148 beatum
2759 5097 3116 5168 Gregorium,
3165 5102 3287 5157 fons
3342 5106 3452 5160 iste

1860 5185 2176 5255 largissima
2207 5189 2292 5237 est
2320 5183 2416 5237 Dei
2439 5182 2837 5248 misericordia,
2866 5193 3065 5256 patens
3093 5189 3284 5246 domui
3338 5194 3452 5250 Da-

1859 5274 1969 5340 vid,
1998 5273 2054 5327 id
2085 5278 2167 5326 est
2193 5271 2465 5326 universa
2487 5271 2770 5336 Ecclesia;
2800 5274 2860 5329 in
2906 5275 3250 5334 ablutionem
3299 5298 3454 5338 men-

1861 5368 2112 5421 struata,
2140 5367 2197 5414 et
2215 5362 2337 5430 ejus
2367 5360 2462 5430 qui
2477 5361 2597 5430 jam
2644 5363 3006 5434 concupitum
3049 5367 3230 5423 scelus
3286 5387 3454 5441 opere

1862 5450 2226 5523 perpetravit,
2255 5465 2422 5520 quem
2469 5455 2630 5504 vocat
2685 5457 3053 5521 peccatorem,
3086 5460 3144 5510 et
3188 5473 3319 5512 eum
3358 5477 3457 5531 qui

1862 5541 2074 5596 malum
2103 5555 2244 5611 opus
2265 5538 2327 5594 in
2355 5538 2542 5594 animo
2563 5556 2629 5594 ex
2648 5539 3052 5624 deliberatione
3079 5547 3458 5625 concepit,sed

3184 5644 3222 5704 9

3023 5763 3547 6059 τη

3589 5549 3829 5703 Γ·
