3970 6150
160 283 247 353 969

1012 274 1426 334 ENARRATIU
1468 282 1543 334 IN
1584 277 2001 334 ZACHARIAM
2042 274 2499 332 PROPHE’FAM.

3285 274 3390 339 270

160 408 272 469 duis
298 423 451 477 quam
465 422 531 459 ex
549 404 809 476 gentibus
822 404 1041 475 populis
1055 403 1281 458 relictus
1296 405 1419 458 vitae
1435 411 1491 457 et
1516 404 1707 457 saluti.
1734 406 1781 463 Α
1801 417 2119 469 exsurgere,
2154 401 2234 452 vel
2267 417 2390 452 cum
2437 408 2659 452 samrtos
2706 402 2762 454 in
2797 402 3155 461 tribulatione
3183 404 3394 473 positos

220 515 243 547 ι
273 497 333 550 Et
359 496 554 549 ducam
594 494 817 547 tertiam
852 500 1066 563 partem
1102 509 1199 560 per
1228 493 1437 561 ignem,
1470 501 1527 546 et
1557 509 1714 545 uram

158 601 239 638 eos
260 584 395 641 sicut
423 583 605 637 uritur
627 589 923 651 argentum
942 600 954 648 ς
974 588 1030 633 et
1051 581 1295 652 probabo
1309 598 1403 634 eos
1423 582 1567 633 sicut
1589 598 1717 650 pro-

161 671 302 735 batur
326 687 540 733 aurum.
572 691 593 719 ι
623 672 749 740 Ipsa
776 669 995 739 (inquit)
1024 670 1192 722 tertia
1220 685 1367 739 pars,
1402 686 1524 738 qum
1554 669 1718 721 relin-

161 766 335 832 quetur
356 759 411 815 in
439 764 611 823 terra,
639 759 875 811 ducetur
896 774 996 827 per
1023 757 1211 827 ignem
1241 756 1639 819 tribulationis,
1664 762 1721 809 et

160 847 634 917 tentabitur,atque
647 846 950 915 afﬂigetur;
974 862 1085 899 non
1108 852 1173 899 ut
1192 846 1719 905 consumantur,sed

161 944 212 995 ut
219 936 510 1007 probentur
522 941 583 993 ut
595 950 795 989 aurum
813 939 873 987 et
885 940 1200 1004 argentum,
1224 940 1282 988 et
1306 934 1518 1004 possint
1537 934 1721 988 dicere

161 1024 567 1091 mesalmista
603 1041 615 1075 :
651 1041 675 1073 α
709 1022 966 1078 Probasti
988 1025 1320 1085 nos,Deus,»
1346 1030 1450 1075 etc.
1479 1022 1605 1105 Sive
1625 1023 1723 1076 du-

158 1117 330 1167 centur
350 1127 451 1181 per
478 1111 665 1180 ignem
692 1111 854 1164 illum
878 1126 1047 1180 quem
1079 1111 1350 1166 Dominus
1365 1109 1583 1163 misitin
1607 1117 1694 1164 ter
1716 1142 1719 1145 ι

160 1216 278 1271 rem,
307 1204 360 1253 et
386 1197 458 1253 de
487 1213 597 1266 quo
622 1199 827 1253 dicitur
851 1218 862 1252 :
882 1218 907 1248 «
938 1197 1043 1252 Ille
1069 1216 1165 1251 vos
1187 1198 1490 1268 baptizabit
1519 1198 1574 1251 in
1604 1199 1725 1267 Spi-

160 1285 254 1347 ritu
279 1291 467 1338 sancto
489 1292 546 1338 et
566 1286 711 1353 igne.
728 1306 748 1333 1
770 1288 1052 1340 Ducentur
1072 1286 1262 1353 itaque
1283 1304 1380 1357 per
1399 1287 1583 1355 ignem
1608 1287 1727 1357 Spi-

158 1374 280 1428 ritus
304 1372 501 1437 sancti,
519 1378 583 1426 ut
602 1372 872 1442 quidquid
901 1372 956 1425 in
980 1372 1060 1425 eis
1088 1372 1284 1441 fragile
1301 1379 1387 1425 est
1410 1380 1466 1425 et
1492 1372 1724 1426 ﬂuidum

161 1468 352 1533 arescat
391 1466 453 1513 et
482 1460 773 1521 solidetur,
804 1466 870 1513 ut
899 1460 1067 1513 nullis
1096 1459 1274 1530 possit
1298 1459 1728 1514 adversitatibus

160 1547 385 1619 superari
446 1568 470 1597 ι
504 1547 630 1617 Ipse
653 1548 869 1601 vocabit
891 1564 1095 1603 nomen
1127 1564 1336 1608 meum,
1363 1553 1418 1601 et
1443 1564 1545 1617 ego
1564 1564 1730 1602 exau-

162 1635 288 1690 diam
315 1651 465 1695 eum.
493 1633 715 1688 Dicam:
742 1636 989 1706 Populus
1019 1653 1178 1690 meus
1210 1653 1302 1703 es;
1330 1642 1387 1689 et
1402 1636 1521 1705 ipse
1542 1635 1689 1689 dicet
1713 1653 1725 1691 :

1800 490 2018 547 liberat,
2057 489 2136 540 vel
2180 506 2303 541 cum
2340 496 2721 557 persecutores
2755 490 3149 560 illorumjusta
3183 492 3394 546 ultione

1801 578 2151 630 condemnat.
2182 578 2275 628 Ait
2295 594 2426 646 ergo
2451 577 2744 647 l’rOplicta,
2777 598 2802 628 (ι
2840 580 3169 647 Egredietur
3200 581 3391 636 Domi-

1803 683 1928 729 nus,
1954 686 1979 714 »
2010 665 2113 718 hoc
2134 671 2217 718 est
2243 665 2595 718 clementiam
2626 683 2784 719 suam
2807 672 2865 720 et
2879 669 3391 735 mansuetudinem,

1804 770 1971 824 quam
2003 770 2099 823 per
2121 760 2377 806 naturam
2404 753 2589 815 habet,
2609 754 2940 809 dimittenda
2965 763 3190 826 peccata
3213 758 3398 811 mani-

1803 840 2195 896 festabit.Cum
2214 839 2361 892 enim
2386 840 2503 907 ipse
2520 842 2852 895 naturaliter
2870 843 3049 897 dulcis
3078 845 3173 905 sit,
3204 850 3396 906 nostro

1804 930 1938 983 vitio
1966 930 2029 982 ﬁt
2051 944 2295 990 amarus,
2323 928 2455 997 quia
2476 928 2633 982 nobis
2656 930 2804 982 mala
2816 947 2914 1000 pro
2932 932 3400 1003 peccatispatienv-

1806 1018 1955 1071 tibus
2011 1033 2237 1070 amarus
2280 1032 2400 1069 esse
2450 1017 2684 1070 videtur.
2734 1019 3005 1072 Dominus
3035 1022 3131 1091 qui
3176 1038 3400 1092 semper

1805 1106 1955 1159 idem
1986 1112 2087 1169 est,
2120 1106 2216 1176 qui
2246 1106 2495 1174 loquitur
2525 1122 2625 1174 per
2651 1106 2990 1175 Prophetam
3022 1127 3034 1160 :
3063 1128 3088 1159 (ι
3118 1110 3233 1179 Ego
3271 1127 3399 1173 sum

1808 1195 1977 1259 Deus,
2009 1200 2066 1246 et
2095 1210 2206 1246 non
2239 1200 2446 1253 mutor,
2483 1214 2503 1243 ι
2541 1209 2687 1246 nunc
2717 1194 2923 1248 dicitur
2955 1197 3145 1266 egredi
3181 1202 3239 1251 et
3263 1214 3401 1267 pra-

1810 1281 1931 1332 liari
1975 1281 2121 1333 sicut
2166 1281 2224 1333 in
2268 1280 2357 1333 die
2404 1280 2744 1346 certaminis,
2790 1282 3012 1350 quando
3054 1300 3155 1354 pro
3194 1286 3399 1355 populo

1810 1368 1984 1422 Israel
2009 1368 2310 1431 dimicavit,
2327 1375 2384 1421 et
2399 1369 2750 1422 Pharaonem
2773 1370 3092 1425 submersit.
3129 1390 3158 1424 α
3190 1373 3259 1427 Et
3285 1380 3403 1428 sta-

1810 1455 1951 1508 bunt
1971 1456 2138 1525 pedes
2154 1457 2329 1523 ejus.»
2366 1456 2526 1508 Stare
2550 1458 2851 1526 pugnantis
2878 1465 2936 1511 et
2953 1460 3272 1528 adjuvantis
3296 1467 3402 1517 est.

1813 1543 2055 1597 Stabunt
2078 1543 2268 1612 itaque
2298 1544 2465 1613 pedes
2494 1545 2736 1609 Domini,
2778 1545 2890 1599 illis
2934 1553 2992 1600 et
3025 1564 3126 1617 pro
3155 1548 3265 1603 illis
3300 1566 3403 1621 pro

1814 1631 2014 1701 quibus
2038 1630 2350 1700 pugnabat;
2379 1631 2632 1685 ambulat
2652 1649 2873 1703 quoque
2904 1641 2960 1687 et
2986 1642 3256 1697 movetur,
3283 1639 3405 1709 quiv-

164 1725 402 1791 Domim-
428 1724 582 1778 Deus
613 1740 792 1778 meus.
822 1744 844 1774 ι
871 1724 1010 1778 Cum
1034 1725 1256 1794 (inquit)
1275 1723 1493 1794 probati
1522 1717 1916 1805 fuerintans
1950 1719 2128 1772 iratus
2168 1724 2270 1783 est,
2305 1719 2450 1772 sicut
2484 1720 2553 1772 de
2586 1720 2771 1774 Adam
2800 1722 3058 1791 Iegimus,
3091 1730 3215 1794 post
3245 1727 3405 1796 cujus

162 1814 371 1883 parum,
393 1813 468 1869 ad
502 1830 640 1882 quos
668 1813 945 1867 convertit
981 1828 1214 1867 manum
1243 1828 1403 1865 suam
1435 1812 1726 1875 Dominus,
1812 1811 2100 1876 peccatum
2125 1806 2521 1861 deambulabat
2548 1808 2818 1862 Dominus
2836 1811 2905 1864 ad
2929 1828 3127 1865 auram
3149 1819 3276 1883 post
3292 1830 3406 1870 me-

162 1909 207 1961 et
228 1920 318 1973 per
343 1919 439 1957 eos
470 1902 658 1955 omnis
694 1901 987 1954 nationum
1033 1900 1221 1954 turba
1246 1900 1565 1962 crediderit,
1598 1905 1732 1953 tunc
1813 1895 2032 1948 ridiem.
2064 1894 2262 1949 Stabat
2288 1901 2477 1949 autem
2508 1913 2618 1950 non
2651 1897 2708 1950 in
2732 1899 2889 1963 valle,
2925 1901 3023 1954 sed
3064 1917 3233 1972 super
3251 1919 3407 1960 mon.

162 1992 210 2059 in
231 2008 284 2045 se
310 1991 662 2045 credentium
692 1990 930 2061 populus
960 1988 1192 2047 vocabit,
1222 1990 1326 2043 hoc
1352 1994 1437 2042 est
1457 1988 1736 2043 invocabit
1815 1989 1931 2036 tem
1976 1983 2281 2048 Olivarum,
2315 1984 2409 2054 qui
2442 1985 2690 2049 luminis,
2723 1987 2895 2055 pacis,
2928 1993 2986 2041 et
3012 1986 3407 2049 misericordia

164 2079 420 2135 Christum
448 2079 685 2133 nomine
711 2094 833 2143 suo,
866 2078 1013 2148 quod
1040 2083 1127 2131 est
1144 2077 1326 2145 Iesus,
1358 2077 1412 2139 id
1434 2082 1522 2130 est
1549 2077 1735 2130 Salva-
1814 2072 2245 2135 locusest,unde
2263 2072 2766 2127 etamisericordia
2786 2092 2989 2129 nomen
3011 2079 3243 2149 accepit.
3274 2078 3407 2149 Ipse

164 2172 252 2236 tor,
288 2168 431 2237 quod
487 2174 748 2222 sanctum
803 2182 1028 2229 nomen,
1082 2166 1229 2235 quod
1278 2169 1506 2219 vocatur
1546 2166 1726 2229 Jesus,
1816 2174 2038 2229 quoque
2060 2176 2219 2213 mons
2264 2166 2350 2213 est
2393 2167 2592 2215 contra
2628 2162 2982 2218 Hierusalem
3013 2166 3083 2219 ad
3108 2166 3406 2235 orientem,

162 2255 377 2319 salvator
401 2255 481 2310 sit
514 2254 765 2310 omnium
812 2255 1161 2308 saeculorum.
1209 2255 1333 2323 Ipse
1377 2253 1547 2307 etiam
1581 2254 1729 2307 Deus
1816 2248 1962 2301 unde
1980 2248 2138 2301 nobis
2167 2249 2347 2302 oritur
2361 2249 2441 2303 sol
2457 2249 2707 2318 justitize.
2720 2251 2857 2306 Hinc
2870 2254 3143 2322 propheta
3167 2271 3179 2307 :
3199 2276 3220 2306 ι
3240 2254 3409 2319 Vobis

162 2344 433 2414 agundam;
459 2344 727 2414 placitam
749 2343 852 2396 sibi
875 2359 1070 2396 eorum
1090 2342 1255 2396 ﬁdem
1271 2346 1330 2395 et
1355 2342 1726 2405 devotionem,
1814 2336 2143 2390 timentibus
2162 2354 2365 2390 nomen
2385 2354 2574 2391 meum
2595 2338 2898 2394 orietursol
2912 2342 3168 2410 justitiaz,
3184 2349 3242 2401 et
3265 2343 3411 2399 sani.-

163 2430 287 2497 ἀίω,
314 2443 323 2477 :
354 2432 435 2486 Tu
468 2447 535 2485 es
566 2430 807 2501 populus
828 2447 1007 2494 meus,
1036 2447 1202 2500 quem
1234 2431 1359 2484 novi
1391 2447 1456 2483 ex
1485 2433 1728 2493 nomine,
1815 2432 1902 2477 tas
1934 2424 1990 2477 in
2020 2425 2218 2495 pennis
2242 2426 2382 2493 ejus.
2421 2448 2441 2476 ο
2490 2428 2600 2480 Iste
2651 2444 2811 2482 mons
2841 2428 3127 2484 Olivarum
3154 2431 3409 2489 Christus

162 2520 487 2590 pepnlusque
531 2518 892 2590 respondebit
923 2536 932 2570 :
968 2516 1239 2574 Dominus
1267 2520 1416 2581 Deus
1446 2535 1624 2573 meus.
1818 2521 1904 2566 est
1927 2513 2175 2568 consitus
2200 2513 2312 2566 illis
2336 2514 2593 2571 olivis.de
2619 2515 2821 2585 quibus
2850 2516 2909 2569 in
2930 2518 3145 2587 psalmo
3162 2519 3367 2575 dicitur
3394 2537 3406 2572 :

733 2608 967 2662 CAPUT
1004 2608 1147 2662 XIV.
1822 2619 1847 2653 α
1878 2601 2005 2654 Filii
2045 2602 2127 2655 tui
2175 2601 2319 2655 sicut
2366 2604 2597 2656 novellae
2644 2604 2938 2657 olivarum.
2998 2625 3019 2655 ι
3070 2608 3195 2676 Ipse
3222 2607 3411 2665 oriens

220 2715 243 2748 α
268 2695 550 2755 Eccedies
580 2695 803 2759 venient
848 2695 1090 2757 Domini,
1124 2701 1182 2749 et
1211 2695 1531 2749 dividentur
1558 2695 1737 2765 εροιίει
1818 2689 2081 2758 splendor
2107 2689 2308 2743 Patris.
2346 2690 2502 2744 Sicut
2527 2685 2676 2744 enim
2708 2692 2826 2761 ipse
2863 2698 2949 2746 est
2970 2694 3166 2761 janua,
3199 2699 3258 2748 et
3291 2695 3412 2765 ipse

163 2792 245 2839 tua
269 2786 321 2838 in
350 2784 542 2839 medio
567 2783 688 2850 tui;
722 2790 779 2837 et
806 2783 1157 2853 congregabo
1197 2800 1393 2838 omnes
1441 2790 1639 2853 gentes
1667 2784 1737 2838 ad
1816 2777 2047 2846 ianitor.
2090 2777 2209 2847 ipse
2239 2778 2325 2831 Via
2354 2795 2454 2848 ρετ
2501 2795 2667 2848 quam
2701 2780 2955 2834 venimus
2984 2781 3054 2835 ad
3086 2781 3289 2852 ἰρειιω,
3330 2783 3413 2838 Sic

162 2873 440 2928 Jerusalem
472 2872 538 2925 in
568 2872 843 2942 praelium,
874 2878 931 2925 et
959 2873 1212 2942 capietur
1236 2872 1450 2937 civitas,
1484 2878 1542 2926 et
1562 2878 1741 2925 vasta—
1820 2865 1940 2935 ipse
1962 2865 2056 2936 qui
2084 2871 2216 2931 stat,
2249 2866 2366 2937 ipse
2394 2883 2552 2920 mons
2576 2884 2745 2936 super
2764 2885 2930 2938 Quem
2960 2875 3091 2923 stat.
3121 2890 3142 2921 α
3177 2871 3246 2929 Et
3263 2871 3413 2935 scin-

164 2960 347 3016 buntur
378 2961 608 3017 domus,
642 2965 701 3014 et
719 2960 983 3013 mulieres
1010 2960 1392 3026 violabuntur;
1412 2967 1470 3014 et
1494 2961 1743 3030 egredie-

1823 2953 1989 3007 detur
2017 2970 2177 3007 mons
2207 2954 2492 3008 Olivarum
2524 2972 2588 3008 ex
2618 2956 2802 3009 media
2826 2962 2987 3026 parte
3014 2958 3102 3011 sui
3129 2959 3200 3013 ad
3226 2960 3414 3015 orien-

164 3055 240 3102 tur
261 3050 440 3104 media
470 3066 611 3121 pars
632 3049 875 3103 civitatis
901 3049 958 3102 in
973 3013 1445 3119 captivitatem,’et
1460 3013 1739 3118 reliquum
1760 3013 1802 3073 δ
1824 3050 1936 3097 tem
1964 3051 2022 3097 et
2068 3045 2139 3098 ad
2170 3044 2533 3108 occidentem,
2585 3013 2868 3116 praerupto
2918 3049 3120 3116 grandi
3164 3051 3326 3115 valle,
3357 3056 3417 3107 et

165 3139 324 3208 populi
345 3155 457 3192 non
478 3138 776 3192 auferetur
801 3154 866 3191 ex
891 3136 1047 3190 urbe.
1076 3156 1102 3189 »
1138 3138 1439 3207 Postquam
1471 3138 1741 3207 propheta

166 3222 219 3277 de
237 3225 482 3294 passione
502 3223 737 3277 Domini
756 3223 1400 3293 introduxitloquentem
1430 3225 1605 3278 Deum
1638 3224 1742 3278 Pa-

165 3317 727 3384 trem,consequenter
742 3318 800 3366 et
819 3313 887 3367 de
902 3313 1115 3367 excidio
1138 3314 1487 3368 Hierusalem
1520 3331 1588 3367 ex
1612 3330 1742 3369 voce

167 3399 388 3468 ejusdem
408 3400 644 3455 Domini
663 3401 816 3472 loqui
835 3400 1050 3471 incipit,
1088 3408 1149 3454 ut
1162 3402 1425 3456 ostendat
1436 3401 1743 3456 subversio-

167 3502 272 3541 nem
292 3489 441 3542 illam
464 3488 707 3559 propter
724 3489 1071 3542 Dominicam
1101 3505 1293 3543 necem
1315 3490 1584 3547 evenisse.
1606 3491 1742 3545 Dies

1823 3131 2176 3203 separabitur
2209 3133 2453 3186 medium
2488 3134 2693 3187 montis
2723 3135 2793 3187 ad
2822 3136 3163 3206 aquilonem,
3208 3144 3268 3192 et
3302 3156 3419 3194 me.

1823 3221 1978 3274 dium
2008 3222 2130 3290 ejus
2161 3221 2231 3274 ad
2262 3222 2575 3275 meridiem.
2613 3242 2637 3275 »
2662 3224 2820 3277 Mons
2842 3224 3066 3292 Oliveti,
3096 3243 3261 3297 quem
3282 3228 3420 3284 dixi-

1824 3325 1949 3362 mus
1976 3310 2260 3363 Christum
2291 3310 2628 3381 signilicare,
2662 3329 2787 3366 cum
2821 3329 2965 3366 unus
2993 3313 3256 3386 idemque
3274 3333 3419 3372 sem-

1826 3414 1922 3468 per
1951 3398 2044 3463 sit,
2077 3399 2381 3462 scindetur,
2414 3400 2517 3453 hoc
2537 3406 2620 3454 est
2639 3400 2967 3454 divisionem
2996 3402 3161 3457 faciet
3176 3404 3419 3460 duorum

1824 3486 2157 3558 populorum
2191 3503 2291 3557 per
2306 3488 2489 3542 media
2516 3507 2527 3553 ;
2554 3505 2683 3558 pars
2700 3506 2821 3559 quae
2836 3490 3125 3544 scindetur
3144 3493 3216 3546 ad
3231 3494 3420 3551 orien-

167 3577 1553 3649 autemquosventuroscomminatur,tempusillud
1575 3579 1742 3633 estde
1824 3580 1938 3627 tem
1986 3575 2291 3628 Ecclesiam
2339 3577 2615 3646 designat,
2661 3578 2719 3631 in
2766 3594 2935 3648 quam
2985 3579 3249 3648 plantam
3284 3586 3420 3638 sunt

169 3679 256 3733 quo
272 3666 441 3719 Isaias
460 3665 640 3719 dicit:
668 3665 794 3719 Dies
820 3665 1439 3735 Dominiindignatione
1462 3666 1744 3735 plenus,et
1826 3663 1980 3715 olivae
2010 3662 2078 3715 dc
2103 3663 2386 3731 gentibus,
2417 3682 2655 3735 quarum
2686 3682 2799 3719 una
2828 3665 3076 3735 loquitur
3106 3685 3163 3723 ι(
3182 3670 3297 3741 Ego
3321 3686 3419 3725 an.

172 3750 245 3805 ira
264 3753 586 3825 furorisque
618 3753 691 3805 ad
722 3754 1007 3824 ponendas
1034 3760 1232 3823 gentes
1256 3754 1314 3808 in
1356 3755 1738 3819 solitudinem,
1826 3758 1938 3805 tem
1961 3753 2105 3806 sicut
2130 3753 2431 3819 oliva,etc.;
2454 3774 2474 3803 ι
2501 3754 2613 3807 alia
2628 3771 2759 3824 pars
2777 3757 3112 3829 mediaque
3131 3760 3421 3816 scindetur

170 3842 940 3913 apertissimetempusdicens
965 3842 1175 3896 ultimae
1204 3842 1557 3913 captivitatis.
1581 3843 1741 3907 Quod
1826 3841 1897 3894 ad
1926 3841 2290 3904 occidentem,
2324 3848 2607 3911 praerupta
2634 3845 2836 3912 grandi
2858 3846 3018 3912 valle,
3047 3847 3419 3905 circumcisio-

172 3930 478 3999 wtcmdicit
504 3947 517 3984 :
540 3929 881 3983 Dividentur
896 3930 1144 4000 spoliain
1166 3931 1518 3985 mediourbis
1545 3937 1739 4001 capta,
1829 3930 1916 3983 nis
1947 3936 2033 3983 est
2072 3929 2329 3999 populus,
2362 3929 2703 3984 occidentem
2753 3948 2993 4002 sequens
3040 3934 3308 3990 litteram.
3351 3937 3421 3995 Et

170 4018 452 4087 nonsolum
468 4017 1231 4088 capieturHierusalem,sed
1255 4019 1748 4073 etcunctanefaria
1831 4034 1957 4089 non
1990 4017 2125 4070 dicit
2163 4016 2493 4086 simpliciter
2544 4036 2569 4067 α
2604 4017 2907 4085 scindetur,
2946 4041 2968 4071 ι
3011 4023 3109 4077 sed
3142 4023 3371 4079 additur
3400 4042 3413 4077 :

171 4102 796 4178 ineaperpetrabuntur.
830 4105 1218 4161 Vastabuntur
1230 4107 1431 4160 domus
1460 4106 1746 4160 habitato~
1834 4126 1857 4155 ι
1891 4114 2173 4175 praerupta
2188 4104 2390 4174 grandi
2411 4105 2570 4167 valle,
2594 4129 2617 4154 ιι
2637 4107 2742 4160 hoc
2762 4114 2849 4162 est
2862 4125 3063 4179 magna
3085 4111 3417 4181 perditionis

170 4207 291 4259 rum,
312 4200 368 4249 et
393 4195 672 4249 mulieres
701 4192 1076 4261 violabuntur,
1101 4196 1169 4249 ad
1202 4197 1472 4265 majorem
1497 4195 1745 4248 dolorem
1767 4205 1813 4262 D
1832 4194 2113 4264 voragine;
2132 4194 2201 4246 de
2236 4210 2345 4263 quo
2379 4194 2635 4248 Michaaas
2666 4196 2967 4266 propheta:
2998 4217 3023 4250 (ί
3040 4199 3341 4256 Detraham
3362 4202 3421 4258 in

173 4282 498 4347 maritorum,
531 4282 637 4351 qui
666 4282 784 4335 suis
806 4283 1072 4338 uxoribus
1100 4283 1395 4338 subvenire
1422 4300 1531 4337 non
1556 4288 1747 4353 potue-

174 4374 409 4441 nmtquo
423 4369 571 4423 nihil
583 4368 868 4424 crudelius
883 4370 1103 4425 hostilis
1114 4371 1436 4426 immanitas
1449 4388 1617 4441 agere
1647 4388 1745 4442 po-

174 4456 279 4508 test.

222 4560 247 4597 (
262 4543 323 4598 Et
335 4545 668 4617 egredietur
678 4544 1034 4613 Dominus,et
1049 4547 1397 4616 praeliabitur
1415 4554 1751 4618 contragen-

175 4634 242 4685 tes
264 4633 397 4695 illas,
429 4634 582 4689 sicut
609 4632 899 4703 praeliatus
931 4640 1017 4687 est
1060 4635 1119 4688 in
1158 4636 1250 4689 die
1290 4637 1614 4690 certaminis
1650 4656 1661 4690 :
1696 4642 1754 4691 et

176 4719 376 4783 stabunt
400 4722 583 4794 pedes
618 4723 740 4791 ejus
761 4722 818 4774 in
838 4722 945 4775 die-
959 4722 1055 4776 illa
1075 4741 1245 4794 super
1280 4732 1529 4779 montem
1563 4725 1752 4780 Oliva—

176 4822 301 4875 rum,
328 4812 534 4881 quiest
551 4815 756 4865 contra
774 4810 1122 4865 Hierusalem
1142 4813 1211 4866 ad
1233 4813 1527 4867 orientem.
1562 4833 1585 4863 ι
1612 4815 1752 4869 Cum

178 4895 406 4967 audiatur.
420 4898 624 4971 egredi
646 4897 732 4951 vel
763 4902 914 4951 stare
935 4898 1251 4963 Deum,sive
1270 4900 1480 4970 aliquid
1499 4902 1752 4965 tale,non

180 4981 412 5082 debemus
449 4989 513 5042 in
543 5003 615 5041 eo
637 5003 842 5082 corpus
867 4992 969 5041 aut
990 4988 1235 5059 aliquem
1253 4995 1468 5047 motum
1487 5007 1753 5061 corpora-

184 5070 268 5126 lem
279 5077 540 5147 cogitare.
549 5077 706 5133 Deus
726 5070 878 5130 Enim
894 5076 1255 5147 incorporeus
1269 5080 1448 5141 est,de
1460 5097 1570 5150 quo
1582 5082 1757 5150 Apos-

184 5161 303 5221 talus
332 5181 344 5217 :
372 5166 516 5238 Regi
540 5171 737 5221 autem
756 5162 1112 5233 saeculorum,
1143 5172 1248 5221 etc.
1279 5168 1348 5222 Et
1376 5168 1432 5222 in
1461 5167 1756 5238 Evangelio

188 5245 463 5317 Dominus:
502 5273 535 5306 ei
568 5257 719 5310 Deus
753 5255 974 5327 (inquit)
995 5255 1225 5327 spiritus
1251 5265 1354 5311 est.
1392 5278 1413 5307 ι
1451 5259 1591 5312 Cum
1623 5275 1756 5328 ergo

186 5333 423 5413 Dominus
456 5343 514 5397 in
557 5343 864 5414 Scripturis
889 5351 1040 5398 stare
1063 5345 1148 5399 vel
1168 5344 1477 5411 ambulare,
1514 5347 1599 5399 vel
1627 5362 1757 5401 cum

1833 4283 2034 4335 vallem
2058 4281 2270 4352 lapides
2286 4282 2428 4352 ejus,
2461 4302 2485 4333 υ
2505 4283 2559 4337 id
2583 4289 2669 4337 est
2688 4284 3062 4352 Hierusalem,
3081 4308 3103 4339 ι
3138 4295 3195 4343 et
3223 4289 3423 4345 fundao

1833 4377 2023 4424 menta
2045 4372 2168 4440 ejus
2188 4371 2497 4424 revelabo.)
2528 4373 2595 4425 Et
2615 4374 2971 4443 separabitur
2989 4377 3237 4431 medium
3258 4396 3423 4434 mon-

1832 4460 1905 4513 tis
1929 4460 1999 4512 ad
2029 4460 2435 4532 aquilonem,et
2449 4461 2695 4514 medium
2725 4464 2773 4532 ej
2784 4479 2847 4516 us
2868 4465 2937 4517 ad
2952 4466 3260 4519 meridiem.
3280 4466 3423 4524 Cum

1835 4564 1996 4601 mons
2018 4548 2217 4603 Oliveti
2242 4548 2444 4617 grandi
2482 4550 2745 4619 voragine
2770 4559 3086 4623 prmruptus
3113 4554 3308 4622 fuerit,
3343 4555 3451 4609 ita-

1835 4643 1900 4689 ut
1928 4652 2041 4689 una
2071 4653 2200 4706 pars
2228 4638 2509 4708 voraginis
2530 4638 2598 4691 ad
2625 4640 2963 4708 aquilonem,
3009 4642 3185 4695 altera
3217 4643 3287 4696 ad
3326 4659 3425 4698 au-

1835 4730 2013 4777 strum
2045 4724 2324 4795 respiciat,
2360 4732 2589 4795 repente
2620 4726 2678 4779 in
2694 4726 2815 4797 ipsa
2842 4728 3105 4797 voragine
3135 4734 3193 4783 et
3209 4745 3424 4799 prem»

1834 4819 1949 4884 pto,
1974 4812 2085 4866 alia
2104 4829 2306 4883 vorago
2330 4821 2642 4883 rumpetur,
2673 4819 2731 4868 et
2754 4831 2925 4871 unam
2958 4822 3175 4886 partem
3194 4834 3424 4889 separa-

1836 4900 1918 4955 bit
1946 4901 2016 4954 ad
2048 4901 2570 4972 aquilonem.aliam
2600 4903 2671 4956 ad
2701 4909 2979 4969 austrum,
3002 4910 3059 4959 et
3086 4906 3184 4960 ﬁet
3213 4924 3426 4981 preru-

1836 4993 1992 5060 ptum
2050 4990 2517 5059 quadrangulum,
2568 4996 2633 5044 ut
2687 4992 3031 5061 quadrifaria
3078 4994 3139 5049 in
3184 5001 3428 5066 quatuor

1837 5077 2034 5132 mundi
2063 5078 2256 5148 plagas
2284 5095 2489 5147 vorago
2518 5078 2615 5132 illa
2642 5080 2928 5135 tendatur.

1914 5185 1939 5217 ‹‹
1968 5167 2037 5220 Et
2064 5166 2290 5236 fugietis
2314 5166 2386 5220 ad
2411 5167 2609 5221 vallem
2633 5169 2907 5225 montium
2924 5188 3139 5238 eorum,
3163 5174 3431 5244 quoniam

1840 5256 2211 5325 conjungetur
2240 5255 2398 5308 vallis
2428 5256 2703 5312 montium
2731 5275 2911 5330 usque
2940 5261 3010 5314 ad
3039 5262 3377 5332 proximum.
3404 5283 3429 5316 ι

1840 5345 1962 5399 Duo
1991 5350 2154 5398 erant
2183 5350 2421 5408 montes,
2452 5346 2712 5401 videlicet
2742 5365 2903 5403 mons
2931 5350 3144 5421 templi,
3177 5357 3235 5406 et
3273 5368 3434 5407 mons
3486 5390 3489 5391 ν

187 5428 409 5503 membra
450 5432 709 5517 humana
754 5432 961 5487 habere
1010 5433 1365 5499 describitur,
1414 5452 1514 5505 pro
1562 5451 1760 5490 causa-
1847 5434 2001 5497 Sion,
2028 5432 2123 5503 qui
2149 5432 2247 5486 Dei
2282 5439 2501 5488 montes
2536 5436 2896 5492 vocabantur.
2927 5439 3046 5515 Hoc
3064 5444 3154 5493 est
3178 5438 3326 5512 quod
3355 5440 3437 5503 die

187 5517 585 5597 mgyagjgtate
615 5519 794 5592 accipi
820 5519 1007 5589 debet.
1042 5521 1244 5592 Egredi
1273 5522 1426 5587 enim
1453 5522 1659 5589 dicitur
1677 5522 1763 5581 vel
1843 5522 1920 5577 cit
1945 5535 1957 5571 :
1994 5540 2018 5573 ι
2047 5520 2298 5591 Fugietis
2326 5522 2399 5589 ad
2427 5524 2630 5580 vallem
2657 5526 2937 5593 montium
3217 5528 3439 5594 sQqu
