3970 6150
599 318 703 376 271

1024 321 1401 376 HAYMONIS
1440 320 1925 375 IlALBERSTAT.
1970 320 2192 374 EPISC.
2234 320 2393 374 OPP.
2435 322 2619 377 PARS
2658 324 2701 377 Ῑ.
2745 354 2814 364 -
2852 324 3225 379 COMMENT.
3268 324 3445 381 BIBL.

3726 326 3814 386 272

598 451 789 499 autem
808 445 1093 515 sequitur:
1119 462 1143 493 «
1160 442 1439 509 Quoniam
1463 445 1835 512 conjungetur
1853 444 2011 497 vallis
2034 460 2193 496 mon-
2210 444 2261 505 Α
2279 460 2387 513 que
2419 447 2597 499 sancti
2633 462 2758 500 cum
2777 464 2858 501 eo.
2895 447 2964 500 Et
2982 447 3090 500 erit
3111 447 3168 500 in
3210 447 3299 501 die
3325 447 3434 511 illa,
3470 464 3574 502 non
3601 450 3695 505 erit
3718 453 3809 520 lux,

600 535 745 588 tium
766 550 943 603 usque
964 532 1034 585 ad
1050 532 1387 601 proximum,
1407 552 1429 581 ιι
1456 532 1990 600 ostenditquomodo
2011 532 2191 597 vallis,

602 639 725 694 quae
742 621 1037 693 praeruptis
1060 620 1190 673 hinc
1213 620 1344 673 inde
1377 619 1660 673 montibus
1690 620 1983 685 scinditur,
2016 638 2193 692 usque

600 712 671 765 ad
702 716 951 764 montem
980 708 1302 778 templi,qui
1331 713 1556 760 sanctus
1577 714 1847 763 est.suam
1872 710 2191 778 voraginem

596 800 805 853 trahet.
854 815 880 850 α
910 798 976 851 Et
1007 797 1235 866 fugietis
1266 797 1408 849 sicut
1437 796 1657 866 fugistis
1688 813 1722 849 a
1750 796 1889 850 facie
1909 803 2192 852 terrzemo-

595 895 690 943 tus
717 887 778 941 in
821 885 1018 940 diebus
1060 885 1205 940 Ozia:
1233 885 1381 954 regis
1408 883 1635 937 Juda..»
1664 886 1868 954 Tangit
1896 886 2187 940 historiam

592 975 743 1030 illius
761 973 1282 1045 temporis,quando
1302 972 1586 1036 Ozias,rex
1602 974 1866 1043 Juda,qui
1888 975 1998 1027 alio
2014 975 2191 1028 nomi-

594 1081 666 1118 ne
686 1064 869 1117 dictus
892 1069 979 1117 est
1000 1062 1244 1118 Azarias,
1260 1060 1515 1114 illicitum
1540 1062 1914 1115 sacerdotium
1944 1063 2051 1116 sibi
2077 1065 2191 1118 vin-

593 1153 781 1206 dicare
802 1157 1036 1205 conatus
1057 1156 1159 1211 est,
1193 1156 1251 1202 et
1280 1148 1349 1201 ob
1373 1149 1477 1201 hoc
1497 1148 1654 1219 lepra
1685 1166 2003 1219 percussus,
2037 1159 2093 1205 et
2120 1154 2188 1207 de

592 1241 804 1309 templo
833 1256 867 1292 a
893 1237 1277 1292 sacerdotibus
1305 1238 1516 1305 ejectus
1537 1243 1657 1303 est;
1685 1236 1754 1290 ob
1786 1255 1953 1307 quam
1986 1239 2186 1309 impie-

590 1334 765 1382 tatem
795 1332 1148 1381 terrtemotus
1168 1326 1348 1377 factus
1378 1331 1479 1377 est.
1514 1326 1769 1378 Meminit
1797 1327 1966 1394 hujus
1990 1333 2186 1380 terra:-

591 1421 780 1469 motus
809 1417 981 1468 Amos
1012 1414 1286 1484 propheta
1325 1413 1382 1464 in
1413 1413 1687 1481 principio
1733 1414 1819 1465 sui
1865 1414 2182 1479 voluminis,

590 1503 812 1557 dicens:
842 1521 868 1554 ι
892 1501 1075 1554 Verba
1103 1502 1273 1553 Amos
1295 1500 1389 1570 qui
1414 1500 1520 1552 fuit
1561 1500 1619 1552 in
1640 1501 2015 1569 pastoralibus
2038 1503 2185 1555 The-

2283 532 2379 585 sed
2409 534 2589 601 frigus
2619 543 2675 588 et
2694 536 2845 603 gelu,
2871 542 2926 589 et
2941 535 3049 589 erit
3076 536 3196 589 dies
3216 552 3326 589 una
3348 553 3464 607 quae
3487 543 3612 591 nota
3636 541 3812 595 estDo-

2275 620 2447 684 mino,
2482 638 2595 675 non
2635 623 2755 676 dies
2798 640 2981 693 neque
3025 640 3152 688 nox,
3189 631 3245 677 et
3272 624 3329 677 in
3357 626 3597 695 tempore
3632 631 3815 699 vesperi

2278 710 2383 763 erit
2410 710 2528 765 lux.
2561 730 2586 763 »
2621 712 2761 764 Cum
2816 712 3089 765 Dominus
3134 712 3345 765 venerit
3374 714 3439 766 ad
3465 714 3731 784 judicium,
3763 724 3816 772 ut

2273 798 2516 851 Joannes
2547 798 2604 851 in
2626 799 2962 869 Apocalypsi
2982 799 3118 853 dicit
3146 817 3157 852 :
3183 800 3318 853 Ecce
3340 801 3521 855 veniet
3541 818 3657 856 cum
3683 804 3815 857 nubi-

2272 884 2395 949 bus,
2427 886 2483 938 id
2516 894 2601 939 est
2630 902 2757 940 cum
2788 888 3003 956 angelis
3030 888 3303 941 ministris
3323 889 3456 952 suis,
3480 897 3533 943 et
3565 892 3811 960 apostolis,

2273 980 2327 1027 et
2356 976 2661 1045 prophetis,
2693 977 2751 1029 in
2783 977 2879 1030 illa
2909 977 2999 1030 die
3029 977 3300 1031 adventus
3322 979 3442 1047 ejus
3467 995 3571 1032 non
3594 979 3688 1033 erit
3719 981 3811 1044 lux,

2273 1063 2369 1116 sed
2414 1063 2590 1132 frigus
2619 1070 2676 1117 et
2702 1065 2851 1133 gelu.
2894 1065 3287 1135 reirigescente
3316 1066 3373 1119 in
3401 1067 3646 1121 omnibus
3667 1069 3815 1121 chari-

2271 1156 2387 1203 tate
2418 1160 2474 1204 et
2505 1152 2688 1211 calore
2728 1153 2857 1205 ﬁdei
2888 1153 3285 1224 intepescente.
3326 1155 3618 1222 Postquam
3652 1171 3814 1209 omnes

2270 1239 2492 1309 reprobi
2539 1240 2792 1293 damnati
2840 1241 3019 1309 frigus
3068 1258 3230 1295 suum
3273 1242 3327 1293 in
3365 1240 3573 1294 inferno
3606 1243 3812 1313 geluque

2270 1328 2631 1392 portaverint,
2666 1328 2774 1379 erit
2804 1343 2916 1379 una
2944 1327 3064 1380 dies
3095 1333 3367 1397 perpetua
3394 1333 3810 1393 sanctorum,non

2268 1410 2388 1463 dies
2414 1428 2593 1481 neque
2623 1429 2749 1475 nox,
2799 1430 3152 1484 nequaquam
3188 1414 3292 1468 sibi
3335 1415 3568 1469 vicissim
3598 1423 3738 1470 nocte
3767 1430 3811 1471 et

2267 1497 2357 1551 die
2377 1501 2822 1554 succedentibus.
2854 1502 2988 1565 Quae
3008 1502 3126 1555 dies
3156 1508 3291 1556 nota
3319 1511 3403 1556 est
3433 1503 3674 1567 Domino,
3703 1504 3810 1575 quia

588 1608 722 1646 cum.
742 1607 864 1661 quae
896 1590 1031 1642 vidit
1055 1606 1225 1658 super
1254 1590 1445 1653 Israel,
1485 1588 1543 1641 in
1591 1588 1787 1642 diebus
1831 1589 1991 1651 Ozize,
2036 1591 2182 1659 regis
2265 1586 2537 1640 Dominus
2563 1589 2683 1641 dies
2698 1589 2948 1641 omnium
2972 1591 3301 1655 electorum,
3324 1591 3393 1643 de
3413 1607 3519 1661 quo
3548 1589 3709 1645 Isaias
3739 1593 3812 1646 di-

585 1681 749 1741 Juda,
785 1685 918 1733 ante
947 1679 1087 1732 duos
1117 1694 1294 1730 annos
1323 1683 1725 1731 tel‘rwmotus.)
1756 1678 1885 1730 Haec
1897 1679 2057 1747 juxta
2076 1679 2183 1731 He-
2263 1674 2372 1726 cit:
2405 1699 2425 1721 ι
2450 1676 2574 1729 Νοη
2597 1677 2704 1729 erit
2732 1677 2815 1730 sol
2848 1677 2917 1730 ad
2937 1678 3236 1732 lucendum
3252 1695 3351 1749 per
3364 1680 3640 1745 diem,nec
3660 1682 3812 1751 splen-

588 1768 862 1822 brazorum
892 1767 1255 1821 traditionem
1305 1765 1375 1817 ad
1411 1765 1679 1830 litteram,
1714 1782 1835 1834 quae
1874 1765 2063 1818 omnia
2095 1767 2177 1820 illi
2201 1762 2971 1846 Bdorlunaeilluminabit‘te,
3005 1767 3101 1819 sed
3132 1767 3280 1820 Deus
3294 1762 3644 1821 tuuserittﬂii
3671 1769 3721 1822 in
3747 1769 3812 1822 lu-

583 1856 853 1927 putantin
871 1857 1111 1909 adventu
1128 1853 1647 1923 Christiimplenda.
1680 1853 1997 1907 Videndum
2029 1871 2178 1908 nunc
2261 1866 2381 1903 cem
2412 1853 2829 1922 sempiternam.
2862 1872 2884 1904 )
2915 1854 2983 1907 Et
3001 1854 3301 1908 Psalmista
3322 1874 3334 1907 :
3355 1875 3376 1906 ι
3399 1856 3587 1909 Melior
3614 1861 3691 1910 est
3714 1856 3812 1909 dies

583 1945 717 2015 quid
734 1943 1347 2014 spiritualisdoctorum
1380 1940 2025 2015 Ecclesimintelligentia
2040 1959 2174 1995 con-
2259 1954 2391 2003 una,
2424 1945 2527 1992 etc.
2564 1957 2590 1991 ››
2623 1960 2644 1990 ε
2678 1941 2817 1993 Etin
2847 1947 3099 2011 tempore
3127 1943 3346 2012 vesperi
3377 1943 3484 1997 erit
3504 1944 3626 1996 lux:
3661 1964 3683 1994 ι
3706 1960 3811 1997 cum

579 2034 761 2087 tincat
796 2051 806 2084 :
843 2043 1092 2085 montem
1124 2030 1324 2083 Oliveti
1356 2030 1599 2082 diximus
1632 2029 1947 2097 signiﬁcare
1979 2031 2175 2084 Domi-
2258 2043 2451 2080 omnes
2497 2028 2764 2097 reprobos
2811 2046 3009 2098 vesper
3040 2036 3095 2083 et
3123 2030 3369 2085 tenebrae
3414 2030 3808 2095 obscuraverint,

582 2136 718 2174 num
753 2120 1040 2174 Christum
1066 2134 1218 2184 ;cum
1236 2134 1369 2187 ergo
1385 2117 1885 2171 monsistedivisus
1909 2118 2079 2171 fuerit
2115 2119 2173 2172 in
2255 2114 2365 2167 erit
2388 2114 2481 2166 lux
2509 2116 2718 2168 sanctis
2745 2116 2935 2170 electis
2976 2118 3100 2172 Dei.
3141 2119 3240 2171 Illa
3282 2135 3418 2188 ergo
3448 2119 3563 2173 dies
3590 2125 3711 2173 nota
3743 2124 3814 2172 est

578 2208 853 2263 orientem
899 2214 957 2261 et
983 2208 1347 2267 occidentem,
1382 2205 1485 2258 hoc
1515 2212 1599 2258 est
1627 2221 1755 2258 cum
1795 2212 1993 2275 gentes
2026 2210 2172 2277 (qua;
2257 2201 2526 2267 Domino;
2556 2220 2666 2256 non
2685 2220 2817 2273 ergo
2832 2211 3016 2275 potest
3034 2206 3295 2275 ignorare
3317 2208 3465 2277 quod
3488 2209 3599 2278 ipse
3614 2207 3806 2261 creavit.

581 2313 684 2367 per
706 2296 979 2350 orientem
1010 2296 1392 2365 designantur;
1420 2294 1625 2356 electae,
1656 2300 1713 2346 et
1736 2294 1912 2347 Judaei
1940 2294 2050 2364 (qui
2077 2312 2178 2364 per
2258 2287 2397 2342 Cum
2444 2296 2634 2343 autem
2660 2291 2797 2344 dicit
2834 2306 2846 2340 :
2891 2311 2917 2342 (ι
2955 2294 3102 2347 Nota
3130 2301 3217 2347 est
3245 2294 3508 2359 Domino,
3540 2316 3560 2347 ι
3601 2294 3813 2350 ostendit

581 2384 930 2438 occidentem
962 2384 1369 2453 intelliguntur)
1410 2382 1618 2435 fuerint
1648 2382 1951 2453 reprobati,
1980 2400 2175 2437 rursus
2257 2377 2448 2445 ignota
2479 2394 2599 2431 esse
2622 2379 2943 2433 hominibus
2962 2381 3208 2452 ipsisque
3229 2383 3468 2452 angelis,
3496 2384 3699 2437 dicente
3723 2384 3811 2437 Do-

578 2474 691 2527 alia
737 2472 981 2526 scissura
1020 2474 1117 2525 fiet
1153 2470 1432 2542 aquilonis
1476 2471 1653 2541 partis
1701 2478 1759 2524 et
1794 2472 2076 2536 australis,
2120 2478 2177 2526 et
2259 2465 2411 2518 mino
2440 2484 2451 2518 ε
2479 2485 2503 2516 α
2537 2467 2617 2520 De
2645 2468 2738 2521 illa
2764 2468 2855 2521 die
2880 2485 3044 2523 nemo
3073 2470 3246 2536 ηονίῐν
3276 2487 3462 2542 neque
3486 2472 3719 2542 angeli»

578 2562 768 2633 aquilo
793 2562 1067 2632 jungetur
1091 2559 1590 2625 occidenti,auster
1609 2559 1865 2613 orientali
1889 2559 2064 2629 plaga:
2088 2577 2175 2612 so-
2331 2574 2351 2603 ί
2378 2555 2562 2608 Eterit
2579 2556 2635 2608 in
2657 2555 2745 2609 die
2770 2556 2868 2609 illa
2893 2576 2904 2609 :
2931 2557 3173 2611 Exibunt
3197 2575 3362 2629 aquae
3392 2562 3523 2613 vivae
3553 2560 3617 2613 de
3645 2560 3812 2613 Hiem-

576 2651 836 2714 ciabitur,
886 2656 943 2704 et
998 2650 1068 2703 ad
1116 2649 1401 2702 sinistram
1458 2648 1630 2701 stabit
1679 2648 2047 2712 circumcisio,
2100 2648 2171 2701 ad
2254 2642 3019 2705 salem;medimneal‘umad
3038 2647 3808 2712 mareoricntale,etmedium

575 2739 863 2794 dexteram
892 2738 1129 2809 populus
1150 2736 1523 2791 Christianus.
1557 2737 1699 2789 Nam
1723 2753 1822 2806 per
1858 2736 2165 2801 sinistram,
2253 2746 2445 2784 earnm
2469 2732 2539 2784 ad
2579 2749 2735 2786 mare
2762 2734 3147 2800 novissimum,
3175 2736 3232 2789 in
3263 2742 3460 2791 aestate
3490 2737 3615 2791 etin
3642 2738 3810 2807 hyeme

506 2842 513 2849 ‘
572 2829 892 2899 aquilonem
916 2826 1337 2896 frigidissimum
1370 2834 1424 2878 et
1456 2824 1746 2893 glacialem
1771 2829 2015 2889 ventum,
2055 2824 2170 2879 dia-
2252 2821 2513 2873 erunt-Et
2531 2821 2639 2873 erit
2666 2822 2940 2875 Dominus
2966 2839 3061 2875 rex
3091 2840 3261 2893 super
3284 2842 3509 2879 omnem
3540 2832 3746 2879 terram.
3785 2842 3808 2875 ι

570 2918 735 2971 bolus
765 2916 1117 2985 intelligitur,
1134 2920 1303 2984 caput
1322 2913 1573 2967 omnium
1592 2912 2166 2983 reproborum,quiad
2249 2906 2408 2961 Mare
2434 2909 2725 2973 orientale,
2749 2911 2909 2979 juxta
2930 2911 3198 2978 litteram,
3216 2928 3375 2967 mare
3397 2915 3665 2968 Mortuum
3677 2913 3807 2974 dicit.

569 3006 860 3060 sinistram
903 3003 1209 3057 collocandi
1236 3009 1368 3056 sunt
1397 3002 1451 3055 in
1489 3001 1722 3071 judicio.
1763 3001 1871 3055 Per
1907 3009 2163 3055 austrum
2185 3056 2225 3079 η
2250 2997 2398 3064 quod
2428 2996 2635 3079 Griece‘
2665 2998 2811 3068 λίμνη
2863 2994 3131 3069 ἀσφάλτου,
3170 3000 3227 3055 id
3259 3008 3347 3055 est
3373 3003 3527 3057 lacus
3554 2999 3810 3055 bituminis

568 3110 698 3147 vero
728 3094 1008 3157 dextrum,
1042 3092 1173 3144 solis
1205 3107 1427 3159 semper
1471 3090 1594 3142 luce
1625 3096 1682 3142 et
1712 3091 1895 3143 calore
1927 3091 2165 3144 illustra-
2184 3056 2227 3116 Ο
2248 3084 2473 3149 dicitur,
2506 3102 2539 3138 a
2568 3074 2727 3139 nobis
2758 3086 3044 3141 Mortuum
3075 3105 3230 3143 mare
3259 3096 3507 3157 vocatur,
3532 3091 3667 3161 quod
3688 3088 3806 3143 nihil

563 3187 709 3247 tum,
738 3180 918 3234 sancti
956 3181 1273 3250 figurantur
1300 3178 1575 3231 charitate
1624 3177 1918 3241 ferventes,
1954 3186 2011 3231 et
2047 3178 2163 3231 veri

565 3270 700 3323 solis
740 3268 924 3339 gratia
971 3266 1329 3336 refulgentes,
1363 3266 1458 3335 qui
1503 3266 1574 3318 ad
1629 3265 1913 3318 dexteram
1958 3266 2163 3334 judicis

564 3357 849 3411 statuendi
878 3361 1027 3409 sunt.
1045 3355 1187 3409 Hinc
1215 3371 1418 3424 sponsa
1450 3353 1507 3406 in
1534 3354 1782 3407 Canticis
1814 3353 2162 3408 canticorum

563 3445 736 3500 dicit:
769 3465 795 3496 ιι
824 3445 1020 3514 Surge,
1053 3443 1260 3513 aquilo,
1291 3449 1349 3496 et
1376 3442 1747 3505 veni,auster,
1784 3461 1809 3493 ι
1836 3442 2162 3496 desiderans

563 3534 884 3606 aquilonem
928 3532 1216 3602 frigidum,
1267 3531 1325 3600 id
1368 3537 1454 3584 est
1481 3530 1765 3583 diabolum
1792 3532 2073 3595 recedere,
2105 3538 2162 3586 et

564 3629 843 3689 austrum,
874 3622 931 3676 id
952 3628 1036 3676 est
1066 3622 1336 3674 fervorem
1368 3619 1704 3676 dilectionis.
1741 3620 1926 3672 venire
1950 3639 1965 3690 ;
1993 3628 2049 3672 et
2062 3637 2162 3689 per

565 3712 827 3766 Habacuc
850 3711 1093 3765 dicitur:
1131 3727 1155 3759 α
1188 3710 1335 3762 Deus
1377 3707 1447 3760 ab
1488 3715 1680 3760 austro
1713 3708 1912 3760 veniet.
1950 3727 1975 3760 ι
2017 3708 2159 3761 Cum

566 3816 699 3870 ergo
728 3804 888 3853 tanta
908 3798 1081 3853 fuerit
1108 3797 1303 3851 divisio
1334 3797 1572 3849 duorum
1604 3796 1961 3864 populorum.
1981 3803 2038 3848 et
2060 3797 2157 3849 alii

562 3889 632 3942 ad
654 3888 924 3942 orientem
957 3892 1014 3941 et
1041 3893 1318 3947 austrum,
1350 3884 1447 3937 alii
1467 3884 1537 3937 ad
1569 3883 1889 3954 aquilonem
1921 3890 1978 3937 et
2007 3885 2156 3937 occi-

564 3977 792 4032 dentem
815 3976 1026 4031 fuerint
1052 3974 1317 4045 separati.
1344 3972 1609 4043 jubemur
1636 3973 1828 4042 fugere
1853 3972 1924 4025 ad
1956 3973 2154 4025 vallem

565 4067 844 4121 montium
869 4064 990 4128 Dei,
1024 4064 1129 4117 hoc
1156 4069 1242 4116 est
1269 4062 1340 4114 ad
1369 4062 1479 4114 duo
1503 4061 2159 4131 Testamenta,quoniam

565 4154 746 4218 vallis,
777 4153 833 4206 id
862 4158 948 4205 est
979 4166 1180 4219 vorago
1207 4166 1328 4219 quae
1359 4149 1540 4218 prima
1570 4148 1715 4201 facta
1750 4156 1835 4201 est
1862 4149 2156 4219 utriusque

566 4240 794 4305 montis,
812 4241 1084 4308 jungetur
1102 4238 1173 4289 ad
1196 4236 1529 4306 proximum,
1556 4235 1690 4301 sive,
1710 4242 1773 4289 ut
1786 4237 2157 4306 Septuaginta

563 4328 995 4389 transtulerunt,
1020 4325 1089 4378 ad
1116 4325 1341 4377 domum
1374 4323 1498 4386 Dei,
1534 4324 1859 4393 paradisum
1883 4324 2154 4391 videlicet,

2246 3172 2305 3225 in
2336 3189 2400 3226 eo
2428 3174 2602 3243 possit
2628 3174 2828 3229 vivere.
2863 3177 3017 3229 Mare
3046 3182 3236 3231 autem
3269 3180 3648 3244 novissimum,
3676 3192 3807 3231 mare

2247 3262 2452 3316 dicitur
2494 3263 2869 3333 Tyrrhenum,
2911 3266 3061 3335 quod
3109 3266 3264 3320 ducit
3308 3269 3382 3322 ad
3429 3269 3737 3341 (Egyptum,
3760 3272 3808 3320 et

2245 3349 2377 3403 facit
2427 3352 2619 3405 littora
2649 3353 2973 3407 Palaestinae.
3016 3355 3133 3408 Hoc
3163 3361 3248 3409 est
3278 3358 3430 3426 quod
3462 3358 3593 3412 dicit
3625 3360 3805 3425 :Aqum

2247 3455 2369 3509 quae
2400 3440 2761 3510 cgredientur
2782 3442 2918 3495 viva:
2966 3442 3036 3496 de
3084 3443 3467 3511 Hierusalem,
3498 3445 3673 3500 media
3697 3460 3806 3516 pars

2244 3543 2438 3580 earum
2468 3528 2570 3582 ibit
2596 3536 2791 3582 contra
2818 3531 3110 3595 orientem,
3145 3538 3203 3584 et
3231 3533 3475 3588 cadetin
3507 3536 3652 3587 mare
3678 3534 3804 3587 Mor-

2243 3622 2421 3677 tuum,
2452 3617 2510 3669 in
2541 3618 2687 3686 quod
2713 3618 2975 3671 Jordanis
3001 3619 3216 3685 inﬂuit;
3251 3623 3441 3675 media
3466 3622 3573 3676 alia
3596 3638 3713 3695 pars
3730 3620 3807 3674 de-

2240 3711 2429 3756 curret
2448 3704 2506 3757 in
2528 3721 2683 3758 mare
2712 3705 3070 3767 occidentale,
3098 3708 3245 3776 quod
3262 3716 3426 3763 vocat
3450 3710 3804 3771 novissimum,

2241 3791 2372 3860 quia
2397 3792 2474 3843 ibi
2500 3792 2629 3845 linis
2657 3799 2741 3846 est
2770 3792 2994 3847 Judzeaz.
3028 3795 3091 3848 In
3121 3801 3313 3849 aestate
3345 3805 3404 3850 et
3430 3799 3624 3868 hyeme
3644 3802 3805 3860 erunt,

2238 3886 2302 3932 ut
2329 3896 2431 3932 nec
2458 3881 2586 3949 gelu
2616 3881 2833 3951 hyemis
2877 3882 3355 3952 constringantur,
3385 3902 3489 3939 nec
3518 3886 3713 3940 aestatis
3734 3883 3807 3937 ni-

2238 3967 2350 4019 mio
2371 3968 2585 4022 fervore
2604 3968 2899 4034 siccentur,
2924 3970 3019 4022 sed
3037 3986 3261 4040 semper
3276 3971 3446 4041 pleno
3467 3974 3618 4027 alveo
3633 3973 3805 4025 fluant.

2239 4054 2491 4126 Cumque
2522 4056 2626 4109 hoc
2656 4056 2863 4110 factum
2894 4057 3085 4122 fuerit,
3135 4059 3244 4111 erit
3286 4059 3562 4115 Dominus
3605 4077 3693 4114 rex
3733 4074 3810 4112 su-

2238 4160 2339 4214 per
2366 4160 2591 4197 omnem
2614 4152 2847 4199 terram.
2878 4146 3043 4199 Juxta
3074 4163 3303 4201 sensum
3341 4150 3639 4220 mysticum
3669 4163 3804 4218 aqua:

2241 4248 2362 4302 quae
2392 4233 2760 4302 egrediuntur
2788 4232 2858 4287 de
2884 4234 3258 4300 Hierusalem,
3291 4236 3398 4290 hoc
3425 4243 3513 4292 est
3538 4238 3606 4291 de
3640 4236 3808 4291 Eccle-

2240 4320 2342 4381 sia,
2370 4319 2625 4373 doctrina
2658 4328 2744 4375 est
2773 4321 3113 4403 salvatoris;
3146 4323 3283 4377 dicit
3323 4326 3477 4379 enim
3507 4326 3767 4395 Propheta
3792 4339 3802 4373 :

563 4422 618 4469 et
639 4416 919 4469 ccelestem
945 4413 1318 4467 Hierusalem.
1347 4412 1506 4475 Quod
1547 4428 1677 4465 vero
1706 4428 1879 4482 supra
1909 4404 2217 4482 positumD
2243 4428 2267 4462 α
2302 4412 2379 4464 De
2412 4411 2544 4465 Sion
2574 4410 2747 4465 exibit
2767 4412 2874 4476 lex,
2912 4432 2933 4462 ι
2970 4418 3074 4467 etc.
3113 4414 3328 4467 Harum
3361 4416 3550 4470 media
3576 4431 3699 4486 pars
3722 4410 3810 4466 ibit

563 4510 649 4557 est
681 4522 692 4556 :
731 4522 757 4555 «
788 4503 977 4571 Usque
1006 4500 1076 4553 ad
1108 4499 1443 4569 proximum,
1471 4517 1497 4551 υ
1529 4499 1807 4568 signiﬁcat
1824 4500 2020 4568 juncta
2049 4501 2155 4554 sibi

531 4609 683 4647 'esse
703 4592 813 4646 duo
832 4591 1214 4655 Testamenta,
1247 4588 1345 4642 sed
1383 4604 1495 4640 non
1525 4587 1605 4640 ita
1633 4594 1697 4640 ut
1725 4604 1898 4640 unum
1923 4588 2037 4641 sint
2056 4605 2156 4659 per

561 4682 769 4746 omnia,
801 4680 898 4734 sed
928 4679 1107 4748 magis
1121 4676 1561 4731 vicina.Multum
1582 4676 1731 4729 enim
1754 4693 1818 4729 ex
1840 4677 2013 4729 veteri
2030 4678 2154 4746 lege

560 4772 872 4833 amisimus,
897 4786 998 4823 nec
1017 4768 1377 4822 observamus
1411 4766 1467 4819 in
1497 4765 1671 4832 Novo,
1704 4770 1762 4819 et
1798 4765 1942 4819 sicut
1961 4772 2154 4820 terrae-

560 4860 748 4914 motu's
778 4859 880 4912 sub
912 4859 1046 4913 Ozia
1075 4873 1207 4927 rege
1246 4855 1568 4909 mortalium
1610 4854 1779 4907 corda
1824 4856 2149 4925 perterruit,

556 4950 638 5002 ita
683 4948 964 5017 separatio
1005 4947 1267 5005 duorum,
1303 4942 1537 4997 orientis
1568 4950 1624 4996 et
1651 4943 1973 5010 occidentis,
2010 4961 2152 5013 gen-

560 5036 700 5089 tium
729 5042 787 5088 et
812 5034 1153 5098 Judaeorum,
1186 5037 1244 5085 et
1283 5047 1509 5085 rursum
1540 5031 1888 5084 credentium
1919 5030 1977 5083 in
2008 5048 2152 5085 vana

557 5124 667 5177 fide
695 5122 951 5186 societas,
982 5137 1149 5191 quam
1195 5119 1509 5189 designavit
1535 5119 1768 5173 orientis
1798 5125 1857 5172 et
1884 5121 2149 5173 australis

555 5210 841 5265 divisionis
865 5208 1204 5279 conjunctio,
1245 5208 1302 5260 in
1340 5215 1627 5277 stuporem
1659 5214 1984 5277 metumque
2013 5224 2145 5261 con-

553 5305 731 5353 vertet
756 5300 995 5361 animos,
1035 5295 1451 5350 inscrutabilem
1499 5295 1761 5366 abyssum
1800 5294 2142 5365 judiciorum

2237 4498 2308 4551 ad
2341 4516 2495 4552 mare
2525 4500 2816 4564 orientale,
2858 4500 2915 4553 id
2951 4506 3035 4554 est
3074 4501 3144 4554 ad
3187 4503 3461 4572 populum
3490 4504 3804 4563 Iudaeorum,

2239 4589 2334 4656 qui
2364 4587 2579 4657 primus
2609 4587 2800 4641 lumen
2830 4586 3029 4642 divinze
3061 4589 3421 4658 cognitionis,
3458 4591 3615 4662 quasi
3640 4596 3805 4645 ortum

2236 4676 2449 4745 accepit
2474 4675 2532 4728 in
2560 4674 2844 4745 apostolis,
2876 4683 2933 4729 et
2953 4666 3054 4747 per
3073 4693 3167 4730 eos
3187 4677 3392 4732 ductus
3415 4685 3504 4733 est
3528 4680 3599 4733 ad
3625 4679 3804 4741 fidem;

2238 4763 2485 4816 medium
2512 4770 2699 4816 autem
2731 4779 2924 4817 earum
2956 4764 3061 4817 ibit
3090 4764 3161 4817 ad
3190 4780 3344 4819 mare
3374 4762 3807 4830 novissimum,id

2237 4858 2319 4903 est
2348 4851 2708 4917 occidentale,
2740 4852 2846 4905 hoc
2894 4858 2981 4905 est
3020 4852 3091 4905 ad
3118 4853 3374 4922 gentium
3402 4857 3677 4910 nationes.
3716 4854 3809 4907 Per

2234 4939 2336 4993 has
2391 4945 2580 4993 autem
2632 4940 2826 5010 plagas
2881 4940 3112 4995 orientis
3158 4946 3216 4995 et
3270 4942 3596 5010 occidentis,
3636 4957 3806 4997 omnes

2233 5028 2429 5081 mundi
2473 5034 2661 5099 partes
2704 5028 2972 5082 debemus
3002 5028 3273 5105 acciperg,
3317 5030 3374 5084 in
3430 5032 3634 5102 quibus
3668 5045 3807 5102 aqum

2231 5117 2431 5171 divina:
2485 5117 2728 5171 scientiae
2777 5118 3039 5172 derivata:
3085 5125 3233 5173 sunt.
3286 5120 3448 5175 Unde
3500 5121 3799 5176 Dominus:

2233 5227 2254 5256 ι
2293 5205 2475 5271 Multi,
2506 5205 2708 5276 inquit,
2727 5205 2797 5259 ab
2828 5206 3043 5260 oriente
3072 5213 3130 5261 et
3160 5207 3229 5261 ab
3258 5208 3551 5264 occidente
3578 5209 3799 5271 venient,

2226 5300 2284 5347 et
2310 5294 2635 5347 recumbent
2662 5310 2789 5348 cum
2814 5293 3118 5361 Abraham,
3153 5316 3176 5345 ι
3212 5302 3315 5349 etc.
3352 5297 3660 5352 Possumus
3687 5310 3805 5366 quo-

548 5387 649 5441 Dei
682 5386 1106 5442 admirantium.
1138 5385 1277 5437 Cum
1305 5392 1495 5437 autem
1523 5384 1626 5437 hoc
1644 5383 1850 5436 factum
1863 5383 2051 5450 fuerit,
2084 5390 2142 5436 et
2225 5399 2333 5454 que
2356 5400 2457 5453 per
2484 5399 2637 5436 mare
2667 5382 3006 5437 orientaleet
3024 5384 3800 5454 marenovissimum,utrum-

546 5476 723 5530 Judaei
769 5480 1077 5545 gentesque
1100 5472 1157 5526 in
1178 5490 1352 5527 unum
1388 5472 1598 5527 fuerint
1617 5472 1832 5539 sociati,
1867 5481 1999 5525 tunc
2026 5491 2048 5521 ι
2083 5478 2141 5526 et
2222 5489 2329 5543 que
2347 5472 2768 5537 Testamentum
2799 5471 2937 5541 legis
2968 5478 3026 5525 et
3045 5472 3329 5542 Evangelii
3358 5473 3634 5544 accipere,
3665 5468 3797 5544 quod

544 5564 730 5622 veniet
748 5563 1020 5620 Dominus
1038 5564 1188 5618 Deus
1210 5578 1368 5617 meus
1402 5583 1424 5614 ι
1458 5562 1529 5615 ad
1554 5562 1833 5631 judicium
1861 5579 1888 5614 α
1916 5576 2138 5615 omnes-
2220 5576 2447 5615 necesse
2499 5566 2587 5614 est
2631 5565 2698 5614 ut
2743 5559 3047 5615 Salvatoris
3093 5560 3345 5629 ﬂumine,
3393 5561 3456 5616 id
3516 5569 3607 5619 est
3650 5558 3798 5634 spiri-
