3926 6164
188 228 274 286 ‘273

1032 228 1449 284 ENARRATIO
1492 229 1571 284 IN
1609 228 2028 283 ZACHARIAM
2066 229 2527 284 PROPHETAM.

3314 227 3421 284 274

185 353 304 408 tuali
328 368 508 415 sensu,
532 352 874 419 dulcescunt,
900 360 958 409 et
986 356 1424 411 amaritudinem
1458 358 1744 429 deponant
1759 357 1812 418 Α
1828 372 1950 425 quae
1980 362 2066 409 est
2087 357 2461 415 Hierusalem.
2490 357 2561 409 de
2581 356 2803 410 deserto
2818 361 3119 426 consurget
3135 357 3205 410 ad
3228 356 3419 416 colles,

181 441 456 496 occidentis
507 441 728 495 litterae.
782 443 878 497 Ha:
921 461 1082 514 aquae
1111 445 1168 498 in
1219 454 1411 499 testate
1458 452 1514 499 et
1544 447 1743 516 hyeme

180 536 343 597 erunt,
373 530 502 600 quia
530 546 632 583 nec
662 530 720 583 in
759 536 1150 603 prosperitate,
1184 551 1306 604 quae
1338 552 1437 603 per
1466 540 1739 597 aestatem,

181 635 336 689 neque
353 618 410 671 in
430 618 765 672 adversitate
785 622 1208 690 persecutionis,
1227 639 1350 692 quae
1367 640 1464 692 per
1482 624 1742 693 hyemem

177 706 755 776 designatur,doctrina
772 709 1011 763 caelestis
1032 727 1261 764 manare
1278 711 1738 765 desistit.Notan-

177 795 291 848 dum
316 794 459 864 quod
499 794 558 848 in
590 795 961 867 Septuaginta
988 814 1100 852 non
1131 799 1370 853 habetur
1414 799 1474 853 in
1515 801 1735 871 hyeme,

182 902 201 932 ι
226 882 313 937 sed
339 883 395 936 in
423 900 549 937 vere
581 890 639 938 et
664 885 722 938 in
751 892 944 940 aestate
966 893 1152 951 erunt,
1188 908 1210 937 ι
1246 894 1302 941 et
1321 888 1523 942 idcirco
1564 906 1739 959 aquas

173 971 302 1024 vivas
330 971 552 1042 quidam
587 973 659 1027 ad
688 972 1028 1044 baptismum
1067 976 1489 1047 referunt,quod
1525 978 1582 1031 in
1613 995 1738 1032 vere

173 1065 219 1111 et
240 1058 292 1111 in
316 1064 524 1124 aestate,
550 1059 606 1113 id
638 1067 724 1114 est
752 1061 810 1115 in
844 1063 1060 1116 Pascha
1089 1070 1147 1117 et
1192 1064 1247 1116 in
1285 1068 1606 1119 Pentecoste
1634 1082 1736 1133 ges

169 1147 407 1200 neraliter
434 1147 505 1200 ab
534 1148 687 1202 omni
718 1150 965 1204 Ecclesia
992 1152 1325 1205 celebratur.
1365 1172 1385 1199 α
1429 1155 1484 1206 in
1518 1154 1606 1207 die
1637 1155 1735 1207 illa

168 1236 260 1288 erit
281 1236 545 1290 Dominus
575 1254 741 1301 unus,
791 1244 848 1292 et
875 1240 985 1293 erit
1011 1257 1216 1295 nomen
1248 1243 1370 1310 ejus
1415 1258 1589 1295 unum
1623 1262 1634 1295 :
1679 1249 1736 1297 et

166 1330 453 1377 revertetur
474 1326 658 1379 omnis
688 1333 837 1380 terra
870 1337 1048 1399 usque
1077 1329 1148 1382 ad
1178 1330 1483 1390 desertum,
1504 1331 1573 1383 de
1591 1332 1732 1384 colle

166 1412 451 1466 Rhemmon
480 1414 553 1466 ad
582 1420 837 1468 austrum
870 1416 1218 1470 Hierusalem
1245 1435 1256 1469 :
1281 1423 1338 1471 et
1368 1418 1725 1483 exaltabitur,

164 1507 207 1553 et
232 1499 500 1555 habitabit
529 1503 588 1556 in
618 1502 738 1557 loco
767 1521 868 1557 suo
897 1521 932 1557 a
952 1511 1114 1575 porta
1146 1506 1437 1576 Benjamin
1461 1524 1638 1577 usque
1660 1508 1730 1560 ad

163 1588 319 1641 locum
348 1596 526 1660 porta:
551 1592 771 1661 prioris,
810 1598 867 1646 et
896 1610 1070 1663 usque
1118 1595 1188 1648 ad
1228 1600 1447 1664 portam
1492 1597 1727 1665 angulo-

1824 451 1882 498 et
1909 445 1978 497 de
2007 445 2241 498 collibus
2272 445 2342 498 ad
2381 445 2598 498 excelsa
2639 444 2981 515 proficiendo
3010 445 3079 498 de
3119 445 3323 499 virtute
3362 444 3422 498 in

1823 532 2109 595 virtutem,
2143 550 2245 586 nec
2288 533 2391 586 hoc
2421 534 2531 587 fine
2563 538 2847 597 contenta,
2883 534 3175 604 perveniet
3212 533 3282 586 ad
3315 549 3421 586 au-

1824 621 2052 674 stralem
2086 621 2441 691 plagam,ubi
2470 621 2652 675 fervor
2679 621 2993 675 dilectionis
3024 627 3082 675 et
3104 622 3420 692 splendoris

1824 710 2038 771 aeterni,
2096 710 2296 763 divinae
2337 710 2553 764 scilicet
2609 710 2837 763 visionis
2895 710 3152 774 societas,
3188 711 3257 764 de
3306 727 3420 780 qua

1825 798 2124 853 Psalmista
2156 816 2166 850 :
2225 815 2250 850 α
2284 798 2544 852 Satiabor
2572 815 2698 853 cum
2731 799 3186 853 manifestabitur
3233 800 3419 871 gloria

1822 893 1937 942 tua.
1950 910 1967 936 ι
1982 887 2159 941 Rhem
2168 902 2298 939 mon
2315 903 2535 957 quoque
2547 889 2954 959 interpretatur
2964 889 3415 958 malogranatum

1823 993 1944 1047 quae
1970 982 2055 1029 est
2080 975 2265 1039 arbor,
2287 978 2694 1047 cujus§pomum
2719 977 3176 1046 pulcherrimum.
3186 979 3415 1045 plenum

1817 1065 2010 1136 grauis
2038 1082 2160 1135 quae
2185 1066 2546 1119 continentur
2563 1065 2795 1117 diversis
2814 1064 3049 1125 cellulis,
3074 1065 3412 1135 quibusdam

1819 1153 2222 1207 membranulis
2242 1154 2446 1207 cortice
2467 1153 2721 1222 puniceo.
2738 1154 2940 1207 Fertur
2957 1160 3143 1208 autem
3167 1154 3413 1209 fervores

1818 1242 2090 1296 stomachi
2123 1258 2340 1305 sanare,
2394 1249 2451 1295 et
2476 1247 2800 1312 corruptum
2844 1248 3095 1295 ventrem
3144 1259 3409 1312 purgare,

1816 1331 2191 1401 omnibusque
2205 1331 2505 1384 visceribus
2521 1331 2805 1400 prodesse.
2830 1330 3298 1400 Haecspeciositas
3310 1347 3412 1401 po-

1815 1420 1893 1472 mi
1913 1420 2172 1501 convenit
2194 1420 2451 1474 Ecclesiae
2472 1421 2527 1472 in
2552 1418 2755 1472 rubore
2777 1418 3101 1472 verecundae
3126 1418 3410 1488 pudicitia;

1812 1508 1872 1561 in
1895 1524 2201 1575 granorum
2232 1508 2449 1573 ordine,
2472 1507 2684 1577 gradus
2705 1512 2762 1559 et
2778 1507 3031 1560 membra
3051 1506 3226 1560 totius
3245 1507 3416 1561 eccle-

1814 1595 2021 1649 siastici
2047 1597 2297 1667 corporis
2326 1613 2427 1666 per
2456 1596 2678 1665 singula
2724 1595 2906 1648 officia
2960 1594 3281 1649 distributa.
3328 1596 3410 1650 De

161 1692 263 1729 rum
283 1696 293 1730 :
323 1686 378 1730 et
399 1696 435 1731 a
459 1685 613 1732 turre
633 1680 924 1734 Ananehel
949 1698 1125 1751 usque
1150 1684 1221 1735 ad
1237 1683 1541 1736 toreularia
1559 1683 1722 1753 regis.
1746 1697 1792 1755 Β
1811 1684 1952 1738 colle
1969 1690 2157 1737 autem
2178 1684 2495 1737 Rhemmon
2512 1684 2789 1753 incipiunt
2811 1684 2951 1736 fines
2975 1683 3251 1745 Ecclesiae,
3272 1683 3406 1754 quia

162 1765 216 1817 Et
235 1765 561 1821 habitabant
582 1767 641 1820 in
669 1784 755 1829 ea,
784 1774 841 1822 et
866 1770 1166 1823 anathema
1188 1786 1301 1823 non
1329 1771 1438 1824 erit
1465 1772 1725 1842 amplius,

160 1855 238 1908 sed
263 1856 478 1910 sedebit
516 1858 871 1912 Hierusalem
928 1876 1143 1913 secura.
1181 1878 1208 1913 υ
1250 1861 1380 1913 Hmc
1432 1861 1621 1914 omnia
1659 1862 1728 1914 de

159 1946 507 1998 exstructione
548 1946 903 1999 Hierusalem
941 1952 1198 2011 terrente,
1242 1954 1299 2001 et
1343 1949 1412 2001 de
1450 1964 1726 2018 aquarum

159 2032 465 2102 egressione,
501 2050 626 2104 quae
656 2034 728 2087 ad
756 2041 1059 2105 utrumque
1083 2035 1334 2089 deﬂuant
1356 2053 1531 2102 mare,
1549 2038 1728 2091 Judaei

157 2128 201 2173 et
227 2121 458 2175 haeretici
494 2121 870 2192 judaizantes,
912 2140 1052 2193 quos
1100 2122 1398 2178 Chiliastas
1441 2132 1658 2187 vocant,
1694 2142 1729 2177 a

156 2224 360 2263 numero
416 2210 579 2264 mille
622 2227 919 2276 annorum,
977 2211 1182 2281 quibus
1232 2229 1292 2265 se
1351 2218 1553 2282 putant
1598 2230 1724 2266 cum

156 2298 348 2351 Christo
370 2315 476 2353 suo
524 2298 767 2353 feliciter
792 2306 1127 2369 regnaturus
1155 2300 1213 2354 in
1252 2303 1363 2354 fine
1394 2302 1583 2379 saeculi
1621 2302 1727 2356 sibi

154 2386 706 2455 repromittunt.Dicit
723 2388 872 2440 enim
896 2388 1045 2458 quod
1064 2405 1192 2442 cum
1214 2389 1434 2443 Christo
1450 2390 1508 2443 in
1532 2390 1729 2443 Hieru-

156 2474 302 2527 salem
332 2492 506 2529 aurea
536 2481 597 2528 et
614 2482 901 2544 gemmata
932 2477 1307 2545 regnaverint,
1325 2478 1441 2546 jam
1469 2495 1581 2531 non
1613 2479 1731 2532 sint.

156 2561 296 2628 idola,
318 2580 418 2617 nec
448 2564 679 2617 diversa
704 2565 943 2627 cultura,
987 2565 1083 2618 sed
1125 2566 1235 2618 erit
1261 2566 1531 2620 Dominus
1555 2584 1720 2632 unus,

154 2655 197 2702 et
219 2651 325 2720 ipse
344 2652 498 2706 solus
529 2652 935 2714 nominabitur,
955 2659 1008 2707 et
1039 2654 1222 2707 omnis
1243 2661 1391 2707 terra
1414 2661 1726 2709 revertetur

154 2736 209 2790 ad
231 2739 519 2810 antiquum
546 2746 780 2804 statum,
815 2741 1039 2810 quando
1062 2742 1241 2795 omnis
1269 2748 1420 2795 terra
1442 2743 1654 2797 inculta
1670 2750 1726 2798 et

1812 1771 1881 1823 ab
1910 1772 2229 1826 humilitate
2261 1778 2315 1825 et
2339 1789 2372 1825 a
2402 1771 2711 1826 minoribus
2735 1773 2977 1835 inchoat,
2994 1777 3058 1826 ut
3085 1772 3222 1825 ordo
3239 1773 3411 1826 eccle-

1811 1860 2068 1913 siasticus
2095 1860 2429 1930 quibusdam
2454 1859 2791 1929 profectibus
2829 1865 3207 1914 construatur.
3242 1861 3407 1915 Exal-

1810 1948 2025 2002 tabitur
2062 1955 2251 2021 autem
2283 1948 2556 2018 incipiens
2586 1965 2617 2001 a
2648 1947 2902 2010 collibus,
2934 1952 2992 2001 et
3032 1946 3310 2002 habitabit
3346 1949 3406 2003 in

1811 2037 1929 2090 loco
1980 2054 2081 2090 suo
2136 2037 2193 2089 in
2249 2037 2492 2090 statione
2552 2035 2927 2105 perfectionis.
2994 2037 3075 2090 De
3122 2037 3226 2090 hoc
3284 2038 3405 2091 loco

1810 2125 2111 2178 Psalmista
2135 2125 2270 2178 dicit
2311 2142 2321 2176 :
2360 2142 2384 2174 «
2419 2126 2480 2178 In
2513 2125 2633 2177 loco
2685 2124 2911 2194 (inquit)
2943 2140 3162 2195 pascuae
3192 2125 3269 2178 ibi
3315 2142 3406 2180 me

1808 2214 2114 2266 collocavit.
2137 2214 2444 2284 nSequitur
2475 2231 2485 2264 :
2510 2233 2531 2262 α
2556 2230 2590 2266 a
2621 2218 2781 2283 porta
2817 2213 3103 2282 Benjamin
3121 2229 3299 2284 usque
3331 2214 3404 2267 ad

1811 2303 1995 2355 locum
2039 2308 2212 2371 portae
2267 2302 2489 2372 prioris.
2548 2321 2575 2352 ι
2640 2302 2935 2371 Benjamin
2988 2301 3398 2372 interpretatur

1813 2390 1965 2443 ﬁlius
1995 2391 2362 2459 dextrae,quia
2390 2395 2584 2443 sancta
2614 2390 2909 2443 Ecclesiaa
2943 2391 3149 2445 virtute
3186 2390 3401 2461 incipit,

1811 2495 1977 2548 quam
2018 2478 2297 2548 signiticet
2348 2478 2597 2541 dextera,
2650 2484 2706 2531 et
2760 2479 3013 2549 pervenit
3065 2479 3136 2532 ad
3183 2484 3406 2549 portam

1809 2566 2079 2635 priorem,
2113 2566 2167 2619 id
2199 2574 2285 2620 est
2304 2568 2491 2628 ﬁdem,
2526 2573 2586 2620 ut
2618 2584 2718 2636 per
2752 2584 2874 2620 eam
2911 2568 3299 2637 ingrediamur
3332 2568 3403 2622 ad

1809 2654 2057 2725 reliquas
2079 2655 2331 2709 virtutes.
2355 2655 2555 2708 Statim
2583 2656 2824 2708 occurrit
2854 2662 3016 2724 porta
3045 2657 3402 2724 angulorum,

1810 2742 1863 2795 id
1889 2751 1973 2795 est
2003 2743 2260 2796 Christus
2290 2743 2430 2812 lapis
2454 2743 2760 2811 angularis,
2781 2742 3072 2796 continens
3093 2751 3149 2796 et
3176 2744 3405 2811 conjun-

152 2823 341 2880 deserta
369 2829 497 2881 erit.
533 2828 947 2898 Ponunturque
976 2828 1242 2883 vocabula
1266 2830 1536 2890 locorum,
1554 2847 1588 2883 a
1609 2848 1719 2900 quo
1738 2845 1781 2903 ο
1808 2846 1945 2897 gens
1972 2830 2075 2883 sibi
2104 2831 2246 2884 duos
2263 2831 2526 2900 parietes.
2559 2830 2740 2901 Super
2766 2831 2917 2884 hunc
2944 2831 3186 2902 lapidem
3218 2831 3405 2885 aedifi-

152 2912 248 2966 loco
276 2931 446 2985 usque
495 2916 575 2969 ad
613 2917 797 2969 locum
846 2917 1199 2971 Hierusalem
1249 2918 1578 2971 aediﬁcanda
1626 2919 1716 2983 sit,

150 2999 372 3057 videlicet
400 3005 470 3058 de
503 3005 651 3058 colle
672 3005 984 3059 Rhemmon
1009 3023 1189 3076 usque
1213 3007 1285 3059 ad
1306 3012 1561 3060 austrum
1594 3008 1722 3061 Hie-

1805 2924 2005 2971 eantur
2037 2918 2131 2971 alii
2164 2920 2465 2988 angulares
2497 2918 2730 2988 lapides,
2780 2919 3019 2989 apostoli
3047 2919 3306 2973 videlicet
3344 2925 3403 2974 et
3462 2938 3479 2951 ο

1804 3007 2095 3077 apostolici
2125 3006 2245 3071 viri,
2296 3009 2648 3061 continentes
2677 3007 2921 3077 reliquos
2950 3008 3186 3078 angulos
3215 3008 3400 3063 Eccle-

154 3092 385 3151 rusalem,
401 3098 458 3146 et
480 3093 829 3147 exaltabitur
850 3093 908 3147 in
933 3094 1164 3164 pristino
1193 3101 1405 3165 aporta
1427 3096 1721 3164 Benjamin
1804 3095 2129 3165 sia),quibus
2146 3095 2399 3164 loquitur
2420 3096 2659 3149 Paulus:
2690 3117 2711 3145 ι
2741 3095 2885 3149 Estis
2905 3097 3053 3150 cives
3074 3102 3400 3151 sanctorum

150 3192 299 3250 usque
325 3183 393 3236 ad
440 3190 673 3253 portam
712 3183 1067 3251 angulorum.
1108 3190 1163 3237 et
1189 3200 1223 3236 a
1251 3191 1406 3238 turre
1429 3184 1721 3237 Ananehel
1804 3189 1860 3236 et
1888 3184 2178 3237 domestici
2210 3184 2330 3245 Dei,
2365 3189 2507 3238 etc.u
2540 3185 2871 3238 [Ediﬁcatur
2904 3200 3127 3255 quoque
3153 3185 3403 3239 Ecclesia

150 3284 297 3339 usque
320 3272 388 3324 ad
416 3271 737 3324 toreularia
768 3271 970 3340 regis:
1000 3272 1069 3325 Et
1088 3273 1387 3325 anathema
1411 3287 1524 3325 non
1552 3272 1713 3336 erit,»
1802 3288 1834 3324 a
1878 3277 2033 3324 turre
2077 3271 2385 3333 Ananebel,
2448 3272 2542 3342 qui
2600 3272 3007 3343 interpretatur
3042 3272 3400 3341 gratissimus

149 3356 193 3409 id
222 3364 296 3412 est
321 3361 514 3413 nullus
552 3366 756 3423 metus,
812 3360 1002 3413 nullus
1034 3360 1279 3414 hostium
1310 3361 1574 3431 impetus,
1618 3360 1714 3414 sed
1800 3360 1921 3423 Dei,
1944 3361 2365 3413 firmamentum
2381 3360 2641 3414 videlicet
2656 3361 2802 3422 ﬁdei,
2825 3361 2962 3430 spei,
2989 3367 3046 3414 et
3075 3360 3390 3426 charitatis,

148 3445 331 3499 sedebit
399 3464 611 3501 secura
668 3452 726 3501 et
777 3448 959 3501 otiosa
1024 3449 1377 3502 Hierusalem
1444 3449 1503 3502 in
1564 3466 1719 3518 pace.
1805 3448 1876 3502 ad
1908 3449 2056 3519 quod
2087 3466 2146 3501 se
2190 3449 2509 3519 pervenisse
2537 3448 2933 3518 gratulabatur
2960 3449 3277 3513 Psalmista,
3310 3448 3399 3502 di-

146 3534 425 3589 Anathema
454 3541 657 3589 autem
688 3536 943 3589 Graecum
965 3542 1050 3589 est
1073 3536 1326 3598 verbum,
1362 3537 1560 3590 Latine
1592 3537 1725 3590 alie-
1805 3554 1934 3591 cens
1956 3556 1967 3588 :
2008 3559 2028 3583 ιι
2053 3537 2339 3591 Deduxisti
2375 3555 2463 3591 me
2481 3541 2613 3608 quia
2633 3538 2814 3591 factus
2834 3555 2892 3590 es
2914 3554 3041 3607 spes
3060 3553 3202 3601 mea,
3223 3538 3398 3590 turris

147 3622 271 3674 natio
288 3623 391 3676 dici
414 3625 873 3695 potest.Tractus
894 3630 1085 3678 autem
1107 3642 1290 3678 sermo
1312 3642 1346 3678 a
1368 3626 1554 3689 rebus,
1579 3643 1721 3696 quas
1804 3625 2153 3678 fortitudinis
2190 3642 2222 3677 a
2250 3625 2390 3678 facie
2420 3625 2651 3678 inimici.
2690 3644 2714 3675 ›)
2748 3625 2870 3688 Qua
2908 3633 3063 3677 turre
3101 3624 3241 3677 nihil
3279 3625 3395 3678 Deo

147 3706 367 3765 homines
396 3720 534 3767 vota
578 3711 850 3766 facientes
881 3714 1106 3783 templis
1138 3713 1459 3782 afﬁgebant.
1496 3720 1553 3767 et
1589 3731 1623 3767 a
1659 3731 1718 3767 se
1802 3713 2036 3782 gratius.
2063 3714 2207 3767 Hinc
2229 3715 2481 3783 pervenit
2496 3713 2790 3767 aediﬁcatio
2810 3714 2878 3766 ad
2897 3713 3201 3766 toreularia
3222 3712 3393 3783 regis,

147 3797 299 3853 aliena
321 3802 631 3867 faciebant,
660 3802 919 3855 videlicet
954 3798 1052 3854 οἱπὸ
1097 3808 1185 3854 τοῦ
1226 3800 1515 3867 ἀνατιθέναι,
1548 3803 1602 3855 id
1631 3808 1718 3857 est
1800 3802 1858 3855 in
1895 3802 2097 3871 quibus
2139 3802 2471 3871 exprimitur
2521 3801 2801 3855 vindemia
2832 3802 3056 3864 Christi,
3093 3818 3215 3872 qua}
3270 3801 3392 3871 ipse

149 3900 174 3936 a
214 3904 417 3943 sursum
478 3891 772 3962 ponendo.
805 3891 891 3943 vel
919 3891 1336 3961 suspendendo.
1378 3892 1506 3945 Hazc
1534 3892 1613 3944 illi
1644 3893 1714 3945 ad
1798 3891 2014 3961 primus
2035 3890 2459 3943 calcavit.Unde
2484 3896 2540 3942 et
2562 3907 2661 3959 per
2687 3889 2896 3942 Isaiam
2923 3890 3130 3942 dicitur
3156 3908 3167 3941 :
3205 3908 3231 3940 «
3253 3886 3405 3944 Tor-V

146 3971 352 4031 litteram
376 3980 582 4033 futura
610 3980 989 4048 suspicantur,
1022 3996 1125 4033 nos
1155 3996 1380 4033 sensum
1415 3981 1713 4051 mysticum
1796 3979 1955 4031 cular
1982 3976 2185 4030 calcavi
2219 3978 2389 4037 solus,
2431 3998 2451 4026 ι
2483 3984 2587 4030 etc.
2623 3979 2686 4031 In
2738 3977 2824 4030 his
2862 3976 3236 4031 torcularibus
3284 3977 3395 4029 cal-

148 4073 554 4131 perscrutemur,
587 4072 646 4121 et
676 4084 799 4138 quae
846 4068 927 4121 illi
975 4067 1043 4120 de
1082 4074 1310 4120 terrena
1361 4068 1712 4121 Hierusalem
1795 4072 1996 4120 cantur
2014 4065 2159 4119 botri
2180 4065 2613 4135 martyrum,qui
2633 4066 2868 4135 vestigia
2888 4064 3390 4135 passionisChristi

147 4155 454 4225 contingunt.
498 4157 948 4227 interpretemur
980 4157 1049 4209 de
1096 4172 1343 4226 superna
1390 4164 1447 4209 et
1475 4157 1707 4209 ecelesti.

1794 4161 2127 4225 sequuntur,
2162 4160 2219 4207 et
2243 4155 2387 4208 sicut
2414 4154 2506 4207 ille
2531 4171 2630 4224 pro
2664 4154 2744 4207 eis
2774 4154 3021 4207 animam
3050 4152 3258 4224 posuit,
3310 4153 3391 4207 sic

148 4240 259 4294 Cum
282 4246 425 4299 enim
454 4245 639 4299 fuerit
660 4245 932 4298 Dominus
958 4245 1120 4299 Jesus
1151 4262 1245 4298 rex
1285 4262 1455 4315 super
1484 4261 1708 4298 omnem
1731 4271 1776 4329 ι)
1795 4244 1901 4314 ipsi
1923 4261 2022 4314 pro
2039 4244 2157 4312 ejus
2180 4243 2479 4297 dilectione
2501 4249 2739 4297 mortem
2769 4242 2957 4295 subire
2980 4258 3089 4296 non
3106 4247 3387 4296 metuunt.

147 4332 340 4399 terram,
370 4341 427 4388 et
452 4351 668 4388 nomen
699 4333 821 4403 ejus
850 4350 1042 4393 unum.
1078 4339 1142 4387 ut
1169 4333 1287 4403 ipse
1317 4335 1469 4387 solus
1499 4336 1712 4387 invoce-
1796 4336 1935 4387 Cum
1967 4349 2099 4402 ergo
2128 4332 2322 4385 civitas
2354 4332 2452 4385 Dei
2474 4332 2747 4386 aedificata
2777 4331 3096 4402 pervenerit
3140 4331 3210 4384 ad
3240 4332 3390 4402 regis

149 4426 221 4468 tur
236 4426 286 4472 et
304 4423 521 4476 colatur
552 4422 726 4484 Deus,
777 4421 928 4475 omni
975 4421 1117 4474 falsa
1158 4421 1428 4491 religione
1468 4421 1706 4485 sublata,

148 4504 515 4582 impletumque
545 4512 722 4566 fuerit
776 4512 921 4581 quod
953 4511 1253 4565 Psalmista
1304 4511 1374 4565 ad
1408 4511 1709 4565 Dominum

147 4593 250 4648 dicit
279 4616 331 4649 τε
366 4600 600 4653 Domine
631 4600 904 4653 Dominus
926 4606 1135 4665 noster,
1160 4606 1291 4659 etc.,
1316 4618 1341 4651 ι)
1365 4605 1499 4653 tunc
1519 4616 1708 4653 rever-

146 4686 450 4741 teturomnis
469 4694 630 4742 terra
648 4688 717 4741 ad
736 4688 1105 4749 desertum,id
1129 4695 1216 4741 est
1234 4705 1373 4758 gens
1386 4690 1704 4743 Judaeorum

146 4768 391 4829 incredula
419 4777 549 4837 erit,
576 4776 723 4830 sicut
754 4776 1037 4846 quondam
1069 4776 1293 4830 fuerant
1335 4784 1531 4847 gentes
1582 4795 1705 4848 quae

146 4870 373 4917 Vocantur
426 4867 744 4927 desertum,
777 4871 833 4918 et
876 4865 1135 4918 notitiam
1186 4867 1286 4919 Dei
1316 4883 1428 4919 non
1472 4866 1697 4920 habent.

145 4944 315 5004 Gentes
341 4970 468 5007 vero
517 4954 813 5007 credentes
860 4953 919 5006 in
969 4954 1256 5007 Christum
1307 4955 1489 5007 locum
1542 4955 1698 5008 illum

147 5032 388 5095 habebunt
433 5044 590 5113 apud
643 5042 838 5102 Deum,
872 5058 1038 5111 quem
1069 5043 1350 5112 quondam
1386 5042 1703 5097 habuerunt

147 5122 305 5181 Judaei.
326 5131 468 5185 Hinc
487 5148 593 5201 per
612 5130 818 5184 Isaiam
842 5130 1047 5183 dicitur
1070 5149 1116 5183 ει
1143 5132 1512 5184 Convertetur
1534 5131 1701 5185 Liba-

149 5224 229 5263 nus
254 5215 302 5268 in
322 5217 600 5276 Chermel.
627 5225 686 5271 et
704 5218 964 5271 Chermel
980 5218 1035 5271 in
1053 5219 1259 5271 saltum
1276 5219 1650 5288 reputabitur.
1671 5240 1697 5269 ι)

149 5296 434 5359 Revertetur
463 5313 654 5360 autem
703 5306 772 5359 de
802 5307 938 5360 colle
969 5307 1284 5360 Rhemmon
1329 5307 1398 5360 ad
1443 5313 1698 5362 austrum

149 5384 810 5449 Hierusalem.Rhemmon
845 5396 1253 5466 interpretatur
1283 5397 1583 5461 excelsum,
1615 5399 1700 5451 vel

147 5477 575 5550 malogranatum,
599 5501 701 5556 per
720 5485 868 5556 quod
883 5485 1232 5555 signiﬁcatur
1253 5486 1402 5557 quod
1437 5487 1697 5553 Ecclesia,

1795 4420 2004 4475 Christi
2034 4420 2356 4483 toreularia,
2406 4422 2522 4489 jam
2554 4438 2667 4474 non
2699 4421 2807 4475 erit
2857 4421 3178 4483 anathema,
3207 4420 3266 4474 id
3302 4426 3391 4475 est

1794 4510 2112 4563 maledictio
2143 4510 2225 4562 vel
2246 4510 2528 4574 alienatio,
2549 4510 2647 4563 sed
2677 4509 2785 4563 erit
2805 4510 3155 4563 Hierusalem
3190 4524 3390 4562 secura

1792 4604 1961 4668 atque
1990 4599 2274 4652 conﬁdens
2308 4616 2352 4649 ε(
2390 4598 2728 4652 Benedictus
2748 4598 2892 4653 enim
2924 4598 3008 4650 vir
3032 4597 3127 4667 qui
3153 4597 3385 4650 confidit

1793 4687 1847 4740 in
1890 4688 2148 4742 Domino.
2183 4707 2206 4739 ι

1862 4795 1886 4827 α
1924 4777 1993 4830 Et
2022 4777 2139 4830 haec
2159 4776 2267 4830 erit
2286 4776 2450 4846 plaga
2467 4792 2578 4846 qua
2601 4773 2875 4845 percutiet
2897 4773 3167 4827 Dominus
3188 4790 3385 4829 omnes

1783 4870 1982 4933 gentes
2013 4882 2134 4935 quae
2166 4871 2555 4935 pugnaverunt
2581 4868 2777 4916 contra
2802 4862 3152 4917 Hierusalem
3177 4882 3191 4930 ;
3224 4863 3386 4918 tabe-

1784 4960 1901 5007 scet
1930 4971 2060 5008 caro
2078 4954 2517 5023 uniuscujusque
2539 4952 2743 5004 stantis
2759 4967 2928 5021 super
2949 4951 3119 5022 pedes
3155 4968 3307 5017 suos,
3330 4958 3388 5006 et

1785 5042 1929 5096 oculi
1962 5044 2082 5112 ejus
2113 5041 2507 5095 contabescent
2532 5040 2588 5092 in
2621 5040 3029 5095 foraminibuus
3050 5041 3264 5107 suis,et
3285 5041 3389 5095 lin-

1782 5146 1899 5200 gua
1929 5149 2121 5185 eorum
2143 5130 2499 5183 contabescet
2529 5131 2585 5182 in
2614 5145 2709 5182 ore
2733 5130 2999 5200 ipsorum.
3037 5148 3064 5182 »
3102 5130 3207 5184 Hic
3249 5147 3385 5201 per-

1784 5220 1975 5289 spicue
2000 5218 2316 5272 ostenditur
2353 5233 2493 5269 vana
2532 5233 2654 5271 esse
2697 5219 2887 5271 omnia
2933 5235 3055 5289 quae
3098 5219 3279 5274 Judaei
3315 5221 3386 5275 de

1782 5314 2008 5361 terrena
2032 5306 2379 5360 Hierusalem
2403 5307 2726 5376 opinantur.
2756 5307 2896 5361 Nam
2933 5308 3171 5361 Romani
3201 5308 3385 5362 novis-

1782 5397 1921 5450 sime
1976 5400 2371 5467 pugnaveruut
2399 5395 2697 5449 adversum
2738 5397 3088 5450 Hierusalem
3142 5413 3381 5466 eamque

1783 5484 2038 5540 funditus
2067 5485 2412 5549 deleverunt,
2440 5485 2878 5556 necquidquam
2902 5485 3015 5539 tale
3049 5486 3197 5557 passi
3227 5492 3380 5540 sunt.
