  <div class='ocr_page' id='page_1' title='image "/cluster/home/n/w/nwhite01/storage/ocr_20150623/117/hvd.32044054759816/145.png"; bbox 0 0 3970 6150; ppageno 0'>
   <div class='ocr_carea' id='block_1_1' title="bbox 325 219 524 279">
    <p class='ocr_par' dir='ltr' id='par_1_1' title="bbox 325 219 524 279">
     <span class='ocr_line' id='line_1_1' title="bbox 325 219 524 279; baseline 0 -1"><span class='ocrx_word' id='word_1_1' title='bbox 325 271 333 278; x_wconf 82' lang='grc'>.</span> <span class='ocrx_word' id='word_1_2' title='bbox 419 219 524 279; x_wconf 77' lang='grc'><strong>279</strong></span> 
     </span>
    </p>
   </div>
   <div class='ocr_carea' id='block_1_2' title="bbox 859 216 3224 294">
    <p class='ocr_par' dir='ltr' id='par_1_2' title="bbox 859 216 3224 294">
     <span class='ocr_line' id='line_1_2' title="bbox 859 216 3224 294; baseline 0 -13"><span class='ocrx_word' id='word_1_3' title='bbox 859 223 1236 284; x_wconf 76' lang='lat' dir='ltr'><strong>HAYMONIS</strong></span> <span class='ocrx_word' id='word_1_4' title='bbox 1266 216 1751 290; x_wconf 65' lang='lat' dir='ltr'><strong>HALBERSTAT.</strong></span> <span class='ocrx_word' id='word_1_5' title='bbox 1784 236 2018 294; x_wconf 88' lang='lat' dir='ltr'><strong>EPISC.</strong></span> <span class='ocrx_word' id='word_1_6' title='bbox 2058 237 2216 293; x_wconf 87' lang='lat' dir='ltr'><strong>OPP.</strong></span> <span class='ocrx_word' id='word_1_7' title='bbox 2248 234 2432 289; x_wconf 69' lang='lat' dir='ltr'><strong>mas</strong></span> <span class='ocrx_word' id='word_1_8' title='bbox 2458 234 2503 287; x_wconf 89' lang='lat'><strong>1.</strong></span> <span class='ocrx_word' id='word_1_9' title='bbox 2537 259 2604 271; x_wconf 87' lang='lat'>—</span> <span class='ocrx_word' id='word_1_10' title='bbox 2636 227 3003 284; x_wconf 89' lang='lat' dir='ltr'><strong>COMMENT.</strong></span> <span class='ocrx_word' id='word_1_11' title='bbox 3039 226 3224 283; x_wconf 83' lang='lat' dir='ltr'><strong>BIBL.</strong></span> 
     </span>
    </p>
   </div>
   <div class='ocr_carea' id='block_1_3' title="bbox 3679 110 3746 176">
    <p class='ocr_par' dir='ltr' id='par_1_3' title="bbox 3679 110 3746 176">
     <span class='ocr_line' id='line_1_3' title="bbox 3679 110 3746 176; baseline 0.015 -31"><span class='ocrx_word' id='word_1_12' title='bbox 3679 110 3746 176; x_wconf 46' lang='lat' dir='ltr'><strong>vi:</strong></span> 
     </span>
    </p>
   </div>
   <div class='ocr_carea' id='block_1_4' title="bbox 3569 218 3674 279">
    <p class='ocr_par' dir='ltr' id='par_1_4' title="bbox 3569 218 3674 279">
     <span class='ocr_line' id='line_1_4' title="bbox 3569 218 3674 279; baseline 0 0"><span class='ocrx_word' id='word_1_13' title='bbox 3569 218 3674 279; x_wconf 78' lang='lat'><strong>280</strong></span> 
     </span>
    </p>
   </div>
   <div class='ocr_carea' id='block_1_5' title="bbox 418 345 3679 427">
    <p class='ocr_par' dir='ltr' id='par_1_5' title="bbox 418 345 3679 427">
     <span class='ocr_line' id='line_1_5' title="bbox 418 345 3679 427; baseline 0 -25"><span class='ocrx_word' id='word_1_14' title='bbox 418 345 621 418; x_wconf 87' lang='lat' dir='ltr'><strong>pellari</strong></span> <span class='ocrx_word' id='word_1_15' title='bbox 649 356 953 421; x_wconf 74' lang='lat' dir='ltr'><strong>cmperunt.</strong></span> <span class='ocrx_word' id='word_1_16' title='bbox 975 353 1136 416; x_wconf 87' lang='lat' dir='ltr'>Quod</span> <span class='ocrx_word' id='word_1_17' title='bbox 1158 371 1286 408; x_wconf 90' lang='lat' dir='ltr'><strong>vero</strong></span> <span class='ocrx_word' id='word_1_18' title='bbox 1303 355 1537 410; x_wconf 88' lang='lat' dir='ltr'><strong>dicitur:</strong></span> <span class='ocrx_word' id='word_1_19' title='bbox 1563 375 1591 409; x_wconf 72' lang='grc' dir='ltr'>ι</span> <span class='ocrx_word' id='word_1_20' title='bbox 1618 361 1680 413; x_wconf 90' lang='lat' dir='ltr'><strong>In</strong></span> <span class='ocrx_word' id='word_1_21' title='bbox 1703 377 1874 415; x_wconf 91' lang='lat' dir='ltr'><strong>manu</strong></span> <span class='ocrx_word' id='word_1_22' title='bbox 1889 363 2007 416; x_wconf 82' lang='lat' dir='ltr'><strong>Ma-</strong></span> <span class='ocrx_word' id='word_1_23' title='bbox 2027 367 2071 421; x_wconf 82' lang='lat' dir='ltr'><strong>A</strong></span> <span class='ocrx_word' id='word_1_24' title='bbox 2095 362 2164 415; x_wconf 92' lang='lat' dir='ltr'><strong>de</strong></span> <span class='ocrx_word' id='word_1_25' title='bbox 2193 376 2307 414; x_wconf 87' lang='lat' dir='ltr'><strong>una</strong></span> <span class='ocrx_word' id='word_1_26' title='bbox 2345 358 2520 427; x_wconf 83' lang='lat' dir='ltr'>stirpe</span> <span class='ocrx_word' id='word_1_27' title='bbox 2577 353 2851 424; x_wconf 80' lang='lat' dir='ltr'><strong>generati,</strong></span> <span class='ocrx_word' id='word_1_28' title='bbox 2893 352 3158 406; x_wconf 87' lang='lat' dir='ltr'><strong>vitiorum</strong></span> <span class='ocrx_word' id='word_1_29' title='bbox 3203 356 3372 421; x_wconf 88' lang='lat' dir='ltr'><strong>atque</strong></span> <span class='ocrx_word' id='word_1_30' title='bbox 3415 350 3679 404; x_wconf 77' lang='lat' dir='ltr'><strong>virtutum</strong></span> 
     </span>
    </p>
   </div>
   <div class='ocr_carea' id='block_1_6' title="bbox 418 437 3675 518">
    <p class='ocr_par' dir='ltr' id='par_1_6' title="bbox 418 437 3675 518">
     <span class='ocr_line' id='line_1_6' title="bbox 418 437 3675 518; baseline 0 -28"><span class='ocrx_word' id='word_1_31' title='bbox 418 437 668 504; x_wconf 67' lang='lat' dir='ltr'><strong>lachim,»</strong></span> <span class='ocrx_word' id='word_1_32' title='bbox 706 455 934 493; x_wconf 90' lang='lat' dir='ltr'><strong>manum</strong></span> <span class='ocrx_word' id='word_1_33' title='bbox 955 441 1159 510; x_wconf 87' lang='lat' dir='ltr'><strong>posuit,</strong></span> <span class='ocrx_word' id='word_1_34' title='bbox 1184 443 1314 511; x_wconf 87' lang='lat' dir='ltr'><strong>quia</strong></span> <span class='ocrx_word' id='word_1_35' title='bbox 1335 443 1493 497; x_wconf 82' lang='lat' dir='ltr'>bonis</span> <span class='ocrx_word' id='word_1_36' title='bbox 1515 448 1776 515; x_wconf 84' lang='lat' dir='ltr'><strong>operibus</strong></span> <span class='ocrx_word' id='word_1_37' title='bbox 1805 450 2013 503; x_wconf 89' lang='lat' dir='ltr'><strong>donum</strong></span> <span class='ocrx_word' id='word_1_38' title='bbox 2095 450 2332 518; x_wconf 87' lang='lat' dir='ltr'><strong>ﬁguram</strong></span> <span class='ocrx_word' id='word_1_39' title='bbox 2360 443 2730 515; x_wconf 65' lang='lat' dir='ltr'><strong>praetendunt.</strong></span> <span class='ocrx_word' id='word_1_40' title='bbox 2763 441 2896 504; x_wconf 69' lang='lat' dir='ltr'><strong>Quae</strong></span> <span class='ocrx_word' id='word_1_41' title='bbox 2947 441 3058 494; x_wconf 92' lang='lat' dir='ltr'><strong>duo</strong></span> <span class='ocrx_word' id='word_1_42' title='bbox 3090 439 3218 493; x_wconf 91' lang='lat' dir='ltr'><strong>licet</strong></span> <span class='ocrx_word' id='word_1_43' title='bbox 3245 439 3355 492; x_wconf 90' lang='lat' dir='ltr'><strong>sint</strong></span> <span class='ocrx_word' id='word_1_44' title='bbox 3383 438 3675 504; x_wconf 84' lang='lat' dir='ltr'><strong>contraria,</strong></span> 
     </span>
    </p>
   </div>
   <div class='ocr_carea' id='block_1_7' title="bbox 423 525 2016 597">
    <p class='ocr_par' dir='ltr' id='par_1_7' title="bbox 423 525 2016 597">
     <span class='ocr_line' id='line_1_7' title="bbox 423 525 2016 597; baseline 0.009 -20"><span class='ocrx_word' id='word_1_45' title='bbox 423 525 730 595; x_wconf 71' lang='lat' dir='ltr'><strong>prophetiae</strong></span> <span class='ocrx_word' id='word_1_46' title='bbox 765 528 1208 597; x_wconf 89' lang='lat' dir='ltr'><strong>promerebatur.</strong></span> <span class='ocrx_word' id='word_1_47' title='bbox 1254 530 1360 593; x_wconf 88' lang='lat' dir='ltr'><strong>Qui</strong></span> <span class='ocrx_word' id='word_1_48' title='bbox 1408 532 1556 585; x_wconf 89' lang='lat' dir='ltr'><strong>enim</strong></span> <span class='ocrx_word' id='word_1_49' title='bbox 1589 535 1733 588; x_wconf 81' lang='lat' dir='ltr'>lavat</span> <span class='ocrx_word' id='word_1_50' title='bbox 1760 537 1908 590; x_wconf 89' lang='lat' dir='ltr'><strong>inter</strong></span> <span class='ocrx_word' id='word_1_51' title='bbox 1935 538 2016 591; x_wconf 90' lang='lat' dir='ltr'><strong>in-</strong></span> 
     </span>
    </p>
   </div>
   <div class='ocr_carea' id='block_1_8' title="bbox 425 617 2017 690">
    <p class='ocr_par' dir='ltr' id='par_1_8' title="bbox 425 617 2017 690">
     <span class='ocr_line' id='line_1_8' title="bbox 425 617 2017 690; baseline 0.008 -24"><span class='ocrx_word' id='word_1_52' title='bbox 425 618 707 675; x_wconf 84' lang='lat' dir='ltr'><strong>nocentes,</strong></span> <span class='ocrx_word' id='word_1_53' title='bbox 743 621 799 670; x_wconf 89' lang='lat' dir='ltr'><strong>et</strong></span> <span class='ocrx_word' id='word_1_54' title='bbox 827 617 1038 669; x_wconf 83' lang='lat' dir='ltr'><strong>excutit</strong></span> <span class='ocrx_word' id='word_1_55' title='bbox 1063 633 1261 670; x_wconf 89' lang='lat' dir='ltr'><strong>manus</strong></span> <span class='ocrx_word' id='word_1_56' title='bbox 1289 618 1359 671; x_wconf 87' lang='lat' dir='ltr'><strong>ab</strong></span> <span class='ocrx_word' id='word_1_57' title='bbox 1388 621 1540 673; x_wconf 90' lang='lat' dir='ltr'><strong>omni</strong></span> <span class='ocrx_word' id='word_1_58' title='bbox 1570 639 1823 690; x_wconf 90' lang='lat' dir='ltr'><strong>munere,</strong></span> <span class='ocrx_word' id='word_1_59' title='bbox 1841 642 2017 678; x_wconf 91' lang='lat' dir='ltr'><strong>mere-</strong></span> 
     </span>
    </p>
   </div>
   <div class='ocr_carea' id='block_1_9' title="bbox 426 703 2016 782">
    <p class='ocr_par' dir='ltr' id='par_1_9' title="bbox 426 703 2016 782">
     <span class='ocr_line' id='line_1_9' title="bbox 426 703 2016 782; baseline 0.008 -28"><span class='ocrx_word' id='word_1_60' title='bbox 426 705 522 754; x_wconf 90' lang='lat' dir='ltr'><strong>tur</strong></span> <span class='ocrx_word' id='word_1_61' title='bbox 558 703 817 773; x_wconf 82' lang='lat' dir='ltr'><strong>spiritum</strong></span> <span class='ocrx_word' id='word_1_62' title='bbox 841 704 1091 774; x_wconf 88' lang='lat' dir='ltr'><strong>accipere</strong></span> <span class='ocrx_word' id='word_1_63' title='bbox 1117 706 1442 776; x_wconf 83' lang='lat' dir='ltr'><strong>prophetiae.</strong></span> <span class='ocrx_word' id='word_1_64' title='bbox 1479 709 1559 763; x_wconf 88' lang='lat' dir='ltr'><strong>At</strong></span> <span class='ocrx_word' id='word_1_65' title='bbox 1593 711 1674 764; x_wconf 90' lang='lat' dir='ltr'><strong>illi</strong></span> <span class='ocrx_word' id='word_1_66' title='bbox 1705 712 1908 782; x_wconf 89' lang='lat' dir='ltr'>quibus</span> <span class='ocrx_word' id='word_1_67' title='bbox 1935 713 2016 767; x_wconf 92' lang='lat' dir='ltr'><strong>di-</strong></span> 
     </span>
    </p>
   </div>
   <div class='ocr_carea' id='block_1_10' title="bbox 351 789 2017 867">
    <p class='ocr_par' dir='ltr' id='par_1_10' title="bbox 351 789 2017 867">
     <span class='ocr_line' id='line_1_10' title="bbox 351 789 2017 867; baseline 0.007 -25"><span class='ocrx_word' id='word_1_68' title='bbox 351 815 356 818; x_wconf 91' lang='lat'><strong><em>-</em></strong></span> <span class='ocrx_word' id='word_1_69' title='bbox 427 789 574 844; x_wconf 89' lang='lat' dir='ltr'><strong>citur</strong></span> <span class='ocrx_word' id='word_1_70' title='bbox 606 809 618 845; x_wconf 88' lang='lat'><strong>:</strong></span> <span class='ocrx_word' id='word_1_71' title='bbox 659 811 681 841; x_wconf 79' lang='grc' dir='ltr'>σ</span> <span class='ocrx_word' id='word_1_72' title='bbox 714 793 914 846; x_wconf 89' lang='lat' dir='ltr'><strong>Manus</strong></span> <span class='ocrx_word' id='word_1_73' title='bbox 963 799 1158 847; x_wconf 77' lang='lat' dir='ltr'><strong>vestrae</strong></span> <span class='ocrx_word' id='word_1_74' title='bbox 1187 795 1460 864; x_wconf 82' lang='lat' dir='ltr'><strong>sanguine</strong></span> <span class='ocrx_word' id='word_1_75' title='bbox 1489 797 1663 867; x_wconf 73' lang='lat' dir='ltr'><strong>plenae</strong></span> <span class='ocrx_word' id='word_1_76' title='bbox 1692 804 1844 866; x_wconf 89' lang='lat' dir='ltr'><strong>sunt,</strong></span> <span class='ocrx_word' id='word_1_77' title='bbox 1891 823 1912 849; x_wconf 77' lang='grc' dir='ltr'>ι</span> <span class='ocrx_word' id='word_1_78' title='bbox 1959 800 2017 853; x_wconf 91' lang='lat' dir='ltr'><strong>in</strong></span> 
     </span>
    </p>
   </div>
   <div class='ocr_carea' id='block_1_11' title="bbox 428 876 1606 942">
    <p class='ocr_par' dir='ltr' id='par_1_11' title="bbox 428 876 1606 942">
     <span class='ocr_line' id='line_1_11' title="bbox 428 876 1606 942; baseline 0.007 -12"><span class='ocrx_word' id='word_1_79' title='bbox 428 876 537 942; x_wconf 88' lang='lat' dir='ltr'><strong>his,</strong></span> <span class='ocrx_word' id='word_1_80' title='bbox 570 879 656 932; x_wconf 87' lang='lat' dir='ltr'><strong>vel</strong></span> <span class='ocrx_word' id='word_1_81' title='bbox 686 879 757 932; x_wconf 87' lang='lat' dir='ltr'><strong>ad</strong></span> <span class='ocrx_word' id='word_1_82' title='bbox 784 879 886 933; x_wconf 88' lang='lat' dir='ltr'><strong>hos</strong></span> <span class='ocrx_word' id='word_1_83' title='bbox 913 896 1025 934; x_wconf 92' lang='lat' dir='ltr'><strong>non</strong></span> <span class='ocrx_word' id='word_1_84' title='bbox 1055 882 1119 934; x_wconf 88' lang='lat' dir='ltr'><strong>ﬁt</strong></span> <span class='ocrx_word' id='word_1_85' title='bbox 1149 897 1333 935; x_wconf 84' lang='lat' dir='ltr'><strong>sermo</strong></span> <span class='ocrx_word' id='word_1_86' title='bbox 1363 883 1606 938; x_wconf 86' lang='lat' dir='ltr'><strong>Domini.</strong></span> 
     </span>
    </p>
   </div>
   <div class='ocr_carea' id='block_1_12' title="bbox 2098 525 3682 599">
    <p class='ocr_par' dir='ltr' id='par_1_12' title="bbox 2098 525 3682 599">
     <span class='ocr_line' id='line_1_12' title="bbox 2098 525 3682 599; baseline -0.007 -12"><span class='ocrx_word' id='word_1_87' title='bbox 2098 551 2162 587; x_wconf 87' lang='lat' dir='ltr'><strong>ex</strong></span> <span class='ocrx_word' id='word_1_88' title='bbox 2182 551 2294 587; x_wconf 91' lang='lat' dir='ltr'><strong>uno</strong></span> <span class='ocrx_word' id='word_1_89' title='bbox 2315 533 2498 585; x_wconf 89' lang='lat' dir='ltr'><strong>cordis</strong></span> <span class='ocrx_word' id='word_1_90' title='bbox 2518 531 2670 583; x_wconf 90' lang='lat' dir='ltr'><strong>fonte</strong></span> <span class='ocrx_word' id='word_1_91' title='bbox 2696 529 3022 599; x_wconf 90' lang='lat' dir='ltr'><strong>procedunt.</strong></span> <span class='ocrx_word' id='word_1_92' title='bbox 3053 528 3200 579; x_wconf 83' lang='lat' dir='ltr'><strong>Nam</strong></span> <span class='ocrx_word' id='word_1_93' title='bbox 3251 529 3383 596; x_wconf 87' lang='lat' dir='ltr'>quia</span> <span class='ocrx_word' id='word_1_94' title='bbox 3408 525 3570 578; x_wconf 88' lang='lat' dir='ltr'><strong>liberi</strong></span> <span class='ocrx_word' id='word_1_95' title='bbox 3598 541 3682 577; x_wconf 90' lang='lat' dir='ltr'><strong>su-</strong></span> 
     </span>
    </p>
   </div>
   <div class='ocr_carea' id='block_1_13' title="bbox 2098 613 3685 689">
    <p class='ocr_par' dir='ltr' id='par_1_13' title="bbox 2098 613 3685 689">
     <span class='ocr_line' id='line_1_13' title="bbox 2098 613 3685 689; baseline -0.006 -14"><span class='ocrx_word' id='word_1_96' title='bbox 2098 639 2223 675; x_wconf 91' lang='lat' dir='ltr'><strong>mus</strong></span> <span class='ocrx_word' id='word_1_97' title='bbox 2253 621 2490 684; x_wconf 85' lang='lat' dir='ltr'><strong>arbitrii,</strong></span> <span class='ocrx_word' id='word_1_98' title='bbox 2524 635 2624 689; x_wconf 92' lang='lat' dir='ltr'><strong>pro</strong></span> <span class='ocrx_word' id='word_1_99' title='bbox 2655 623 2848 671; x_wconf 88' lang='lat' dir='ltr'><strong>nostra</strong></span> <span class='ocrx_word' id='word_1_100' title='bbox 2876 617 3180 681; x_wconf 82' lang='lat' dir='ltr'><strong>voluntate,</strong></span> <span class='ocrx_word' id='word_1_101' title='bbox 3213 623 3312 668; x_wconf 88' lang='lat' dir='ltr'><strong>aut</strong></span> <span class='ocrx_word' id='word_1_102' title='bbox 3333 614 3406 667; x_wconf 91' lang='lat' dir='ltr'><strong>ad</strong></span> <span class='ocrx_word' id='word_1_103' title='bbox 3438 613 3571 666; x_wconf 87' lang='lat' dir='ltr'><strong>vitia</strong></span> <span class='ocrx_word' id='word_1_104' title='bbox 3597 613 3685 666; x_wconf 88' lang='lat' dir='ltr'><strong>de-</strong></span> 
     </span>
    </p>
   </div>
   <div class='ocr_carea' id='block_1_14' title="bbox 2099 699 3683 772">
    <p class='ocr_par' dir='ltr' id='par_1_14' title="bbox 2099 699 3683 772">
     <span class='ocr_line' id='line_1_14' title="bbox 2099 699 3683 772; baseline -0.007 -9"><span class='ocrx_word' id='word_1_105' title='bbox 2099 709 2396 772; x_wconf 84' lang='lat' dir='ltr'><strong>ﬂectimus,</strong></span> <span class='ocrx_word' id='word_1_106' title='bbox 2423 713 2524 761; x_wconf 88' lang='lat' dir='ltr'><strong>aut</strong></span> <span class='ocrx_word' id='word_1_107' title='bbox 2545 707 2617 760; x_wconf 89' lang='lat' dir='ltr'><strong>ad</strong></span> <span class='ocrx_word' id='word_1_108' title='bbox 2645 705 2900 758; x_wconf 78' lang='lat' dir='ltr'><strong>virtutes.</strong></span> <span class='ocrx_word' id='word_1_109' title='bbox 2939 703 3130 756; x_wconf 91' lang='lat' dir='ltr'><strong>Primo</strong></span> <span class='ocrx_word' id='word_1_110' title='bbox 3157 702 3382 772; x_wconf 86' lang='lat' dir='ltr'><strong>genitus</strong></span> <span class='ocrx_word' id='word_1_111' title='bbox 3407 706 3494 754; x_wconf 89' lang='lat' dir='ltr'><strong>est</strong></span> <span class='ocrx_word' id='word_1_112' title='bbox 3522 699 3683 764; x_wconf 87' lang='lat' dir='ltr'><strong>Esau,</strong></span> 
     </span>
    </p>
   </div>
   <div class='ocr_carea' id='block_1_15' title="bbox 2101 787 3690 867">
    <p class='ocr_par' dir='ltr' id='par_1_15' title="bbox 2101 787 3690 867">
     <span class='ocr_line' id='line_1_15' title="bbox 2101 787 3690 867; baseline -0.007 -16"><span class='ocrx_word' id='word_1_113' title='bbox 2101 797 2232 867; x_wconf 86' lang='lat' dir='ltr'><strong>quia</strong></span> <span class='ocrx_word' id='word_1_114' title='bbox 2258 797 2447 867; x_wconf 83' lang='lat' dir='ltr'><strong>priora</strong></span> <span class='ocrx_word' id='word_1_115' title='bbox 2470 799 2604 848; x_wconf 91' lang='lat' dir='ltr'><strong>sunt</strong></span> <span class='ocrx_word' id='word_1_116' title='bbox 2626 793 2762 846; x_wconf 86' lang='lat' dir='ltr'><strong>vitia</strong></span> <span class='ocrx_word' id='word_1_117' title='bbox 2789 809 2890 862; x_wconf 90' lang='lat' dir='ltr'><strong>per</strong></span> <span class='ocrx_word' id='word_1_118' title='bbox 2912 791 3226 856; x_wconf 83' lang='lat' dir='ltr'><strong>infantiam,</strong></span> <span class='ocrx_word' id='word_1_119' title='bbox 3258 787 3690 843; x_wconf 86' lang='lat' dir='ltr'><strong>adolescentiam</strong></span> 
     </span>
    </p>
   </div>
   <div class='ocr_carea' id='block_1_16' title="bbox 2101 877 3692 955">
    <p class='ocr_par' dir='ltr' id='par_1_16' title="bbox 2101 877 3692 955">
     <span class='ocr_line' id='line_1_16' title="bbox 2101 877 3692 955; baseline -0.006 -17"><span class='ocrx_word' id='word_1_120' title='bbox 2101 891 2157 938; x_wconf 92' lang='lat' dir='ltr'><strong>et</strong></span> <span class='ocrx_word' id='word_1_121' title='bbox 2175 884 2688 955; x_wconf 89' lang='lat' dir='ltr'><strong>juventutem.Post</strong></span> <span class='ocrx_word' id='word_1_122' title='bbox 2705 881 2958 935; x_wconf 90' lang='lat' dir='ltr'><strong>nascitur</strong></span> <span class='ocrx_word' id='word_1_123' title='bbox 2981 879 3276 949; x_wconf 88' lang='lat' dir='ltr'><strong>Jacob,qui</strong></span> <span class='ocrx_word' id='word_1_124' title='bbox 3303 877 3692 948; x_wconf 85' lang='lat' dir='ltr'><strong>supplantator</strong></span> 
     </span>
    </p>
   </div>
   <div class='ocr_carea' id='block_1_17' title="bbox 507 965 3690 1045">
    <p class='ocr_par' dir='ltr' id='par_1_17' title="bbox 507 965 3690 1045">
     <span class='ocr_line' id='line_1_17' title="bbox 507 965 3690 1045; baseline 0 -28"><span class='ocrx_word' id='word_1_125' title='bbox 507 985 530 1017; x_wconf 75' lang='grc' dir='ltr'><strong><em>ι</em></strong></span> <span class='ocrx_word' id='word_1_126' title='bbox 566 966 745 1020; x_wconf 87' lang='lat' dir='ltr'><strong>Dilexi</strong></span> <span class='ocrx_word' id='word_1_127' title='bbox 782 984 895 1029; x_wconf 86' lang='lat' dir='ltr'><strong>vos,</strong></span> <span class='ocrx_word' id='word_1_128' title='bbox 931 967 1068 1020; x_wconf 86' lang='lat' dir='ltr'><strong>dicit</strong></span> <span class='ocrx_word' id='word_1_129' title='bbox 1091 969 1381 1034; x_wconf 90' lang='lat' dir='ltr'><strong>Dominus,</strong></span> <span class='ocrx_word' id='word_1_130' title='bbox 1427 978 1483 1024; x_wconf 89' lang='lat' dir='ltr'><strong>et</strong></span> <span class='ocrx_word' id='word_1_131' title='bbox 1513 973 1732 1027; x_wconf 85' lang='lat' dir='ltr'><strong>dixistis</strong></span> <span class='ocrx_word' id='word_1_132' title='bbox 1763 993 1772 1028; x_wconf 89' lang='lat'><strong>:</strong></span> <span class='ocrx_word' id='word_1_133' title='bbox 1815 976 1879 1029; x_wconf 89' lang='lat' dir='ltr'><strong>In</strong></span> <span class='ocrx_word' id='word_1_134' title='bbox 1905 991 2015 1045; x_wconf 89' lang='lat' dir='ltr'><strong>quo</strong></span> <span class='ocrx_word' id='word_1_135' title='bbox 2103 973 2528 1044; x_wconf 85' lang='lat' dir='ltr'><strong>interpretatur,</strong></span> <span class='ocrx_word' id='word_1_136' title='bbox 2577 971 2674 1040; x_wconf 91' lang='lat' dir='ltr'><strong>qui</strong></span> <span class='ocrx_word' id='word_1_137' title='bbox 2720 986 2954 1023; x_wconf 76' lang='lat' dir='ltr'><strong>errores.</strong></span> <span class='ocrx_word' id='word_1_138' title='bbox 2989 967 3290 1037; x_wconf 85' lang='lat' dir='ltr'><strong>fragilioris</strong></span> <span class='ocrx_word' id='word_1_139' title='bbox 3341 965 3524 1019; x_wconf 67' lang='lat' dir='ltr'><strong>aetatis</strong></span> <span class='ocrx_word' id='word_1_140' title='bbox 3561 969 3690 1019; x_wconf 68' lang='lat' dir='ltr'><strong>satas</strong></span> 
     </span>
    </p>
   </div>
   <div class='ocr_carea' id='block_1_18' title="bbox 431 1052 3691 1126">
    <p class='ocr_par' dir='ltr' id='par_1_18' title="bbox 431 1052 3691 1126">
     <span class='ocr_line' id='line_1_18' title="bbox 431 1052 3691 1126; baseline 0 -20"><span class='ocrx_word' id='word_1_141' title='bbox 431 1053 672 1106; x_wconf 85' lang='lat' dir='ltr'><strong>dilexisti</strong></span> <span class='ocrx_word' id='word_1_142' title='bbox 699 1054 845 1107; x_wconf 83' lang='lat' dir='ltr'><strong>nos?</strong></span> <span class='ocrx_word' id='word_1_143' title='bbox 873 1055 1072 1109; x_wconf 87' lang='lat' dir='ltr'><strong>Nonne</strong></span> <span class='ocrx_word' id='word_1_144' title='bbox 1096 1056 1268 1110; x_wconf 84' lang='lat' dir='ltr'><strong>frater</strong></span> <span class='ocrx_word' id='word_1_145' title='bbox 1297 1064 1420 1112; x_wconf 87' lang='lat' dir='ltr'><strong>erat</strong></span> <span class='ocrx_word' id='word_1_146' title='bbox 1467 1060 1613 1114; x_wconf 84' lang='lat' dir='ltr'><strong>Esau</strong></span> <span class='ocrx_word' id='word_1_147' title='bbox 1665 1062 1854 1125; x_wconf 90' lang='lat' dir='ltr'><strong>Jacob,</strong></span> <span class='ocrx_word' id='word_1_148' title='bbox 1887 1063 2024 1116; x_wconf 90' lang='lat' dir='ltr'><strong>dicit</strong></span> <span class='ocrx_word' id='word_1_149' title='bbox 2105 1061 2321 1116; x_wconf 88' lang='lat' dir='ltr'><strong>ﬁrmior</strong></span> <span class='ocrx_word' id='word_1_150' title='bbox 2337 1060 2639 1115; x_wconf 89' lang='lat' dir='ltr'><strong>succedens</strong></span> <span class='ocrx_word' id='word_1_151' title='bbox 2664 1058 2894 1126; x_wconf 83' lang='lat' dir='ltr'><strong>corrigit</strong></span> <span class='ocrx_word' id='word_1_152' title='bbox 2916 1062 2973 1110; x_wconf 92' lang='lat' dir='ltr'><strong>et</strong></span> <span class='ocrx_word' id='word_1_153' title='bbox 2991 1056 3333 1126; x_wconf 84' lang='lat' dir='ltr'><strong>supplantat.</strong></span> <span class='ocrx_word' id='word_1_154' title='bbox 3366 1053 3528 1109; x_wconf 91' lang='lat' dir='ltr'><strong>Unde</strong></span> <span class='ocrx_word' id='word_1_155' title='bbox 3556 1052 3691 1106; x_wconf 90' lang='lat' dir='ltr'><strong>bene</strong></span> 
     </span>
    </p>
   </div>
   <div class='ocr_carea' id='block_1_19' title="bbox 431 1141 3692 1219">
    <p class='ocr_par' dir='ltr' id='par_1_19' title="bbox 431 1141 3692 1219">
     <span class='ocr_line' id='line_1_19' title="bbox 431 1141 3692 1219; baseline -0.001 -23"><span class='ocrx_word' id='word_1_156' title='bbox 431 1143 723 1208; x_wconf 86' lang='lat' dir='ltr'><strong>Dominus,</strong></span> <span class='ocrx_word' id='word_1_157' title='bbox 745 1149 802 1198; x_wconf 92' lang='lat' dir='ltr'><strong>et</strong></span> <span class='ocrx_word' id='word_1_158' title='bbox 838 1145 1006 1198; x_wconf 90' lang='lat' dir='ltr'><strong>dilexi</strong></span> <span class='ocrx_word' id='word_1_159' title='bbox 1046 1145 1234 1210; x_wconf 88' lang='lat' dir='ltr'><strong>Jacob,</strong></span> <span class='ocrx_word' id='word_1_160' title='bbox 1260 1147 1406 1201; x_wconf 87' lang='lat' dir='ltr'><strong>Esau</strong></span> <span class='ocrx_word' id='word_1_161' title='bbox 1434 1154 1623 1203; x_wconf 90' lang='lat' dir='ltr'><strong>autem</strong></span> <span class='ocrx_word' id='word_1_162' title='bbox 1654 1151 1782 1204; x_wconf 92' lang='lat' dir='ltr'><strong>odio</strong></span> <span class='ocrx_word' id='word_1_163' title='bbox 1814 1151 2023 1205; x_wconf 86' lang='lat' dir='ltr'><strong>habui?</strong></span> <span class='ocrx_word' id='word_1_164' title='bbox 2105 1151 2284 1219; x_wconf 88' lang='lat' dir='ltr'><strong>major</strong></span> <span class='ocrx_word' id='word_1_165' title='bbox 2306 1149 2501 1213; x_wconf 79' lang='lat' dir='ltr'><strong>frater,</strong></span> <span class='ocrx_word' id='word_1_166' title='bbox 2519 1147 2772 1218; x_wconf 83' lang='lat' dir='ltr'><strong>hispidus</strong></span> <span class='ocrx_word' id='word_1_167' title='bbox 2793 1152 2850 1200; x_wconf 92' lang='lat' dir='ltr'><strong>et</strong></span> <span class='ocrx_word' id='word_1_168' title='bbox 2868 1145 3126 1215; x_wconf 87' lang='lat' dir='ltr'><strong>agrestis,</strong></span> <span class='ocrx_word' id='word_1_169' title='bbox 3147 1143 3462 1197; x_wconf 90' lang='lat' dir='ltr'><strong>venationis</strong></span> <span class='ocrx_word' id='word_1_170' title='bbox 3477 1146 3534 1195; x_wconf 92' lang='lat' dir='ltr'><strong>et</strong></span> <span class='ocrx_word' id='word_1_171' title='bbox 3547 1141 3692 1194; x_wconf 87' lang='lat' dir='ltr'><strong>silvis</strong></span> 
     </span>
    </p>
   </div>
   <div class='ocr_carea' id='block_1_20' title="bbox 431 1230 3693 1303">
    <p class='ocr_par' dir='ltr' id='par_1_20' title="bbox 431 1230 3693 1303">
     <span class='ocr_line' id='line_1_20' title="bbox 431 1230 3693 1303; baseline -0.001 -18"><span class='ocrx_word' id='word_1_172' title='bbox 431 1231 503 1285; x_wconf 90' lang='lat' dir='ltr'><strong>Et</strong></span> <span class='ocrx_word' id='word_1_173' title='bbox 530 1231 692 1301; x_wconf 89' lang='lat' dir='ltr'><strong>posui</strong></span> <span class='ocrx_word' id='word_1_174' title='bbox 716 1231 840 1284; x_wconf 93' lang='lat' dir='ltr'><strong>Seir</strong></span> <span class='ocrx_word' id='word_1_175' title='bbox 868 1237 1086 1286; x_wconf 89' lang='lat' dir='ltr'><strong>montes</strong></span> <span class='ocrx_word' id='word_1_176' title='bbox 1117 1235 1237 1302; x_wconf 91' lang='lat' dir='ltr'><strong>ejus</strong></span> <span class='ocrx_word' id='word_1_177' title='bbox 1293 1235 1350 1288; x_wconf 92' lang='lat' dir='ltr'><strong>in</strong></span> <span class='ocrx_word' id='word_1_178' title='bbox 1409 1237 1790 1303; x_wconf 88' lang='lat' dir='ltr'><strong>solitudinem,</strong></span> <span class='ocrx_word' id='word_1_179' title='bbox 1824 1244 1880 1293; x_wconf 91' lang='lat' dir='ltr'><strong>et</strong></span> <span class='ocrx_word' id='word_1_180' title='bbox 1907 1240 2022 1294; x_wconf 69' lang='lat' dir='ltr'><strong>hae-</strong></span> <span class='ocrx_word' id='word_1_181' title='bbox 2107 1244 2365 1291; x_wconf 89' lang='lat' dir='ltr'><strong>assuetus</strong></span> <span class='ocrx_word' id='word_1_182' title='bbox 2398 1237 2570 1291; x_wconf 88' lang='lat' dir='ltr'><strong>fuisse</strong></span> <span class='ocrx_word' id='word_1_183' title='bbox 2593 1235 2826 1300; x_wconf 87' lang='lat' dir='ltr'><strong>dicitur;</strong></span> <span class='ocrx_word' id='word_1_184' title='bbox 2865 1234 3067 1296; x_wconf 91' lang='lat' dir='ltr'><strong>minor,</strong></span> <span class='ocrx_word' id='word_1_185' title='bbox 3090 1232 3296 1286; x_wconf 90' lang='lat' dir='ltr'><strong>leniset</strong></span> <span class='ocrx_word' id='word_1_186' title='bbox 3315 1231 3573 1301; x_wconf 86' lang='lat' dir='ltr'><strong>simplex,</strong></span> <span class='ocrx_word' id='word_1_187' title='bbox 3604 1230 3693 1283; x_wconf 86' lang='lat' dir='ltr'><strong>ha-</strong></span> 
     </span>
    </p>
   </div>
   <div class='ocr_carea' id='block_1_21' title="bbox 431 1319 3694 1394">
    <p class='ocr_par' dir='ltr' id='par_1_21' title="bbox 431 1319 3694 1394">
     <span class='ocr_line' id='line_1_21' title="bbox 431 1319 3694 1394; baseline -0 -22"><span class='ocrx_word' id='word_1_188' title='bbox 431 1319 730 1373; x_wconf 88' lang='lat' dir='ltr'><strong>reditatem</strong></span> <span class='ocrx_word' id='word_1_189' title='bbox 758 1321 881 1389; x_wconf 84' lang='lat' dir='ltr'><strong>ejus</strong></span> <span class='ocrx_word' id='word_1_190' title='bbox 912 1320 968 1373; x_wconf 91' lang='lat' dir='ltr'><strong>in</strong></span> <span class='ocrx_word' id='word_1_191' title='bbox 999 1321 1270 1376; x_wconf 80' lang='lat' dir='ltr'><strong>dracones</strong></span> <span class='ocrx_word' id='word_1_192' title='bbox 1301 1323 1525 1378; x_wconf 88' lang='lat' dir='ltr'><strong>deserti.</strong></span> <span class='ocrx_word' id='word_1_193' title='bbox 1545 1327 1704 1389; x_wconf 88' lang='lat' dir='ltr'><strong>Quod</strong></span> <span class='ocrx_word' id='word_1_194' title='bbox 1748 1329 1793 1381; x_wconf 92' lang='lat' dir='ltr'><strong>si</strong></span> <span class='ocrx_word' id='word_1_195' title='bbox 1823 1328 2025 1382; x_wconf 85' lang='lat' dir='ltr'><strong>dixerit</strong></span> <span class='ocrx_word' id='word_1_196' title='bbox 2105 1325 2312 1380; x_wconf 89' lang='lat' dir='ltr'><strong>bitasse</strong></span> <span class='ocrx_word' id='word_1_197' title='bbox 2334 1326 2485 1379; x_wconf 91' lang='lat' dir='ltr'><strong>domi</strong></span> <span class='ocrx_word' id='word_1_198' title='bbox 2516 1323 2866 1394; x_wconf 77' lang='lat' dir='ltr'><strong>perhibetur,</strong></span> <span class='ocrx_word' id='word_1_199' title='bbox 2904 1323 3101 1392; x_wconf 83' lang='lat' dir='ltr'><strong>Itaque</strong></span> <span class='ocrx_word' id='word_1_200' title='bbox 3143 1320 3245 1374; x_wconf 86' lang='lat' dir='ltr'><strong>sub</strong></span> <span class='ocrx_word' id='word_1_201' title='bbox 3286 1321 3518 1374; x_wconf 91' lang='lat' dir='ltr'><strong>nomine</strong></span> <span class='ocrx_word' id='word_1_202' title='bbox 3555 1319 3694 1372; x_wconf 85' lang='lat' dir='ltr'><strong>Esau</strong></span> 
     </span>
    </p>
   </div>
   <div class='ocr_carea' id='block_1_22' title="bbox 432 1407 3694 1478">
    <p class='ocr_par' dir='ltr' id='par_1_22' title="bbox 432 1407 3694 1478">
     <span class='ocr_line' id='line_1_22' title="bbox 432 1407 3694 1478; baseline 0 -17"><span class='ocrx_word' id='word_1_203' title='bbox 432 1407 710 1462; x_wconf 67' lang='lat' dir='ltr'><strong>Idumaea:</strong></span> <span class='ocrx_word' id='word_1_204' title='bbox 735 1409 1016 1463; x_wconf 89' lang='lat' dir='ltr'><strong>Destructi</strong></span> <span class='ocrx_word' id='word_1_205' title='bbox 1039 1413 1357 1472; x_wconf 89' lang='lat' dir='ltr'><strong>sumus,sed</strong></span> <span class='ocrx_word' id='word_1_206' title='bbox 1377 1420 1718 1469; x_wconf 83' lang='lat' dir='ltr'><strong>revertentes</strong></span> <span class='ocrx_word' id='word_1_207' title='bbox 1730 1416 2026 1470; x_wconf 62' lang='lat' dir='ltr'><strong>aediﬁcabi-</strong></span> <span class='ocrx_word' id='word_1_208' title='bbox 2106 1416 2256 1468; x_wconf 91' lang='lat' dir='ltr'><strong>Deus</strong></span> <span class='ocrx_word' id='word_1_209' title='bbox 2285 1414 2418 1468; x_wconf 90' lang='lat' dir='ltr'><strong>vitia</strong></span> <span class='ocrx_word' id='word_1_210' title='bbox 2439 1413 2622 1467; x_wconf 89' lang='lat' dir='ltr'><strong>odisse</strong></span> <span class='ocrx_word' id='word_1_211' title='bbox 2645 1429 2704 1466; x_wconf 90' lang='lat' dir='ltr'><strong>se</strong></span> <span class='ocrx_word' id='word_1_212' title='bbox 2725 1411 2945 1476; x_wconf 91' lang='lat' dir='ltr'><strong>asserit,</strong></span> <span class='ocrx_word' id='word_1_213' title='bbox 2962 1427 3074 1464; x_wconf 90' lang='lat' dir='ltr'><strong>non</strong></span> <span class='ocrx_word' id='word_1_214' title='bbox 3089 1415 3370 1472; x_wconf 89' lang='lat' dir='ltr'><strong>naturam,</strong></span> <span class='ocrx_word' id='word_1_215' title='bbox 3407 1425 3577 1478; x_wconf 87' lang='lat' dir='ltr'><strong>quam</strong></span> <span class='ocrx_word' id='word_1_216' title='bbox 3602 1407 3694 1461; x_wconf 88' lang='lat' dir='ltr'><strong>bo-</strong></span> 
     </span>
    </p>
   </div>
   <div class='ocr_carea' id='block_1_23' title="bbox 433 1496 3694 1572">
    <p class='ocr_par' dir='ltr' id='par_1_23' title="bbox 433 1496 3694 1572">
     <span class='ocr_line' id='line_1_23' title="bbox 433 1496 3694 1572; baseline 0 -25"><span class='ocrx_word' id='word_1_217' title='bbox 433 1511 562 1548; x_wconf 89' lang='lat' dir='ltr'><strong>mus</strong></span> <span class='ocrx_word' id='word_1_218' title='bbox 580 1511 701 1564; x_wconf 82' lang='lat' dir='ltr'><strong>quae</strong></span> <span class='ocrx_word' id='word_1_219' title='bbox 721 1496 1004 1550; x_wconf 85' lang='lat' dir='ltr'><strong>destructa</strong></span> <span class='ocrx_word' id='word_1_220' title='bbox 1021 1504 1153 1552; x_wconf 90' lang='lat' dir='ltr'><strong>sunt</strong></span> <span class='ocrx_word' id='word_1_221' title='bbox 1183 1521 1194 1554; x_wconf 89' lang='lat'><strong>:</strong></span> <span class='ocrx_word' id='word_1_222' title='bbox 1227 1500 1356 1554; x_wconf 69' lang='lat' dir='ltr'><strong>Haec</strong></span> <span class='ocrx_word' id='word_1_223' title='bbox 1369 1501 1504 1555; x_wconf 90' lang='lat' dir='ltr'><strong>dicit</strong></span> <span class='ocrx_word' id='word_1_224' title='bbox 1519 1503 1790 1557; x_wconf 89' lang='lat' dir='ltr'><strong>Dominus</strong></span> <span class='ocrx_word' id='word_1_225' title='bbox 1815 1504 2022 1558; x_wconf 92' lang='lat' dir='ltr'><strong>exerci-</strong></span> <span class='ocrx_word' id='word_1_226' title='bbox 2106 1519 2238 1556; x_wconf 90' lang='lat' dir='ltr'><strong>nam</strong></span> <span class='ocrx_word' id='word_1_227' title='bbox 2270 1503 2417 1566; x_wconf 89' lang='lat' dir='ltr'><strong>fecit,</strong></span> <span class='ocrx_word' id='word_1_228' title='bbox 2452 1507 2509 1555; x_wconf 91' lang='lat' dir='ltr'><strong>et</strong></span> <span class='ocrx_word' id='word_1_229' title='bbox 2526 1506 2824 1572; x_wconf 87' lang='lat' dir='ltr'><strong>propterea</strong></span> <span class='ocrx_word' id='word_1_230' title='bbox 2843 1500 2982 1552; x_wconf 91' lang='lat' dir='ltr'><strong>ﬁnes</strong></span> <span class='ocrx_word' id='word_1_231' title='bbox 3011 1499 3136 1567; x_wconf 87' lang='lat' dir='ltr'><strong>ejus</strong></span> <span class='ocrx_word' id='word_1_232' title='bbox 3165 1498 3324 1568; x_wconf 91' lang='lat' dir='ltr'><strong>ponit</strong></span> <span class='ocrx_word' id='word_1_233' title='bbox 3350 1497 3411 1550; x_wconf 90' lang='lat' dir='ltr'><strong>in</strong></span> <span class='ocrx_word' id='word_1_234' title='bbox 3453 1496 3694 1549; x_wconf 89' lang='lat' dir='ltr'><strong>solitudi-</strong></span> 
     </span>
    </p>
   </div>
   <div class='ocr_carea' id='block_1_24' title="bbox 433 1584 3696 1658">
    <p class='ocr_par' dir='ltr' id='par_1_24' title="bbox 433 1584 3696 1658">
     <span class='ocr_line' id='line_1_24' title="bbox 433 1584 3696 1658; baseline 0.001 -23"><span class='ocrx_word' id='word_1_235' title='bbox 433 1587 631 1636; x_wconf 89' lang='lat' dir='ltr'><strong>tuum:</strong></span> <span class='ocrx_word' id='word_1_236' title='bbox 656 1584 755 1636; x_wconf 89' lang='lat' dir='ltr'><strong>Isti</strong></span> <span class='ocrx_word' id='word_1_237' title='bbox 776 1584 1150 1651; x_wconf 75' lang='lat' dir='ltr'><strong>eediﬁcabunt,</strong></span> <span class='ocrx_word' id='word_1_238' title='bbox 1175 1592 1232 1641; x_wconf 89' lang='lat' dir='ltr'><strong>et</strong></span> <span class='ocrx_word' id='word_1_239' title='bbox 1252 1605 1354 1658; x_wconf 85' lang='lat' dir='ltr'><strong>ego</strong></span> <span class='ocrx_word' id='word_1_240' title='bbox 1375 1590 1663 1645; x_wconf 90' lang='lat' dir='ltr'><strong>destruam</strong></span> <span class='ocrx_word' id='word_1_241' title='bbox 1686 1597 1742 1645; x_wconf 89' lang='lat' dir='ltr'><strong>et</strong></span> <span class='ocrx_word' id='word_1_242' title='bbox 1759 1592 2026 1646; x_wconf 88' lang='lat' dir='ltr'><strong>vocabun-</strong></span> <span class='ocrx_word' id='word_1_243' title='bbox 2105 1604 2255 1653; x_wconf 82' lang='lat' dir='ltr'><strong>nem,</strong></span> <span class='ocrx_word' id='word_1_244' title='bbox 2289 1596 2353 1644; x_wconf 91' lang='lat' dir='ltr'><strong>ut</strong></span> <span class='ocrx_word' id='word_1_245' title='bbox 2372 1606 2538 1644; x_wconf 91' lang='lat' dir='ltr'><strong>omne</strong></span> <span class='ocrx_word' id='word_1_246' title='bbox 2567 1589 2779 1642; x_wconf 89' lang='lat' dir='ltr'><strong>malum</strong></span> <span class='ocrx_word' id='word_1_247' title='bbox 2807 1587 3161 1657; x_wconf 86' lang='lat' dir='ltr'><strong>exstirpetur,</strong></span> <span class='ocrx_word' id='word_1_248' title='bbox 3193 1591 3250 1638; x_wconf 92' lang='lat' dir='ltr'><strong>et</strong></span> <span class='ocrx_word' id='word_1_249' title='bbox 3279 1585 3412 1639; x_wconf 87' lang='lat' dir='ltr'><strong>vitia</strong></span> <span class='ocrx_word' id='word_1_250' title='bbox 3442 1601 3556 1638; x_wconf 90' lang='lat' dir='ltr'><strong>non</strong></span> <span class='ocrx_word' id='word_1_251' title='bbox 3576 1600 3696 1638; x_wconf 87' lang='lat' dir='ltr'><strong>suc-</strong></span> 
     </span>
    </p>
   </div>
   <div class='ocr_carea' id='block_1_25' title="bbox 436 1667 3698 1747">
    <p class='ocr_par' dir='ltr' id='par_1_25' title="bbox 436 1667 3698 1747">
     <span class='ocr_line' id='line_1_25' title="bbox 436 1667 3698 1747; baseline 0 -22"><span class='ocrx_word' id='word_1_252' title='bbox 436 1677 531 1725; x_wconf 91' lang='lat' dir='ltr'><strong>tur</strong></span> <span class='ocrx_word' id='word_1_253' title='bbox 556 1670 781 1724; x_wconf 89' lang='lat' dir='ltr'><strong>termini</strong></span> <span class='ocrx_word' id='word_1_254' title='bbox 810 1672 1134 1742; x_wconf 86' lang='lat' dir='ltr'><strong>impietatis,</strong></span> <span class='ocrx_word' id='word_1_255' title='bbox 1167 1681 1222 1728; x_wconf 93' lang='lat' dir='ltr'><strong>et</strong></span> <span class='ocrx_word' id='word_1_256' title='bbox 1251 1678 1491 1747; x_wconf 91' lang='lat' dir='ltr'><strong>populus</strong></span> <span class='ocrx_word' id='word_1_257' title='bbox 1512 1679 1600 1731; x_wconf 88' lang='lat' dir='ltr'><strong>cui</strong></span> <span class='ocrx_word' id='word_1_258' title='bbox 1620 1680 1798 1734; x_wconf 91' lang='lat' dir='ltr'><strong>iratus</strong></span> <span class='ocrx_word' id='word_1_259' title='bbox 1821 1667 2086 1734; x_wconf 84' lang='lat' dir='ltr'><strong>estDo-B</strong></span> <span class='ocrx_word' id='word_1_260' title='bbox 2106 1685 2377 1733; x_wconf 86' lang='lat' dir='ltr'><strong>crescant.</strong></span> <span class='ocrx_word' id='word_1_261' title='bbox 2411 1678 2568 1742; x_wconf 86' lang='lat' dir='ltr'><strong>Quod</strong></span> <span class='ocrx_word' id='word_1_262' title='bbox 2595 1677 2642 1730; x_wconf 91' lang='lat' dir='ltr'><strong>si</strong></span> <span class='ocrx_word' id='word_1_263' title='bbox 2691 1676 2992 1747; x_wconf 88' lang='lat' dir='ltr'><strong>impudens</strong></span> <span class='ocrx_word' id='word_1_264' title='bbox 3038 1674 3254 1727; x_wconf 87' lang='lat' dir='ltr'><strong>malitia</strong></span> <span class='ocrx_word' id='word_1_265' title='bbox 3296 1690 3365 1727; x_wconf 90' lang='lat' dir='ltr'><strong>ea</strong></span> <span class='ocrx_word' id='word_1_266' title='bbox 3411 1690 3536 1744; x_wconf 70' lang='lat' dir='ltr'><strong>qua:</strong></span> <span class='ocrx_word' id='word_1_267' title='bbox 3573 1678 3698 1726; x_wconf 90' lang='lat' dir='ltr'><strong>sunt</strong></span> 
     </span>
    </p>
   </div>
   <div class='ocr_carea' id='block_1_26' title="bbox 434 1759 3697 1838">
    <p class='ocr_par' dir='ltr' id='par_1_26' title="bbox 434 1759 3697 1838">
     <span class='ocr_line' id='line_1_26' title="bbox 434 1759 3697 1838; baseline 0 -25"><span class='ocrx_word' id='word_1_268' title='bbox 434 1759 623 1813; x_wconf 88' lang='lat' dir='ltr'><strong>minus</strong></span> <span class='ocrx_word' id='word_1_269' title='bbox 643 1776 820 1830; x_wconf 91' lang='lat' dir='ltr'><strong>usque</strong></span> <span class='ocrx_word' id='word_1_270' title='bbox 839 1761 898 1813; x_wconf 92' lang='lat' dir='ltr'><strong>in</strong></span> <span class='ocrx_word' id='word_1_271' title='bbox 930 1767 1221 1817; x_wconf 86' lang='lat' dir='ltr'><strong>aeternum.</strong></span> <span class='ocrx_word' id='word_1_272' title='bbox 1255 1765 1324 1818; x_wconf 91' lang='lat' dir='ltr'><strong>Et</strong></span> <span class='ocrx_word' id='word_1_273' title='bbox 1351 1767 1497 1818; x_wconf 92' lang='lat' dir='ltr'><strong>oculi</strong></span> <span class='ocrx_word' id='word_1_274' title='bbox 1548 1768 1714 1820; x_wconf 83' lang='lat' dir='ltr'><strong>vestri</strong></span> <span class='ocrx_word' id='word_1_275' title='bbox 1734 1768 2017 1832; x_wconf 85' lang='lat' dir='ltr'><strong>videbunt,</strong></span> <span class='ocrx_word' id='word_1_276' title='bbox 2104 1768 2390 1822; x_wconf 89' lang='lat' dir='ltr'><strong>destructa</strong></span> <span class='ocrx_word' id='word_1_277' title='bbox 2407 1783 2604 1821; x_wconf 90' lang='lat' dir='ltr'><strong>rursus</strong></span> <span class='ocrx_word' id='word_1_278' title='bbox 2617 1766 2892 1820; x_wconf 84' lang='lat' dir='ltr'><strong>aediﬁcare</strong></span> <span class='ocrx_word' id='word_1_279' title='bbox 2920 1767 3169 1824; x_wconf 89' lang='lat' dir='ltr'><strong>conetur,</strong></span> <span class='ocrx_word' id='word_1_280' title='bbox 3195 1762 3470 1816; x_wconf 85' lang='lat' dir='ltr'><strong>Dominus</strong></span> <span class='ocrx_word' id='word_1_281' title='bbox 3497 1762 3697 1838; x_wconf 80' lang='lat' dir='ltr'><strong>iterum</strong></span> 
     </span>
    </p>
   </div>
   <div class='ocr_carea' id='block_1_27' title="bbox 433 1847 2023 1926">
    <p class='ocr_par' dir='ltr' id='par_1_27' title="bbox 433 1847 2023 1926">
     <span class='ocr_line' id='line_1_27' title="bbox 433 1847 2023 1926; baseline 0.006 -25"><span class='ocrx_word' id='word_1_282' title='bbox 433 1852 494 1901; x_wconf 91' lang='lat' dir='ltr'><strong>et</strong></span> <span class='ocrx_word' id='word_1_283' title='bbox 519 1864 614 1901; x_wconf 89' lang='lat' dir='ltr'><strong>vos</strong></span> <span class='ocrx_word' id='word_1_284' title='bbox 643 1847 836 1901; x_wconf 92' lang='lat' dir='ltr'><strong>dicetis</strong></span> <span class='ocrx_word' id='word_1_285' title='bbox 869 1867 880 1900; x_wconf 90' lang='lat'><strong>:</strong></span> <span class='ocrx_word' id='word_1_286' title='bbox 913 1850 1304 1920; x_wconf 86' lang='lat' dir='ltr'><strong>Magniﬁcetur</strong></span> <span class='ocrx_word' id='word_1_287' title='bbox 1330 1853 1600 1908; x_wconf 87' lang='lat' dir='ltr'><strong>Dominus</strong></span> <span class='ocrx_word' id='word_1_288' title='bbox 1635 1873 1805 1926; x_wconf 88' lang='lat' dir='ltr'><strong>super</strong></span> <span class='ocrx_word' id='word_1_289' title='bbox 1835 1858 2023 1911; x_wconf 91' lang='lat' dir='ltr'><strong>termi-</strong></span> 
     </span>
    </p>
   </div>
   <div class='ocr_carea' id='block_1_28' title="bbox 432 1933 2020 2015">
    <p class='ocr_par' dir='ltr' id='par_1_28' title="bbox 432 1933 2020 2015">
     <span class='ocr_line' id='line_1_28' title="bbox 432 1933 2020 2015; baseline 0.008 -28"><span class='ocrx_word' id='word_1_290' title='bbox 432 1950 570 1988; x_wconf 92' lang='lat' dir='ltr'><strong>num</strong></span> <span class='ocrx_word' id='word_1_291' title='bbox 593 1933 787 1988; x_wconf 89' lang='lat' dir='ltr'><strong>Israel.</strong></span> <span class='ocrx_word' id='word_1_292' title='bbox 819 1953 846 1988; x_wconf 78' lang='lat'><strong><em>»</em></strong></span> <span class='ocrx_word' id='word_1_293' title='bbox 883 1936 1026 1999; x_wconf 85' lang='lat' dir='ltr'><strong>Quia</strong></span> <span class='ocrx_word' id='word_1_294' title='bbox 1057 1940 1406 2007; x_wconf 85' lang='lat' dir='ltr'><strong>praemiserat</strong></span> <span class='ocrx_word' id='word_1_295' title='bbox 1432 1959 1573 1998; x_wconf 91' lang='lat' dir='ltr'><strong>onus</strong></span> <span class='ocrx_word' id='word_1_296' title='bbox 1602 1946 2020 2015; x_wconf 87' lang='lat' dir='ltr'><strong>suppliciorum,</strong></span> 
     </span>
    </p>
   </div>
   <div class='ocr_carea' id='block_1_29' title="bbox 434 2023 2024 2100">
    <p class='ocr_par' dir='ltr' id='par_1_29' title="bbox 434 2023 2024 2100">
     <span class='ocr_line' id='line_1_29' title="bbox 434 2023 2024 2100; baseline 0.008 -25"><span class='ocrx_word' id='word_1_297' title='bbox 434 2023 583 2094; x_wconf 91' lang='lat' dir='ltr'><strong>quod</strong></span> <span class='ocrx_word' id='word_1_298' title='bbox 613 2028 838 2093; x_wconf 86' lang='lat' dir='ltr'><strong>portare</strong></span> <span class='ocrx_word' id='word_1_299' title='bbox 865 2025 1227 2095; x_wconf 85' lang='lat' dir='ltr'><strong>cogebantur,</strong></span> <span class='ocrx_word' id='word_1_300' title='bbox 1263 2029 1554 2100; x_wconf 90' lang='lat' dir='ltr'><strong>subjungit</strong></span> <span class='ocrx_word' id='word_1_301' title='bbox 1583 2049 1756 2100; x_wconf 89' lang='lat' dir='ltr'><strong>quare</strong></span> <span class='ocrx_word' id='word_1_302' title='bbox 1785 2034 1893 2086; x_wconf 89' lang='lat' dir='ltr'><strong>ista</strong></span> <span class='ocrx_word' id='word_1_303' title='bbox 1912 2050 2024 2087; x_wconf 91' lang='lat' dir='ltr'><strong>non</strong></span> 
     </span>
    </p>
   </div>
   <div class='ocr_carea' id='block_1_30' title="bbox 433 2113 2024 2189">
    <p class='ocr_par' dir='ltr' id='par_1_30' title="bbox 433 2113 2024 2189">
     <span class='ocr_line' id='line_1_30' title="bbox 433 2113 2024 2189; baseline 0.006 -24"><span class='ocrx_word' id='word_1_304' title='bbox 433 2118 762 2166; x_wconf 90' lang='lat' dir='ltr'><strong>merentur:</strong></span> <span class='ocrx_word' id='word_1_305' title='bbox 787 2113 916 2178; x_wconf 92' lang='lat' dir='ltr'><strong>dici,</strong></span> <span class='ocrx_word' id='word_1_306' title='bbox 950 2114 1115 2168; x_wconf 85' lang='lat' dir='ltr'><strong>dilexi</strong></span> <span class='ocrx_word' id='word_1_307' title='bbox 1147 2115 1362 2189; x_wconf 78' lang='lat' dir='ltr'><strong>(inquit)</strong></span> <span class='ocrx_word' id='word_1_308' title='bbox 1394 2135 1509 2181; x_wconf 93' lang='lat' dir='ltr'><strong>vos,</strong></span> <span class='ocrx_word' id='word_1_309' title='bbox 1543 2126 1598 2172; x_wconf 89' lang='lat' dir='ltr'><strong>et</strong></span> <span class='ocrx_word' id='word_1_310' title='bbox 1626 2121 1893 2175; x_wconf 86' lang='lat' dir='ltr'><strong>subaudis</strong></span> <span class='ocrx_word' id='word_1_311' title='bbox 1923 2139 2024 2174; x_wconf 89' lang='lat' dir='ltr'><strong>ne-</strong></span> 
     </span>
    </p>
   </div>
   <div class='ocr_carea' id='block_1_31' title="bbox 432 2201 2020 2278">
    <p class='ocr_par' dir='ltr' id='par_1_31' title="bbox 432 2201 2020 2278">
     <span class='ocr_line' id='line_1_31' title="bbox 432 2201 2020 2278; baseline 0.006 -24"><span class='ocrx_word' id='word_1_312' title='bbox 432 2217 714 2272; x_wconf 85' lang='lat' dir='ltr'><strong>quaquam</strong></span> <span class='ocrx_word' id='word_1_313' title='bbox 740 2201 916 2255; x_wconf 87' lang='lat' dir='ltr'><strong>vicem</strong></span> <span class='ocrx_word' id='word_1_314' title='bbox 941 2203 1079 2255; x_wconf 90' lang='lat' dir='ltr'><strong>mihi</strong></span> <span class='ocrx_word' id='word_1_315' title='bbox 1108 2203 1420 2258; x_wconf 91' lang='lat' dir='ltr'><strong>dilectionis</strong></span> <span class='ocrx_word' id='word_1_316' title='bbox 1431 2213 1640 2261; x_wconf 71' lang='lat' dir='ltr'><strong>mutuze</strong></span> <span class='ocrx_word' id='word_1_317' title='bbox 1665 2210 2020 2278; x_wconf 90' lang='lat' dir='ltr'><strong>rependistis.</strong></span> 
     </span>
    </p>
   </div>
   <div class='ocr_carea' id='block_1_32' title="bbox 429 2288 2023 2360">
    <p class='ocr_par' dir='ltr' id='par_1_32' title="bbox 429 2288 2023 2360">
     <span class='ocr_line' id='line_1_32' title="bbox 429 2288 2023 2360; baseline 0.003 -15"><span class='ocrx_word' id='word_1_318' title='bbox 429 2290 505 2345; x_wconf 92' lang='lat' dir='ltr'><strong>Ut</strong></span> <span class='ocrx_word' id='word_1_319' title='bbox 531 2289 680 2343; x_wconf 91' lang='lat' dir='ltr'><strong>enim</strong></span> <span class='ocrx_word' id='word_1_320' title='bbox 711 2306 771 2343; x_wconf 91' lang='lat' dir='ltr'><strong>se</strong></span> <span class='ocrx_word' id='word_1_321' title='bbox 819 2288 990 2343; x_wconf 88' lang='lat' dir='ltr'><strong>habet</strong></span> <span class='ocrx_word' id='word_1_322' title='bbox 1014 2291 1398 2360; x_wconf 91' lang='lat' dir='ltr'><strong>proverbium:</strong></span> <span class='ocrx_word' id='word_1_323' title='bbox 1424 2295 1722 2348; x_wconf 85' lang='lat' dir='ltr'><strong>Amantem</strong></span> <span class='ocrx_word' id='word_1_324' title='bbox 1748 2313 1860 2349; x_wconf 89' lang='lat' dir='ltr'><strong>non</strong></span> <span class='ocrx_word' id='word_1_325' title='bbox 1891 2298 2023 2350; x_wconf 89' lang='lat' dir='ltr'><strong>red-</strong></span> 
     </span>
    </p>
   </div>
   <div class='ocr_carea' id='block_1_33' title="bbox 431 2377 2025 2454">
    <p class='ocr_par' dir='ltr' id='par_1_33' title="bbox 431 2377 2025 2454">
     <span class='ocr_line' id='line_1_33' title="bbox 431 2377 2025 2454; baseline 0.004 -22"><span class='ocrx_word' id='word_1_326' title='bbox 431 2394 520 2432; x_wconf 86' lang='lat' dir='ltr'><strong>am</strong></span> <span class='ocrx_word' id='word_1_327' title='bbox 529 2377 859 2443; x_wconf 89' lang='lat' dir='ltr'><strong>are,amoris</strong></span> <span class='ocrx_word' id='word_1_328' title='bbox 873 2383 959 2431; x_wconf 90' lang='lat' dir='ltr'><strong>est</strong></span> <span class='ocrx_word' id='word_1_329' title='bbox 974 2377 1258 2449; x_wconf 89' lang='lat' dir='ltr'><strong>impendia</strong></span> <span class='ocrx_word' id='word_1_330' title='bbox 1271 2381 1524 2450; x_wconf 88' lang='lat' dir='ltr'><strong>perdere;</strong></span> <span class='ocrx_word' id='word_1_331' title='bbox 1548 2383 1680 2452; x_wconf 90' lang='lat' dir='ltr'><strong>quia</strong></span> <span class='ocrx_word' id='word_1_332' title='bbox 1699 2383 2025 2454; x_wconf 86' lang='lat' dir='ltr'><strong>diligentem</strong></span> 
     </span>
    </p>
   </div>
   <div class='ocr_carea' id='block_1_34' title="bbox 431 2466 2021 2543">
    <p class='ocr_par' dir='ltr' id='par_1_34' title="bbox 431 2466 2021 2543">
     <span class='ocr_line' id='line_1_34' title="bbox 431 2466 2021 2543; baseline 0.004 -23"><span class='ocrx_word' id='word_1_333' title='bbox 431 2483 493 2521; x_wconf 88' lang='lat' dir='ltr'><strong>se</strong></span> <span class='ocrx_word' id='word_1_334' title='bbox 511 2466 812 2522; x_wconf 91' lang='lat' dir='ltr'><strong>Dominum</strong></span> <span class='ocrx_word' id='word_1_335' title='bbox 842 2483 952 2520; x_wconf 91' lang='lat' dir='ltr'><strong>non</strong></span> <span class='ocrx_word' id='word_1_336' title='bbox 982 2467 1312 2530; x_wconf 82' lang='lat' dir='ltr'><strong>dilexerant,</strong></span> <span class='ocrx_word' id='word_1_337' title='bbox 1337 2470 1584 2524; x_wconf 85' lang='lat' dir='ltr'><strong>minatur</strong></span> <span class='ocrx_word' id='word_1_338' title='bbox 1630 2471 1741 2525; x_wconf 91' lang='lat' dir='ltr'><strong>illis</strong></span> <span class='ocrx_word' id='word_1_339' title='bbox 1781 2489 2021 2543; x_wconf 80' lang='lat' dir='ltr'><strong>pcenam,</strong></span> 
     </span>
    </p>
   </div>
   <div class='ocr_carea' id='block_1_35' title="bbox 429 2555 2030 2635">
    <p class='ocr_par' dir='ltr' id='par_1_35' title="bbox 429 2555 2030 2635">
     <span class='ocr_line' id='line_1_35' title="bbox 429 2555 2030 2635; baseline 0.005 -25"><span class='ocrx_word' id='word_1_340' title='bbox 429 2561 496 2610; x_wconf 90' lang='lat' dir='ltr'><strong>ut</strong></span> <span class='ocrx_word' id='word_1_341' title='bbox 521 2555 765 2609; x_wconf 83' lang='lat' dir='ltr'><strong>sentiant</strong></span> <span class='ocrx_word' id='word_1_342' title='bbox 785 2573 884 2626; x_wconf 91' lang='lat' dir='ltr'><strong>per</strong></span> <span class='ocrx_word' id='word_1_343' title='bbox 912 2561 1196 2610; x_wconf 90' lang='lat' dir='ltr'><strong>tormenta</strong></span> <span class='ocrx_word' id='word_1_344' title='bbox 1227 2575 1351 2627; x_wconf 66' lang='lat' dir='ltr'><strong>qua:</strong></span> <span class='ocrx_word' id='word_1_345' title='bbox 1380 2560 1684 2615; x_wconf 88' lang='lat' dir='ltr'><strong>noluerunt</strong></span> <span class='ocrx_word' id='word_1_346' title='bbox 1700 2564 1909 2618; x_wconf 91' lang='lat' dir='ltr'><strong>sentire</strong></span> <span class='ocrx_word' id='word_1_347' title='bbox 1928 2582 2030 2635; x_wconf 92' lang='lat' dir='ltr'><strong>per</strong></span> 
     </span>
    </p>
   </div>
   <div class='ocr_carea' id='block_1_36' title="bbox 430 2643 2024 2720">
    <p class='ocr_par' dir='ltr' id='par_1_36' title="bbox 430 2643 2024 2720">
     <span class='ocr_line' id='line_1_36' title="bbox 430 2643 2024 2720; baseline 0.004 -23"><span class='ocrx_word' id='word_1_348' title='bbox 430 2643 875 2698; x_wconf 88' lang='lat' dir='ltr'><strong>beneﬁcia.Sane</strong></span> <span class='ocrx_word' id='word_1_349' title='bbox 889 2661 1017 2698; x_wconf 89' lang='lat' dir='ltr'><strong>cum</strong></span> <span class='ocrx_word' id='word_1_350' title='bbox 1037 2645 1463 2717; x_wconf 69' lang='lat' dir='ltr'><strong>dicitpraeterito</strong></span> <span class='ocrx_word' id='word_1_351' title='bbox 1483 2653 1736 2720; x_wconf 91' lang='lat' dir='ltr'><strong>tempore</strong></span> <span class='ocrx_word' id='word_1_352' title='bbox 1763 2675 1781 2698; x_wconf 75' lang='grc' dir='ltr'>α</span> <span class='ocrx_word' id='word_1_353' title='bbox 1805 2653 2024 2717; x_wconf 62' lang='lat' dir='ltr'><strong>dilexi,»</strong></span> 
     </span>
    </p>
   </div>
   <div class='ocr_carea' id='block_1_37' title="bbox 432 2733 2034 2808">
    <p class='ocr_par' dir='ltr' id='par_1_37' title="bbox 432 2733 2034 2808">
     <span class='ocr_line' id='line_1_37' title="bbox 432 2733 2034 2808; baseline 0.004 -21"><span class='ocrx_word' id='word_1_354' title='bbox 432 2738 603 2803; x_wconf 85' lang='lat' dir='ltr'><strong>negat</strong></span> <span class='ocrx_word' id='word_1_355' title='bbox 631 2749 691 2786; x_wconf 90' lang='lat' dir='ltr'><strong>se</strong></span> <span class='ocrx_word' id='word_1_356' title='bbox 723 2733 955 2802; x_wconf 90' lang='lat' dir='ltr'><strong>diligere</strong></span> <span class='ocrx_word' id='word_1_357' title='bbox 983 2734 1044 2787; x_wconf 92' lang='lat' dir='ltr'><strong>in</strong></span> <span class='ocrx_word' id='word_1_358' title='bbox 1068 2736 1349 2804; x_wconf 57' lang='lat' dir='ltr'><strong>praesenti,</strong></span> <span class='ocrx_word' id='word_1_359' title='bbox 1379 2737 1512 2791; x_wconf 91' lang='lat' dir='ltr'><strong>dum</strong></span> <span class='ocrx_word' id='word_1_360' title='bbox 1535 2740 1879 2808; x_wconf 85' lang='lat' dir='ltr'><strong>praeteritam</strong></span> <span class='ocrx_word' id='word_1_361' title='bbox 1903 2757 2034 2794; x_wconf 91' lang='lat' dir='ltr'><strong>con-</strong></span> 
     </span>
    </p>
   </div>
   <div class='ocr_carea' id='block_1_38' title="bbox 433 2821 2027 2896">
    <p class='ocr_par' dir='ltr' id='par_1_38' title="bbox 433 2821 2027 2896">
     <span class='ocr_line' id='line_1_38' title="bbox 433 2821 2027 2896; baseline 0.004 -20"><span class='ocrx_word' id='word_1_362' title='bbox 433 2823 628 2877; x_wconf 90' lang='lat' dir='ltr'><strong>ﬁtetur</strong></span> <span class='ocrx_word' id='word_1_363' title='bbox 667 2821 1041 2877; x_wconf 85' lang='lat' dir='ltr'><strong>dilectionem.</strong></span> <span class='ocrx_word' id='word_1_364' title='bbox 1076 2825 1215 2878; x_wconf 92' lang='lat' dir='ltr'><strong>Cum</strong></span> <span class='ocrx_word' id='word_1_365' title='bbox 1270 2843 1404 2896; x_wconf 89' lang='lat' dir='ltr'><strong>ergo</strong></span> <span class='ocrx_word' id='word_1_366' title='bbox 1452 2828 1726 2882; x_wconf 89' lang='lat' dir='ltr'><strong>Dominus</strong></span> <span class='ocrx_word' id='word_1_367' title='bbox 1777 2829 2027 2895; x_wconf 89' lang='lat' dir='ltr'><strong>dixisset,</strong></span> 
     </span>
    </p>
   </div>
   <div class='ocr_carea' id='block_1_39' title="bbox 434 2911 2032 2986">
    <p class='ocr_par' dir='ltr' id='par_1_39' title="bbox 434 2911 2032 2986">
     <span class='ocr_line' id='line_1_39' title="bbox 434 2911 2032 2986; baseline 0.005 -22"><span class='ocrx_word' id='word_1_368' title='bbox 434 2930 463 2964; x_wconf 74' lang='grc' dir='ltr'><strong><em>α</em></strong></span> <span class='ocrx_word' id='word_1_369' title='bbox 483 2911 662 2964; x_wconf 88' lang='lat' dir='ltr'><strong>Dilexi</strong></span> <span class='ocrx_word' id='word_1_370' title='bbox 680 2927 797 2974; x_wconf 91' lang='lat' dir='ltr'><strong>vos,</strong></span> <span class='ocrx_word' id='word_1_371' title='bbox 817 2928 843 2963; x_wconf 64' lang='grc' dir='ltr'><strong>ιι</strong></span> <span class='ocrx_word' id='word_1_372' title='bbox 867 2911 967 2973; x_wconf 83' lang='lat' dir='ltr'><strong>illi,</strong></span> <span class='ocrx_word' id='word_1_373' title='bbox 993 2928 1058 2965; x_wconf 90' lang='lat' dir='ltr'><strong>ea</strong></span> <span class='ocrx_word' id='word_1_374' title='bbox 1078 2915 1397 2968; x_wconf 86' lang='lat' dir='ltr'><strong>temeritate</strong></span> <span class='ocrx_word' id='word_1_375' title='bbox 1429 2932 1539 2985; x_wconf 91' lang='lat' dir='ltr'><strong>qua</strong></span> <span class='ocrx_word' id='word_1_376' title='bbox 1582 2917 1904 2986; x_wconf 89' lang='lat' dir='ltr'><strong>peccabant,</strong></span> <span class='ocrx_word' id='word_1_377' title='bbox 1947 2935 2032 2973; x_wconf 89' lang='lat' dir='ltr'><strong>re-</strong></span> 
     </span>
    </p>
   </div>
   <div class='ocr_carea' id='block_1_40' title="bbox 2107 1849 3699 1924">
    <p class='ocr_par' dir='ltr' id='par_1_40' title="bbox 2107 1849 3699 1924">
     <span class='ocr_line' id='line_1_40' title="bbox 2107 1849 3699 1924; baseline -0.005 -14"><span class='ocrx_word' id='word_1_378' title='bbox 2107 1867 2167 1911; x_wconf 78' lang='lat' dir='ltr'><strong>Se</strong></span> <span class='ocrx_word' id='word_1_379' title='bbox 2197 1872 2262 1909; x_wconf 91' lang='lat' dir='ltr'><strong>ea</strong></span> <span class='ocrx_word' id='word_1_380' title='bbox 2287 1857 2702 1909; x_wconf 90' lang='lat' dir='ltr'><strong>destructurum</strong></span> <span class='ocrx_word' id='word_1_381' title='bbox 2724 1854 3044 1924; x_wconf 89' lang='lat' dir='ltr'><strong>proﬁtetur.</strong></span> <span class='ocrx_word' id='word_1_382' title='bbox 3085 1851 3243 1914; x_wconf 86' lang='lat' dir='ltr'><strong>Quod</strong></span> <span class='ocrx_word' id='word_1_383' title='bbox 3269 1851 3332 1904; x_wconf 89' lang='lat' dir='ltr'><strong>ﬁt</strong></span> <span class='ocrx_word' id='word_1_384' title='bbox 3355 1849 3577 1904; x_wconf 90' lang='lat' dir='ltr'><strong>duobus</strong></span> <span class='ocrx_word' id='word_1_385' title='bbox 3591 1867 3699 1903; x_wconf 87' lang='lat' dir='ltr'><strong>mo-</strong></span> 
     </span>
    </p>
   </div>
   <div class='ocr_carea' id='block_1_41' title="bbox 2108 1939 3701 2012">
    <p class='ocr_par' dir='ltr' id='par_1_41' title="bbox 2108 1939 3701 2012">
     <span class='ocr_line' id='line_1_41' title="bbox 2108 1939 3701 2012; baseline -0.005 -14"><span class='ocrx_word' id='word_1_386' title='bbox 2108 1944 2211 2009; x_wconf 90' lang='lat' dir='ltr'><strong>dis,</strong></span> <span class='ocrx_word' id='word_1_387' title='bbox 2232 1944 2345 1997; x_wconf 91' lang='lat' dir='ltr'><strong>sive</strong></span> <span class='ocrx_word' id='word_1_388' title='bbox 2357 1959 2484 1996; x_wconf 90' lang='lat' dir='ltr'><strong>cum</strong></span> <span class='ocrx_word' id='word_1_389' title='bbox 2515 1943 2875 2012; x_wconf 86' lang='lat' dir='ltr'><strong>corriguntur</strong></span> <span class='ocrx_word' id='word_1_390' title='bbox 2903 1945 3242 2011; x_wconf 89' lang='lat' dir='ltr'><strong>peccatores,</strong></span> <span class='ocrx_word' id='word_1_391' title='bbox 3275 1939 3390 1992; x_wconf 90' lang='lat' dir='ltr'><strong>sive</strong></span> <span class='ocrx_word' id='word_1_392' title='bbox 3427 1955 3554 1992; x_wconf 89' lang='lat' dir='ltr'><strong>cum</strong></span> <span class='ocrx_word' id='word_1_393' title='bbox 3585 1954 3701 2008; x_wconf 85' lang='lat' dir='ltr'><strong>per-</strong></span> 
     </span>
    </p>
   </div>
   <div class='ocr_carea' id='block_1_42' title="bbox 2106 2027 3500 2099">
    <p class='ocr_par' dir='ltr' id='par_1_42' title="bbox 2106 2027 3500 2099">
     <span class='ocr_line' id='line_1_42' title="bbox 2106 2027 3500 2099; baseline -0.003 -16"><span class='ocrx_word' id='word_1_394' title='bbox 2106 2031 2367 2084; x_wconf 89' lang='lat' dir='ltr'><strong>tinaciter</strong></span> <span class='ocrx_word' id='word_1_395' title='bbox 2395 2033 2689 2099; x_wconf 87' lang='lat' dir='ltr'><strong>peccantes</strong></span> <span class='ocrx_word' id='word_1_396' title='bbox 2714 2031 2870 2098; x_wconf 89' lang='lat' dir='ltr'><strong>justa</strong></span> <span class='ocrx_word' id='word_1_397' title='bbox 2894 2027 3107 2081; x_wconf 86' lang='lat' dir='ltr'><strong>ultione</strong></span> <span class='ocrx_word' id='word_1_398' title='bbox 3137 2027 3500 2080; x_wconf 87' lang='lat' dir='ltr'><strong>damnantur.</strong></span> 
     </span>
    </p>
   </div>
   <div class='ocr_carea' id='block_1_43' title="bbox 2182 2115 3699 2187">
    <p class='ocr_par' dir='ltr' id='par_1_43' title="bbox 2182 2115 3699 2187">
     <span class='ocr_line' id='line_1_43' title="bbox 2182 2115 3699 2187; baseline -0.001 -19"><span class='ocrx_word' id='word_1_399' title='bbox 2182 2119 2413 2172; x_wconf 86' lang='lat' dir='ltr'><strong>«Filius</strong></span> <span class='ocrx_word' id='word_1_400' title='bbox 2473 2118 2712 2171; x_wconf 88' lang='lat' dir='ltr'><strong>honorat</strong></span> <span class='ocrx_word' id='word_1_401' title='bbox 2778 2121 3019 2187; x_wconf 88' lang='lat' dir='ltr'><strong>patrem,</strong></span> <span class='ocrx_word' id='word_1_402' title='bbox 3053 2123 3111 2169; x_wconf 89' lang='lat' dir='ltr'><strong>et</strong></span> <span class='ocrx_word' id='word_1_403' title='bbox 3165 2132 3357 2168; x_wconf 90' lang='lat' dir='ltr'><strong>servus</strong></span> <span class='ocrx_word' id='word_1_404' title='bbox 3415 2115 3699 2168; x_wconf 91' lang='lat' dir='ltr'><strong>dominum</strong></span> 
     </span>
    </p>
   </div>
   <div class='ocr_carea' id='block_1_44' title="bbox 2107 2201 3700 2275">
    <p class='ocr_par' dir='ltr' id='par_1_44' title="bbox 2107 2201 3700 2275">
     <span class='ocr_line' id='line_1_44' title="bbox 2107 2201 3700 2275; baseline -0.005 -14"><span class='ocrx_word' id='word_1_405' title='bbox 2107 2223 2292 2261; x_wconf 88' lang='lat' dir='ltr'><strong>suum.</strong></span> <span class='ocrx_word' id='word_1_406' title='bbox 2317 2207 2374 2260; x_wconf 91' lang='lat' dir='ltr'><strong>Si</strong></span> <span class='ocrx_word' id='word_1_407' title='bbox 2389 2222 2521 2275; x_wconf 89' lang='lat' dir='ltr'><strong>ergo</strong></span> <span class='ocrx_word' id='word_1_408' title='bbox 2538 2207 2705 2258; x_wconf 87' lang='lat' dir='ltr'><strong>Pater</strong></span> <span class='ocrx_word' id='word_1_409' title='bbox 2725 2221 2828 2274; x_wconf 89' lang='lat' dir='ltr'><strong>ego</strong></span> <span class='ocrx_word' id='word_1_410' title='bbox 2842 2221 2987 2262; x_wconf 82' lang='lat' dir='ltr'><strong>sum.</strong></span> <span class='ocrx_word' id='word_1_411' title='bbox 3019 2203 3116 2258; x_wconf 91' lang='lat' dir='ltr'><strong>ubi</strong></span> <span class='ocrx_word' id='word_1_412' title='bbox 3153 2210 3239 2256; x_wconf 85' lang='lat' dir='ltr'><strong>est</strong></span> <span class='ocrx_word' id='word_1_413' title='bbox 3294 2203 3477 2257; x_wconf 88' lang='lat' dir='ltr'><strong>honor</strong></span> <span class='ocrx_word' id='word_1_414' title='bbox 3505 2201 3700 2256; x_wconf 83' lang='lat' dir='ltr'><strong>meus?</strong></span> 
     </span>
    </p>
   </div>
   <div class='ocr_carea' id='block_1_45' title="bbox 2109 2290 3702 2364">
    <p class='ocr_par' dir='ltr' id='par_1_45' title="bbox 2109 2290 3702 2364">
     <span class='ocr_line' id='line_1_45' title="bbox 2109 2290 3702 2364; baseline -0.003 -16"><span class='ocrx_word' id='word_1_415' title='bbox 2109 2300 2166 2349; x_wconf 91' lang='lat' dir='ltr'><strong>et</strong></span> <span class='ocrx_word' id='word_1_416' title='bbox 2191 2295 2236 2348; x_wconf 94' lang='lat' dir='ltr'><strong>si</strong></span> <span class='ocrx_word' id='word_1_417' title='bbox 2268 2294 2538 2348; x_wconf 91' lang='lat' dir='ltr'><strong>Dominus</strong></span> <span class='ocrx_word' id='word_1_418' title='bbox 2587 2310 2689 2364; x_wconf 89' lang='lat' dir='ltr'><strong>ego</strong></span> <span class='ocrx_word' id='word_1_419' title='bbox 2718 2310 2862 2355; x_wconf 89' lang='lat' dir='ltr'><strong>sum,</strong></span> <span class='ocrx_word' id='word_1_420' title='bbox 2893 2293 2989 2346; x_wconf 93' lang='lat' dir='ltr'><strong>ubi</strong></span> <span class='ocrx_word' id='word_1_421' title='bbox 3042 2298 3128 2346; x_wconf 89' lang='lat' dir='ltr'><strong>est</strong></span> <span class='ocrx_word' id='word_1_422' title='bbox 3155 2292 3326 2346; x_wconf 88' lang='lat' dir='ltr'><strong>timor</strong></span> <span class='ocrx_word' id='word_1_423' title='bbox 3355 2309 3538 2356; x_wconf 90' lang='lat' dir='ltr'><strong>meus,</strong></span> <span class='ocrx_word' id='word_1_424' title='bbox 3575 2290 3702 2344; x_wconf 84' lang='lat' dir='ltr'><strong>dicit</strong></span> 
     </span>
    </p>
   </div>
   <div class='ocr_carea' id='block_1_46' title="bbox 2112 2380 3703 2451">
    <p class='ocr_par' dir='ltr' id='par_1_46' title="bbox 2112 2380 3703 2451">
     <span class='ocr_line' id='line_1_46' title="bbox 2112 2380 3703 2451; baseline -0.003 -14"><span class='ocrx_word' id='word_1_425' title='bbox 2112 2382 2386 2437; x_wconf 91' lang='lat' dir='ltr'><strong>Dominus</strong></span> <span class='ocrx_word' id='word_1_426' title='bbox 2407 2382 2821 2436; x_wconf 69' lang='lat' dir='ltr'><strong>exercituum?»</strong></span> <span class='ocrx_word' id='word_1_427' title='bbox 2863 2383 2941 2434; x_wconf 86' lang='lat' dir='ltr'><strong>Ac</strong></span> <span class='ocrx_word' id='word_1_428' title='bbox 2988 2381 3035 2434; x_wconf 93' lang='lat' dir='ltr'><strong>si</strong></span> <span class='ocrx_word' id='word_1_429' title='bbox 3067 2381 3313 2434; x_wconf 87' lang='lat' dir='ltr'><strong>diceret:</strong></span> <span class='ocrx_word' id='word_1_430' title='bbox 3344 2381 3504 2434; x_wconf 87' lang='lat' dir='ltr'><strong>Licet</strong></span> <span class='ocrx_word' id='word_1_431' title='bbox 3532 2380 3703 2451; x_wconf 90' lang='lat' dir='ltr'><strong>prius-</strong></span> 
     </span>
    </p>
   </div>
   <div class='ocr_carea' id='block_1_47' title="bbox 2111 2469 3701 2542">
    <p class='ocr_par' dir='ltr' id='par_1_47' title="bbox 2111 2469 3701 2542">
     <span class='ocr_line' id='line_1_47' title="bbox 2111 2469 3701 2542; baseline -0.003 -17"><span class='ocrx_word' id='word_1_432' title='bbox 2111 2489 2278 2542; x_wconf 90' lang='lat' dir='ltr'><strong>quam</strong></span> <span class='ocrx_word' id='word_1_433' title='bbox 2301 2471 2732 2525; x_wconf 88' lang='lat' dir='ltr'><strong>renasceremini</strong></span> <span class='ocrx_word' id='word_1_434' title='bbox 2755 2471 2913 2541; x_wconf 90' lang='lat' dir='ltr'><strong>quasi</strong></span> <span class='ocrx_word' id='word_1_435' title='bbox 2938 2471 3080 2524; x_wconf 90' lang='lat' dir='ltr'><strong>ﬁlios</strong></span> <span class='ocrx_word' id='word_1_436' title='bbox 3100 2486 3195 2523; x_wconf 91' lang='lat' dir='ltr'><strong>vos</strong></span> <span class='ocrx_word' id='word_1_437' title='bbox 3223 2469 3279 2523; x_wconf 92' lang='lat' dir='ltr'><strong>in</strong></span> <span class='ocrx_word' id='word_1_438' title='bbox 3300 2469 3473 2523; x_wconf 87' lang='lat' dir='ltr'><strong>Jacob</strong></span> <span class='ocrx_word' id='word_1_439' title='bbox 3497 2469 3701 2522; x_wconf 86' lang='lat' dir='ltr'><strong>dilexe-</strong></span> 
     </span>
    </p>
   </div>
   <div class='ocr_carea' id='block_1_48' title="bbox 2109 2551 3700 2629">
    <p class='ocr_par' dir='ltr' id='par_1_48' title="bbox 2109 2551 3700 2629">
     <span class='ocr_line' id='line_1_48' title="bbox 2109 2551 3700 2629; baseline -0.003 -16"><span class='ocrx_word' id='word_1_440' title='bbox 2109 2561 2242 2627; x_wconf 87' lang='lat' dir='ltr'><strong>rim;</strong></span> <span class='ocrx_word' id='word_1_441' title='bbox 2272 2566 2460 2613; x_wconf 90' lang='lat' dir='ltr'><strong>tamen</strong></span> <span class='ocrx_word' id='word_1_442' title='bbox 2492 2560 2679 2629; x_wconf 88' lang='lat' dir='ltr'><strong>eligite</strong></span> <span class='ocrx_word' id='word_1_443' title='bbox 2701 2576 2809 2629; x_wconf 92' lang='lat' dir='ltr'><strong>quo</strong></span> <span class='ocrx_word' id='word_1_444' title='bbox 2825 2551 3052 2612; x_wconf 84' lang='lat' dir='ltr'><strong>nomine</strong></span> <span class='ocrx_word' id='word_1_445' title='bbox 3078 2575 3170 2610; x_wconf 87' lang='lat' dir='ltr'><strong>me</strong></span> <span class='ocrx_word' id='word_1_446' title='bbox 3197 2558 3379 2612; x_wconf 88' lang='lat' dir='ltr'><strong>velitis</strong></span> <span class='ocrx_word' id='word_1_447' title='bbox 3399 2557 3700 2629; x_wconf 90' lang='lat' dir='ltr'><strong>appellare,</strong></span> 
     </span>
    </p>
   </div>
   <div class='ocr_carea' id='block_1_49' title="bbox 2111 2647 3704 2716">
    <p class='ocr_par' dir='ltr' id='par_1_49' title="bbox 2111 2647 3704 2716">
     <span class='ocr_line' id='line_1_49' title="bbox 2111 2647 3704 2716; baseline -0.003 -14"><span class='ocrx_word' id='word_1_448' title='bbox 2111 2649 2168 2702; x_wconf 89' lang='lat' dir='ltr'><strong>id</strong></span> <span class='ocrx_word' id='word_1_449' title='bbox 2199 2654 2285 2702; x_wconf 89' lang='lat' dir='ltr'><strong>est</strong></span> <span class='ocrx_word' id='word_1_450' title='bbox 2313 2654 2412 2702; x_wconf 88' lang='lat' dir='ltr'><strong>aut</strong></span> <span class='ocrx_word' id='word_1_451' title='bbox 2459 2649 2706 2711; x_wconf 83' lang='lat' dir='ltr'><strong>Patrem,</strong></span> <span class='ocrx_word' id='word_1_452' title='bbox 2762 2653 2861 2701; x_wconf 90' lang='lat' dir='ltr'><strong>aut</strong></span> <span class='ocrx_word' id='word_1_453' title='bbox 2907 2647 3228 2701; x_wconf 91' lang='lat' dir='ltr'><strong>Dominum.</strong></span> <span class='ocrx_word' id='word_1_454' title='bbox 3261 2647 3318 2700; x_wconf 91' lang='lat' dir='ltr'><strong>Si</strong></span> <span class='ocrx_word' id='word_1_455' title='bbox 3365 2663 3502 2716; x_wconf 88' lang='lat' dir='ltr'><strong>ergo</strong></span> <span class='ocrx_word' id='word_1_456' title='bbox 3543 2647 3704 2699; x_wconf 87' lang='lat' dir='ltr'><strong>Pater</strong></span> 
     </span>
    </p>
   </div>
   <div class='ocr_carea' id='block_1_50' title="bbox 2112 2735 3702 2802">
    <p class='ocr_par' dir='ltr' id='par_1_50' title="bbox 2112 2735 3702 2802">
     <span class='ocr_line' id='line_1_50' title="bbox 2112 2735 3702 2802; baseline -0.002 -12"><span class='ocrx_word' id='word_1_457' title='bbox 2112 2753 2257 2802; x_wconf 89' lang='lat' dir='ltr'><strong>sum,</strong></span> <span class='ocrx_word' id='word_1_458' title='bbox 2275 2754 2374 2791; x_wconf 91' lang='lat' dir='ltr'><strong>cur</strong></span> <span class='ocrx_word' id='word_1_459' title='bbox 2398 2753 2510 2790; x_wconf 91' lang='lat' dir='ltr'><strong>non</strong></span> <span class='ocrx_word' id='word_1_460' title='bbox 2531 2737 2674 2790; x_wconf 90' lang='lat' dir='ltr'><strong>detis</strong></span> <span class='ocrx_word' id='word_1_461' title='bbox 2704 2735 2956 2790; x_wconf 91' lang='lat' dir='ltr'><strong>debitum</strong></span> <span class='ocrx_word' id='word_1_462' title='bbox 2973 2736 3127 2788; x_wconf 90' lang='lat' dir='ltr'><strong>Patri</strong></span> <span class='ocrx_word' id='word_1_463' title='bbox 3156 2735 3475 2789; x_wconf 86' lang='lat' dir='ltr'><strong>honorem?</strong></span> <span class='ocrx_word' id='word_1_464' title='bbox 3511 2735 3567 2788; x_wconf 91' lang='lat' dir='ltr'><strong>Si</strong></span> <span class='ocrx_word' id='word_1_465' title='bbox 3598 2735 3702 2788; x_wconf 90' lang='lat' dir='ltr'><strong>Do-</strong></span> 
     </span>
    </p>
   </div>
   <div class='ocr_carea' id='block_1_51' title="bbox 2113 2822 3702 2896">
    <p class='ocr_par' dir='ltr' id='par_1_51' title="bbox 2113 2822 3702 2896">
     <span class='ocr_line' id='line_1_51' title="bbox 2113 2822 3702 2896; baseline -0.003 -18"><span class='ocrx_word' id='word_1_466' title='bbox 2113 2826 2318 2891; x_wconf 90' lang='lat' dir='ltr'><strong>minus,</strong></span> <span class='ocrx_word' id='word_1_467' title='bbox 2343 2841 2517 2896; x_wconf 87' lang='lat' dir='ltr'><strong>quare</strong></span> <span class='ocrx_word' id='word_1_468' title='bbox 2543 2842 2632 2878; x_wconf 92' lang='lat' dir='ltr'><strong>me</strong></span> <span class='ocrx_word' id='word_1_469' title='bbox 2661 2825 3020 2878; x_wconf 88' lang='lat' dir='ltr'><strong>contemnitis</strong></span> <span class='ocrx_word' id='word_1_470' title='bbox 3038 2823 3065 2875; x_wconf 76' lang='lat'><strong>‘.’</strong></span> <span class='ocrx_word' id='word_1_471' title='bbox 3090 2840 3191 2877; x_wconf 92' lang='lat' dir='ltr'><strong>cur</strong></span> <span class='ocrx_word' id='word_1_472' title='bbox 3217 2839 3328 2877; x_wconf 90' lang='lat' dir='ltr'><strong>non</strong></span> <span class='ocrx_word' id='word_1_473' title='bbox 3353 2823 3503 2877; x_wconf 90' lang='lat' dir='ltr'><strong>sicut</strong></span> <span class='ocrx_word' id='word_1_474' title='bbox 3525 2822 3702 2877; x_wconf 91' lang='lat' dir='ltr'><strong>Domi-</strong></span> 
     </span>
    </p>
   </div>
   <div class='ocr_carea' id='block_1_52' title="bbox 2114 2911 3701 2981">
    <p class='ocr_par' dir='ltr' id='par_1_52' title="bbox 2114 2911 3701 2981">
     <span class='ocr_line' id='line_1_52' title="bbox 2114 2911 3701 2981; baseline -0.002 -14"><span class='ocrx_word' id='word_1_475' title='bbox 2114 2931 2250 2968; x_wconf 89' lang='lat' dir='ltr'><strong>num</strong></span> <span class='ocrx_word' id='word_1_476' title='bbox 2272 2913 2528 2966; x_wconf 82' lang='lat' dir='ltr'><strong>timetis?</strong></span> <span class='ocrx_word' id='word_1_477' title='bbox 2559 2913 2678 2966; x_wconf 88' lang='lat' dir='ltr'><strong>Hoc</strong></span> <span class='ocrx_word' id='word_1_478' title='bbox 2711 2913 2780 2965; x_wconf 88' lang='lat' dir='ltr'><strong>ad</strong></span> <span class='ocrx_word' id='word_1_479' title='bbox 2810 2912 2933 2965; x_wconf 92' lang='lat' dir='ltr'><strong>illos</strong></span> <span class='ocrx_word' id='word_1_480' title='bbox 2963 2911 3099 2965; x_wconf 93' lang='lat' dir='ltr'><strong>dicit</strong></span> <span class='ocrx_word' id='word_1_481' title='bbox 3126 2911 3242 2981; x_wconf 87' lang='lat' dir='ltr'><strong>qui,</strong></span> <span class='ocrx_word' id='word_1_482' title='bbox 3285 2911 3353 2964; x_wconf 90' lang='lat' dir='ltr'><strong>de</strong></span> <span class='ocrx_word' id='word_1_483' title='bbox 3383 2911 3701 2981; x_wconf 83' lang='lat' dir='ltr'><strong>captivitate</strong></span> 
     </span>
    </p>
   </div>
   <div class='ocr_carea' id='block_1_53' title="bbox 434 2981 3704 3075">
    <p class='ocr_par' dir='ltr' id='par_1_53' title="bbox 434 2981 3704 3075">
     <span class='ocr_line' id='line_1_53' title="bbox 434 2981 3704 3075; baseline 0 -24"><span class='ocrx_word' id='word_1_484' title='bbox 434 2999 817 3070; x_wconf 89' lang='lat' dir='ltr'><strong>sponderunt:</strong></span> <span class='ocrx_word' id='word_1_485' title='bbox 855 3001 919 3054; x_wconf 90' lang='lat' dir='ltr'><strong>In</strong></span> <span class='ocrx_word' id='word_1_486' title='bbox 949 3017 1058 3070; x_wconf 93' lang='lat' dir='ltr'><strong>quo</strong></span> <span class='ocrx_word' id='word_1_487' title='bbox 1115 3001 1358 3056; x_wconf 87' lang='lat' dir='ltr'><strong>dilexisti</strong></span> <span class='ocrx_word' id='word_1_488' title='bbox 1405 2981 1538 3057; x_wconf 74' lang='lat' dir='ltr'><strong>nos?</strong></span> <span class='ocrx_word' id='word_1_489' title='bbox 1567 2981 1838 3075; x_wconf 74' lang='lat' dir='ltr'><strong>tanquam</strong></span> <span class='ocrx_word' id='word_1_490' title='bbox 1871 2981 2293 3073; x_wconf 77' lang='lat' dir='ltr'><strong>oblitiCnuper</strong></span> <span class='ocrx_word' id='word_1_491' title='bbox 2337 3001 2564 3066; x_wconf 90' lang='lat' dir='ltr'><strong>reversi,</strong></span> <span class='ocrx_word' id='word_1_492' title='bbox 2613 3002 2850 3055; x_wconf 89' lang='lat' dir='ltr'><strong>necdum</strong></span> <span class='ocrx_word' id='word_1_493' title='bbox 2901 3001 3172 3056; x_wconf 66' lang='lat' dir='ltr'><strong>aediﬁcato</strong></span> <span class='ocrx_word' id='word_1_494' title='bbox 3217 3003 3431 3072; x_wconf 88' lang='lat' dir='ltr'><strong>templo</strong></span> <span class='ocrx_word' id='word_1_495' title='bbox 3469 3002 3556 3055; x_wconf 86' lang='lat' dir='ltr'><strong>vel</strong></span> <span class='ocrx_word' id='word_1_496' title='bbox 3585 3000 3704 3054; x_wconf 87' lang='lat' dir='ltr'><strong>civi-</strong></span> 
     </span>
    </p>
   </div>
   <div class='ocr_carea' id='block_1_54' title="bbox 433 3087 2030 3161">
    <p class='ocr_par' dir='ltr' id='par_1_54' title="bbox 433 3087 2030 3161">
     <span class='ocr_line' id='line_1_54' title="bbox 433 3087 2030 3161; baseline 0.004 -20"><span class='ocrx_word' id='word_1_497' title='bbox 433 3087 831 3142; x_wconf 85' lang='lat' dir='ltr'><strong>beneﬁciorum</strong></span> <span class='ocrx_word' id='word_1_498' title='bbox 851 3105 976 3159; x_wconf 65' lang='lat' dir='ltr'><strong>qum</strong></span> <span class='ocrx_word' id='word_1_499' title='bbox 991 3089 1290 3142; x_wconf 87' lang='lat' dir='ltr'><strong>innumera</strong></span> <span class='ocrx_word' id='word_1_500' title='bbox 1305 3090 1418 3144; x_wconf 90' lang='lat' dir='ltr'><strong>illis</strong></span> <span class='ocrx_word' id='word_1_501' title='bbox 1436 3093 1794 3161; x_wconf 85' lang='lat' dir='ltr'><strong>praestiterat.</strong></span> <span class='ocrx_word' id='word_1_502' title='bbox 1819 3094 2030 3157; x_wconf 87' lang='lat' dir='ltr'><strong>Quibus</strong></span> 
     </span>
    </p>
   </div>
   <div class='ocr_carea' id='block_1_55' title="bbox 433 3176 2041 3248">
    <p class='ocr_par' dir='ltr' id='par_1_55' title="bbox 433 3176 2041 3248">
     <span class='ocr_line' id='line_1_55' title="bbox 433 3176 2041 3248; baseline 0.003 -18"><span class='ocrx_word' id='word_1_503' title='bbox 433 3176 709 3231; x_wconf 88' lang='lat' dir='ltr'><strong>Dominus</strong></span> <span class='ocrx_word' id='word_1_504' title='bbox 727 3176 1015 3248; x_wconf 89' lang='lat' dir='ltr'><strong>respondit</strong></span> <span class='ocrx_word' id='word_1_505' title='bbox 1030 3192 1041 3225; x_wconf 90' lang='lat'>:</span> <span class='ocrx_word' id='word_1_506' title='bbox 1055 3178 1282 3230; x_wconf 73' lang='lat' dir='ltr'><strong>«Nonne</strong></span> <span class='ocrx_word' id='word_1_507' title='bbox 1304 3177 1479 3231; x_wconf 88' lang='lat' dir='ltr'><strong>frater</strong></span> <span class='ocrx_word' id='word_1_508' title='bbox 1489 3185 1612 3232; x_wconf 88' lang='lat' dir='ltr'><strong>erat</strong></span> <span class='ocrx_word' id='word_1_509' title='bbox 1633 3181 1778 3234; x_wconf 88' lang='lat' dir='ltr'><strong>Esau</strong></span> <span class='ocrx_word' id='word_1_510' title='bbox 1789 3182 1815 3233; x_wconf 94' lang='lat' dir='ltr'><strong>J</strong></span> <span class='ocrx_word' id='word_1_511' title='bbox 1821 3181 1957 3234; x_wconf 89' lang='lat' dir='ltr'><strong>acob</strong></span> <span class='ocrx_word' id='word_1_512' title='bbox 1971 3183 2041 3234; x_wconf 62' lang='lat'><strong>?»&#39;</strong></span> 
     </span>
    </p>
   </div>
   <div class='ocr_carea' id='block_1_56' title="bbox 434 3264 2029 3338">
    <p class='ocr_par' dir='ltr' id='par_1_56' title="bbox 434 3264 2029 3338">
     <span class='ocr_line' id='line_1_56' title="bbox 434 3264 2029 3338; baseline 0.002 -17"><span class='ocrx_word' id='word_1_513' title='bbox 434 3264 956 3336; x_wconf 66' lang='lat' dir='ltr'><strong>Utlinquitnaceam</strong></span> <span class='ocrx_word' id='word_1_514' title='bbox 977 3267 1486 3336; x_wconf 70' lang='lat' dir='ltr'><strong>caetera,quomodo</strong></span> <span class='ocrx_word' id='word_1_515' title='bbox 1509 3284 1605 3320; x_wconf 90' lang='lat' dir='ltr'><strong>vos</strong></span> <span class='ocrx_word' id='word_1_516' title='bbox 1623 3271 1945 3338; x_wconf 88' lang='lat' dir='ltr'><strong>nuperrime</strong></span> <span class='ocrx_word' id='word_1_517' title='bbox 1961 3271 2029 3324; x_wconf 93' lang='lat' dir='ltr'><strong>de</strong></span> 
     </span>
    </p>
   </div>
   <div class='ocr_carea' id='block_1_57' title="bbox 435 3352 2032 3427">
    <p class='ocr_par' dir='ltr' id='par_1_57' title="bbox 435 3352 2032 3427">
     <span class='ocr_line' id='line_1_57' title="bbox 435 3352 2032 3427; baseline 0.003 -20"><span class='ocrx_word' id='word_1_518' title='bbox 435 3353 738 3424; x_wconf 86' lang='lat' dir='ltr'><strong>Babylonis</strong></span> <span class='ocrx_word' id='word_1_519' title='bbox 754 3352 1075 3424; x_wconf 89' lang='lat' dir='ltr'><strong>captivitate</strong></span> <span class='ocrx_word' id='word_1_520' title='bbox 1091 3353 1338 3417; x_wconf 84' lang='lat' dir='ltr'><strong>liberavi,</strong></span> <span class='ocrx_word' id='word_1_521' title='bbox 1368 3361 1431 3409; x_wconf 91' lang='lat' dir='ltr'><strong>ut</strong></span> <span class='ocrx_word' id='word_1_522' title='bbox 1455 3356 1571 3410; x_wconf 55' lang='lat' dir='ltr'><strong>hac</strong></span> <span class='ocrx_word' id='word_1_523' title='bbox 1601 3362 1658 3410; x_wconf 90' lang='lat' dir='ltr'><strong>et</strong></span> <span class='ocrx_word' id='word_1_524' title='bbox 1677 3357 1788 3410; x_wconf 88' lang='lat' dir='ltr'><strong>alia</strong></span> <span class='ocrx_word' id='word_1_525' title='bbox 1808 3364 2032 3427; x_wconf 70' lang='lat' dir='ltr'><strong>praeter-</strong></span> 
     </span>
    </p>
   </div>
   <div class='ocr_carea' id='block_1_58' title="bbox 436 3442 2033 3514">
    <p class='ocr_par' dir='ltr' id='par_1_58' title="bbox 436 3442 2033 3514">
     <span class='ocr_line' id='line_1_58' title="bbox 436 3442 2033 3514; baseline 0.003 -18"><span class='ocrx_word' id='word_1_526' title='bbox 436 3443 678 3507; x_wconf 86' lang='lat' dir='ltr'><strong>mittam,</strong></span> <span class='ocrx_word' id='word_1_527' title='bbox 704 3442 874 3496; x_wconf 88' lang='lat' dir='ltr'><strong>altius</strong></span> <span class='ocrx_word' id='word_1_528' title='bbox 888 3447 1158 3512; x_wconf 89' lang='lat' dir='ltr'><strong>repetam,</strong></span> <span class='ocrx_word' id='word_1_529' title='bbox 1178 3442 1312 3496; x_wconf 84' lang='lat' dir='ltr'><strong>etab</strong></span> <span class='ocrx_word' id='word_1_530' title='bbox 1332 3443 1455 3512; x_wconf 87' lang='lat' dir='ltr'><strong>ipsa</strong></span> <span class='ocrx_word' id='word_1_531' title='bbox 1467 3445 1831 3514; x_wconf 88' lang='lat' dir='ltr'><strong>conceptione</strong></span> <span class='ocrx_word' id='word_1_532' title='bbox 1848 3452 2033 3500; x_wconf 88' lang='lat' dir='ltr'><strong>vestra</strong></span> 
     </span>
    </p>
   </div>
   <div class='ocr_carea' id='block_1_59' title="bbox 437 3530 2034 3603">
    <p class='ocr_par' dir='ltr' id='par_1_59' title="bbox 437 3530 2034 3603">
     <span class='ocr_line' id='line_1_59' title="bbox 437 3530 2034 3603; baseline 0.002 -18"><span class='ocrx_word' id='word_1_533' title='bbox 437 3531 750 3594; x_wconf 86' lang='lat' dir='ltr'><strong>ostendam,</strong></span> <span class='ocrx_word' id='word_1_534' title='bbox 784 3530 1065 3601; x_wconf 89' lang='lat' dir='ltr'><strong>quomodo</strong></span> <span class='ocrx_word' id='word_1_535' title='bbox 1093 3547 1188 3583; x_wconf 84' lang='lat' dir='ltr'><strong>vos</strong></span> <span class='ocrx_word' id='word_1_536' title='bbox 1219 3531 1553 3585; x_wconf 81' lang='lat' dir='ltr'><strong>dilexerim?</strong></span> <span class='ocrx_word' id='word_1_537' title='bbox 1583 3535 1899 3603; x_wconf 89' lang='lat' dir='ltr'><strong>Antequam</strong></span> <span class='ocrx_word' id='word_1_538' title='bbox 1931 3536 2034 3588; x_wconf 85' lang='lat' dir='ltr'><strong>Re-</strong></span> 
     </span>
    </p>
   </div>
   <div class='ocr_carea' id='block_1_60' title="bbox 435 3618 2032 3688">
    <p class='ocr_par' dir='ltr' id='par_1_60' title="bbox 435 3618 2032 3688">
     <span class='ocr_line' id='line_1_60' title="bbox 435 3618 2032 3688; baseline 0.001 -13"><span class='ocrx_word' id='word_1_539' title='bbox 435 3620 606 3675; x_wconf 89' lang='lat' dir='ltr'><strong>becca</strong></span> <span class='ocrx_word' id='word_1_540' title='bbox 628 3618 797 3673; x_wconf 85' lang='lat' dir='ltr'><strong>Jacob</strong></span> <span class='ocrx_word' id='word_1_541' title='bbox 827 3625 884 3672; x_wconf 91' lang='lat' dir='ltr'><strong>et</strong></span> <span class='ocrx_word' id='word_1_542' title='bbox 899 3619 1046 3672; x_wconf 89' lang='lat' dir='ltr'><strong>Esau</strong></span> <span class='ocrx_word' id='word_1_543' title='bbox 1066 3625 1308 3688; x_wconf 89' lang='lat' dir='ltr'><strong>pareret,</strong></span> <span class='ocrx_word' id='word_1_544' title='bbox 1348 3621 1398 3672; x_wconf 90' lang='lat' dir='ltr'><strong>in</strong></span> <span class='ocrx_word' id='word_1_545' title='bbox 1432 3620 1602 3674; x_wconf 89' lang='lat' dir='ltr'><strong>Jacob</strong></span> <span class='ocrx_word' id='word_1_546' title='bbox 1633 3639 1729 3676; x_wconf 91' lang='lat' dir='ltr'><strong>vos</strong></span> <span class='ocrx_word' id='word_1_547' title='bbox 1760 3623 1944 3684; x_wconf 86' lang='lat' dir='ltr'><strong>dilexi,</strong></span> <span class='ocrx_word' id='word_1_548' title='bbox 1974 3623 2032 3676; x_wconf 92' lang='lat' dir='ltr'><strong>in</strong></span> 
     </span>
    </p>
   </div>
   <div class='ocr_carea' id='block_1_61' title="bbox 438 3707 2028 3781">
    <p class='ocr_par' dir='ltr' id='par_1_61' title="bbox 438 3707 2028 3781">
     <span class='ocr_line' id='line_1_61' title="bbox 438 3707 2028 3781; baseline 0.001 -17"><span class='ocrx_word' id='word_1_549' title='bbox 438 3711 587 3764; x_wconf 88' lang='lat' dir='ltr'><strong>Esau</strong></span> <span class='ocrx_word' id='word_1_550' title='bbox 615 3713 804 3761; x_wconf 91' lang='lat' dir='ltr'><strong>autem</strong></span> <span class='ocrx_word' id='word_1_551' title='bbox 831 3707 1106 3760; x_wconf 64' lang='lat' dir='ltr'><strong>Idumaeos</strong></span> <span class='ocrx_word' id='word_1_552' title='bbox 1135 3708 1263 3761; x_wconf 90' lang='lat' dir='ltr'><strong>odio</strong></span> <span class='ocrx_word' id='word_1_553' title='bbox 1291 3709 1480 3768; x_wconf 79' lang='lat' dir='ltr'><strong>habui,</strong></span> <span class='ocrx_word' id='word_1_554' title='bbox 1513 3715 1570 3763; x_wconf 91' lang='lat' dir='ltr'><strong>et</strong></span> <span class='ocrx_word' id='word_1_555' title='bbox 1615 3711 1776 3781; x_wconf 89' lang='lat' dir='ltr'><strong>posui</strong></span> <span class='ocrx_word' id='word_1_556' title='bbox 1813 3711 2028 3781; x_wconf 73' lang='lat' dir='ltr'><strong>(inquit)</strong></span> 
     </span>
    </p>
   </div>
   <div class='ocr_carea' id='block_1_62' title="bbox 438 3795 2036 3866">
    <p class='ocr_par' dir='ltr' id='par_1_62' title="bbox 438 3795 2036 3866">
     <span class='ocr_line' id='line_1_62' title="bbox 438 3795 2036 3866; baseline 0.001 -15"><span class='ocrx_word' id='word_1_557' title='bbox 438 3801 661 3851; x_wconf 90' lang='lat' dir='ltr'><strong>montes</strong></span> <span class='ocrx_word' id='word_1_558' title='bbox 683 3795 897 3863; x_wconf 88' lang='lat' dir='ltr'><strong>ejus,id</strong></span> <span class='ocrx_word' id='word_1_559' title='bbox 923 3800 1009 3848; x_wconf 89' lang='lat' dir='ltr'><strong>est</strong></span> <span class='ocrx_word' id='word_1_560' title='bbox 1035 3795 1321 3866; x_wconf 87' lang='lat' dir='ltr'><strong>regionem</strong></span> <span class='ocrx_word' id='word_1_561' title='bbox 1347 3798 1489 3852; x_wconf 82' lang='lat' dir='ltr'><strong>Seir.</strong></span> <span class='ocrx_word' id='word_1_562' title='bbox 1517 3799 1572 3852; x_wconf 90' lang='lat' dir='ltr'><strong>in</strong></span> <span class='ocrx_word' id='word_1_563' title='bbox 1590 3800 2036 3864; x_wconf 86' lang='lat' dir='ltr'><strong>solitudinem,et</strong></span> 
     </span>
    </p>
   </div>
   <div class='ocr_carea' id='block_1_63' title="bbox 438 3883 2034 3954">
    <p class='ocr_par' dir='ltr' id='par_1_63' title="bbox 438 3883 2034 3954">
     <span class='ocr_line' id='line_1_63' title="bbox 438 3883 2034 3954; baseline 0.003 -16"><span class='ocrx_word' id='word_1_564' title='bbox 438 3884 608 3938; x_wconf 89' lang='lat' dir='ltr'><strong>urbes</strong></span> <span class='ocrx_word' id='word_1_565' title='bbox 624 3885 746 3954; x_wconf 90' lang='lat' dir='ltr'><strong>ejus</strong></span> <span class='ocrx_word' id='word_1_566' title='bbox 771 3883 1020 3938; x_wconf 84' lang='lat' dir='ltr'><strong>desertas</strong></span> <span class='ocrx_word' id='word_1_567' title='bbox 1046 3883 1116 3938; x_wconf 89' lang='lat' dir='ltr'><strong>ab</strong></span> <span class='ocrx_word' id='word_1_568' title='bbox 1145 3885 1465 3940; x_wconf 89' lang='lat' dir='ltr'><strong>hominibus</strong></span> <span class='ocrx_word' id='word_1_569' title='bbox 1491 3887 1594 3940; x_wconf 86' lang='lat' dir='ltr'><strong>feci</strong></span> <span class='ocrx_word' id='word_1_570' title='bbox 1624 3904 1657 3941; x_wconf 89' lang='lat' dir='ltr'><strong>a</strong></span> <span class='ocrx_word' id='word_1_571' title='bbox 1699 3888 2034 3942; x_wconf 85' lang='lat' dir='ltr'><strong>draconibus</strong></span> 
     </span>
    </p>
   </div>
   <div class='ocr_carea' id='block_1_64' title="bbox 439 3973 2035 4047">
    <p class='ocr_par' dir='ltr' id='par_1_64' title="bbox 439 3973 2035 4047">
     <span class='ocr_line' id='line_1_64' title="bbox 439 3973 2035 4047; baseline 0.002 -19"><span class='ocrx_word' id='word_1_572' title='bbox 439 3979 498 4028; x_wconf 91' lang='lat' dir='ltr'><strong>et</strong></span> <span class='ocrx_word' id='word_1_573' title='bbox 525 3973 718 4028; x_wconf 91' lang='lat' dir='ltr'><strong>bestiis</strong></span> <span class='ocrx_word' id='word_1_574' title='bbox 747 3973 1039 4044; x_wconf 86' lang='lat' dir='ltr'><strong>possideri.</strong></span> <span class='ocrx_word' id='word_1_575' title='bbox 1060 3975 1118 4028; x_wconf 92' lang='lat' dir='ltr'><strong>Si</strong></span> <span class='ocrx_word' id='word_1_576' title='bbox 1140 3980 1328 4028; x_wconf 89' lang='lat' dir='ltr'><strong>autem</strong></span> <span class='ocrx_word' id='word_1_577' title='bbox 1350 3975 1553 4029; x_wconf 86' lang='lat' dir='ltr'><strong>dixerit</strong></span> <span class='ocrx_word' id='word_1_578' title='bbox 1595 3977 1788 4040; x_wconf 86' lang='lat' dir='ltr'><strong>Edom,</strong></span> <span class='ocrx_word' id='word_1_579' title='bbox 1815 3977 1910 4047; x_wconf 92' lang='lat' dir='ltr'><strong>qui</strong></span> <span class='ocrx_word' id='word_1_580' title='bbox 1951 3984 2035 4031; x_wconf 89' lang='lat' dir='ltr'><strong>est</strong></span> 
     </span>
    </p>
   </div>
   <div class='ocr_carea' id='block_1_65' title="bbox 439 4062 2034 4128">
    <p class='ocr_par' dir='ltr' id='par_1_65' title="bbox 439 4062 2034 4128">
     <span class='ocr_line' id='line_1_65' title="bbox 439 4062 2034 4128; baseline 0.001 -11"><span class='ocrx_word' id='word_1_581' title='bbox 439 4064 587 4117; x_wconf 90' lang='lat' dir='ltr'><strong>Esau</strong></span> <span class='ocrx_word' id='word_1_582' title='bbox 609 4082 619 4116; x_wconf 93' lang='lat'>:</span> <span class='ocrx_word' id='word_1_583' title='bbox 641 4062 923 4116; x_wconf 87' lang='lat' dir='ltr'><strong>Destructi</strong></span> <span class='ocrx_word' id='word_1_584' title='bbox 944 4080 1158 4128; x_wconf 90' lang='lat' dir='ltr'><strong>sumus,</strong></span> <span class='ocrx_word' id='word_1_585' title='bbox 1183 4065 1280 4116; x_wconf 91' lang='lat' dir='ltr'><strong>sed</strong></span> <span class='ocrx_word' id='word_1_586' title='bbox 1300 4065 1506 4118; x_wconf 88' lang='lat' dir='ltr'><strong>iterum</strong></span> <span class='ocrx_word' id='word_1_587' title='bbox 1537 4071 1880 4118; x_wconf 86' lang='lat' dir='ltr'><strong>revertentes</strong></span> <span class='ocrx_word' id='word_1_588' title='bbox 1901 4066 2034 4118; x_wconf 70' lang='lat' dir='ltr'><strong>mdi-</strong></span> 
     </span>
    </p>
   </div>
   <div class='ocr_carea' id='block_1_66' title="bbox 440 4151 2034 4221">
    <p class='ocr_par' dir='ltr' id='par_1_66' title="bbox 440 4151 2034 4221">
     <span class='ocr_line' id='line_1_66' title="bbox 440 4151 2034 4221; baseline 0.001 -16"><span class='ocrx_word' id='word_1_589' title='bbox 440 4152 732 4206; x_wconf 86' lang='lat' dir='ltr'><strong>ﬁcabimus</strong></span> <span class='ocrx_word' id='word_1_590' title='bbox 763 4151 931 4204; x_wconf 89' lang='lat' dir='ltr'><strong>urbes</strong></span> <span class='ocrx_word' id='word_1_591' title='bbox 978 4157 1222 4216; x_wconf 88' lang='lat' dir='ltr'><strong>nostras,</strong></span> <span class='ocrx_word' id='word_1_592' title='bbox 1256 4152 1336 4204; x_wconf 90' lang='lat' dir='ltr'><strong>illi</strong></span> <span class='ocrx_word' id='word_1_593' title='bbox 1373 4152 1599 4221; x_wconf 91' lang='lat' dir='ltr'><strong>quidem</strong></span> <span class='ocrx_word' id='word_1_594' title='bbox 1659 4153 2034 4218; x_wconf 83' lang='lat' dir='ltr'><strong>aediﬁcabunt,</strong></span> 
     </span>
    </p>
   </div>
   <div class='ocr_carea' id='block_1_67' title="bbox 2112 3089 3698 3161">
    <p class='ocr_par' dir='ltr' id='par_1_67' title="bbox 2112 3089 3698 3161">
     <span class='ocr_line' id='line_1_67' title="bbox 2112 3089 3698 3161; baseline -0.002 -17"><span class='ocrx_word' id='word_1_595' title='bbox 2112 3098 2248 3156; x_wconf 89' lang='lat' dir='ltr'><strong>tate,</strong></span> <span class='ocrx_word' id='word_1_596' title='bbox 2310 3091 2368 3144; x_wconf 91' lang='lat' dir='ltr'><strong>in</strong></span> <span class='ocrx_word' id='word_1_597' title='bbox 2424 3090 2665 3160; x_wconf 90' lang='lat' dir='ltr'><strong>peccatis</strong></span> <span class='ocrx_word' id='word_1_598' title='bbox 2718 3096 2910 3143; x_wconf 87' lang='lat' dir='ltr'><strong>tamen</strong></span> <span class='ocrx_word' id='word_1_599' title='bbox 2966 3090 3220 3160; x_wconf 90' lang='lat' dir='ltr'><strong>pristinis</strong></span> <span class='ocrx_word' id='word_1_600' title='bbox 3281 3089 3698 3161; x_wconf 89' lang='lat' dir='ltr'><strong>permanebant,</strong></span> 
     </span>
    </p>
   </div>
   <div class='ocr_carea' id='block_1_68' title="bbox 2111 3177 3704 3249">
    <p class='ocr_par' dir='ltr' id='par_1_68' title="bbox 2111 3177 3704 3249">
     <span class='ocr_line' id='line_1_68' title="bbox 2111 3177 3704 3249; baseline -0.002 -16"><span class='ocrx_word' id='word_1_601' title='bbox 2111 3181 2291 3233; x_wconf 88' lang='lat' dir='ltr'><strong>Deum</strong></span> <span class='ocrx_word' id='word_1_602' title='bbox 2355 3196 2459 3233; x_wconf 87' lang='lat' dir='ltr'><strong>nec</strong></span> <span class='ocrx_word' id='word_1_603' title='bbox 2514 3179 2738 3242; x_wconf 90' lang='lat' dir='ltr'><strong>timore,</strong></span> <span class='ocrx_word' id='word_1_604' title='bbox 2801 3195 2902 3232; x_wconf 92' lang='lat' dir='ltr'><strong>nec</strong></span> <span class='ocrx_word' id='word_1_605' title='bbox 2959 3195 3150 3232; x_wconf 88' lang='lat' dir='ltr'><strong>amore</strong></span> <span class='ocrx_word' id='word_1_606' title='bbox 3188 3185 3542 3233; x_wconf 89' lang='lat' dir='ltr'><strong>venerantes.</strong></span> <span class='ocrx_word' id='word_1_607' title='bbox 3591 3177 3704 3249; x_wconf 89' lang='lat' dir='ltr'><strong>Spi-</strong></span> 
     </span>
    </p>
   </div>
   <div class='ocr_carea' id='block_1_69' title="bbox 2113 3267 3704 3338">
    <p class='ocr_par' dir='ltr' id='par_1_69' title="bbox 2113 3267 3704 3338">
     <span class='ocr_line' id='line_1_69' title="bbox 2113 3267 3704 3338; baseline -0.003 -17"><span class='ocrx_word' id='word_1_608' title='bbox 2113 3268 2410 3332; x_wconf 88' lang='lat' dir='ltr'><strong>ritualiter,</strong></span> <span class='ocrx_word' id='word_1_609' title='bbox 2443 3269 2564 3321; x_wconf 89' lang='lat' dir='ltr'><strong>vult</strong></span> <span class='ocrx_word' id='word_1_610' title='bbox 2590 3269 2738 3321; x_wconf 91' lang='lat' dir='ltr'><strong>Deus</strong></span> <span class='ocrx_word' id='word_1_611' title='bbox 2768 3267 2950 3338; x_wconf 90' lang='lat' dir='ltr'><strong>primo</strong></span> <span class='ocrx_word' id='word_1_612' title='bbox 2980 3273 3043 3321; x_wconf 90' lang='lat' dir='ltr'><strong>ut</strong></span> <span class='ocrx_word' id='word_1_613' title='bbox 3073 3267 3250 3321; x_wconf 90' lang='lat' dir='ltr'><strong>simus</strong></span> <span class='ocrx_word' id='word_1_614' title='bbox 3279 3268 3379 3321; x_wconf 90' lang='lat' dir='ltr'><strong>ﬁlii</strong></span> <span class='ocrx_word' id='word_1_615' title='bbox 3437 3270 3580 3338; x_wconf 86' lang='lat' dir='ltr'><strong>ejus,</strong></span> <span class='ocrx_word' id='word_1_616' title='bbox 3619 3282 3704 3318; x_wconf 84' lang='lat' dir='ltr'><strong>vo-</strong></span> 
     </span>
    </p>
   </div>
   <div class='ocr_carea' id='block_1_70' title="bbox 2115 3355 3700 3420">
    <p class='ocr_par' dir='ltr' id='par_1_70' title="bbox 2115 3355 3700 3420">
     <span class='ocr_line' id='line_1_70' title="bbox 2115 3355 3700 3420; baseline -0.002 -10"><span class='ocrx_word' id='word_1_617' title='bbox 2115 3358 2360 3412; x_wconf 89' lang='lat' dir='ltr'><strong>luntarie</strong></span> <span class='ocrx_word' id='word_1_618' title='bbox 2415 3356 2495 3409; x_wconf 92' lang='lat' dir='ltr'><strong>illi</strong></span> <span class='ocrx_word' id='word_1_619' title='bbox 2541 3356 3007 3420; x_wconf 89' lang='lat' dir='ltr'><strong>obsecundantes,</strong></span> <span class='ocrx_word' id='word_1_620' title='bbox 3047 3363 3103 3410; x_wconf 91' lang='lat' dir='ltr'><strong>et</strong></span> <span class='ocrx_word' id='word_1_621' title='bbox 3147 3373 3261 3410; x_wconf 88' lang='lat' dir='ltr'><strong>non</strong></span> <span class='ocrx_word' id='word_1_622' title='bbox 3325 3357 3554 3420; x_wconf 90' lang='lat' dir='ltr'><strong>timore,</strong></span> <span class='ocrx_word' id='word_1_623' title='bbox 3611 3355 3700 3409; x_wconf 92' lang='lat' dir='ltr'><strong>sed</strong></span> 
     </span>
    </p>
   </div>
   <div class='ocr_carea' id='block_1_71' title="bbox 2115 3445 3698 3508">
    <p class='ocr_par' dir='ltr' id='par_1_71' title="bbox 2115 3445 3698 3508">
     <span class='ocr_line' id='line_1_71' title="bbox 2115 3445 3698 3508; baseline -0.001 -9"><span class='ocrx_word' id='word_1_624' title='bbox 2115 3461 2305 3499; x_wconf 88' lang='lat' dir='ltr'><strong>amore</strong></span> <span class='ocrx_word' id='word_1_625' title='bbox 2332 3445 2412 3498; x_wconf 93' lang='lat' dir='ltr'><strong>illi</strong></span> <span class='ocrx_word' id='word_1_626' title='bbox 2452 3447 2775 3499; x_wconf 91' lang='lat' dir='ltr'><strong>servientes.</strong></span> <span class='ocrx_word' id='word_1_627' title='bbox 2818 3445 2978 3508; x_wconf 89' lang='lat' dir='ltr'><strong>Quod</strong></span> <span class='ocrx_word' id='word_1_628' title='bbox 3017 3445 3062 3498; x_wconf 91' lang='lat' dir='ltr'><strong>si</strong></span> <span class='ocrx_word' id='word_1_629' title='bbox 3100 3446 3206 3499; x_wconf 90' lang='lat' dir='ltr'><strong>hoc</strong></span> <span class='ocrx_word' id='word_1_630' title='bbox 3243 3463 3363 3499; x_wconf 87' lang='lat' dir='ltr'><strong>esse</strong></span> <span class='ocrx_word' id='word_1_631' title='bbox 3423 3447 3698 3508; x_wconf 90' lang='lat' dir='ltr'><strong>nolumus,</strong></span> 
     </span>
    </p>
   </div>
   <div class='ocr_carea' id='block_1_72' title="bbox 2115 3533 3706 3604">
    <p class='ocr_par' dir='ltr' id='par_1_72' title="bbox 2115 3533 3706 3604">
     <span class='ocr_line' id='line_1_72' title="bbox 2115 3533 3706 3604; baseline 0 -18"><span class='ocrx_word' id='word_1_632' title='bbox 2115 3535 2234 3588; x_wconf 89' lang='lat' dir='ltr'><strong>vult</strong></span> <span class='ocrx_word' id='word_1_633' title='bbox 2250 3540 2314 3588; x_wconf 92' lang='lat' dir='ltr'><strong>ut</strong></span> <span class='ocrx_word' id='word_1_634' title='bbox 2338 3535 2538 3587; x_wconf 87' lang='lat' dir='ltr'><strong>saltem</strong></span> <span class='ocrx_word' id='word_1_635' title='bbox 2569 3534 2744 3587; x_wconf 88' lang='lat' dir='ltr'><strong>simus</strong></span> <span class='ocrx_word' id='word_1_636' title='bbox 2780 3534 2944 3599; x_wconf 90' lang='lat' dir='ltr'><strong>servi,</strong></span> <span class='ocrx_word' id='word_1_637' title='bbox 2966 3533 3168 3587; x_wconf 88' lang='lat' dir='ltr'><strong>timore</strong></span> <span class='ocrx_word' id='word_1_638' title='bbox 3194 3534 3598 3604; x_wconf 89' lang='lat' dir='ltr'><strong>suppliciorum</strong></span> <span class='ocrx_word' id='word_1_639' title='bbox 3627 3550 3706 3586; x_wconf 90' lang='lat' dir='ltr'><strong>re-</strong></span> 
     </span>
    </p>
   </div>
   <div class='ocr_carea' id='block_1_73' title="bbox 2116 3620 3706 3692">
    <p class='ocr_par' dir='ltr' id='par_1_73' title="bbox 2116 3620 3706 3692">
     <span class='ocr_line' id='line_1_73' title="bbox 2116 3620 3706 3692; baseline -0.001 -17"><span class='ocrx_word' id='word_1_640' title='bbox 2116 3623 2376 3675; x_wconf 87' lang='lat' dir='ltr'><strong>cedentes</strong></span> <span class='ocrx_word' id='word_1_641' title='bbox 2403 3639 2436 3674; x_wconf 89' lang='lat' dir='ltr'><strong>a</strong></span> <span class='ocrx_word' id='word_1_642' title='bbox 2481 3622 2649 3686; x_wconf 85' lang='lat' dir='ltr'><strong>malo,</strong></span> <span class='ocrx_word' id='word_1_643' title='bbox 2700 3626 2757 3674; x_wconf 89' lang='lat' dir='ltr'><strong>et</strong></span> <span class='ocrx_word' id='word_1_644' title='bbox 2803 3620 2958 3676; x_wconf 68' lang='lat' dir='ltr'><strong>bona.</strong></span> <span class='ocrx_word' id='word_1_645' title='bbox 3001 3621 3282 3674; x_wconf 84' lang='lat' dir='ltr'><strong>facientes.</strong></span> <span class='ocrx_word' id='word_1_646' title='bbox 3326 3622 3472 3692; x_wconf 88' lang='lat' dir='ltr'><strong>Ergo</strong></span> <span class='ocrx_word' id='word_1_647' title='bbox 3511 3638 3546 3674; x_wconf 91' lang='lat' dir='ltr'><strong>a</strong></span> <span class='ocrx_word' id='word_1_648' title='bbox 3583 3620 3706 3674; x_wconf 80' lang='lat' dir='ltr'><strong>filiis</strong></span> 
     </span>
    </p>
   </div>
   <div class='ocr_carea' id='block_1_74' title="bbox 2119 3697 3706 3779">
    <p class='ocr_par' dir='ltr' id='par_1_74' title="bbox 2119 3697 3706 3779">
     <span class='ocr_line' id='line_1_74' title="bbox 2119 3697 3706 3779; baseline -0.001 -17"><span class='ocrx_word' id='word_1_649' title='bbox 2119 3710 2320 3779; x_wconf 59' lang='lat' dir='ltr'><strong>quaerit</strong></span> <span class='ocrx_word' id='word_1_650' title='bbox 2350 3709 2618 3762; x_wconf 91' lang='lat' dir='ltr'><strong>Dominus</strong></span> <span class='ocrx_word' id='word_1_651' title='bbox 2650 3709 2944 3772; x_wconf 88' lang='lat' dir='ltr'><strong>honorem,</strong></span> <span class='ocrx_word' id='word_1_652' title='bbox 2984 3725 3018 3761; x_wconf 87' lang='lat' dir='ltr'><strong>a</strong></span> <span class='ocrx_word' id='word_1_653' title='bbox 3067 3708 3238 3762; x_wconf 85' lang='lat' dir='ltr'><strong>servis</strong></span> <span class='ocrx_word' id='word_1_654' title='bbox 3284 3697 3473 3762; x_wconf 84' lang='lat' dir='ltr'><strong>autem</strong></span> <span class='ocrx_word' id='word_1_655' title='bbox 3507 3708 3706 3779; x_wconf 87' lang='lat' dir='ltr'><strong>expetit</strong></span> 
     </span>
    </p>
   </div>
   <div class='ocr_carea' id='block_1_75' title="bbox 2114 3797 3708 3868">
    <p class='ocr_par' dir='ltr' id='par_1_75' title="bbox 2114 3797 3708 3868">
     <span class='ocr_line' id='line_1_75' title="bbox 2114 3797 3708 3868; baseline 0 -18"><span class='ocrx_word' id='word_1_656' title='bbox 2114 3798 2393 3851; x_wconf 90' lang='lat' dir='ltr'><strong>timorem.</strong></span> <span class='ocrx_word' id='word_1_657' title='bbox 2433 3817 2458 3848; x_wconf 86' lang='lat'><strong>«</strong></span> <span class='ocrx_word' id='word_1_658' title='bbox 2493 3797 2842 3868; x_wconf 89' lang='lat' dir='ltr'><strong>Principium</strong></span> <span class='ocrx_word' id='word_1_659' title='bbox 2878 3798 3026 3850; x_wconf 91' lang='lat' dir='ltr'><strong>enim</strong></span> <span class='ocrx_word' id='word_1_660' title='bbox 3073 3797 3370 3867; x_wconf 56' lang='lat' dir='ltr'><strong>sapientia</strong></span> <span class='ocrx_word' id='word_1_661' title='bbox 3406 3798 3581 3851; x_wconf 87' lang='lat' dir='ltr'><strong>timor</strong></span> <span class='ocrx_word' id='word_1_662' title='bbox 3608 3798 3708 3851; x_wconf 92' lang='lat' dir='ltr'><strong>Do-</strong></span> 
     </span>
    </p>
   </div>
   <div class='ocr_carea' id='block_1_76' title="bbox 2116 3885 3707 3956">
    <p class='ocr_par' dir='ltr' id='par_1_76' title="bbox 2116 3885 3707 3956">
     <span class='ocr_line' id='line_1_76' title="bbox 2116 3885 3707 3956; baseline -0.002 -17"><span class='ocrx_word' id='word_1_663' title='bbox 2116 3887 2274 3950; x_wconf 92' lang='lat' dir='ltr'><strong>mini,</strong></span> <span class='ocrx_word' id='word_1_664' title='bbox 2303 3892 2367 3939; x_wconf 89' lang='lat' dir='ltr'><strong>ut</strong></span> <span class='ocrx_word' id='word_1_665' title='bbox 2398 3886 2600 3940; x_wconf 90' lang='lat' dir='ltr'><strong>timore</strong></span> <span class='ocrx_word' id='word_1_666' title='bbox 2630 3886 2982 3956; x_wconf 90' lang='lat' dir='ltr'><strong>incipientes,</strong></span> <span class='ocrx_word' id='word_1_667' title='bbox 3006 3886 3076 3938; x_wconf 90' lang='lat' dir='ltr'><strong>ad</strong></span> <span class='ocrx_word' id='word_1_668' title='bbox 3094 3885 3335 3939; x_wconf 90' lang='lat' dir='ltr'><strong>ﬁliorum</strong></span> <span class='ocrx_word' id='word_1_669' title='bbox 3359 3891 3707 3940; x_wconf 86' lang='lat' dir='ltr'><strong>transeamus</strong></span> 
     </span>
    </p>
   </div>
   <div class='ocr_carea' id='block_1_77' title="bbox 2115 3975 3706 4044">
    <p class='ocr_par' dir='ltr' id='par_1_77' title="bbox 2115 3975 3706 4044">
     <span class='ocr_line' id='line_1_77' title="bbox 2115 3975 3706 4044; baseline 0 -16"><span class='ocrx_word' id='word_1_670' title='bbox 2115 3992 2386 4028; x_wconf 90' lang='lat' dir='ltr'><strong>amorem.</strong></span> <span class='ocrx_word' id='word_1_671' title='bbox 2422 3993 2447 4028; x_wconf 79' lang='lat'><strong>¢</strong></span> <span class='ocrx_word' id='word_1_672' title='bbox 2481 3975 2566 4028; x_wconf 82' lang='lat' dir='ltr'><strong>Ad</strong></span> <span class='ocrx_word' id='word_1_673' title='bbox 2597 3992 2711 4039; x_wconf 91' lang='lat' dir='ltr'><strong>vos,</strong></span> <span class='ocrx_word' id='word_1_674' title='bbox 2739 3992 2771 4028; x_wconf 96' lang='lat' dir='ltr'><strong>o</strong></span> <span class='ocrx_word' id='word_1_675' title='bbox 2792 3975 3132 4039; x_wconf 87' lang='lat' dir='ltr'><strong>sacerdotes,</strong></span> <span class='ocrx_word' id='word_1_676' title='bbox 3165 3976 3263 4044; x_wconf 89' lang='lat' dir='ltr'><strong>qui</strong></span> <span class='ocrx_word' id='word_1_677' title='bbox 3292 3975 3580 4044; x_wconf 90' lang='lat' dir='ltr'><strong>despicitis</strong></span> <span class='ocrx_word' id='word_1_678' title='bbox 3607 3991 3706 4028; x_wconf 90' lang='lat' dir='ltr'><strong>no-</strong></span> 
     </span>
    </p>
   </div>
   <div class='ocr_carea' id='block_1_78' title="bbox 2120 4063 3706 4133">
    <p class='ocr_par' dir='ltr' id='par_1_78' title="bbox 2120 4063 3706 4133">
     <span class='ocr_line' id='line_1_78' title="bbox 2120 4063 3706 4133; baseline 0 -17"><span class='ocrx_word' id='word_1_679' title='bbox 2120 4081 2250 4117; x_wconf 90' lang='lat' dir='ltr'><strong>men</strong></span> <span class='ocrx_word' id='word_1_680' title='bbox 2279 4081 2490 4125; x_wconf 89' lang='lat' dir='ltr'><strong>meum,</strong></span> <span class='ocrx_word' id='word_1_681' title='bbox 2524 4070 2581 4117; x_wconf 91' lang='lat' dir='ltr'><strong>et</strong></span> <span class='ocrx_word' id='word_1_682' title='bbox 2607 4064 2824 4117; x_wconf 87' lang='lat' dir='ltr'><strong>dixistis</strong></span> <span class='ocrx_word' id='word_1_683' title='bbox 2858 4083 2868 4116; x_wconf 93' lang='lat'>:</span> <span class='ocrx_word' id='word_1_684' title='bbox 2895 4065 2960 4118; x_wconf 92' lang='lat' dir='ltr'><strong>In</strong></span> <span class='ocrx_word' id='word_1_685' title='bbox 2981 4080 3090 4133; x_wconf 92' lang='lat' dir='ltr'><strong>quo</strong></span> <span class='ocrx_word' id='word_1_686' title='bbox 3127 4063 3480 4133; x_wconf 86' lang='lat' dir='ltr'><strong>despeximus</strong></span> <span class='ocrx_word' id='word_1_687' title='bbox 3509 4079 3706 4117; x_wconf 89' lang='lat' dir='ltr'><strong>nomen</strong></span> 
     </span>
    </p>
   </div>
   <div class='ocr_carea' id='block_1_79' title="bbox 2119 4152 3709 4223">
    <p class='ocr_par' dir='ltr' id='par_1_79' title="bbox 2119 4152 3709 4223">
     <span class='ocr_line' id='line_1_79' title="bbox 2119 4152 3709 4223; baseline 0 -18"><span class='ocrx_word' id='word_1_688' title='bbox 2119 4153 2317 4206; x_wconf 85' lang='lat' dir='ltr'><strong>tuum?</strong></span> <span class='ocrx_word' id='word_1_689' title='bbox 2361 4152 2587 4207; x_wconf 77' lang='lat' dir='ltr'><strong>Offertis</strong></span> <span class='ocrx_word' id='word_1_690' title='bbox 2632 4169 2802 4222; x_wconf 91' lang='lat' dir='ltr'><strong>super</strong></span> <span class='ocrx_word' id='word_1_691' title='bbox 2840 4152 3018 4205; x_wconf 90' lang='lat' dir='ltr'><strong>altare</strong></span> <span class='ocrx_word' id='word_1_692' title='bbox 3067 4167 3258 4205; x_wconf 90' lang='lat' dir='ltr'><strong>meum</strong></span> <span class='ocrx_word' id='word_1_693' title='bbox 3287 4168 3489 4222; x_wconf 88' lang='lat' dir='ltr'><strong>panem</strong></span> <span class='ocrx_word' id='word_1_694' title='bbox 3539 4152 3709 4223; x_wconf 90' lang='lat' dir='ltr'><strong>pollu-</strong></span> 
     </span>
    </p>
   </div>
   <div class='ocr_carea' id='block_1_80' title="bbox 440 4239 3708 4311">
    <p class='ocr_par' dir='ltr' id='par_1_80' title="bbox 440 4239 3708 4311">
     <span class='ocr_line' id='line_1_80' title="bbox 440 4239 3708 4311; baseline -0.001 -17"><span class='ocrx_word' id='word_1_695' title='bbox 440 4240 538 4294; x_wconf 90' lang='lat' dir='ltr'><strong>sed</strong></span> <span class='ocrx_word' id='word_1_696' title='bbox 564 4256 668 4309; x_wconf 89' lang='lat' dir='ltr'><strong>ego</strong></span> <span class='ocrx_word' id='word_1_697' title='bbox 696 4239 1004 4292; x_wconf 86' lang='lat' dir='ltr'><strong>destruam.</strong></span> <span class='ocrx_word' id='word_1_698' title='bbox 1038 4239 1241 4292; x_wconf 91' lang='lat' dir='ltr'><strong>Odium</strong></span> <span class='ocrx_word' id='word_1_699' title='bbox 1274 4245 1328 4292; x_wconf 91' lang='lat' dir='ltr'><strong>et</strong></span> <span class='ocrx_word' id='word_1_700' title='bbox 1355 4240 1578 4293; x_wconf 91' lang='lat' dir='ltr'><strong>dilectio</strong></span> <span class='ocrx_word' id='word_1_701' title='bbox 1637 4241 1738 4294; x_wconf 92' lang='lat' dir='ltr'><strong>Dei</strong></span> <span class='ocrx_word' id='word_1_702' title='bbox 1769 4258 1880 4295; x_wconf 91' lang='lat' dir='ltr'><strong>non</strong></span> <span class='ocrx_word' id='word_1_703' title='bbox 1908 4248 2040 4296; x_wconf 90' lang='lat' dir='ltr'><strong>sunt</strong></span> <span class='ocrx_word' id='word_1_704' title='bbox 2121 4246 2260 4307; x_wconf 91' lang='lat' dir='ltr'><strong>tum,</strong></span> <span class='ocrx_word' id='word_1_705' title='bbox 2295 4246 2352 4294; x_wconf 90' lang='lat' dir='ltr'><strong>et</strong></span> <span class='ocrx_word' id='word_1_706' title='bbox 2373 4241 2576 4305; x_wconf 88' lang='lat' dir='ltr'><strong>dicitis,</strong></span> <span class='ocrx_word' id='word_1_707' title='bbox 2616 4242 2679 4294; x_wconf 90' lang='lat' dir='ltr'><strong>In</strong></span> <span class='ocrx_word' id='word_1_708' title='bbox 2733 4250 2841 4310; x_wconf 81' lang='lat' dir='ltr'><strong>quo</strong></span> <span class='ocrx_word' id='word_1_709' title='bbox 2899 4239 3200 4310; x_wconf 91' lang='lat' dir='ltr'><strong>polluimus</strong></span> <span class='ocrx_word' id='word_1_710' title='bbox 3227 4241 3320 4293; x_wconf 90' lang='lat' dir='ltr'><strong>te?</strong></span> <span class='ocrx_word' id='word_1_711' title='bbox 3358 4241 3422 4294; x_wconf 92' lang='lat' dir='ltr'><strong>In</strong></span> <span class='ocrx_word' id='word_1_712' title='bbox 3460 4257 3528 4294; x_wconf 92' lang='lat' dir='ltr'><strong>eo</strong></span> <span class='ocrx_word' id='word_1_713' title='bbox 3567 4240 3708 4311; x_wconf 90' lang='lat' dir='ltr'><strong>quod</strong></span> 
     </span>
    </p>
   </div>
   <div class='ocr_carea' id='block_1_81' title="bbox 441 4321 3709 4398">
    <p class='ocr_par' dir='ltr' id='par_1_81' title="bbox 441 4321 3709 4398">
     <span class='ocr_line' id='line_1_81' title="bbox 441 4321 3709 4398; baseline 0.001 -15"><span class='ocrx_word' id='word_1_714' title='bbox 441 4330 688 4383; x_wconf 88' lang='lat' dir='ltr'><strong>humano</strong></span> <span class='ocrx_word' id='word_1_715' title='bbox 747 4343 902 4379; x_wconf 84' lang='lat' dir='ltr'><strong>more</strong></span> <span class='ocrx_word' id='word_1_716' title='bbox 945 4327 1243 4397; x_wconf 87' lang='lat' dir='ltr'><strong>cogitanda</strong></span> <span class='ocrx_word' id='word_1_717' title='bbox 1286 4328 1606 4382; x_wconf 87' lang='lat' dir='ltr'><strong>carnaliter.</strong></span> <span class='ocrx_word' id='word_1_718' title='bbox 1679 4330 1834 4384; x_wconf 89' lang='lat' dir='ltr'><strong>Sicut</strong></span> <span class='ocrx_word' id='word_1_719' title='bbox 1889 4321 2323 4392; x_wconf 90' lang='lat' dir='ltr'><strong>enideicitis,</strong></span> <span class='ocrx_word' id='word_1_720' title='bbox 2356 4345 2552 4382; x_wconf 87' lang='lat' dir='ltr'><strong>mensa</strong></span> <span class='ocrx_word' id='word_1_721' title='bbox 2581 4329 2805 4382; x_wconf 89' lang='lat' dir='ltr'><strong>Domini</strong></span> <span class='ocrx_word' id='word_1_722' title='bbox 2839 4329 3102 4398; x_wconf 83' lang='lat' dir='ltr'><strong>despecta</strong></span> <span class='ocrx_word' id='word_1_723' title='bbox 3129 4334 3240 4387; x_wconf 87' lang='lat' dir='ltr'><strong>est.</strong></span> <span class='ocrx_word' id='word_1_724' title='bbox 3283 4348 3305 4378; x_wconf 73' lang='grc' dir='ltr'><strong><em>ι</em></strong></span> <span class='ocrx_word' id='word_1_725' title='bbox 3353 4329 3437 4381; x_wconf 85' lang='lat' dir='ltr'><strong>Ad</strong></span> <span class='ocrx_word' id='word_1_726' title='bbox 3467 4345 3564 4382; x_wconf 79' lang='lat' dir='ltr'><strong>vos</strong></span> <span class='ocrx_word' id='word_1_727' title='bbox 3599 4329 3709 4397; x_wconf 85' lang='lat' dir='ltr'><strong>(in-</strong></span> 
     </span>
    </p>
   </div>
   <div class='ocr_carea' id='block_1_82' title="bbox 440 4415 2039 4486">
    <p class='ocr_par' dir='ltr' id='par_1_82' title="bbox 440 4415 2039 4486">
     <span class='ocr_line' id='line_1_82' title="bbox 440 4415 2039 4486; baseline 0 -15"><span class='ocrx_word' id='word_1_728' title='bbox 440 4417 593 4471; x_wconf 91' lang='lat' dir='ltr'><strong>Deus</strong></span> <span class='ocrx_word' id='word_1_729' title='bbox 622 4430 814 4468; x_wconf 91' lang='lat' dir='ltr'><strong>omnes</strong></span> <span class='ocrx_word' id='word_1_730' title='bbox 844 4415 1072 4478; x_wconf 85' lang='lat' dir='ltr'><strong>creavit,</strong></span> <span class='ocrx_word' id='word_1_731' title='bbox 1108 4415 1189 4468; x_wconf 88' lang='lat' dir='ltr'><strong>ita</strong></span> <span class='ocrx_word' id='word_1_732' title='bbox 1217 4421 1273 4468; x_wconf 90' lang='lat' dir='ltr'><strong>et</strong></span> <span class='ocrx_word' id='word_1_733' title='bbox 1314 4415 1532 4486; x_wconf 87' lang='lat' dir='ltr'><strong>diligit:</strong></span> <span class='ocrx_word' id='word_1_734' title='bbox 1567 4417 1868 4471; x_wconf 89' lang='lat' dir='ltr'><strong>miseretur</strong></span> <span class='ocrx_word' id='word_1_735' title='bbox 1887 4419 2039 4471; x_wconf 90' lang='lat' dir='ltr'><strong>enim</strong></span> 
     </span>
    </p>
   </div>
   <div class='ocr_carea' id='block_1_83' title="bbox 442 4503 2037 4576">
    <p class='ocr_par' dir='ltr' id='par_1_83' title="bbox 442 4503 2037 4576">
     <span class='ocr_line' id='line_1_83' title="bbox 442 4503 2037 4576; baseline 0.002 -19"><span class='ocrx_word' id='word_1_736' title='bbox 442 4503 824 4569; x_wconf 89' lang='lat' dir='ltr'><strong>hominum,et</strong></span> <span class='ocrx_word' id='word_1_737' title='bbox 847 4503 986 4556; x_wconf 90' lang='lat' dir='ltr'><strong>nihil</strong></span> <span class='ocrx_word' id='word_1_738' title='bbox 1003 4503 1120 4556; x_wconf 92' lang='lat' dir='ltr'><strong>odit</strong></span> <span class='ocrx_word' id='word_1_739' title='bbox 1135 4520 1327 4557; x_wconf 89' lang='lat' dir='ltr'><strong>eorum</strong></span> <span class='ocrx_word' id='word_1_740' title='bbox 1349 4521 1470 4574; x_wconf 85' lang='lat' dir='ltr'><strong>quae</strong></span> <span class='ocrx_word' id='word_1_741' title='bbox 1483 4505 1628 4558; x_wconf 87' lang='lat' dir='ltr'><strong>fecit.</strong></span> <span class='ocrx_word' id='word_1_742' title='bbox 1673 4506 1819 4576; x_wconf 89' lang='lat' dir='ltr'><strong>Ergo</strong></span> <span class='ocrx_word' id='word_1_743' title='bbox 1847 4506 2037 4560; x_wconf 92' lang='lat' dir='ltr'><strong>odium</strong></span> 
     </span>
    </p>
   </div>
   <div class='ocr_carea' id='block_1_84' title="bbox 441 4593 2039 4664">
    <p class='ocr_par' dir='ltr' id='par_1_84' title="bbox 441 4593 2039 4664">
     <span class='ocr_line' id='line_1_84' title="bbox 441 4593 2039 4664; baseline 0.001 -16"><span class='ocrx_word' id='word_1_744' title='bbox 441 4593 544 4649; x_wconf 91' lang='lat' dir='ltr'><strong>Dei</strong></span> <span class='ocrx_word' id='word_1_745' title='bbox 565 4598 664 4647; x_wconf 90' lang='lat' dir='ltr'><strong>aut</strong></span> <span class='ocrx_word' id='word_1_746' title='bbox 692 4609 758 4646; x_wconf 86' lang='lat' dir='ltr'><strong>ex</strong></span> <span class='ocrx_word' id='word_1_747' title='bbox 787 4593 1134 4664; x_wconf 75' lang='lat' dir='ltr'><strong>praescientia</strong></span> <span class='ocrx_word' id='word_1_748' title='bbox 1162 4593 1412 4647; x_wconf 85' lang='lat' dir='ltr'><strong>nascitur</strong></span> <span class='ocrx_word' id='word_1_749' title='bbox 1454 4593 1791 4654; x_wconf 82' lang='lat' dir='ltr'><strong>futurorum,</strong></span> <span class='ocrx_word' id='word_1_750' title='bbox 1833 4602 1931 4649; x_wconf 89' lang='lat' dir='ltr'><strong>aut</strong></span> <span class='ocrx_word' id='word_1_751' title='bbox 1973 4613 2039 4650; x_wconf 89' lang='lat' dir='ltr'><strong>ex</strong></span> 
     </span>
    </p>
   </div>
   <div class='ocr_carea' id='block_1_85' title="bbox 443 4682 2038 4756">
    <p class='ocr_par' dir='ltr' id='par_1_85' title="bbox 443 4682 2038 4756">
     <span class='ocr_line' id='line_1_85' title="bbox 443 4682 2038 4756; baseline 0.003 -20"><span class='ocrx_word' id='word_1_752' title='bbox 443 4682 725 4753; x_wconf 88' lang='lat' dir='ltr'><strong>operibus.</strong></span> <span class='ocrx_word' id='word_1_753' title='bbox 760 4683 867 4736; x_wconf 86' lang='lat' dir='ltr'><strong>Eos</strong></span> <span class='ocrx_word' id='word_1_754' title='bbox 889 4682 1040 4736; x_wconf 88' lang='lat' dir='ltr'><strong>enim</strong></span> <span class='ocrx_word' id='word_1_755' title='bbox 1081 4683 1263 4753; x_wconf 88' lang='lat' dir='ltr'><strong>diligit</strong></span> <span class='ocrx_word' id='word_1_756' title='bbox 1307 4684 1456 4737; x_wconf 89' lang='lat' dir='ltr'><strong>Deus</strong></span> <span class='ocrx_word' id='word_1_757' title='bbox 1503 4701 1642 4754; x_wconf 93' lang='lat' dir='ltr'><strong>quos</strong></span> <span class='ocrx_word' id='word_1_758' title='bbox 1698 4685 1848 4738; x_wconf 84' lang='lat' dir='ltr'><strong>videt</strong></span> <span class='ocrx_word' id='word_1_759' title='bbox 1875 4702 2038 4756; x_wconf 91' lang='lat' dir='ltr'><strong>repu-</strong></span> 
     </span>
    </p>
   </div>
   <div class='ocr_carea' id='block_1_86' title="bbox 439 4772 2033 4845">
    <p class='ocr_par' dir='ltr' id='par_1_86' title="bbox 439 4772 2033 4845">
     <span class='ocr_line' id='line_1_86' title="bbox 439 4772 2033 4845; baseline 0.003 -21"><span class='ocrx_word' id='word_1_760' title='bbox 439 4777 712 4843; x_wconf 86' lang='lat' dir='ltr'><strong>gnaturos</strong></span> <span class='ocrx_word' id='word_1_761' title='bbox 757 4772 924 4838; x_wconf 89' lang='lat' dir='ltr'><strong>vitiis,</strong></span> <span class='ocrx_word' id='word_1_762' title='bbox 990 4777 1046 4825; x_wconf 90' lang='lat' dir='ltr'><strong>et</strong></span> <span class='ocrx_word' id='word_1_763' title='bbox 1103 4772 1426 4827; x_wconf 91' lang='lat' dir='ltr'><strong>obedituros</strong></span> <span class='ocrx_word' id='word_1_764' title='bbox 1480 4773 1684 4827; x_wconf 87' lang='lat' dir='ltr'><strong>divinis</strong></span> <span class='ocrx_word' id='word_1_765' title='bbox 1723 4776 2033 4845; x_wconf 72' lang='lat' dir='ltr'><strong>praeceptis.</strong></span> 
     </span>
    </p>
   </div>
   <div class='ocr_carea' id='block_1_87' title="bbox 442 4860 2038 4932">
    <p class='ocr_par' dir='ltr' id='par_1_87' title="bbox 442 4860 2038 4932">
     <span class='ocr_line' id='line_1_87' title="bbox 442 4860 2038 4932; baseline 0.001 -17"><span class='ocrx_word' id='word_1_766' title='bbox 442 4861 576 4915; x_wconf 93' lang='lat' dir='ltr'><strong>Illos</strong></span> <span class='ocrx_word' id='word_1_767' title='bbox 594 4876 724 4914; x_wconf 89' lang='lat' dir='ltr'><strong>vero</strong></span> <span class='ocrx_word' id='word_1_768' title='bbox 755 4860 961 4914; x_wconf 90' lang='lat' dir='ltr'><strong>dicitur</strong></span> <span class='ocrx_word' id='word_1_769' title='bbox 979 4861 1164 4914; x_wconf 90' lang='lat' dir='ltr'><strong>odisse</strong></span> <span class='ocrx_word' id='word_1_770' title='bbox 1207 4878 1346 4930; x_wconf 90' lang='lat' dir='ltr'><strong>quos</strong></span> <span class='ocrx_word' id='word_1_771' title='bbox 1371 4861 1522 4915; x_wconf 91' lang='lat' dir='ltr'><strong>videt</strong></span> <span class='ocrx_word' id='word_1_772' title='bbox 1558 4862 1767 4916; x_wconf 90' lang='lat' dir='ltr'><strong>servire</strong></span> <span class='ocrx_word' id='word_1_773' title='bbox 1797 4864 2038 4932; x_wconf 85' lang='lat' dir='ltr'><strong>peccatis</strong></span> 
     </span>
    </p>
   </div>
   <div class='ocr_carea' id='block_1_88' title="bbox 443 4950 2037 5019">
    <p class='ocr_par' dir='ltr' id='par_1_88' title="bbox 443 4950 2037 5019">
     <span class='ocr_line' id='line_1_88' title="bbox 443 4950 2037 5019; baseline 0.001 -15"><span class='ocrx_word' id='word_1_774' title='bbox 443 4955 502 5004; x_wconf 90' lang='lat' dir='ltr'><strong>et</strong></span> <span class='ocrx_word' id='word_1_775' title='bbox 530 4950 816 5003; x_wconf 87' lang='lat' dir='ltr'><strong>destructa</strong></span> <span class='ocrx_word' id='word_1_776' title='bbox 836 4951 955 5019; x_wconf 89' lang='lat' dir='ltr'><strong>jam</strong></span> <span class='ocrx_word' id='word_1_777' title='bbox 983 4950 1118 5003; x_wconf 88' lang='lat' dir='ltr'><strong>vitia</strong></span> <span class='ocrx_word' id='word_1_778' title='bbox 1146 4951 1353 5004; x_wconf 89' lang='lat' dir='ltr'><strong>iterum</strong></span> <span class='ocrx_word' id='word_1_779' title='bbox 1400 4952 1539 5004; x_wconf 89' lang='lat' dir='ltr'><strong>velle</strong></span> <span class='ocrx_word' id='word_1_780' title='bbox 1571 4958 1872 5005; x_wconf 86' lang='lat' dir='ltr'><strong>restruere.</strong></span> <span class='ocrx_word' id='word_1_781' title='bbox 1910 4953 2037 5006; x_wconf 80' lang='lat' dir='ltr'><strong>Haec</strong></span> 
     </span>
    </p>
   </div>
   <div class='ocr_carea' id='block_1_89' title="bbox 441 5037 2037 5110">
    <p class='ocr_par' dir='ltr' id='par_1_89' title="bbox 441 5037 2037 5110">
     <span class='ocr_line' id='line_1_89' title="bbox 441 5037 2037 5110; baseline 0.001 -18"><span class='ocrx_word' id='word_1_782' title='bbox 441 5037 749 5092; x_wconf 89' lang='lat' dir='ltr'><strong>secundum</strong></span> <span class='ocrx_word' id='word_1_783' title='bbox 779 5037 1072 5095; x_wconf 87' lang='lat' dir='ltr'><strong>historiam</strong></span> <span class='ocrx_word' id='word_1_784' title='bbox 1104 5037 1174 5090; x_wconf 87' lang='lat' dir='ltr'><strong>ab</strong></span> <span class='ocrx_word' id='word_1_785' title='bbox 1200 5038 1447 5092; x_wconf 60' lang='lat' dir='ltr'><strong>Hebraeis</strong></span> <span class='ocrx_word' id='word_1_786' title='bbox 1467 5039 2037 5110; x_wconf 88' lang='lat' dir='ltr'><strong>dicuntur,quietiam</strong></span> 
     </span>
    </p>
   </div>
   <div class='ocr_carea' id='block_1_90' title="bbox 440 5125 2038 5198">
    <p class='ocr_par' dir='ltr' id='par_1_90' title="bbox 440 5125 2038 5198">
     <span class='ocr_line' id='line_1_90' title="bbox 440 5125 2038 5198; baseline 0.003 -20"><span class='ocrx_word' id='word_1_787' title='bbox 440 5143 544 5198; x_wconf 88' lang='lat' dir='ltr'><strong>per</strong></span> <span class='ocrx_word' id='word_1_788' title='bbox 567 5125 845 5179; x_wconf 76' lang='lat' dir='ltr'><strong>Idumaeos</strong></span> <span class='ocrx_word' id='word_1_789' title='bbox 869 5127 1152 5179; x_wconf 88' lang='lat' dir='ltr'><strong>Romanos</strong></span> <span class='ocrx_word' id='word_1_790' title='bbox 1184 5127 1378 5180; x_wconf 89' lang='lat' dir='ltr'><strong>volunt</strong></span> <span class='ocrx_word' id='word_1_791' title='bbox 1401 5127 1656 5196; x_wconf 89' lang='lat' dir='ltr'><strong>intelligi,</strong></span> <span class='ocrx_word' id='word_1_792' title='bbox 1700 5129 1952 5182; x_wconf 89' lang='lat' dir='ltr'><strong>crudeles</strong></span> <span class='ocrx_word' id='word_1_793' title='bbox 1981 5134 2038 5181; x_wconf 92' lang='lat' dir='ltr'><strong>et</strong></span> 
     </span>
    </p>
   </div>
   <div class='ocr_carea' id='block_1_91' title="bbox 440 5214 2038 5286">
    <p class='ocr_par' dir='ltr' id='par_1_91' title="bbox 440 5214 2038 5286">
     <span class='ocr_line' id='line_1_91' title="bbox 440 5214 2038 5286; baseline 0 -17"><span class='ocrx_word' id='word_1_794' title='bbox 440 5214 849 5285; x_wconf 87' lang='lat' dir='ltr'><strong>sanguinarios,</strong></span> <span class='ocrx_word' id='word_1_795' title='bbox 881 5215 1014 5284; x_wconf 92' lang='lat' dir='ltr'><strong>quia</strong></span> <span class='ocrx_word' id='word_1_796' title='bbox 1038 5214 1209 5268; x_wconf 89' lang='lat' dir='ltr'><strong>Edom</strong></span> <span class='ocrx_word' id='word_1_797' title='bbox 1238 5214 1444 5269; x_wconf 90' lang='lat' dir='ltr'><strong>rubeus</strong></span> <span class='ocrx_word' id='word_1_798' title='bbox 1472 5216 1557 5268; x_wconf 90' lang='lat' dir='ltr'><strong>vel</strong></span> <span class='ocrx_word' id='word_1_799' title='bbox 1587 5217 1929 5286; x_wconf 88' lang='lat' dir='ltr'><strong>sanguineus</strong></span> <span class='ocrx_word' id='word_1_800' title='bbox 1956 5217 2038 5269; x_wconf 88' lang='lat' dir='ltr'><strong>in-</strong></span> 
     </span>
    </p>
   </div>
   <div class='ocr_carea' id='block_1_92' title="bbox 439 5303 2034 5374">
    <p class='ocr_par' dir='ltr' id='par_1_92' title="bbox 439 5303 2034 5374">
     <span class='ocr_line' id='line_1_92' title="bbox 439 5303 2034 5374; baseline 0 -16"><span class='ocrx_word' id='word_1_801' title='bbox 439 5309 802 5374; x_wconf 87' lang='lat' dir='ltr'><strong>terpretatur,</strong></span> <span class='ocrx_word' id='word_1_802' title='bbox 829 5319 1066 5374; x_wconf 90' lang='lat' dir='ltr'><strong>quorum</strong></span> <span class='ocrx_word' id='word_1_803' title='bbox 1098 5303 1399 5374; x_wconf 89' lang='lat' dir='ltr'><strong>imperium</strong></span> <span class='ocrx_word' id='word_1_804' title='bbox 1430 5305 1489 5358; x_wconf 91' lang='lat' dir='ltr'><strong>in</strong></span> <span class='ocrx_word' id='word_1_805' title='bbox 1542 5305 1737 5358; x_wconf 90' lang='lat' dir='ltr'><strong>mundi</strong></span> <span class='ocrx_word' id='word_1_806' title='bbox 1792 5306 2034 5359; x_wconf 91' lang='lat' dir='ltr'><strong>termino</strong></span> 
     </span>
    </p>
   </div>
   <div class='ocr_carea' id='block_1_93' title="bbox 435 5391 2034 5465">
    <p class='ocr_par' dir='ltr' id='par_1_93' title="bbox 435 5391 2034 5465">
     <span class='ocr_line' id='line_1_93' title="bbox 435 5391 2034 5465; baseline 0.001 -19"><span class='ocrx_word' id='word_1_807' title='bbox 435 5393 510 5446; x_wconf 90' lang='lat' dir='ltr'><strong>sit</strong></span> <span class='ocrx_word' id='word_1_808' title='bbox 533 5391 957 5455; x_wconf 89' lang='lat' dir='ltr'><strong>destruendum,</strong></span> <span class='ocrx_word' id='word_1_809' title='bbox 993 5397 1050 5447; x_wconf 89' lang='lat' dir='ltr'><strong>et</strong></span> <span class='ocrx_word' id='word_1_810' title='bbox 1074 5393 1144 5445; x_wconf 89' lang='lat' dir='ltr'><strong>ab</strong></span> <span class='ocrx_word' id='word_1_811' title='bbox 1174 5393 1308 5463; x_wconf 92' lang='lat' dir='ltr'><strong>ipsis</strong></span> <span class='ocrx_word' id='word_1_812' title='bbox 1359 5393 1531 5447; x_wconf 89' lang='lat' dir='ltr'><strong>totius</strong></span> <span class='ocrx_word' id='word_1_813' title='bbox 1577 5393 1730 5447; x_wconf 88' lang='lat' dir='ltr'><strong>orbis</strong></span> <span class='ocrx_word' id='word_1_814' title='bbox 1787 5400 2034 5465; x_wconf 88' lang='lat' dir='ltr'><strong>potestas</strong></span> 
     </span>
    </p>
   </div>
   <div class='ocr_carea' id='block_1_94' title="bbox 436 5481 2034 5554">
    <p class='ocr_par' dir='ltr' id='par_1_94' title="bbox 436 5481 2034 5554">
     <span class='ocr_line' id='line_1_94' title="bbox 436 5481 2034 5554; baseline 0.001 -18"><span class='ocrx_word' id='word_1_815' title='bbox 436 5481 764 5537; x_wconf 81' lang='lat' dir='ltr'><strong>transitura.</strong></span> <span class='ocrx_word' id='word_1_816' title='bbox 799 5481 1112 5554; x_wconf 79' lang='lat' dir='ltr'><strong>Allegorico</strong></span> <span class='ocrx_word' id='word_1_817' title='bbox 1143 5499 1332 5548; x_wconf 85' lang='lat' dir='ltr'><strong>sensu,</strong></span> <span class='ocrx_word' id='word_1_818' title='bbox 1359 5483 1505 5536; x_wconf 87' lang='lat' dir='ltr'><strong>Esau</strong></span> <span class='ocrx_word' id='word_1_819' title='bbox 1535 5487 1593 5536; x_wconf 90' lang='lat' dir='ltr'><strong>et</strong></span> <span class='ocrx_word' id='word_1_820' title='bbox 1625 5483 1795 5537; x_wconf 86' lang='lat' dir='ltr'><strong>Jacob</strong></span> <span class='ocrx_word' id='word_1_821' title='bbox 1833 5483 2034 5538; x_wconf 86' lang='lat' dir='ltr'><strong>fratres</strong></span> 
     </span>
    </p>
   </div>
   <div class='ocr_carea' id='block_1_95' title="bbox 2122 4416 3705 4488">
    <p class='ocr_par' dir='ltr' id='par_1_95' title="bbox 2122 4416 3705 4488">
     <span class='ocr_line' id='line_1_95' title="bbox 2122 4416 3705 4488; baseline 0.002 -18"><span class='ocrx_word' id='word_1_822' title='bbox 2122 4418 2265 4488; x_wconf 92' lang='lat' dir='ltr'><strong>quit)</strong></span> <span class='ocrx_word' id='word_1_823' title='bbox 2280 4435 2312 4470; x_wconf 96' lang='lat' dir='ltr'><strong>o</strong></span> <span class='ocrx_word' id='word_1_824' title='bbox 2325 4418 2664 4482; x_wconf 80' lang='lat' dir='ltr'><strong>sacerdotes,</strong></span> <span class='ocrx_word' id='word_1_825' title='bbox 2687 4417 3008 4488; x_wconf 90' lang='lat' dir='ltr'><strong>specialiter</strong></span> <span class='ocrx_word' id='word_1_826' title='bbox 3027 4432 3186 4469; x_wconf 90' lang='lat' dir='ltr'><strong>meus</strong></span> <span class='ocrx_word' id='word_1_827' title='bbox 3224 4433 3407 4469; x_wconf 92' lang='lat' dir='ltr'><strong>sermo</strong></span> <span class='ocrx_word' id='word_1_828' title='bbox 3427 4416 3705 4487; x_wconf 79' lang='lat' dir='ltr'><strong>dirigitur.</strong></span> 
     </span>
    </p>
   </div>
   <div class='ocr_carea' id='block_1_96' title="bbox 2123 4505 3710 4576">
    <p class='ocr_par' dir='ltr' id='par_1_96' title="bbox 2123 4505 3710 4576">
     <span class='ocr_line' id='line_1_96' title="bbox 2123 4505 3710 4576; baseline -0.003 -16"><span class='ocrx_word' id='word_1_829' title='bbox 2123 4507 2223 4576; x_wconf 80' lang='lat' dir='ltr'><strong>qui</strong></span> <span class='ocrx_word' id='word_1_830' title='bbox 2235 4523 2439 4560; x_wconf 90' lang='lat' dir='ltr'><strong>nomen</strong></span> <span class='ocrx_word' id='word_1_831' title='bbox 2456 4522 2644 4559; x_wconf 91' lang='lat' dir='ltr'><strong>meum</strong></span> <span class='ocrx_word' id='word_1_832' title='bbox 2664 4505 3112 4575; x_wconf 91' lang='lat' dir='ltr'><strong>despicitis,dum</strong></span> <span class='ocrx_word' id='word_1_833' title='bbox 3144 4505 3284 4557; x_wconf 91' lang='lat' dir='ltr'><strong>meis</strong></span> <span class='ocrx_word' id='word_1_834' title='bbox 3304 4505 3594 4558; x_wconf 87' lang='lat' dir='ltr'><strong>sacriﬁciis</strong></span> <span class='ocrx_word' id='word_1_835' title='bbox 3623 4505 3710 4558; x_wconf 61' lang='lat' dir='ltr'><strong>deo</strong></span> 
     </span>
    </p>
   </div>
   <div class='ocr_carea' id='block_1_97' title="bbox 2121 4591 3711 4664">
    <p class='ocr_par' dir='ltr' id='par_1_97' title="bbox 2121 4591 3711 4664">
     <span class='ocr_line' id='line_1_97' title="bbox 2121 4591 3711 4664; baseline -0.001 -18"><span class='ocrx_word' id='word_1_836' title='bbox 2121 4595 2350 4664; x_wconf 88' lang='lat' dir='ltr'><strong>rogatis,</strong></span> <span class='ocrx_word' id='word_1_837' title='bbox 2367 4600 2420 4648; x_wconf 91' lang='lat' dir='ltr'><strong>et</strong></span> <span class='ocrx_word' id='word_1_838' title='bbox 2451 4611 2577 4648; x_wconf 90' lang='lat' dir='ltr'><strong>cum</strong></span> <span class='ocrx_word' id='word_1_839' title='bbox 2605 4593 2813 4647; x_wconf 90' lang='lat' dir='ltr'><strong>reversi</strong></span> <span class='ocrx_word' id='word_1_840' title='bbox 2835 4593 2904 4646; x_wconf 91' lang='lat' dir='ltr'><strong>de</strong></span> <span class='ocrx_word' id='word_1_841' title='bbox 2927 4591 3569 4662; x_wconf 83' lang='lat' dir='ltr'><strong>Babylone,debuissetis</strong></span> <span class='ocrx_word' id='word_1_842' title='bbox 3597 4598 3711 4645; x_wconf 87' lang='lat' dir='ltr'><strong>tota</strong></span> 
     </span>
    </p>
   </div>
   <div class='ocr_carea' id='block_1_98' title="bbox 2122 4679 3710 4752">
    <p class='ocr_par' dir='ltr' id='par_1_98' title="bbox 2122 4679 3710 4752">
     <span class='ocr_line' id='line_1_98' title="bbox 2122 4679 3710 4752; baseline -0.003 -16"><span class='ocrx_word' id='word_1_843' title='bbox 2122 4690 2310 4736; x_wconf 88' lang='lat' dir='ltr'><strong>mente</strong></span> <span class='ocrx_word' id='word_1_844' title='bbox 2367 4683 2612 4736; x_wconf 91' lang='lat' dir='ltr'><strong>converti</strong></span> <span class='ocrx_word' id='word_1_845' title='bbox 2662 4699 2696 4736; x_wconf 88' lang='lat' dir='ltr'><strong>a</strong></span> <span class='ocrx_word' id='word_1_846' title='bbox 2745 4681 3043 4752; x_wconf 72' lang='lat' dir='ltr'><strong>praeteritis</strong></span> <span class='ocrx_word' id='word_1_847' title='bbox 3091 4679 3438 4746; x_wconf 91' lang='lat' dir='ltr'><strong>criminibus,</strong></span> <span class='ocrx_word' id='word_1_848' title='bbox 3474 4681 3710 4751; x_wconf 87' lang='lat' dir='ltr'><strong>jungitis</strong></span> 
     </span>
    </p>
   </div>
   <div class='ocr_carea' id='block_1_99' title="bbox 2121 4769 3710 4841">
    <p class='ocr_par' dir='ltr' id='par_1_99' title="bbox 2121 4769 3710 4841">
     <span class='ocr_line' id='line_1_99' title="bbox 2121 4769 3710 4841; baseline -0.002 -16"><span class='ocrx_word' id='word_1_849' title='bbox 2121 4778 2504 4841; x_wconf 86' lang='lat' dir='ltr'><strong>contemptum</strong></span> <span class='ocrx_word' id='word_1_850' title='bbox 2536 4770 2937 4824; x_wconf 86' lang='lat' dir='ltr'><strong>sacriﬁciorum</strong></span> <span class='ocrx_word' id='word_1_851' title='bbox 2990 4785 3272 4824; x_wconf 88' lang='lat' dir='ltr'><strong>meorum.</strong></span> <span class='ocrx_word' id='word_1_852' title='bbox 3311 4769 3419 4822; x_wconf 91' lang='lat' dir='ltr'><strong>Sed</strong></span> <span class='ocrx_word' id='word_1_853' title='bbox 3444 4769 3528 4822; x_wconf 91' lang='lat' dir='ltr'><strong>illi</strong></span> <span class='ocrx_word' id='word_1_854' title='bbox 3556 4769 3710 4840; x_wconf 89' lang='lat' dir='ltr'><strong>quasi</strong></span> 
     </span>
    </p>
   </div>
   <div class='ocr_carea' id='block_1_100' title="bbox 2121 4857 3712 4927">
    <p class='ocr_par' dir='ltr' id='par_1_100' title="bbox 2121 4857 3712 4927">
     <span class='ocr_line' id='line_1_100' title="bbox 2121 4857 3712 4927; baseline -0.003 -14"><span class='ocrx_word' id='word_1_855' title='bbox 2121 4860 2434 4913; x_wconf 89' lang='lat' dir='ltr'><strong>nescientes</strong></span> <span class='ocrx_word' id='word_1_856' title='bbox 2448 4859 2583 4924; x_wconf 83' lang='lat' dir='ltr'><strong>haec,</strong></span> <span class='ocrx_word' id='word_1_857' title='bbox 2626 4858 2985 4911; x_wconf 89' lang='lat' dir='ltr'><strong>sciscitantur</strong></span> <span class='ocrx_word' id='word_1_858' title='bbox 3005 4857 3189 4910; x_wconf 86' lang='lat' dir='ltr'><strong>adhuc</strong></span> <span class='ocrx_word' id='word_1_859' title='bbox 3210 4857 3280 4910; x_wconf 90' lang='lat' dir='ltr'><strong>ab</strong></span> <span class='ocrx_word' id='word_1_860' title='bbox 3293 4873 3358 4911; x_wconf 93' lang='lat' dir='ltr'><strong>eo</strong></span> <span class='ocrx_word' id='word_1_861' title='bbox 3388 4858 3484 4927; x_wconf 88' lang='lat' dir='ltr'><strong>qui</strong></span> <span class='ocrx_word' id='word_1_862' title='bbox 3515 4863 3712 4912; x_wconf 87' lang='lat' dir='ltr'><strong>cuncta</strong></span> 
     </span>
    </p>
   </div>
   <div class='ocr_carea' id='block_1_101' title="bbox 2121 4944 3710 5019">
    <p class='ocr_par' dir='ltr' id='par_1_101' title="bbox 2121 4944 3710 5019">
     <span class='ocr_line' id='line_1_101' title="bbox 2121 4944 3710 5019; baseline -0.003 -17"><span class='ocrx_word' id='word_1_863' title='bbox 2121 4948 2293 5014; x_wconf 89' lang='lat' dir='ltr'><strong>novit,</strong></span> <span class='ocrx_word' id='word_1_864' title='bbox 2310 4947 2375 5000; x_wconf 91' lang='lat' dir='ltr'><strong>In</strong></span> <span class='ocrx_word' id='word_1_865' title='bbox 2398 4965 2506 5018; x_wconf 92' lang='lat' dir='ltr'><strong>quo</strong></span> <span class='ocrx_word' id='word_1_866' title='bbox 2523 4947 2861 5019; x_wconf 88' lang='lat' dir='ltr'><strong>despicimus</strong></span> <span class='ocrx_word' id='word_1_867' title='bbox 2882 4954 2936 5000; x_wconf 92' lang='lat' dir='ltr'><strong>te</strong></span> <span class='ocrx_word' id='word_1_868' title='bbox 2957 4944 3576 5015; x_wconf 73' lang='lat' dir='ltr'><strong>7ResponditDominus</strong></span> <span class='ocrx_word' id='word_1_869' title='bbox 3596 4964 3606 4997; x_wconf 88' lang='lat'>:</span> <span class='ocrx_word' id='word_1_870' title='bbox 3624 4945 3710 4999; x_wconf 82' lang='lat' dir='ltr'><strong>Ot-</strong></span> 
     </span>
    </p>
   </div>
   <div class='ocr_carea' id='block_1_102' title="bbox 2119 5031 3709 5108">
    <p class='ocr_par' dir='ltr' id='par_1_102' title="bbox 2119 5031 3709 5108">
     <span class='ocr_line' id='line_1_102' title="bbox 2119 5031 3709 5108; baseline -0.003 -19"><span class='ocrx_word' id='word_1_871' title='bbox 2119 5038 2276 5091; x_wconf 89' lang='lat' dir='ltr'><strong>fertis</strong></span> <span class='ocrx_word' id='word_1_872' title='bbox 2299 5055 2469 5108; x_wconf 89' lang='lat' dir='ltr'><strong>super</strong></span> <span class='ocrx_word' id='word_1_873' title='bbox 2483 5039 2660 5091; x_wconf 89' lang='lat' dir='ltr'><strong>altare</strong></span> <span class='ocrx_word' id='word_1_874' title='bbox 2679 5053 2863 5090; x_wconf 92' lang='lat' dir='ltr'><strong>meum</strong></span> <span class='ocrx_word' id='word_1_875' title='bbox 2890 5051 3092 5106; x_wconf 90' lang='lat' dir='ltr'><strong>panem</strong></span> <span class='ocrx_word' id='word_1_876' title='bbox 3106 5034 3584 5104; x_wconf 89' lang='lat' dir='ltr'><strong>pollutum,panes</strong></span> <span class='ocrx_word' id='word_1_877' title='bbox 3605 5031 3709 5085; x_wconf 88' lang='lat' dir='ltr'><strong>sci-</strong></span> 
     </span>
    </p>
   </div>
   <div class='ocr_carea' id='block_1_103' title="bbox 2119 5122 3709 5197">
    <p class='ocr_par' dir='ltr' id='par_1_103' title="bbox 2119 5122 3709 5197">
     <span class='ocr_line' id='line_1_103' title="bbox 2119 5122 3709 5197; baseline -0.003 -19"><span class='ocrx_word' id='word_1_878' title='bbox 2119 5125 2248 5179; x_wconf 89' lang='lat' dir='ltr'><strong>licet</strong></span> <span class='ocrx_word' id='word_1_879' title='bbox 2260 5126 2651 5196; x_wconf 90' lang='lat' dir='ltr'><strong>propositionis</strong></span> <span class='ocrx_word' id='word_1_880' title='bbox 2663 5142 2822 5197; x_wconf 90' lang='lat' dir='ltr'><strong>quos,</strong></span> <span class='ocrx_word' id='word_1_881' title='bbox 2823 5127 2984 5194; x_wconf 86' lang='lat' dir='ltr'><strong>juxta</strong></span> <span class='ocrx_word' id='word_1_882' title='bbox 3002 5122 3332 5176; x_wconf 86' lang='lat' dir='ltr'><strong>traditiones</strong></span> <span class='ocrx_word' id='word_1_883' title='bbox 3353 5122 3709 5176; x_wconf 71' lang='lat' dir='ltr'><strong>Hebraeorum</strong></span> 
     </span>
    </p>
   </div>
   <div class='ocr_carea' id='block_1_104' title="bbox 2120 5210 3708 5284">
    <p class='ocr_par' dir='ltr' id='par_1_104' title="bbox 2120 5210 3708 5284">
     <span class='ocr_line' id='line_1_104' title="bbox 2120 5210 3708 5284; baseline -0.003 -18"><span class='ocrx_word' id='word_1_884' title='bbox 2120 5214 2227 5283; x_wconf 89' lang='lat' dir='ltr'><strong>ipsi</strong></span> <span class='ocrx_word' id='word_1_885' title='bbox 2247 5215 2565 5268; x_wconf 87' lang='lat' dir='ltr'><strong>sacerdotes</strong></span> <span class='ocrx_word' id='word_1_886' title='bbox 2583 5232 2788 5276; x_wconf 91' lang='lat' dir='ltr'><strong>serere,</strong></span> <span class='ocrx_word' id='word_1_887' title='bbox 2829 5213 2938 5284; x_wconf 89' lang='lat' dir='ltr'><strong>ipsi</strong></span> <span class='ocrx_word' id='word_1_888' title='bbox 2989 5217 3222 5273; x_wconf 87' lang='lat' dir='ltr'><strong>metere,</strong></span> <span class='ocrx_word' id='word_1_889' title='bbox 3271 5210 3378 5280; x_wconf 91' lang='lat' dir='ltr'><strong>ipsi</strong></span> <span class='ocrx_word' id='word_1_890' title='bbox 3427 5211 3636 5263; x_wconf 89' lang='lat' dir='ltr'><strong>molere</strong></span> <span class='ocrx_word' id='word_1_891' title='bbox 3655 5216 3708 5262; x_wconf 88' lang='lat' dir='ltr'><strong>et</strong></span> 
     </span>
    </p>
   </div>
   <div class='ocr_carea' id='block_1_105' title="bbox 2119 5298 3708 5373">
    <p class='ocr_par' dir='ltr' id='par_1_105' title="bbox 2119 5298 3708 5373">
     <span class='ocr_line' id='line_1_105' title="bbox 2119 5298 3708 5373; baseline -0.004 -17"><span class='ocrx_word' id='word_1_892' title='bbox 2119 5319 2358 5373; x_wconf 86' lang='lat' dir='ltr'><strong>coquere</strong></span> <span class='ocrx_word' id='word_1_893' title='bbox 2382 5303 2603 5357; x_wconf 90' lang='lat' dir='ltr'><strong>debent.</strong></span> <span class='ocrx_word' id='word_1_894' title='bbox 2639 5305 2799 5368; x_wconf 87' lang='lat' dir='ltr'><strong>Quod</strong></span> <span class='ocrx_word' id='word_1_895' title='bbox 2831 5305 3159 5372; x_wconf 89' lang='lat' dir='ltr'><strong>spernentes</strong></span> <span class='ocrx_word' id='word_1_896' title='bbox 3186 5315 3375 5369; x_wconf 82' lang='lat' dir='ltr'><strong>agere,</strong></span> <span class='ocrx_word' id='word_1_897' title='bbox 3417 5298 3708 5353; x_wconf 89' lang='lat' dir='ltr'><strong>sumebant</strong></span> 
     </span>
    </p>
   </div>
   <div class='ocr_carea' id='block_1_106' title="bbox 2120 5385 3708 5463">
    <p class='ocr_par' dir='ltr' id='par_1_106' title="bbox 2120 5385 3708 5463">
     <span class='ocr_line' id='line_1_106' title="bbox 2120 5385 3708 5463; baseline -0.004 -19"><span class='ocrx_word' id='word_1_898' title='bbox 2120 5391 2537 5462; x_wconf 85' lang='lat' dir='ltr'><strong>qualescunque</strong></span> <span class='ocrx_word' id='word_1_899' title='bbox 2563 5409 2756 5463; x_wconf 88' lang='lat' dir='ltr'><strong>panes,</strong></span> <span class='ocrx_word' id='word_1_900' title='bbox 2775 5396 2831 5444; x_wconf 90' lang='lat' dir='ltr'><strong>et</strong></span> <span class='ocrx_word' id='word_1_901' title='bbox 2854 5405 3024 5460; x_wconf 89' lang='lat' dir='ltr'><strong>super</strong></span> <span class='ocrx_word' id='word_1_902' title='bbox 3048 5404 3303 5440; x_wconf 84' lang='lat' dir='ltr'><strong>mensam</strong></span> <span class='ocrx_word' id='word_1_903' title='bbox 3334 5387 3559 5441; x_wconf 88' lang='lat' dir='ltr'><strong>Domini</strong></span> <span class='ocrx_word' id='word_1_904' title='bbox 3587 5385 3708 5438; x_wconf 87' lang='lat' dir='ltr'><strong>sab-</strong></span> 
     </span>
    </p>
   </div>
   <div class='ocr_carea' id='block_1_107' title="bbox 2119 5474 3704 5550">
    <p class='ocr_par' dir='ltr' id='par_1_107' title="bbox 2119 5474 3704 5550">
     <span class='ocr_line' id='line_1_107' title="bbox 2119 5474 3704 5550; baseline -0.003 -19"><span class='ocrx_word' id='word_1_905' title='bbox 2119 5479 2251 5532; x_wconf 88' lang='lat' dir='ltr'><strong>bato</strong></span> <span class='ocrx_word' id='word_1_906' title='bbox 2286 5479 2571 5550; x_wconf 87' lang='lat' dir='ltr'><strong>ponebant</strong></span> <span class='ocrx_word' id='word_1_907' title='bbox 2604 5499 2614 5534; x_wconf 92' lang='lat'><strong>:</strong></span> <span class='ocrx_word' id='word_1_908' title='bbox 2644 5479 2830 5549; x_wconf 89' lang='lat' dir='ltr'><strong>ibique</strong></span> <span class='ocrx_word' id='word_1_909' title='bbox 2862 5493 3040 5548; x_wconf 89' lang='lat' dir='ltr'><strong>usque</strong></span> <span class='ocrx_word' id='word_1_910' title='bbox 3099 5475 3171 5528; x_wconf 89' lang='lat' dir='ltr'><strong>ad</strong></span> <span class='ocrx_word' id='word_1_911' title='bbox 3226 5475 3380 5529; x_wconf 89' lang='lat' dir='ltr'><strong>aliud</strong></span> <span class='ocrx_word' id='word_1_912' title='bbox 3418 5474 3704 5527; x_wconf 85' lang='lat' dir='ltr'><strong>sabbatum</strong></span> 
     </span>
    </p>
   </div>
  </div>
