3926 6164
200 289 280 348 281

1039 287 1457 344 ENARBATIO
1495 287 1576 343 IN
1613 287 2052 346 MALACHIAM
2085 268 2551 345 PROPHETAM.

3298 285 3440 379 .282

198 412 549 479 servabantur,
566 418 624 468 et
648 411 942 467 dicebatur
962 412 1125 482 panis
1148 418 1395 478 sanctus,
1411 412 1479 467 de
1511 429 1620 484 quo
1644 428 1756 466 non
1777 414 1824 472 Α
1841 384 2469 484 holocausta.Recipitis
2481 412 2629 467 enim
2651 428 2682 466 a
2701 412 2909 483 populo
2926 412 3171 467 decimas
3189 412 3441 467 omnium

196 503 368 559 licebat
395 502 561 556 edere
585 501 692 555 nisi
716 498 1119 555 sacerdotibus.
1151 500 1245 554 Ait
1266 518 1399 571 ergo
1432 519 1443 553 :
1483 520 1506 551 ε
1534 500 1760 555 Oifertis

196 609 335 664 super
350 592 528 644 altare
558 607 743 644 meum
777 606 981 660 panem
1011 590 1309 659 pollutum,
1352 595 1446 644 ret
1468 591 1602 644 dum
1635 607 1761 644 mea

196 679 435 735 sacriﬁcia
461 680 609 733 male
628 678 902 743 tractatis,
920 694 1028 743 me,
1052 679 1213 748 cujus
1234 684 1367 733 sunt
1384 686 1755 742 sacramenta,

192 768 396 823 violatis.
430 766 591 830 Quod
618 783 751 821 vero
779 765 1039 836 sequitur
1063 780 1076 815 :
1105 785 1131 818 «
1164 765 1233 821 In
1264 784 1329 821 eo
1361 768 1510 838 quod
1538 768 1756 824 dicitis:

193 857 355 912 Mensa
387 855 613 909 Domini
653 855 927 925 despecta
967 858 1076 917 est,
1126 873 1149 905 ι
1183 859 1369 926 potest
1410 856 1489 909 sic
1534 856 1753 927 exponi,

193 944 317 1017 quod
326 944 464 997 illud
482 944 661 997 altare
679 942 829 1014 quod
849 942 1096 997 fecerant
1108 943 1315 998 reversi
1329 944 1398 997 de
1414 945 1755 1015 captivitate,

192 1050 283 1088 non
307 1037 423 1086 erat
449 1033 574 1103 ejus
600 1032 814 1102 gloriae,
840 1032 999 1101 cujus
1035 1032 1221 1086 fuerat
1247 1033 1563 1103 antiquum,
1601 1033 1758 1089 ideo-

189 1138 278 1193 que
303 1118 560 1174 dicebant
588 1120 909 1190 despectam
941 1136 1062 1173 esse
1089 1136 1343 1174 mensam
1370 1121 1615 1186 Domini,
1642 1126 1764 1176 tan-

188 1226 330 1282 quam
356 1208 614 1279 religioni
654 1209 875 1263 deesset
913 1208 1199 1272 sanctitas,
1235 1209 1331 1280 qui
1360 1209 1555 1264 deerat
1581 1209 1762 1264 ambi-

185 1301 267 1362 tio,
301 1314 424 1352 cum
466 1302 694 1351 econtra
732 1297 885 1351 Deus
934 1313 1047 1351 non
1101 1297 1295 1351 altaris
1336 1305 1618 1361 ornatum,
1659 1299 1757 1353 sed

184 1385 442 1440 oﬂ'erentis
453 1385 871 1439 devorationem
893 1384 1282 1455 requirat.Sed
1295 1390 1351 1438 et
1361 1386 1548 1439 altiori
1564 1403 1751 1452 sensu,

180 1474 408 1545 increpat
433 1473 657 1527 divinus
687 1490 874 1527 sermo
903 1474 1223 1527 sacerdotes
1249 1479 1305 1527 et
1335 1473 1622 1528 ministros
1653 1476 1754 1529 Ec-

182 1561 355 1628 clesiae,
375 1562 529 1633 quod
550 1562 901 1633 negligenter
917 1568 1162 1617 tractent
1184 1562 1374 1616 divina
1394 1562 1680 1634 mysteria,
1698 1569 1753 1618 et

1842 502 2089 571 frugum,
2112 507 2168 555 et
2186 507 2388 555 caetera
2407 518 2529 571 quae
2550 516 2615 554 ex
2636 500 2923 554 sacriﬁciis
2959 500 3268 555 hostiarum
3290 500 3445 554 vobis

1841 590 1965 659 lege
1996 591 2222 644 decreta
2244 596 2394 643 sunt.
2430 589 2670 643 Proinde
2702 588 2833 659 quia
2864 589 3039 643 Deum
3072 591 3130 643 in
3158 589 3445 644 sacriﬁciis

1841 678 2123 734 offenditis
2151 678 2359 732 debilia
2390 694 2626 748 quaeque
2658 677 2962 742 offerendo,
2996 679 3146 747 agite
3176 678 3450 750 paeniten-

1839 765 1999 829 tiam,
2032 771 2089 820 et
2114 766 2495 837 deprecamini
2544 766 2758 820 vultum
2811 766 3055 831 Domini,
3090 766 3138 820 si
3168 766 3449 837 quomodo

1839 855 2176 909 misereatur
2194 855 2381 909 vestri.
2418 855 2496 908 Ex
2523 854 2629 908 hoc
2655 855 2776 908 loco
2803 855 3118 926 colligimus
3137 855 3448 926 gratiorem

1841 960 1962 998 esse
1976 944 2090 998 Deo
2111 943 2437 998 servitutem
2461 960 2582 1013 qua:
2602 943 3108 1014 impraesentiarum
3124 943 3445 998 mercedem

1840 1048 1951 1086 non
1966 1032 2184 1102 recipit.
2208 1031 2368 1085 Unde
2384 1032 2686 1108 Apostolus
2704 1032 2883 1102 gratis
2904 1031 3244 1102 praedicabat
3263 1032 3447 1087 Evan-

1842 1121 2255 1190 gelium,nocte
2285 1126 2343 1173 et
2370 1119 2461 1173 die
2490 1119 2752 1173 laborans
2781 1120 3064 1190 cperando
3091 1120 3303 1175 victum
3331 1137 3446 1175 ma-

1845 1209 2029 1270 nibus,
2061 1214 2123 1261 ut
2147 1208 2286 1262 nulli
2317 1213 2464 1262 esset
2491 1208 2670 1264 oneri.
2694 1226 2721 1260 α
2752 1209 2877 1262 Non
2907 1213 2993 1262 est
3021 1209 3157 1263 mihi
3186 1210 3443 1263 voluntas

1845 1295 1905 1349 in
1934 1294 2106 1360 vobis,
2133 1295 2269 1350 dicit
2302 1296 2575 1350 Dominus
2617 1297 2985 1361 exercituum,
3017 1302 3074 1350 et
3104 1313 3308 1351 munus
3328 1313 3442 1352 non

1838 1383 2140 1455 suscipiam
2196 1385 2266 1437 de
2314 1400 2488 1437 manu
2530 1389 2735 1437 vestra.
2790 1402 2815 1436 ι
2850 1384 3310 1438 Manifestissima
3350 1391 3436 1439 est

1836 1472 2149 1543 prophetia,
2183 1488 2285 1525 nec
2313 1478 2442 1541 eget
2469 1471 2817 1542 profundiori
2843 1471 3189 1542 expositione
3213 1490 3225 1524 :
3257 1472 3441 1542 loqui-

1835 1556 1930 1613 tur
1954 1566 2144 1614 autem
2173 1560 2241 1614 ad
2274 1561 2593 1614 sacerdotes
2622 1560 2865 1631 proprie,
2899 1560 2994 1631 qui
3022 1560 3248 1614 illicitas
3279 1560 3442 1614 victi-

182 1650 390 1705 oderant
414 1667 591 1721 super
620 1650 798 1704 altare
827 1650 1053 1704 Domini
1082 1667 1283 1721 panem
1304 1651 1601 1722 pollutum,
1625 1669 1753 1707 cum
1776 1720 1801 1722 Α
1837 1664 1959 1702 mas
1990 1648 2316 1714 offerebant,
2346 1655 2515 1720 atque
2558 1649 2683 1703 ideo
2730 1650 2986 1703 voluntas
3017 1649 3118 1703 Dei
3148 1665 3316 1720 quem
3346 1666 3442 1703 ex-

177 1740 406 1794 videlicet
429 1720 653 1810 indigni
682 1739 753 1792 ad
782 1739 962 1793 altare
991 1720 1283 1804 accedunt,
1306 1720 1375 1793 ﬁet
1404 1741 1756 1810 pollutacon-
1774 1720 1822 1780 Β
1840 1736 2202 1802 acerbabant,
2226 1754 2339 1792 non
2381 1744 2504 1791 erat
2531 1738 2589 1791 in
2612 1738 2713 1803 eis,
2741 1737 2911 1792 simul
2934 1737 3105 1791 etiam
3132 1738 3296 1792 docet
3322 1754 3442 1791 car-

177 1828 382 1882 scientia
404 1827 689 1882 mundum
717 1827 1051 1897 sanguinem
1094 1826 1312 1892 bibunt,
1360 1834 1418 1883 et
1464 1845 1755 1884 sacrosan-

176 1922 305 1971 ctum
330 1933 538 1987 panem
567 1916 864 1987 inquinato
921 1933 1018 1970 ore
1062 1917 1417 1988 percipiunt;
1451 1916 1640 1988 sicque
1669 1920 1751 1986 fit,

175 2009 231 2059 ut
250 2004 585 2075 despiciatur
615 2021 812 2058 mensa
828 2005 1069 2069 Domini,
1086 2022 1209 2076 quae
1230 2022 1331 2076 per
1353 2023 1413 2080 se
1431 2011 1626 2061 sancta
1646 2013 1749 2070 est,
1794 2010 1798 2013 ’

174 2107 260 2162 pro
283 2093 675 2147 ministrorum
690 2093 921 2147 vilitate.
950 2094 1058 2148 Sed
1084 2093 1194 2147 alio
1215 2085 1761 2166 intellectu,quand6

173 2181 503 2251 praedicator,
525 2182 621 2253 qui
642 2181 995 2251 spiritualem
1016 2198 1238 2253 panem,
1254 2183 1313 2236 id
1334 2190 1418 2237 est
1438 2184 1752 2239 doctrinam

170 2270 365 2341 populis
391 2271 650 2325 dividere
679 2269 927 2335 deberet,
958 2269 1246 2325 blanditur
1262 2273 1585 2342 potentibus
1605 2276 1661 2327 et
1675 2273 1756 2326 di-

170 2357 350 2412 vitibus
364 2360 546 2429 hujus
578 2359 787 2419 saaculi,
826 2375 1003 2430 eaque
1046 2359 1297 2429 loquitur
1326 2377 1449 2431 quae
1490 2361 1603 2415 illis
1631 2362 1754 2432 pla-

170 2453 326 2510 ceant,
349 2464 457 2501 nec
472 2452 771 2518 peccantes
783 2449 941 2517 justa
964 2447 1270 2518 asperitate
1291 2449 1753 2520 corripit,panem

170 2536 339 2607 utique
365 2536 642 2591 doctrinm
661 2535 879 2606 polluit,
898 2541 955 2589 et
970 2535 1075 2606 ipsi
1091 2536 1337 2601 Domino,
1352 2539 1755 2592 contumeliam

172 2623 302 2689 facit,
324 2624 457 2679 dum
491 2640 751 2678 mensam
781 2623 1200 2693 Scripturarum
1222 2624 1537 2680 divinarum
1577 2643 1753 2681 saecu-

172 2711 260 2765 lari
286 2713 579 2777 doctrinae,
606 2729 732 2784 quae
760 2717 847 2765 est
884 2729 1078 2766 mensa
1106 2712 1407 2777 idolorum,
1440 2719 1605 2784 putat
1631 2732 1753 2769 esse

170 2799 406 2855 similem.
1732 2862 1745 2870 ,

227 2907 254 2940 ι
282 2889 338 2945 Si
364 2889 621 2944 offeratis
650 2905 857 2944 caecum
881 2889 952 2944 ad
980 2889 1406 2955 immolandum,
1428 2907 1615 2946 nonne
1636 2909 1759 2947 ma-

165 2975 264 3032 lum
308 2979 436 3032 est?
484 2983 548 3032 et
592 2977 641 3031 si
686 2978 932 3032 offeratis
980 2979 1243 3033 claudum
1290 2983 1347 3033 et
1398 2980 1749 3051 languidum,

165 3080 328 3121 nonne
357 3068 581 3121 malum
610 3067 737 3119 est?
768 3067 920 3121 Offer
938 3067 1078 3121 illud
1099 3067 1229 3121 duci
1249 3072 1367 3128 tuo,
1399 3068 1445 3122 si
1478 3070 1752 3139 placuerit

166 3153 226 3221 ei,
250 3162 343 3210 aut
384 3156 433 3210 si
480 3155 798 3226 susceperit
845 3155 1047 3210 faciem
1099 3161 1278 3219 tuam,
1315 3155 1453 3211 dicit
1479 3159 1752 3214 Dominus

162 3244 506 3299 exercituum.
546 3244 617 3298 Et
661 3260 812 3297 nunc
858 3243 1241 3316 deprecamini
1286 3246 1504 3300 vultum
1549 3247 1650 3300 Dei
1690 3254 1754 3302 ut

164 3331 476 3387 misereatur
504 3333 680 3386 vestri
723 3332 804 3386 De
833 3349 1007 3386 manu
1032 3332 1186 3386 enim
1212 3337 1400 3387 vestra
1427 3333 1637 3388 factum
1668 3342 1757 3390 est

161 3419 265 3484 hcc,
286 3422 330 3475 si
343 3420 634 3493 quomodo
665 3421 934 3491 suscipiat
950 3420 1120 3475 facies
1139 3425 1371 3485 vestras,
1403 3422 1542 3475 dicit
1560 3423 1749 3479 Domi-

162 3522 250 3562 nus
275 3511 649 3565 exercituum.
682 3528 708 3561 »
735 3509 962 3563 Reversi
999 3510 1070 3563 de
1116 3510 1403 3580 Babylone
1432 3512 1753 3565 sacerdotes

160 3600 433 3669 ceterique
464 3596 718 3652 ministri
744 3597 935 3667 templi
969 3598 1198 3651 Domini
1229 3597 1540 3652 offerebant
1561 3599 1620 3653 in
1649 3600 1752 3654 Do-

164 3685 283 3739 mini
319 3686 602 3740 sacriﬁcio
652 3685 875 3739 illicitas
918 3685 1193 3749 victimas,
1234 3702 1376 3740 caeca
1418 3704 1641 3758 quoque
1698 3692 1755 3742 et

163 3772 337 3829 clauda
359 3782 419 3829 et
445 3773 615 3828 varia
642 3768 932 3827 debilitate
962 3774 1238 3839 confecta,
1263 3782 1673 3846 conquerentes
1693 3794 1753 3831 se

162 3860 218 3914 de
240 3864 473 3932 penuria
501 3868 567 3918 et
593 3862 927 3916 necessitate
957 3863 1157 3916 offerre
1184 3863 1319 3917 haec.
1346 3863 1492 3917 Dicit
1511 3881 1673 3935 ergo:
1694 3866 1751 3919 Si

164 3944 463 4016 hujusmodi
494 3962 742 4001 munera
770 3947 998 4001 offerres
1027 3947 1155 4001 duci
1184 3951 1301 4013 tuo,
1336 3949 1592 4020 nunquid
1639 3966 1751 4004 non

161 4042 425 4104 respueret
450 4034 592 4089 illa?
611 4034 818 4104 Utique
846 4034 1059 4088 diceret
1088 4035 1292 4089 factam
1323 4035 1430 4089 sibi
1461 4036 1743 4106 injuriam.

163 4119 262 4184 Qua
284 4123 459 4193 igitur
487 4122 719 4177 ratione
752 4122 961 4176 offertis
990 4122 1230 4177 Domino
1275 4125 1424 4194 quod
1474 4125 1609 4179 dare
1649 4127 1749 4179 ho-

161 4210 379 4266 minibus
406 4229 525 4266 non
550 4210 812 4265 audetis?
832 4211 1144 4282 Allegorice
1174 4212 1398 4265 victima
1427 4213 1528 4267 Dei
1545 4219 1632 4267 est
1652 4214 1752 4269 bo-

1770 3028 1814 3090 C

1837 1825 2061 1879 nalibus
2089 1826 2314 1880 illorum
2341 1826 2582 1880 victimis
2606 1826 2928 1898 spirituales
2958 1826 3212 1880 victimas
3226 1843 3441 1880 succes-

1837 1929 2018 1980 suras,
2048 1929 2150 1967 nec
2178 1914 2238 1967 in
2267 1930 2381 1968 una
2402 1919 2624 1967 tantum
2655 1912 2942 1983 provincia
2968 1914 3311 1981 Iudaeorum,
3338 1914 3437 1968 sed

1837 2002 1991 2056 omni
2042 2004 2163 2056 loco
2188 2002 2374 2056 offerri
2418 2002 2534 2056 Deo
2590 2001 2860 2055 mundam
2908 2001 3271 2067 oblationem,
3333 2003 3439 2056 hoc

1837 2096 1940 2152 est,
1975 2091 2309 2145 sacrificium
2348 2091 2497 2161 quod
2530 2107 2679 2144 nunc
2708 2090 3029 2160 frequentat
3060 2091 3329 2146 Ecclesia.

1914 2197 1937 2227 ι
1971 2177 2055 2231 Ab
2071 2183 2198 2232 ortu
2223 2178 2374 2232 enim
2403 2179 2537 2232 solis
2567 2194 2742 2249 usque
2773 2178 2844 2232 ad
2864 2194 3145 2243 occasum,
3170 2196 3443 2249 magnum

1838 2271 1924 2320 est
1950 2283 2155 2320 nomen
2184 2283 2374 2321 meum
2400 2267 2459 2320 in
2474 2266 2757 2337 gentibus.
2784 2273 2841 2321 et
2859 2267 2919 2320 in
2939 2267 3094 2321 omni
3124 2268 3245 2321 loco
3266 2268 3444 2321 sacri-

1838 2356 2039 2409 ﬁcatur
2066 2361 2123 2408 et
2152 2355 2384 2408 offertur
2411 2355 2629 2409 nomini
2659 2372 2783 2409 meo
2811 2355 3021 2409 oblatio
3051 2356 3284 2422 munda,
3309 2356 3445 2427 quia

1837 2459 2104 2512 magnum
2127 2449 2211 2496 est
2240 2459 2445 2497 nomen
2468 2436 2656 2497 meum
2684 2444 2742 2497 in
2785 2444 3070 2514 gentibus,
3091 2444 3229 2498 dicit
3251 2445 3443 2499 Domi-

1837 2548 1944 2585 nus
1965 2532 2330 2593 exercituum,
2356 2538 2413 2585 et
2434 2548 2527 2585 vos
2560 2532 2841 2602 polluistis
2866 2532 3004 2586 illud
3023 2533 3078 2585 in
3101 2548 3166 2586 eo
3187 2534 3336 2603 quod
3357 2533 3445 2587 di-

1840 2620 1963 2673 citis
1994 2639 2004 2673 :
2039 2620 2232 2673 Mensa
2260 2620 2485 2674 Domini
2514 2620 2901 2674 contaminata
2929 2625 3035 2683 est,
3067 2625 3125 2674 et
3164 2621 3317 2690 quod
3354 2637 3445 2675 su-

1840 2707 2171 2779 perponitur
2194 2707 2618 2778 contemptibile
2650 2714 2736 2761 est
2760 2724 2888 2761 cum
2916 2707 3034 2777 igni
3076 2707 3171 2777 qui
3208 2707 3444 2762 devorat

1839 2796 1997 2849 illud.
2034 2816 2059 2848 »
2094 2797 2250 2855 Sicut
2267 2797 2387 2865 jam
2414 2813 2586 2867 supra
2617 2795 2859 2850 breviter
2890 2796 3099 2849 dictum
3132 2802 3234 2862 est,
3267 2813 3444 2867 popu-

1837 2883 1926 2938 lus
1957 2883 2052 2955 qui
2072 2884 2141 2937 de
2159 2884 2481 2955 captivitate
2509 2900 2766 2939 reversus
2797 2884 3001 2947 fuerat,
3018 2890 3240 2939 tantum
3265 2886 3446 2940 altare

1839 2972 2084 3026 fortuitis
2106 2978 2163 3026 et
2182 2972 2449 3043 impolitis
2480 2972 2758 3044 lapidibus
2785 2973 3174 3040 aediﬁcaverat,
3191 2974 3291 3028 sed
3310 2974 3444 3045 quia

1834 3060 2034 3132 templi
2063 3067 2400 3114 ornamenta
2419 3060 2672 3125 deerant,
2704 3062 2980 3132 putabant
3006 3063 3284 3116 minorem
3317 3078 3445 3117 esse

1834 3149 1893 3203 in
1917 3166 1983 3202 eo
2009 3148 2222 3203 cultum
2256 3149 2563 3219 religionis.
2584 3149 2860 3220 Loquitur
2878 3166 3012 3220 ergo
3043 3151 3113 3205 ad
3143 3167 3238 3205 eos
3253 3151 3442 3206 Domi-

1834 3253 1941 3291 nus
1972 3254 2072 3308 per
2102 3237 2435 3308 prophetam
2465 3238 2784 3292 :Pollutum
2814 3238 3027 3310 putatis
3048 3255 3170 3293 esse
3190 3241 3369 3294 altare
3386 3244 3445 3293 et

1836 3325 2165 3380 holocausta
2212 3343 2279 3380 ac
2324 3327 2577 3380 victimas
2626 3344 2749 3398 qua;
2806 3333 3285 3399 superponuntur,
3339 3344 3443 3384 nec

1838 3415 2175 3486 cognoscitis
2204 3414 2512 3469 Dominum
2545 3432 2656 3469 non
2678 3417 2802 3470 auri
2820 3417 2904 3470 vel
2926 3417 3146 3486 argenti
3177 3421 3442 3472 ornatum

1836 3521 2111 3575 quaerere,
2172 3520 2357 3574 neque
2432 3505 2852 3559 multitudinem
2907 3506 3285 3571 victimarum,
3344 3506 3444 3560 sed

1836 3594 2107 3647 mundam
2135 3593 2488 3647 offerentium
2514 3594 2878 3647 voluntatem.
2910 3594 3056 3648 Sane
3078 3610 3331 3649 mensam
3352 3594 3444 3649 hic

1840 3698 1952 3736 non
1985 3698 2110 3735 eam
2132 3680 2403 3735 debemus
2424 3686 2623 3752 putare
2652 3698 2821 3752 super
2841 3699 3011 3754 quam
3033 3699 3205 3752 panes
3234 3699 3443 3755 propo-

1836 3770 2054 3824 sitionis
2083 3769 2455 3840 ponebantur,
2489 3770 2586 3824 sed
2620 3770 2796 3825 altare
2826 3772 2883 3825 in
2915 3789 3025 3843 quo
3057 3772 3330 3827 sacrificia
3357 3772 3442 3827 in-

1836 3857 2239 3923 cendebantur,
2264 3858 2412 3927 quod
2435 3857 2693 3911 innuitur
2711 3858 3026 3923 manifeste,
3044 3875 3169 3913 cum
3194 3861 3435 3915 dicitur:

1840 3967 1864 3997 ι
1889 3948 2030 4001 Cum
2055 3946 2167 4017 igni
2190 3945 2286 4016 qui
2306 3946 2446 3999 illud
2468 3946 2716 4000 devorat.
2753 3966 2775 3996 ι
2792 3948 2988 4017 Neque
3010 3947 3159 4001 enim
3181 3965 3357 4018 panes
3378 3950 3442 4003 il-

1832 4033 1918 4088 los
1939 4034 2086 4104 ignis
2114 4033 2454 4097 assumebat,
2480 4034 2578 4087 sed
2607 4051 2641 4087 a
2669 4033 3052 4088 sacerdotibus
3072 4035 3440 4089 comedeban-

1831 4128 1946 4176 tur.
1978 4122 2079 4176 Vel
2101 4129 2251 4176 certe
2280 4123 2363 4176 ita
2394 4127 2579 4193 potest
2608 4122 2782 4192 accipi
2815 4123 2966 4193 quod
2992 4123 3436 4178 diciturszen-

1833 4228 1896 4265 sa
1916 4210 2140 4266 Domini
2171 4211 2555 4265 contaminata
2574 4216 2678 4276 est,
2706 4230 2730 4262 »
2757 4215 2814 4264 et
2833 4212 2977 4281 quod
3004 4228 3175 4282 supra
3210 4212 3442 4283 ponitur

162 4312 273 4353 num
300 4301 535 4371 aliquod
577 4316 744 4370 opus,
772 4299 973 4365 oratio,
1019 4300 1396 4371 eleemosyna,
1436 4307 1751 4373 ceteraque
1768 4300 2274 4371 Dcoutemptibile,
2297 4316 2425 4354 cum
2449 4301 2579 4369 igne
2612 4300 2708 4371 qui
2728 4300 2869 4353 illud
2888 4300 3154 4369 devorat;
3180 4302 3315 4373 quid
3332 4302 3442 4375 (in-

160 4385 255 4440 Deo
274 4398 403 4443 sunt
417 4398 587 4460 grata
612 4388 906 4441 sacriﬁcia.
929 4387 1139 4441 Verum
1163 4388 1211 4441 si
1236 4405 1380 4442 caeca
1392 4394 1478 4443 est
1498 4390 1745 4457 victima,

162 4473 199 4524 si
222 4477 431 4531 animus
451 4476 751 4530 offerentis
774 4491 885 4529 non
905 4475 1217 4530 illustratus
1238 4477 1361 4530 luce
1386 4478 1656 4543 veritatis,
1689 4479 1748 4533 id

161 4568 245 4626 est,
263 4565 308 4617 si
326 4582 440 4619 non
463 4564 714 4636 simplex
728 4570 813 4617 est
832 4564 953 4633 ejus
966 4563 1207 4618 intentio
1222 4565 1317 4635 qui
1338 4565 1519 4631 offert,
1544 4567 1746 4622 clauda

161 4656 229 4701 est
251 4654 518 4708 orationis
550 4653 800 4713 victima.
826 4669 947 4723 quae
976 4653 1185 4723 duplici
1215 4659 1403 4708 mente
1432 4655 1648 4710 accedit
1673 4657 1744 4710 ad

157 4742 473 4805 precandum
515 4744 726 4802 Deum,
749 4739 1057 4812 debilisque
1088 4742 1376 4796 Christum
1408 4759 1521 4797 non
1552 4744 1743 4813 habet,

160 4828 237 4894 qui
264 4838 342 4883 est
358 4832 542 4886 virtus
565 4837 626 4885 et
643 4829 939 4900 sapientia.
957 4828 1287 4885 Istiusmodi
1308 4831 1549 4887 victimae
1580 4833 1626 4887 si
1659 4834 1742 4887 of-

159 4915 396 4983 ferantur,
430 4920 676 4974 minime
707 4918 822 4972 Deo
848 4919 1069 4990 placere
1107 4925 1362 4990 possunt,
1395 4921 1530 4991 quin
1555 4921 1743 4992 potius

160 5017 293 5058 reum
318 5007 534 5061 faciunt
553 5008 908 5061 offerentem.
921 5027 943 5058 «
970 5007 1044 5061 Et
1062 5025 1213 5063 nunc
1231 5008 1612 5079 deprecamini
1628 5009 1744 5063 vul-

158 5094 256 5147 tum
280 5095 525 5159 Domini,
560 5101 629 5149 ut
654 5095 991 5151 misereatur
1017 5098 1207 5160 vestri,
1244 5117 1267 5147 ι
1297 5103 1360 5152 ut
1390 5115 1580 5169 supra.

216 5197 239 5233 ι
269 5183 397 5246 Quis
427 5190 517 5239 est
554 5184 619 5237 in
644 5183 798 5237 vobis
827 5185 921 5255 qui
951 5185 1178 5239 claudat
1201 5186 1365 5251 ostia,
1401 5193 1457 5241 et
1480 5187 1743 5243 incendat

160 5267 306 5327 alme
321 5290 515 5328 meum
535 5272 792 5345 gratuito
813 5272 838 5326 ?
864 5292 890 5325 ι
916 5273 1129 5328 Sensus
1146 5274 1278 5329 talis
1291 5282 1403 5328 est:
1429 5276 1631 5330 Nullus
1656 5282 1743 5331 est

158 5356 361 5415 invobis
410 5363 511 5434 qui
570 5362 844 5433 gratuito,
892 5362 950 5416 id
1003 5368 1089 5417 est
1125 5363 1246 5417 sine
1292 5364 1565 5427 mercede,
1600 5364 1736 5419 mihi

159 5449 352 5513 serviat,
391 5467 508 5505 non
556 5450 830 5522 pontifex,
852 5466 965 5504 non
987 5451 1266 5516 sacerdos,
1301 5452 1399 5505 sed
1437 5468 1619 5522 neque
1643 5453 1734 5522 ja-

1832 4390 2054 4460 quiunt)
2073 4389 2319 4459 prodest,
2345 4388 2392 4442 si
2416 4389 2631 4459 optima
2650 4389 2995 4442 offeramus?
3016 4388 3442 4462 Qualiacunque

1831 4478 1979 4532 enim
2006 4478 2238 4546 fuerint,
2268 4478 2396 4547 igne
2425 4478 2808 4532 consumenda
2837 4482 2991 4531 sunt.

1903 4585 1930 4620 α
1955 4568 2023 4621 Et
2044 4566 2263 4620 dixistis
2286 4584 2297 4618 :
2332 4565 2474 4619 Ecce
2495 4566 2564 4619 de
2584 4565 2794 4629 labore,
2824 4572 2882 4619 et
2901 4567 3239 4622 exsufflastis
3267 4569 3437 4634 illud,

1827 4656 1966 4710 dicit
1988 4655 2261 4711 Dominus
2304 4655 2673 4709 exercituum.
2722 4655 2791 4708 Et
2830 4654 3106 4709 intulistis
3129 4656 3197 4709 de
3223 4656 3438 4727 rapinis

1826 4744 2090 4797 claudum
2110 4748 2168 4797 et
2186 4742 2535 4813 languidum,
2551 4748 2607 4796 et
2626 4742 2896 4795 intulistis
2916 4758 3143 4795 munus.
3170 4743 3435 4814 Nunquid

1827 4832 2125 4903 suscipiam
2145 4831 2284 4886 illud
2303 4831 2373 4886 de
2395 4848 2566 4885 manu
2587 4836 2787 4891 vestra,
2815 4830 2953 4883 dicit
2972 4830 3243 4885 Dominus
3263 4848 3424 4887 exer-

1825 4920 2074 4974 cituum?
2107 4939 2133 4973 1»
2158 4920 2404 4991 Populus
2433 4920 2502 4972 de
2534 4917 2816 4989 Babylone
2857 4934 3141 4983 reversus,
3176 4936 3301 4974 cum
3331 4922 3437 4977 ho-

1825 5009 1963 5063 stias
1991 5008 2229 5062 Domino
2267 5007 2514 5070 offerret,
2557 5007 2734 5059 coacti
2776 5012 2833 5060 et
2877 5007 3072 5062 tristes
3114 5008 3378 5065 dicebant
3418 5032 3431 5067 :

1825 5096 1967 5151 Ecce
1995 5096 2063 5149 de
2089 5095 2279 5149 labore
2308 5099 2499 5147 nostro
2545 5093 2685 5147 illud
2730 5094 3036 5163 offerimus,
3088 5098 3288 5168 praedae
3333 5116 3432 5154 su-

1824 5202 1950 5239 mus
1962 5185 2227 5247 hostium,
2252 5188 2307 5237 et
2329 5182 2600 5253 quidquid
2622 5181 2831 5237 habere
2853 5184 3157 5254 potuimus,
3180 5189 3239 5240 in
3268 5187 3435 5259 longo

1822 5275 2023 5329 itinere
2048 5273 2517 5342 consumpsimus,
2547 5273 2959 5345 qualiacunque
2986 5276 3261 5332 habemus
3290 5280 3430 5333 offe-

1818 5364 2014 5417 rimus.
2048 5363 2177 5415 Haec
2204 5361 2473 5427 dicentes,
2509 5362 2882 5417 exsufflabant
2911 5380 3015 5417 sua
3044 5367 3335 5429 sacrificia,
3369 5367 3427 5419 id

1818 5458 1903 5505 est
1926 5450 2313 5505 exsufﬂatione
2342 5450 2513 5521 digna
2556 5450 2856 5505 faciebant.
2914 5451 3157 5515 Quidam
3198 5453 3416 5506 codices

160 5534 302 5601 nitor,
323 5544 379 5592 et
404 5538 454 5592 is
483 5540 589 5609 qui
618 5539 808 5609 ignem
844 5539 1111 5610 supponit
1137 5538 1305 5595 altari
1334 5540 1406 5594 ad
1433 5539 1737 5594 cremanda
1816 5539 2043 5604 habent,
2078 5556 2105 5592 α
2138 5531 2479 5594 exsufflastis
2493 5556 2602 5604 me,
2640 5558 2661 5590 ι
2696 5544 2761 5594 ut
2796 5540 2870 5595 sit
2895 5556 3094 5595 sensus
3126 5559 3136 5592 :
3169 5539 3297 5594 Non
3324 5554 3413 5591 sm
