3970 6150
275 292 381 393 es

1163 304 1577 399 minimo
1613 332 1695 399 rs
1728 316 2161 402 animum
2199 309 2656 401 pﬁopaerm'.

3441 304 3554 392 233

277 432 393 534 ster
416 444 568 517 inter
588 462 769 543 Deum
795 442 850 519 et
877 442 1154 530 homines,
1177 465 1391 539 Deique
1413 452 1756 524 voluntatem
1782 446 1937 542 po-A
1956 471 2051 524 sed
2076 472 2133 525 in
2157 472 2407 526 futurum
2436 454 2685 524 minatur
2710 450 3179 523 maledictinnem.
3202 450 3335 543 Ilios
3359 452 3549 543 a’tit‘étii

275 544 420 620 pulis
438 536 765 621 annuntiat.

350 660 375 685 ιι
407 638 520 692 Vos
549 648 738 694 autem
772 643 1078 697 recessistis
1107 634 1175 698 de
1215 646 1323 709 via,
1357 652 1415 699 et
1453 638 1871 701 scandalizasrtis

276 722 547 801 plurimos
580 728 636 781 in
668 729 809 800 lege.
846 724 1076 799 Irritum
1105 730 1314 786 fecistis
1343 741 1567 804 pactum
1599 724 1748 802 Levi,
1781 734 1871 789 di-

274 814 348 867 cit
384 808 659 891 Dominus
682 817 1055 897 exercituum.
1092 815 1327 898 Pmpter
1351 814 1497 895 quod
1526 829 1583 878 et
1611 841 1714 898 ego
1742 823 1871 877 dedi

272 896 366 955 vos
394 893 847 983 contemptibiles
869 909 925 960 et
946 904 1188 962 humiles
1221 892 1481 965 omnibus
1508 892 1745 983 populis,
1770 906 1871 967 sic-

272 996 335 1049 ut
362 974 476 1044 non
507 986 770 1046 servastis
813 994 926 1047 vias
968 1011 1138 1060 meas,
1175 1003 1230 1051 et
1259 996 1552 1070 accepistis
1581 994 1779 1055 faciem
1810 1002 1870 1055 in

269 1078 409 1149 lege.
438 1098 463 1131 »
488 1083 568 1134 Ac
596 1080 643 1134 si
669 1087 862 1153 aperte
887 1070 1129 1137 diceret:
1157 1082 1270 1156 Ego
1292 1087 1439 1141 volui
1462 1090 1527 1141 ut
1556 1089 1698 1142 tales
1719 1087 1871 1143 esSe-

269 1166 359 1228 tis,
399 1160 623 1243 qualem
655 1160 933 1247 descripsi
965 1160 1133 1226 fuisse
1178 1176 1394 1244 patrem
1434 1164 1661 1246 generis
1702 1166 1867 1231 vestri

269 1253 401 1308 Lm’i
428 1273 440 1308 :
466 1273 565 1309 vos
591 1264 777 1335 autem
811 1266 1039 1313 econtra
1064 1260 1370 1316 recessistis
1399 1264 1513 1317 sive
1546 1264 1868 1319 declinastis

272 1340 338 1419 de
368 1344 455 1398 via
487 1362 656 1416 quam
684 1348 903 1421 ostendi
933 1348 1105 1412 vobis,
1137 1356 1195 1404 et
1223 1350 1291 1403 de
1322 1369 1432 1422 qua
1461 1350 1591 1406 alibi
1618 1344 1824 1407 dicitur
1850 1374 1861 1408 :

272 1430 401 1485 Haec
419 1428 506 1486 est
528 1434 630 1497 via,
651 1433 1003 1513 ambulatein
1021 1454 1085 1491 ea
1102 1426 1284 1509 neque
1300 1441 1366 1513 ad
1386 1437 1667 1494 dexteram
1687 1458 1867 1513 neque

271 1516 339 1574 ad
367 1521 681 1578 sinistram.
706 1522 1095 1580 Scandalizant
1121 1520 1309 1582 autem
1338 1512 1607 1599 plurimos
1636 1531 1692 1583 in
1721 1512 1862 1601 lege,

272 1608 364 1679 qui
394 1626 493 1663 eos
522 1628 661 1681 quos
689 1602 855 1668 verbo
881 1615 1188 1677 instruunt,
1212 1623 1268 1669 et
1288 1619 1539 1687 exemplo
1564 1619 1722 1672 malae
1742 1637 1868 1673 con-

271 1698 604 1752 versationis
633 1716 824 1754 errare
849 1698 1077 1756 faciunt.
1110 1720 1131 1754 α
1159 1696 1385 1757 lrritum
1412 1702 1620 1759 fecistis
1641 1711 1864 1777 pactum

1956 558 2046 629 qui
2078 550 2321 631 prolapsi
2352 560 2574 613 fuerant
2604 554 2865 631 provocat
2895 546 2965 609 ad
2996 540 3403 627 pmnitentia'm,
3446 540 3549 633 nec

1953 647 2123 700 ullam
2155 647 2287 701 facit
2315 634 2714 717 exceptionem,
2739 643 2835 698 sed
2865 636 2981 697 sive
3005 644 3217 723 doctor,
3242 642 3355 696 sive
3377 636 3561 723 disci-3'

1952 735 2135 804 pulus,
2166 732 2280 789 sive
2303 736 2605 808 popularis,
2630 735 2745 788 sive
2765 726 3002 786 offerens
3022 724 3249 813 munus,
3273 731 3329 784 id
3352 730 3438 785 est
3456 740 3548 813 sa-

1952 812 2166 889 cerdos,
2200 840 2312 876 una
2345 822 2625 876 maledicti
2656 816 2934 875 sententia
2958 810 3257 884 feriuntur,
3298 822 3364 873 ut
3391 810 3559 873 nulla

1953 902 2024 965 sit
2048 911 2105 965 in
2138 912 2217 965 eis
2247 906 2558 973 diversitas,
2592 911 2649 981 in
2678 910 2881 981 quibus
2910 900 3011 980 par
3035 913 3119 962 est
3146 909 3348 991 c‘ulpaa
3400 984 3411 991 κ
3474 980 3495 989 η
3529 982 3533 987 ι

2027 1014 2053 1051 α
2095 1000 2163 1053 Et
2205 999 2309 1053 hoc
2340 990 2561 1053 rursum
2610 999 2817 1052 fecistis
2851 1021 2861 1053 :
2904 984 3547 1081 Operieba'tislacrptnis

1953 1087 2129 1141 altare
2156 1087 2395 1149 Domini,
2429 1089 2563 1141 ﬂetu
2592 1093 2646 1141 et
2676 1087 2913 1156 mugitu,
2946 1087 3026 1139 ita
3056 1090 3116 1138 ut
3143 1076 3292 1138 ultra.
3324 1076 3435 1138 ann
3464 1076 3561 1138 r‘e?

1952 1177 2182 1244 spiciam
2210 1175 2279 1229 ad
2309 1176 2666 1239 sacriﬁcium,
2691 1191 2792 1228 nec
2821 1174 3088 1244 accipiam
3120 1166 3389 1243 placabile
3411 1160 3557 1242 quid'

1949 1264 2018 1317 de
2066 1281 2235 1317 manu
2274 1268 2493 1328 vestra;
2536 1269 2592 1317 et
2642 1262 2901 1316 dixistis;
2951 1282 2973 1312 ι
3016 1262 3305 1316 Derelictac
3344 1270 3544 1314 uxores

1949 1368 1984 1405 a
2008 1352 2138 1405 viris
2169 1351 2510 1413 Israeliticae,
2541 1357 2594 1405 et
2626 1352 2683 1404 in
2713 1352 2956 1404 virorum
2989 1366 3216 1403 suorum
3249 1349 3387 1402 toris
3414 1348 3546 1423 alie-

1949 1434 2051 1494 nas
2084 1442 2353 1510 conjuges
2399 1441 2861 1510 contemplantes.
2904 1436 3298 1506 confugiebant
3335 1436 3404 1490 ad
3444 1432 3545 1490 Dei

1950 1527 2123 1581 solius
2152 1529 2439 1590 auxilium,
2477 1529 2768 1598 prostratae
2799 1543 2923 1581 eum
2954 1525 3219 1605 lacrymis
3249 1530 3306 1577 et
3331 1517 3546 1605 gemitu

1949 1622 2079 1669 ante
2102 1618 2220 1685 ejus
2236 1617 2433 1676 altare,
2456 1622 2722 1686 tanquam
2746 1600 3060 1676 causantes,
3077 1612 3222 1684 quod
3246 1612 3383 1666 talia
3398 1600 3559 1699 Deus

1949 1696 2069 1757 fieri
2103 1706 2470 1774 permitteret,
2509 1721 2637 1758 cum
2669 1706 2789 1773 ejus
2834 1703 3019 1756 omnia
3063 1707 3333 1771 regantur
3361 1696 3547 1772 provi-

269 1780 454 1838 meum
487 1803 614 1841 cum
646 1786 799 1856 Levi,
828 1810 849 1839 ι
877 1791 1226 1862 negligenter
1250 1792 1465 1873 agendo
1496 1808 1619 1865 qua;
1647 1776 1717 1847 ad
1748 1778 1929 1873 βίη-Β
1949 1792 2154 1845 dentia.
2180 1792 2325 1845 Dicit
2354 1809 2485 1861 ergo
2508 1793 2655 1862 quod
2686 1792 3015 1845 sacrificium
3045 1786 3419 1873 sacerdotum.
3450 1776 3546 1873 qui

267 1871 410 1926 cium
435 1874 727 1946 pertinent
742 1877 1066 1935 sacerdotis.
1093 1868 1466 1943 Quamobrem
1494 1901 1517 1932 «
1543 1888 1597 1935 et
1618 1900 1720 1954 ego
1736 1870 1864 1937 dedi

264 1977 356 2014 vos
403 1964 877 2034 contemptibiles,
901 1987 934 2041 ι»
977 1972 1040 2020 ut
1086 1985 1186 2039 pro
1215 1969 1426 2023 honore
1456 1976 1513 2023 et
1551 1973 1864 2025 reverentia

266 2051 431 2129 quam
457 2050 617 2130 vobis
644 2051 943 2115 debebant,
977 2060 1243 2126 tanquam
1276 2044 1566 2128 despectos
1592 2061 1686 2111 ves
1715 2050 1863 2130 abje-

264 2126 495 2209 ctosque
528 2124 828 2213 calearent.
863 2137 936 2197 Ut
966 2124 1115 2197 enim
1146 2144 1343 2199 beatus
1373 2124 1676 2215 Gregorius
1705 2124 1857 2215 dicit,

263 2226 419 2306 cujus
445 2228 564 2280 vita
601 2228 923 2299 despicitur,
958 2236 1134 2285 restat
1180 2239 1244 2287 ut
1274 2238 1330 2287 et
1370 2230 1690 2306 pizedicatio
1729 2253 1863 2291 con-

262 2302 569 2369 temnatur.
597 2313 745 2371 Illud
776 2308 1042 2388 tanquam
1062 2308 1451 2390 gravissimum
1475 2324 1739 2377 ultimum
1774 2342 1863 2394 po-

261 2402 362 2473 nit,
386 2405 543 2473 quod
565 2422 835 2475 personas
861 2407 1157 2477 accipiunt,
1177 2410 1360 2478 justos
1390 2428 1665 2481 pauperes
1685 2410 1866 2484 despi-

262 2489 483 2560 ciendo,
506 2493 780 2563 superbos
798 2494 996 2549 divites
1022 2497 1394 2569 suscipiendo.
1414 2519 1437 2549 «
1462 2498 1729 2571 Nunquid
1751 2518 1864 2555 non

259 2585 417 2649 pater
457 2598 610 2635 unus
640 2582 892 2637 omnium
932 2587 1234 2639 nostrum?
1276 2586 1539 2657 Nunquid
1575 2606 1686 2642 non
1720 2578 1864 2643 Deus

258 2684 403 2722 unus
436 2670 654 2723 creavit
680 2672 818 2724 nos?
848 2672 1033 2735 Quare
1061 2690 1193 2744 ergo
1215 2674 1450 2744 despicit
1479 2678 1865 2748 unusquisque

256 2760 509 2811 vestrum
540 2758 771 2812 fratrem
799 2777 983 2821 suum,
1018 2762 1225 2816 violatis
1258 2764 1479 2833 pactum
1515 2768 1737 2835 patrum
1769 2783 1866 2819 ve-

254 2836 504 2920 strorum
530 2844 558 2897 ?
590 2864 618 2897 υ
647 2846 803 2900 Sicut
831 2848 886 2901 in
919 2834 1106 2903 Esdraa
1138 2851 1275 2904 libro
1304 2834 1527 2920 legitur,
1561 2852 1765 2906 reversi
1797 2852 1864 2906 de

253 2916 600 3005 Babylonica
628 2935 969 3005 captivitate,
1003 2943 1116 2990 tam
1166 2916 1445 3010 principes
1487 2958 1655 3011 quam
1695 2932 1864 2995 etiam

254 3022 417 3075 multi
449 3039 519 3075 ex
560 3012 945 3078 Sacerdotibus
977 3028 1033 3079 et
1063 3026 1267 3080 Levitis
1295 3018 1622 3097 abjecerunt
1664 3045 1864 3083 uxores

1950 1880 2061 1934 ista
2085 1882 2505 1936 commiserunt.
2539 1899 2649 1935 non
2682 1881 2860 1951 possit
2884 1874 3179 1950 respicere,
3204 1866 3306 1930 nec
3330 1870 3543 1963 aliquid

1945 1969 2013 2023 de
2036 1987 2205 2024 manu
2232 1987 2422 2024 eorum
2447 1971 2718 2040 accipere,
2736 1969 3039 2040 impeditus
3062 1970 3118 2020 et
3138 1962 3289 2019 velut
3308 1962 3545 2018 Obrutus

1944 2057 2166 2111 ﬂetibus
2189 2058 2539 2112 miserorum.
2567 2054 2673 2111 Sed
2704 2058 2783 2111 illi
2814 2055 3051 2133 superbe
3077 2058 3133 2108 et
3159 2046 3429 2124 tanquam
3455 2050 3551 2129 ni?
3648 2102 3653 2107 .

1944 2144 2023 2199 hil
2054 2144 2187 2200 mali
2215 2164 2273 2200 se
2305 2148 2513 2200 scirent
2537 2145 2751 2205 fecisse,
2785 2146 3156 2213 interrogant,
3207 2160 3231 2192 «
3274 2136 3449 2210 quam
3473 2139 3542 2203 ob

1946 2250 2169 2287 causam
2200 2260 2218 2281 ιι
2246 2236 2583 2288 sacrificium
2613 2237 2681 2287 de
2713 2228 2906 2287 eorum
2938 2232 3196 2285 manibus
3222 2226 3332 2309 non
3358 2230 3545 2307 posset

1946 2322 2221 2394 accipere;
2251 2324 2449 2394 quibus
2472 2321 2867 2393 respondetur:
2895 2321 3082 2384 «Quia
3098 2319 3372 2374 Dominus
3393 2312 3556 2407 testi?

1945 2400 2145 2465 ﬁcatus
2161 2418 2246 2465 est
2259 2404 2408 2466 inter
2420 2419 2475 2465 te
2493 2418 2549 2465 et
2573 2428 2795 2465 uxorem
2822 2410 3131 2480 pubertatis
3146 2413 3276 2469 tua},
3293 2408 3460 2477 quam
3478 2400 3542 2459 tu

1946 2498 2266 2570 despexisti,
2292 2505 2349 2554 et
2378 2501 2494 2554 haec
2516 2498 2793 2570 particeps
2814 2505 2932 2554 tua.
2958 2504 3013 2551 et
3032 2514 3172 2552 uxor
3190 2488 3411 2550 fmdéris
3435 2494 3536 2548 tul;

1946 2567 2143 2642 Nonne
2170 2605 2313 2642 unus
2341 2584 2490 2647 fecit,
2516 2567 2571 2641 et
2599 2567 2883 2640 residuum
2915 2574 3146 2657 spiritus
3176 2585 3297 2654 ejus
3326 2580 3447 2637 cst?

1948 2674 2080 2746 quid
2104 2684 2249 2729 unus
2270 2676 2488 2746 quaerit.
2514 2676 2618 2728 nisi
2639 2691 2829 2727 semen
2852 2674 2992 2727 Dei?
3011 2695 3031 2723 ι
3048 2672 3250 2727 Dicens
3272 2690 3282 2723 :
3306 2692 3328 2722 ι
3351 2662 3547 2755 quani.-

1948 2765 2136 2817 obrem
2172 2765 2419 2817 dimittet
2446 2765 2613 2816 homo
2642 2770 2858 2834 patrem
2890 2760 2973 2839 vel
3006 2768 3241 2814 matrem
3269 2770 3454 2843 suam,
3487 2764 3545 2843 et

1946 2850 2253 2906 adhaerebit
2281 2851 2439 2905 uxori
2474 2868 2606 2905 suae.
2634 2871 2658 2899 ν
2685 2850 2803 2903 Tali
2836 2834 3000 2902 modo
3029 2854 3113 2901 est
3141 2836 3417 2931 particeps
3445 2834 3551 2931 tuti

1948 2946 2004 2994 et
2025 2954 2164 2994 uxor
2183 2940 2406 2995 fcederis
2425 2938 2527 3003 tui,
2554 2938 2675 3010 quae
2702 2932 2770 2992 de
2795 2943 2949 2992 costa
2977 2936 3076 2990 viri
3100 2928 3341 2990 formata
3362 2928 3463 3007 est,
3490 2928 3547 2988 et

1949 3043 1977 3078 «
2008 3028 2293 3082 residuum
2316 3027 2547 3098 spiritus
2570 3028 2693 3097 ejus
2720 3048 2742 3075 »
2767 3031 2870 3087 est,
2900 3025 2955 3079 id
2975 3030 3059 3079 est
3081 3022 3201 3089 viri,
3217 3022 3364 3095 quod
3385 3012 3546 3076 tanta

254 3100 557 3165 Israelitici
584 3106 829 3181 generis,
856 3130 979 3183 quae
1000 3113 1153 3168 senio
1182 3114 1269 3168 vel
1300 3122 1631 3187 paupertate
1660 3134 1759 3170 seu
1790 3118 1924 3184 la-C
1945 3116 2092 3170 inter
2139 3117 2316 3170 virum
2360 3124 2416 3170 et
2455 3133 2685 3170 uxorem
2727 3115 3065 3187 conjunctio,
3096 3119 3161 3167 ut
3203 3128 3317 3166 una
3356 3111 3546 3165 anima

254 3197 387 3253 bore
399 3198 678 3269 longioris
696 3199 813 3265 vias,
831 3206 887 3253 et
900 3218 1063 3255 sexus
1082 3201 1387 3273 fragilitate
1406 3204 1666 3259 confectae
1681 3211 1860 3271 erant,

258 3276 725 3357 debilitatemqu‘e
745 3292 801 3342 et
824 3288 1236 3344 deformitatem
1260 3280 1673 3357 contraxerant,
1704 3298 1759 3347 et
1778 3312 1865 3348 co-

259 3366 599 3444 pula'veru'nt
619 3375 723 3429 sibi
739 3378 1067 3446 juVenculas
1092 3379 1357 3434 ﬂorentes
1378 3381 1727 3437 formositate
1748 3400 1867 3436 cor-

258 3450 480 3532 porum,
528 3458 615 3518 vel
656 3465 945 3520 nobilitate
992 3473 1048 3522 et
1096 3469 1304 3524 divitiis
1346 3472 1695 3527 excellentes.
1750 3474 1864 3528 Hos

258 3551 491 3621 corripit
515 3550 809 3622 prOpheta,
832 3564 1093 3625 provocat
1114 3563 1176 3610 ut
1195 3556 1426 3627 abjectis
1446 3559 1577 3624 illis,
1600 3577 1739 3631 quas
1757 3560 1865 3614 sibi

258 3631 451 3688 illicito
480 3632 1182 3709 matrimoniojunxerant,
1211 3643 1337 3696 illas
1368 3661 1505 3714 quas
1535 3646 1683 3698 male
1709 3645 1861 3716 abje-

259 3732 450 3776 cerant
491 3725 791 3795 recipiant.
834 3727 978 3781 Dicit
1009 3746 1140 3799 ergo
1174 3749 1187 3785 :
1235 3730 1502 3802 Nunquid
1543 3749 1654 3787 non
1704 3739 1865 3805 pater

261 3826 405 3865 unus
438 3813 695 3867 omnium
724 3822 978 3870 nostrum
1000 3814 1045 3870 ’Ῐ
1193 3887 1197 3893 1

335 3916 357 3951 e
389 3892 805 3970 Transgressus
834 3911 921 3957 est
947 3902 975 3958 ,Ι
983 3905 1110 3969 uda,
1145 3911 1203 3960 et
1225 3905 1571 3961 abominatio
1600 3903 1749 3963 facta
1778 3914 1864 3963 est

262 3984 317 4040 in
346 3988 519 4041 Israel
551 3978 606 4043 et
628 3989 686 4043 in
708 3991 1079 4061 Hierusalem,
1106 3995 1238 4064 quia
1263 3996 1663 4051 contaminavit
1691 3999 1717 4051 J
1726 3999 1863 4052 udas

263 4077 767 4133 sanctiﬁcationem
795 4080 1018 4135 Domini
1049 4098 1214 4153 quam
1245 4083 1457 4150 dilexit,
1488 4093 1544 4139 et
1574 4086 1769 4140 habuit
1796 4088 1863 4140 fl-

262 4164 394 4217 liam
426 4164 517 4219 dei
550 4166 737 4221 alieni.
773 4180 798 4220 is
821 4170 1022 4223 Judam
1057 4176 1114 4224 et
1141 4166 1312 4225 Israel
1344 4173 1456 4226 sive
1489 4173 1860 4242 Hierusalem,

264 4242 402 4308 duas
431 4256 523 4309 hic
552 4260 774 4310 tantum
814 4258 988 4312 tribus
1014 4254 1169 4314 Judae
1201 4268 1257 4315 et
1286 4256 1576 4331 Benjamin
1597 4256 1866 4317 debemus

262 4343 514 4414 accipere
554 4362 682 4398 cum
715 4346 1067 4413 sacerdotali,
1096 4348 1151 4402 id
1178 4357 1264 4403 est
1294 4349 1539 4405 Levitica
1568 4349 1737 4405 tribu.
1769 4352 1864 4409 Hae

1949 3205 2203 3259 videatur
2222 3222 2343 3259 esse
2363 3207 2419 3259 in
2441 3205 2658 3259 duobus
2671 3203 3016 3275 corporibus.
3037 3221 3063 3253 α
3086 3203 3154 3256 Et
3173 3201 3306 3271 quid
3330 3217 3494 3265 unus,
3517 3219 3540 3251 ι

1946 3292 2213 3347 subaudis
2251 3293 2419 3357 Deus,
2461 3308 2481 3343 ι
2527 3292 2725 3363 quaerit
2764 3292 2871 3346 nisi
2909 3306 3100 3345 semen
3138 3290 3286 3344 Dei?
3326 3307 3352 3341 ι
3392 3286 3543 3343 Deus

1945 3378 2175 3453 (ianit)
2208 3383 2302 3452 qui
2334 3387 2494 3435 tanta
2539 3370 2665 3435 illos
2698 3378 2928 3434 affectus
2970 3376 3382 3465 necessitudine
3411 3370 3557 3465 con?

1941 3468 2143 3539 j'unxit,
2179 3484 2370 3523 semen
2403 3470 2501 3524 Dei
2533 3469 2751 3551 quaerit,
2786 3472 2849 3522 ut
2878 3466 2975 3522 ﬁlii
3006 3464 3331 3553 Israeliticae.
3356 3464 3549 3553 stirpis

1948 3575 2011 3611 ex
2041 3556 2153 3611 illis
2180 3568 2540 3628 generentur.
2576 3546 2713 3612 Cum
2765 3572 2897 3626 ergo
2938 3563 3167 3626 propter
3203 3546 3545 3608 creationem

1947 3646 2190 3699 filiorum
2226 3647 2434 3716 nuptis:
2467 3650 2599 3698 sunt
2645 3645 2936 3707 instituta),
2972 3649 3028 3696 et
3070 3641 3323 3696 habeatis
3354 3642 3545 3721 febun-

1945 3734 2045 3787 das
2074 3735 2357 3803 conjuges,
2393 3741 2448 3786 et
2475 3732 2700 3804 possitis
2732 3749 2795 3786 ex
2825 3731 2936 3785 illis
2964 3730 3245 3801 suscipere
3274 3727 3542 3801 gaudium

1945 3814 2208 3885 ﬁliorum,
2237 3838 2337 3875 cur
2360 3828 2559 3875 uxores
2589 3820 2852 3890 pulchras
2885 3821 3152 3889 quaeritis,
3180 3827 3236 3872 et
3264 3818 3546 3888 legitimas

1945 3927 2144 3964 uxores
2173 3908 2454 3979 abjicitis?
2502 3909 2773 3962 Hortatur
2802 3909 2992 3978 itaque
3022 3924 3123 3960 nos
3152 3907 3223 3960 ad
3267 3908 3546 3981 poeniten-

1944 3998 2103 4061 tiam,
2136 3997 2324 4051 dicens
2358 4014 2368 4050 ;
2414 4013 2440 4048 α
2483 3994 2773 4049 Custodite
2812 4006 2944 4063 ergo
2984 3993 3243 4063 spiritum
3274 3999 3544 4060 vestrum,

1945 4092 2002 4141 et
2030 4086 2256 4139 uxorem
2290 4082 2675 4139 adolescentiae
2712 4088 2824 4136 tuae
2855 4082 2969 4135 noli
3008 4081 3316 4157 despicere.
3352 4100 3378 4133 η
3412 4084 3548 4147 Quae

1945 4175 2189 4245 primum
2234 4170 2333 4227 tibi
2382 4171 2641 4244 virginali
2687 4171 3046 4224 matrimonio
3087 4172 3283 4239 juncta
3311 4175 3415 4243 est,
3450 4170 3546 4225 sed

1946 4266 2265 4334 perseverat
2294 4268 2478 4315 tecum
2510 4277 2688 4330 usque
2717 4263 2784 4313 ad
2815 4265 3187 4314 senectutem:

2020 4344 2045 4400 ci
2072 4351 2214 4404 Cum
2230 4348 2357 4404 odio
2376 4348 2660 4410 habueris,
2685 4348 2925 4409 dimitte,
2950 4347 3086 4401 dicit
3109 4340 3376 4403 Dominus
3397 4348 3546 4404 Dens

262 4432 412 4485 enim
442 4437 667 4486 tantum
710 4448 943 4488 reversae
975 4436 1198 4490 fuerant
1238 4438 1307 4491 de
1338 4440 1680 4508 captivitate.
1716 4432 2139 4494 NamDIsrael.
2180 4439 2409 4508 Operiet
2443 4443 2633 4491 autem
2672 4436 2941 4507 iniquitas
2976 4437 3369 4491 vestimentum
3400 4439 3543 4508 ejus,

260 4519 455 4574 decem
483 4521 666 4575 tribus
697 4522 879 4577 adhuc
907 4523 976 4577 ab
1005 4525 1249 4597 Assyriis
1275 4526 1332 4580 in
1362 4529 1684 4598 captivitate
1714 4534 1866 4583 tene-

259 4609 487 4663 bantur.
501 4631 521 4661 ι
540 4608 569 4664 J
576 4612 715 4665 udas
729 4629 861 4683 ergo
874 4616 1276 4669 contaminavit
1296 4616 1471 4671 sancti
1479 4619 1814 4684 ficationem,
1840 4639 1862 4672 ›)

262 4713 455 4752 semen
491 4697 734 4752 electum
765 4717 798 4754 a
829 4701 968 4766 Deo,
1013 4703 1296 4757 miscendo
1327 4722 1386 4757 se
1427 4705 1777 4776 alienigenis,
1813 4700 1869 4760 et

263 4787 589 4857 iniquorum
614 4789 757 4843 ﬁlias
774 4792 1107 4845 assumendo
1129 4792 1183 4845 in
1216 4792 1557 4864 conjugium.
1584 4795 1699 4849 Hoc
1720 4788 1867 4865 quod

263 4870 552 4946 sequitur:
577 4895 605 4929 ι
635 4879 701 4931 Et
730 4870 927 4932 habuit
956 4879 1127 4933 filiam
1160 4881 1249 4934 dei
1282 4880 1466 4947 alieni,
1494 4901 1520 4937 π
1545 4880 1867 4954 accipiendo

260 4964 477 5019 scilicet
495 4974 727 5020 uxorem
751 4978 875 5037 quae”
896 4962 1045 5022 idola
1066 4969 1299 5031 colebat.
1315 4972 1508 5025 contra
1529 4978 1865 5044 praceptum

261 5054 388 5119 Dei,
421 5070 533 5123 quo
563 5052 811 5110 dicitur:
851 5076 873 5105 ι
920 5056 1043 5111 Non
1092 5058 1329 5130 accipies
1372 5060 1546 5114 ﬁliam
1595 5061 1664 5115 de
1696 5060 1868 5132 stirpe

264 5142 537 5197 Chanaan
570 5154 800 5198 uxorem
833 5143 946 5199 lilio
976 5146 1094 5201 tuo.
1130 5165 1157 5198 »

338 5253 365 5278 α
400 5230 705 5302 Disperdet
724 5233 999 5288 Dominus
1030 5234 1209 5289 virum
1240 5236 1337 5306 qui
1367 5236 1561 5290 fecerit
1586 5238 1711 5304 hoc,
1748 5246 1868 5291 ma-

266 5318 513 5389 gistrum
565 5312 622 5374 et
664 5312 1000 5393 discipulum
1049 5321 1116 5376 de
1166 5320 1542 5378 tabernaculis
1589 5325 1779 5390 Jacob,
1815 5331 1871 5381 et

266 5404 596 5462 offerentem
618 5422 825 5463 munus
849 5410 1085 5465 Domino
1114 5404 1478 5469 exercituum.
1503 5434 1528 5463 ι)
1551 5413 1699 5467 Nota
1723 5412 1870 5483 quod

267 5498 379 5575 non
417 5490 560 5551 dicit
591 5517 601 5549 :
638 5494 744 5561 Qui
790 5484 939 5575 fecit,
991 5499 1087 5575 sed
1136 5499 1311 5554 futuri
1355 5498 1625 5573 temporis
1656 5521 1667 5555 ε
1705 5522 1727 5552 ‹
1763 5502 1869 5565 Qui

267 5570 483 5639 fécerit.
518 5608 542 5634 ι
579 5582 702 5641 Νόῆ
734 5570 884 5642 é‘riiin
923 5572 1073 5643 tollit
1096 5584 1319 5644 νεηίάιῆ
1362 5570 1576 5661 peracti
1622 5580 1867 5654 scaeas,

1948 4527 2081 4581 dicit
2108 4522 2381 4581 Dominus
2407 4526 2774 4583 exercituum;
2819 4544 2836 4574 ι
2858 4526 2975 4579 Hoc
3005 4534 3069 4579 ex
3099 4534 3340 4596 persona
3361 4532 3549 4610 s‘tiCerT

1948 4617 2143 4669 dotum
2195 4621 2252 4670 et
2295 4614 2615 4670 Levitaru'm
2662 4604 3120 4684 czeterorumque,
3157 4613 3253 4685 qui
3282 4604 3548 4669 nolebant

1952 4710 2213 4774 rumpere
2244 4704 2440 4759 illicita
2474 4701 2853 4761 matrimonia.
2885 4701 3269 4773 accipiendum
3301 4706 3404 4755 est.
3439 4692 3548 4766 Qui

1950 4810 2078 4847 cum
2099 4809 2129 4847 a
2153 4794 2426 4863 propheta
2454 4782 3116 4861 reprehenderenturcur
3136 4789 3237 4843 hoc
3264 4788 3545 4865 fecissent,

1950 4872 2393 4952 respondebant:
2424 4881 2569 4934 Deus
2591 4877 2853 4950 pracepit
2873 4877 2931 4931 in
2953 4877 3095 4948 lege.
3117 4878 3173 4933 Si
3197 4877 3323 4933 odio
3344 4876 3552 4965 habue-

1950 4970 2028 5024 ris’
2057 4976 2287 5023 uxorem
2315 4974 2497 5035 tuam,
2527 4966 2747 5020 dimitte
2776 4981 2919 5019 eam.
2952 4966 3065 5019 Cur
3088 4973 3280 5020 autem
3311 4966 3416 5022 hoc
3444 4966 3551 5023 Do-

1951 5056 2138 5112 minus
2158 5055 2494 5127 permiserit,
2524 5055 2781 5108 Salvator
2801 5054 3028 5124 exponit
3054 5050 3114 5109 in
3146 5054 3444 5127 Evangelii)
3467 5058 3550 5111 in-

1951 5144 2367 5215 terrogantibus
2397 5142 2696 5212 apostolis:
2727 5164 2748 5195 ι
2776 5144 2833 5197 Si
2864 5142 2996 5197 lieet
3024 5130 3237 5198 homini
3263 5145 3550 5202 dimittere

1949 5242 2181 5290 uxorem
2224 5226 2420 5286 suam?
2453 5250 2478 5284 »
2512 5225 2653 5285 Cum
2691 5232 2795 5286 hoc
2820 5231 3017 5286 doctor
3043 5228 3223 5287 bonus
3258 5235 3551 5291 manifeste

1951 5323 2288 5377 ostendisset
2314 5336 2427 5374 non
2455 5319 2657 5374 debere
2689 5318 2917 5387 dimitti,
2940 5311 3434 5392 interrogaverunt
3452 5324 3549 5379 de—

1952 5428 2064 5465 nuo
2098 5430 2108 5463 :
2145 5410 2289 5474 Quid
2325 5410 2626 5481 (inquiunt)
2663 5410 2881 5481 Moyses
2925 5400 3188 5482 praecepit
3229 5406 3291 5465 dt
3320 5413 3553 5466 daretur

1954 5500 2175 5555 libellus
2205 5499 2456 5570 repudii?
2485 5498 2791 5569 Respondit
2822 5500 3093 5554 Dominus
3126 5512 3136 5552 ε
3170 5500 3254 5553 Ad
3282 5500 3551 5570 duritiam

1953 5568 2136 5645 cordis
2182 5566 2353 5642 vestri
2401 5586 2503 5643 hcc
2543 5566 2906 5660 praeceptum,
2954 5582 3037 5642 te!
3083 5585 3423 5658 permissum
3466 5566 3551 5642 est
