3926 6164
445 293 549 355 c287

879 299 1258 357 HAYMONIS
1296 299 1783 356 HALBERSTAT.
1826 300 2050 356 EPISC.
2091 297 2249 356 OPP.
2289 297 2473 353 PARS
2510 297 2555 353 Ι.
2603 326 2667 338 -
2706 295 3077 353 COMMENT.
3118 294 3292 351 BIBL.

3572 296 3659 354 288

442 423 629 477 minus
663 424 896 488 malum,
937 440 1009 479 ne
1050 425 1235 495 majus
1263 429 1571 495 peccatum,
1599 424 1655 477 id
1686 430 1772 478 est
1796 424 2205 484 homici-Asto
2252 422 2311 475 in
2360 422 2471 474 ﬁne
2518 420 2714 475 mundi
2755 424 2891 474 sunt
2935 418 3264 489 suscepturi.
3297 436 3323 468 «
3360 418 3486 473 Ecce
3519 422 3665 486 venit,

442 511 598 565 dium
628 511 860 566 veniret.
890 532 911 563 ι
943 513 1000 566 Si
1032 513 1157 582 quis
1190 513 1411 583 (inquit)
1437 513 1747 582 legitimam
1766 512 2043 566 dimiserit
2076 570 2087 577 ,

444 615 702 666 uxorem,
726 605 784 654 et
810 600 977 654 aliam
999 600 1242 665 duxerit,
1266 606 1495 668 excepta
1523 617 1691 655 causa
1720 601 2039 655 fornicatio-

444 687 553 753 nis,
586 689 916 743 maachatur.
952 707 977 740 ι
1012 690 1081 742 Et
1107 688 1318 759 operiet
1347 689 1619 759 iniquitas
1645 690 2040 744 vestimentum

449 777 591 846 ejus,
625 776 680 829 id
719 782 805 830 est
849 793 1095 843 carnem,
1125 793 1236 848 qua
1266 777 1455 831 anima
1499 778 1755 832 induitur
1781 779 1926 831 sicut
1950 795 2046 832 ve-

447 862 712 917 stimento
741 881 960 935 corpus,
995 869 1060 917 ut
1082 864 1141 917 in
1171 880 1281 934 quo
1307 866 1572 936 peccavit,
1605 865 1662 918 in
1688 867 1811 936 ipso
1839 866 2045 936 punia-

443 954 557 1006 tur.
594 972 616 1002 ι
661 951 949 1006 Custodite
977 952 1236 1023 spiritum
1268 957 1535 1018 vestrum,
1569 960 1626 1007 et
1652 954 1827 1008 nolite
1855 955 2042 1027 despi-

444 1055 589 1093 cere.
620 1059 642 1090 ι
677 1041 821 1104 Quia
848 1040 1067 1112 (inquit)
1089 1058 1289 1095 uxores
1308 1058 1419 1095 non
1441 1043 1675 1112 potestis
1693 1044 1815 1097 sine
1837 1061 2041 1114 magno

443 1134 671 1197 peccato
698 1129 1004 1191 dimittere,
1041 1130 1316 1183 custodite
1344 1130 1564 1184 animas
1593 1136 1824 1198 vestras,
1855 1138 1908 1185 et
1939 1149 2037 1185 no~

443 1214 543 1269 lite
569 1217 854 1287 despicere
882 1233 1102 1281 uxores,
1126 1218 1173 1271 si
1194 1233 1487 1288 pauperes,
1511 1220 1597 1272 vel
1628 1218 1675 1272 si
1701 1219 1890 1290 aliqua
1910 1225 2044 1273 sunt

446 1304 699 1358 fmditate
731 1306 1028 1359 deformes.

520 1410 547 1443 «ι
580 1392 860 1446 Laborare
902 1394 1110 1447 fecistis
1138 1395 1440 1448 Dominum
1472 1395 1529 1448 in
1560 1395 1910 1450 sermonibus
1946 1414 2042 1451 ve-

446 1479 601 1543 stris,
633 1486 690 1533 et
718 1481 938 1536 dixistis
961 1500 972 1536 :
1002 1484 1066 1537 ln
1093 1500 1201 1554 quo
1227 1500 1356 1538 eum
1384 1484 1617 1538 fecimus
1647 1484 1949 1539 laborare?
1976 1487 2041 1540 In

448 1586 515 1626 eo
550 1586 677 1624 cum
698 1570 957 1626 diceretis
987 1592 997 1626 :
1024 1572 1220 1627 Omnis
1241 1574 1341 1643 qui
1357 1574 1491 1628 facit
1509 1575 1740 1640 malum,
1758 1576 1937 1629 bonus
1957 1581 2043 1630 est

444 1656 503 1709 in
535 1664 833 1729 conspectu
869 1660 1111 1724 Domini,
1139 1666 1197 1715 et
1222 1663 1365 1717 tales
1393 1663 1442 1716 ei
1472 1664 1712 1734 placent.
1748 1665 1863 1717 Aut
1889 1668 2040 1718 certe

444 1743 541 1798 ubi
569 1752 656 1801 est
675 1748 823 1801 Deus
846 1748 1081 1818 judicii?
1106 1767 1131 1802 ι
1159 1752 1436 1805 Reversus
1459 1753 1699 1823 populus
1722 1753 1791 1807 de
1816 1754 2100 1830 captivi-3

442 1837 582 1900 tate,
615 1852 743 1890 cum
772 1836 987 1891 videret
1024 1844 1253 1894 cunctas
1296 1858 1397 1910 per
1427 1841 1726 1897 circuitum
1759 1842 2037 1910 nationes,

444 1939 568 1994 quae
587 1923 753 1978 idolis
772 1926 1106 1993 serviebant,
1130 1928 1392 2000 ipsosque
1415 1929 1604 1984 hostes
1624 1936 1682 1983 et
1700 1931 2040 2000 praedatores

384 2008 391 2015 ’
442 2029 573 2068 suos
604 2014 895 2071 Chaldaeos
918 2017 1128 2072 divitiis
1157 2023 1213 2071 et
1239 2018 1520 2089 prosperis
1546 2019 1793 2089 gaudere
1819 2036 2040 2073 succes-

442 2099 614 2165 sibus,
639 2102 940 2173 omniaque
968 2121 1091 2174 quae
1118 2104 1266 2159 bona
1296 2111 1568 2175 putantur
1594 2105 1652 2159 in
1681 2107 1882 2161 smculo
1910 2124 2040 2177 pos-

442 2188 627 2242 sidere
653 2207 664 2242 :
690 2207 748 2243 se
772 2207 903 2245 vero
933 2193 1028 2262 qui
1058 2193 1173 2246 veri
1199 2193 1297 2247 Dei
1324 2195 1566 2248 cultores
1593 2200 1772 2256 erant,
1792 2201 2041 2265 egestate

446 2282 504 2331 et
550 2278 818 2333 servitute
862 2281 1123 2351 opprimi,
1172 2281 1674 2352 scandalizabatur,
1720 2290 1775 2336 et
1822 2283 2043 2338 dicebat

444 2378 558 2417 non
600 2381 723 2418 esse
766 2365 867 2420 Dei
906 2367 1331 2436 providentiam,
1368 2369 1466 2422 sed
1494 2386 1628 2423 casu
1657 2372 1844 2424 omnia
1872 2372 1994 2425 fieri
2022 2391 2035 2426 :

445 2450 707 2521 quodque
730 2454 889 2524 pejus
912 2459 1017 2520 est,
1049 2456 1226 2510 malos
1256 2454 1517 2511 dicebant
1540 2459 1761 2529 placere
1780 2460 1915 2525 Deo,
1940 2459 2040 2513 bo-

442 2554 545 2594 nos
574 2540 885 2612 displicere.
912 2543 1031 2597 Hoc
1049 2543 1222 2599 David
1246 2547 1518 2617 propheta
1543 2547 1761 2618 plenius
1784 2549 2037 2619 exsequi-

442 2632 555 2691 tur,
591 2630 781 2685 dicens
806 2649 865 2685 se
886 2649 1057 2703 prope
1077 2634 1383 2699 dubitasse,
1406 2641 1462 2689 et
1491 2637 1813 2707 prolapsum
1844 2638 2038 2705 fuisse,

443 2733 571 2772 cum
589 2720 802 2776 videret
822 2740 1013 2792 pacem
1037 2728 1411 2792 peccatorum,
1432 2726 1775 2797 tandemque
1798 2727 2033 2797 adjecit:

443 2824 472 2862 α
505 2807 649 2879 Ergo
671 2809 791 2863 sine
810 2827 981 2865 causa
1003 2812 1306 2882 justiflcavi
1336 2829 1432 2867 cor
1449 2830 1655 2880 meum,
1679 2821 1736 2869 et
1763 2815 1869 2868 lavi
1890 2816 2039 2869 inter

438 2895 766 2953 innocentes
794 2917 996 2954 manus
1026 2917 1199 2956 meas.
1233 2924 1249 2949 ι
1277 2903 1400 2965 Quo
1425 2902 1618 2958 morbo
1644 2920 1823 2975 genus
1842 2905 2039 2960 huma-

2124 510 2260 564 dicit
2292 510 2553 564 Dominus
2600 509 2963 572 exercituum,
2999 514 3055 561 et
3083 507 3209 578 quis
3239 507 3432 577 poterit
3456 508 3667 578 cogitare

2124 599 2273 653 diem
2322 599 2591 653 adventus
2621 597 2786 666 ejus?
2828 597 2894 651 Et
2934 596 3056 667 quis
3103 595 3272 649 stabit
3313 595 3376 648 ad
3407 596 3666 651 videndum

2124 686 2292 741 eum?
2318 706 2344 738 »
2379 687 2478 740 llle
2507 686 2576 738 de
2604 701 2713 755 quo
2741 684 3079 754 supradixit
3102 702 3114 736 :
3142 702 3170 735 α
3202 684 3393 737 Statim
3421 684 3584 737 veniet
3610 685 3669 739 ad

2124 774 2399 845 templum
2429 789 2595 827 suum
2625 772 2965 835 dominator,
2990 778 3044 824 et
3073 771 3304 841 angelus
3322 773 3666 825 testamenti.»

2124 863 2267 917 Ecce
2292 861 2462 925 venit,
2485 862 2811 931 nullamque
2830 860 2997 913 faciet
3024 875 3258 923 moram,
3283 864 3338 912 et
3364 858 3480 928 quis
3498 861 3671 929 poterit

2123 952 2371 1022 cogitare
2400 968 2527 1005 cum
2566 958 2778 1021 quanta
2811 949 2995 1020 gloria
3032 954 3090 1001 et
3128 949 3417 1017 majestate
3443 954 3673 1002 venturus

2123 1041 2238 1095 sit?
2294 1040 2371 1095 Si"
2394 1054 2560 1093 nemo
2601 1044 2787 1110 potest
2814 1038 3081 1107 cogitare,
3115 1037 3239 1107 quis
3282 1036 3478 1107 poterit
3508 1036 3673 1089 ferre?

2130 1152 2151 1178 α
2184 1130 2309 1200 Ipse
2338 1129 2484 1182 enim
2516 1128 2674 1199 quasi
2706 1127 2853 1198 ignis
2881 1127 3147 1188 conflans,
3196 1145 3218 1176 »
3252 1141 3483 1178 exurens
3509 1141 3677 1194 pecca-

2123 1223 2293 1271 tores.
2320 1217 2475 1285 Ignis
2495 1216 2644 1270 enim
2665 1216 2722 1269 in
2742 1220 3041 1286 conspectu
3071 1214 3192 1283 ejus
3213 1212 3442 1278 ardebit,
3463 1222 3558 1266 etc.
3581 1214 3679 1267 Hoc

2124 1306 2254 1376 igne
2279 1310 2680 1359 consumantur
2703 1304 2875 1374 ligna,
2906 1304 3117 1365 fenum,
3144 1301 3368 1372 stipula.
3396 1302 3503 1354 Nec
3523 1301 3679 1354 solum

2124 1394 2233 1447 erit
2258 1394 2417 1464 quasi
2448 1393 2611 1462 ignis,
2660 1392 2753 1445 sed
2787 1392 2979 1455 etiam,
3018 1408 3044 1441 α
3077 1395 3133 1443 et
3162 1390 3322 1460 quasi
3349 1388 3511 1442 herba
3537 1388 3679 1441 fullo-

2125 1498 2279 1544 num,
2316 1502 2336 1530 ι
2363 1498 2486 1551 quae
2517 1478 2786 1535 Hebraice
2814 1480 3022 1533 dicitur
3050 1477 3260 1543 borith,
3283 1494 3390 1549 qua
3417 1482 3582 1531 vestes
3608 1475 3680 1529 ni-

2124 1570 2300 1623 mium
2328 1569 2585 1623 sordibus
2608 1569 2823 1623 infectae
2848 1569 3125 1621 lavantur.
3151 1565 3274 1621 Illis
3301 1567 3447 1620 enim
3467 1565 3553 1635 qui
3578 1581 3683 1634 gra-

2121 1658 2263 1712 viter
2290 1664 2678 1729 peccaverunt,
2712 1658 2820 1711 erit
2856 1657 3002 1727 ignis
3031 1656 3283 1709 conﬂans
3331 1660 3387 1708 et
3429 1669 3640 1708 exurens
3668 1670 3678 1704 :

2122 1748 2233 1801 illis
2266 1764 2394 1800 vero
2422 1747 2517 1818 qui
2543 1747 2687 1800 levia
2710 1752 2937 1818 peccata
2964 1745 3384 1808 Commiserunt,
3413 1743 3517 1796 erit
3537 1741 3684 1795 herba

2121 1835 2418 1889 fullonum.
2451 1835 2594 1888 Hinc
2639 1850 2741 1905 per
2783 1834 2986 1888 Isaiam
3030 1832 3237 1886 dicitur
3275 1851 3286 1884 :
3322 1849 3347 1882 α
3383 1831 3440 1885 Si
3474 1829 3687 1883 abluerit

2122 1923 2395 1979 Dominus
2423 1924 2617 1977 sordes
2648 1923 2892 1976 ﬁliarum
2915 1922 3065 1982 Sion,
3088 1926 3144 1974 et
3162 1921 3490 1990 sanguinem
3511 1919 3686 1972 Hiem-

2123 2012 2299 2066 salem
2329 2012 2528 2065 laverit
2554 2012 2625 2065 de
2647 2010 2832 2064 medio
2853 2011 2973 2079 ejus
3002 2009 3201 2080 spiritu
3218 2008 3421 2078 judicii
3441 2012 3496 2060 et
3512 2006 3687 2076 spiritu

2124 2100 2359 2154 ardoris.
2390 2121 2412 2148 ι
2448 2100 2557 2163 Qui
2586 2098 2734 2153 enim
2778 2098 2988 2152 habent
3014 2098 3206 2151 sordes
3235 2097 3437 2150 levium
3461 2100 3687 2166 peccato-

2123 2205 2269 2249 rum,
2291 2188 2492 2260 spiritu
2509 2188 2705 2258 judicii
2722 2187 2974 2258 purgabu
2983 2192 3141 2253 ntur;
3167 2186 3263 2256 qui
3278 2202 3408 2239 vero
3424 2183 3684 2254 sanguine,

2123 2278 2228 2331 hoc
2270 2283 2374 2342 est,
2419 2276 2683 2349 gravibus
2730 2275 3059 2329 criminibus
3103 2275 3294 2329 infecti
3340 2278 3486 2340 sunt,
3516 2271 3690 2343 spiritu

2123 2366 2341 2419 ardoris
2371 2371 2677 2419 exurentur
2706 2370 2770 2418 ut
2796 2370 3125 2435 purgentur.

2197 2473 2223 2506 ς(
2243 2455 2312 2508 Et
2332 2454 2547 2508 sedebit
2561 2453 2810 2507 conflans
2826 2457 2882 2506 et
2904 2452 3215 2505 emundans
3230 2456 3543 2521 argentum,
3565 2468 3583 2498 ι
3601 2448 3690 2502 hoc

2122 2549 2222 2608 est,
2249 2544 2593 2597 intellectum
2615 2546 2671 2595 et
2691 2541 2995 2611 eloquium,
3014 2545 3079 2593 ut
3098 2540 3373 2610 quidquid
3393 2540 3604 2592 mistum
3621 2540 3692 2590 est

2121 2638 2322 2686 stanno
2344 2632 2428 2684 vel
2449 2630 2699 2700 plumbo,
2721 2629 2942 2683 camino
2968 2629 3194 2682 Domini
3223 2636 3511 2694 exuratur,
3530 2632 3583 2679 et
3603 2641 3690 2696 pus

2120 2737 2246 2774 rum
2278 2737 2480 2773 aurum
2510 2722 2920 2789 argentumque
2952 2722 3260 2771 remaneat.
3300 2737 3326 2768 ι
3363 2718 3431 2771 Et
3459 2714 3692 2787 purgahit

2118 2810 2265 2862 ﬁlios
2310 2808 2459 2872 Levi,
2491 2814 2548 2861 et
2594 2806 2801 2861 colabit
2843 2822 2938 2860 eos
2986 2806 3145 2875 quasi
3186 2822 3412 2871 aurum,
3463 2808 3518 2858 et
3556 2800 3694 2873 quasi

2118 2902 2437 2967 argentum,
2470 2902 2524 2950 et
2557 2902 2725 2950 erunt
2751 2895 2989 2951 Domino
3030 2896 3328 2948 oll'erentes
3359 2892 3617 2947 sacriﬁcia
3644 2891 3693 2942 in

437 3000 573 3039 num
598 2986 837 3055 laborat,
880 2993 937 3043 et
964 2989 1285 3059 hujusmodi
1314 2991 1571 3063 deplorat
1603 2994 2030 3063 querimoniam,
2113 2986 2350 3055 justitia.
2387 3004 2415 3039 ι)
2445 2985 2511 3039 In
2541 2984 2672 3039 filiis
2699 2983 2832 3039 Levi
2862 3000 3056 3037 omnes
3083 2982 3491 3037 sacerdotalem
3516 2979 3698 3034 intelli-

2053 3075 2303 3144 Cgimus
2332 3074 2607 3135 ordinem,
2642 3090 2676 3126 a
2725 3072 2926 3143 quibus
2965 3072 3243 3141 judicium
3293 3070 3541 3141 incipiet,
3582 3067 3695 3139 quia

1050 3130 1187 3185 CAP
1190 3132 1284 3186 UT
1320 3131 1423 3187 ῙῙῙ·
2062 3130 2096 3138 ν
2115 3130 2386 3234 scriptum
2413 3169 2499 3217 est
2523 3180 2534 3215 :
2563 3130 2862 3232 «'Tenipus
2888 3130 3061 3214 est-ut
3085 3158 3320 3230 incipiat
3343 3130 3613 3229 judicium
3637 3156 3694 3207 de

515 3273 537 3303 ι
572 3254 712 3308 Ecce
742 3271 845 3324 ego
878 3236 1048 3309 mitto
1077 3257 1340 3325 angelum
1372 3273 1582 3322 meum,
1611 3263 1668 3312 et
1702 3260 2037 3330 praeparabit
2116 3251 2282 3319 domp
2312 3250 2533 3304 Domini
2559 3269 2571 3316 ;
2609 3269 2631 3301 ι
2666 3255 2723 3302 et
2751 3249 2884 3302 alibi
2910 3267 2920 3301 :
2949 3266 2975 3301 α
3005 3250 3052 3301 Λ
3082 3247 3409 3302 sanctuario
3436 3262 3556 3299 meo
3584 3242 3698 3298 inci-

435 3341 586 3395 viam
625 3347 757 3397 ante
795 3342 994 3397 faciem
1033 3360 1240 3398 meam.
1288 3363 1312 3395 ι
1355 3345 1512 3399 Hanc
1562 3349 1915 3418 prophetiam
1967 3350 2036 3404 de
2118 3340 2251 3410 pite.
2279 3358 2305 3392 »
2338 3340 2397 3394 Si
2430 3344 2621 3392 autem
2651 3354 2807 3391 sacer
2835 3337 2971 3391 ordo
3002 3336 3246 3390 ﬂammis
3275 3335 3598 3406 purgandus
3624 3335 3698 3385 est

434 3432 650 3487 Joanne
682 3430 943 3503 Baptista
983 3432 1330 3503 praemissam
1376 3451 1497 3488 esse
1527 3434 1646 3505 ipse
1676 3436 1948 3491 Dominus
1976 3438 2034 3492 in

2121 3432 2177 3482 et
2214 3429 2501 3488 colandus,
2543 3426 2677 3497 quid
2720 3426 2790 3480 de
2828 3425 3044 3479 caeteris
3090 3424 3392 3478 dicendum
3444 3429 3544 3487 est,
3576 3436 3697 3492 quos

436 3520 737 3591 Evangelia
769 3521 1015 3591 exponit,
1045 3522 1237 3576 dicens
1278 3541 1288 3576 :
1337 3540 1364 3574 α
1398 3522 1500 3576 Hic
1529 3529 1615 3577 est
1656 3524 1725 3578 de
1755 3541 1865 3595 quo
1894 3527 2034 3581 scri-
2116 3517 2324 3571 “Ullius
2353 3514 2711 3569 commendat
2738 3512 3091 3584 privilegium
3119 3513 3475 3567 sanctitati“

434 3614 595 3681 ptum
627 3614 712 3663 est
744 3628 755 3662 :
790 3608 932 3663 Ecce
967 3610 1129 3665 mitto
1159 3612 1422 3680 angelum
1455 3628 1641 3666 meum
1673 3618 1804 3667 ante
1834 3614 2033 3669 faciem
2191 3624 2217 3657 α
2250 3605 2320 3658 Et
2349 3604 2589 3675 placebit
2618 3604 2856 3656 Domino
2883 3602 3216 3655 sacrificium
3244 3603 3271 3655 J
3279 3602 3392 3655 uda
3415 3608 3472 3656 et
3498 3601 3701 3655 Jerusa-

433 3705 611 3761 tuam,
646 3704 702 3752 et
730 3699 1070 3769 praeparabit
1098 3700 1242 3753 viam
1289 3706 1446 3754 tuam
1491 3706 1622 3754 ante
1667 3706 1743 3754 te.
1778 3721 1805 3752 ι)
1838 3703 1945 3757 Sed
1975 3703 2033 3758 in
2114 3694 2247 3759 lem,
2271 3694 2416 3747 sicut
2439 3694 2557 3746 dies
2587 3691 2791 3753 saeculi,
2827 3696 2884 3743 et
2909 3690 3055 3743 sicut
3082 3690 3215 3743 anni
3247 3691 3486 3762 antiqui.
3514 3709 3541 3739 ιι
3572 3691 3697 3742 Cum

435 3787 738 3857 Evangelio
769 3788 869 3841 Dei
906 3789 1093 3842 Patris
1119 3805 1221 3842 vox
1251 3794 1335 3842 est
1369 3789 1439 3842 ad
1470 3789 1673 3843 Filium
1706 3791 1984 3861 loquentis
2016 3812 2027 3846 :
2110 3782 2349 3854 (inquit)
2372 3781 2473 3835 ﬁlii
2505 3780 2635 3836 [ιθνί
2664 3780 2889 3851 purgati
2918 3779 3146 3857 fuerint»
3178 3784 3315 3831 tunc
3344 3779 3578 3850 P134361)it
3606 3778 3700 3831 D0-

402 3946 405 3951 !
432 3876 524 3931 hic
552 3892 680 3931 vero
702 3876 958 3932 Christus
984 3878 1236 3949 loquitur
1261 3878 1329 3932 de
1354 3879 1568 3932 Joanne
1593 3897 1604 3931 :
1632 3880 1768 3933 Ecce
1797 3896 1900 3950 ego
1926 3882 2034 3945 (in-
2115 3872 2269 3926 mino
2298 3872 2631 3926 sacriﬁcium
2663 3873 2812 3943 quod
2858 3872 3092 3926 offertur
3120 3887 3219 3941 pro
3247 3869 3395 3924 Juda
3427 3874 3484 3922 et
3526 3867 3700 3920 llieru-

431 3965 571 4036 quit)
605 3965 826 4020 mittam
856 3967 1117 4037 angelum
1148 3984 1357 4029 meum,
1391 3967 1487 4039 qui
1518 3967 1857 4038 praeparabit,
1885 3969 2030 4024 viam
2116 3961 2311 4025 salem,
2347 3961 2403 4013 id
2432 3969 2519 4015 est
2552 3978 2652 4032 pro
2683 3962 2772 4014 his
2803 3961 2900 4031 qui
2930 3960 3234 4014 Dominum
3262 3959 3599 4012 conﬁtentur
3626 3952 3700 4006 fa-

430 4059 562 4109 ante
580 4055 778 4109 faciem
796 4056 1299 4111 meam.Pr:emisit
1318 4056 1465 4110 enim
1487 4057 1743 4111 Salvator
1757 4058 2029 4112 Joannem
2113 4050 2215 4103 Ctis
2243 4056 2301 4103 et
2339 4049 2540 4111 verbiS.
2584 4050 2789 4120 quique
2823 4066 3017 4121 pacem
3065 4050 3190 4119 ejus
3240 4053 3431 4100 mente
3464 4050 3700 4099 εοιιῐθιη·

431 4148 563 4197 ante
578 4158 637 4196 se
657 4143 715 4196 in
735 4143 956 4198 deserto
976 4144 1280 4213 praedicare
1299 4144 1642 4213 baptismum
1664 4145 2025 4214 paenitentiae.
2112 4139 2357 4208 Planum
2384 4138 2539 4202 Ωιιοά
2568 4145 2758 4192 autem
2791 4138 3048 4209 sequitur
3077 4156 3088 4189 ε
3127 4157 3148 4188 ι
3194 4136 3352 4190 δίοοῑ
3379 4135 3502 4188 dies
3529 4129 3699 4186 831900“

433 4227 596 4294 Quod
626 4247 753 4283 vero
778 4232 1067 4301 sequitur:
1097 4251 1125 4281 ι
1153 4232 1218 4284 Et
1238 4232 1429 4285 statim
1452 4232 1637 4285 veniet
1659 4233 1729 4285 ad
1756 4233 2029 4303 templum
2111 4233 2169 4280 et
2197 4228 2339 4281 sicut
2368 4228 2501 4280 anni
2532 4227 2769 4297 antiqui,
2809 4248 2830 4276 ι
2857 4228 2962 4280 hoc
2991 4225 3274 4295 signiﬁcat
3301 4223 3452 4294 quod
3481 4223 3621 4276 sicut
3650 4220 3703 4271 in

432 4332 597 4370 suum
627 4316 962 4380 dominator,
996 4334 1165 4386 quem
1193 4335 1290 4371 vos
1324 4319 1575 4388 quaeritis
1603 4325 1660 4372 et
1688 4321 1922 4389 angelus
1951 4326 2027 4374 te-
2111 4316 2386 4386 principio
2414 4316 2748 4387 placuerunt
2767 4315 3022 4379 Domino,
3044 4315 3124 4368 sic
3149 4317 3276 4384 post
3303 4318 3592 4384 peccatum
3613 4324 3703 4381 per

431 4404 696 4458 stamenti
726 4420 891 4474 quem
919 4412 1019 4458 vos
1043 4405 1228 4459 vultis.
1269 4424 1291 4455 ι
1327 4407 1411 4460 Ita
1440 4407 1509 4460 de
1542 4423 1602 4460 se
1632 4407 1886 4461 Christus
1915 4389 2094 4462 Do-D
2112 4401 2497 4475 paenitentiam
2531 4404 2755 4475 purgati
2785 4405 3003 4474 placere
3026 4403 3317 4473 incipiant.

432 4492 641 4560 minus,
672 4492 832 4563 quasi
874 4493 944 4547 de
988 4492 1099 4546 alio
1142 4492 1295 4564 loqui
1333 4493 1549 4564 incipit,
1579 4500 1845 4549 consueto
1874 4513 2028 4550 more

433 4582 871 4652 Scripturarum.
918 4580 1047 4651 Ipse
1073 4586 1155 4635 est
1189 4581 1339 4635 enim
1363 4581 1702 4649 dominator,
1731 4583 1825 4654 qui
1855 4584 2030 4638 domi-

430 4677 600 4726 natur
618 4670 771 4726 omni
790 4674 1081 4734 creaturae,
1105 4670 1227 4740 ipse
1246 4670 1480 4740 angelus
1496 4671 1841 4726 Testamenti
1867 4672 2023 4736 Novi,

429 4760 550 4832 ipse
576 4760 910 4831 quaerendus
931 4764 988 4814 et
1013 4758 1416 4814 desiderandus
1440 4758 1509 4812 ab
1538 4759 1817 4825 omnibus,
1839 4761 1934 4831 qui
1958 4761 2028 4814 ab

430 4849 677 4919 antiquis
694 4848 947 4919 patribus
966 4866 1191 4920 semper
1210 4846 1651 4920 exspectabatur.
1670 4849 2028 4918 Praeparante

430 4952 562 5006 ergo
599 4938 815 4990 Joanne
862 4938 920 4990 in
965 4938 1226 4992 cordibus
1266 4936 1557 4991 hominum
1585 4936 1731 4989 viam
1762 4937 2019 5002 Domino,

430 5024 622 5077 statim
652 5024 800 5077 venit
824 5025 895 5078 ad
921 5027 1193 5096 templum
1216 5042 1402 5089 suum,
1429 5026 1483 5079 id
1507 5030 1595 5079 est
1621 5025 1688 5079 ad
1722 5025 2023 5080 Ecclesiam

429 5128 591 5166 suam
610 5112 930 5166 dominator
948 5114 1237 5176 Dominus,
1261 5115 1375 5169 sive
1393 5115 1464 5168 ad
1485 5114 1836 5184 singulorum
1856 5114 2025 5168 corda

428 5200 700 5263 ﬁdelium,
716 5199 919 5270 quibus
939 5200 1189 5270 loquitur
1203 5202 1502 5271 Apostolus
1526 5219 1539 5256 :
1567 5221 1592 5254 α
1613 5202 1903 5272 Templum
1924 5202 2023 5255 Dei

431 5294 686 5345 sanctum
718 5292 805 5342 est
831 5288 980 5358 quod
1002 5288 1136 5341 estis
1164 5305 1279 5341 vos.
1309 5308 1332 5339 »
1358 5290 1575 5344 Hebraei
1599 5290 1701 5344 hoc
1723 5290 1870 5361 quod
1893 5289 2026 5345 dici-

425 5386 556 5434 tur:
593 5396 620 5430 ι
652 5376 814 5431 Mitto
840 5376 1100 5446 angelum
1133 5393 1341 5437 meum,
1379 5395 1405 5429 ι)
1438 5379 1507 5431 ad
1542 5379 1719 5433 Eliam
1750 5378 2020 5433 referunt.

428 5466 593 5535 Quod
625 5481 752 5519 vero
794 5465 1050 5534 sequitur
1084 5479 1096 5513 :
1142 5484 1167 5518 α
1200 5466 1405 5520 Statim
1440 5467 1623 5519 veniet
1652 5468 1721 5520 ad
1751 5468 2023 5538 templum

424 5555 761 5619 dominator,
788 5572 815 5606 ι)
842 5553 1195 5608 Antichristo
1224 5559 1506 5625 coaptant,
1536 5570 1700 5624 quem
1728 5571 1830 5625 pro
1861 5556 2023 5610 Chri-

2186 4516 2210 4540 α
2245 4492 2318 4546 Et
2349 4493 2609 4546 accedam
2649 4493 2718 4546 ad
2749 4510 2845 4547 vos
2871 4493 2929 4546 in
2957 4492 3191 4562 judicio,
3223 4498 3277 4545 et
3308 4508 3405 4546 ero
3435 4491 3595 4545 testis
3623 4505 3703 4542 ve-

2110 4582 2198 4635 lox
2226 4581 2490 4634 maleﬁcis
2519 4587 2576 4635 et
2604 4581 2891 4645 adulteris,
2926 4588 2985 4634 et
3009 4580 3269 4651 perjuris,
3299 4585 3357 4633 et
3384 4581 3483 4650 qui
3505 4581 3703 4633 calum-

2111 4669 2341 4722 niantur
2370 4668 2684 4721 mercedem
2729 4668 3081 4725 mercenarii.
3115 4667 3309 4720 viduas
3354 4672 3414 4720 et
3444 4667 3698 4738 pupillos,

2111 4763 2168 4811 et
2194 4756 2522 4827 opprimunt
2550 4757 2931 4827 peregrinum,
2964 4773 3068 4810 nec
3097 4756 3411 4809 timuerunt
3439 4772 3549 4819 me,
3579 4752 3705 4807 dicit

2109 4846 2381 4901 Dominus
2409 4846 2773 4899 exercituum.
2811 4865 2833 4895 ι
2866 4844 3138 4898 Terribile
3170 4844 3326 4897 valde
3355 4849 3460 4908 est,
3498 4861 3523 4894 α
3556 4857 3701 4895 acce-

2108 4935 2236 4988 dam
2269 4934 2339 4986 ad
2371 4950 2464 4987 vos
2487 4934 2545 4987 in
2567 4934 2799 5003 judicio,
2820 4939 2877 4987 et
2905 4950 2999 4986 ero
3025 4932 3186 4987 testis
3209 4933 3386 4986 velox.
3411 4951 3436 4984 ››
3461 4931 3590 5003 Ipse
3611 4929 3702 4999 qui

2102 5024 2270 5094 judex
2293 5028 2396 5083 est,
2422 5023 2529 5076 erit
2557 5029 2612 5075 et
2640 5023 2823 5084 testis,
2848 5022 2980 5092 quia
2992 5021 3271 5092 judicabit
3298 5022 3445 5075 facta
3474 5035 3700 5091 operum

2106 5114 2375 5177 exterius;
2405 5112 2523 5181 ipse
2551 5112 2712 5164 testis
2737 5112 2843 5165 erit
2874 5111 3098 5165 latentis
3118 5110 3472 5164 Conscientiae
3496 5109 3701 5162 maleﬁ-

2107 5201 2205 5265 cis,
2240 5199 2508 5253 adulteris
2552 5206 2609 5252 et
2647 5200 2906 5270 perjuris.
2940 5201 3067 5253 Haec
3096 5198 3328 5252 crimina
3362 5199 3576 5252 occulte
3605 5214 3702 5267 pa-

2106 5294 2255 5342 trata
2275 5287 2629 5358 proferentur
2654 5287 2709 5340 in
2740 5287 3008 5341 medium.
3034 5287 3357 5356 Sequuntur
3378 5290 3432 5339 et
3461 5285 3560 5337 illa
3584 5298 3700 5354 quae

2106 5377 2405 5433 manifesta
2429 5382 2563 5430 sunt
2594 5394 2605 5427 :
2641 5376 2735 5445 qui
2764 5375 3181 5428 calumniantur
3211 5374 3521 5427 mercedem
3557 5388 3699 5425 mer-

2105 5466 2337 5527 cenarii,
2369 5481 2494 5519 cum
2526 5464 2675 5518 dicat
2704 5464 2974 5518 Dominus
3010 5483 3020 5517 :
3070 5482 3099 5514 α
3132 5464 3342 5517 Merces
3372 5458 3698 5515 mercenarii

2105 5555 2255 5627 apud
2275 5561 2331 5608 te
2346 5553 2573 5608 omnino
2594 5569 2707 5606 non
2722 5559 2976 5618 maneat;
3014 5573 3038 5604 ι
3062 5553 3159 5606 sed
3178 5552 3372 5605 viduas
3387 5558 3443 5605 et
3458 5548 3699 5621 pupillos
