  <div class='ocr_page' id='page_1' title='image "/cluster/home/n/w/nwhite01/storage/ocr_20150623/117/hvd.32044054759816/150.png"; bbox 0 0 3926 6164; ppageno 0'>
   <div class='ocr_carea' id='block_1_1' title="bbox 200 305 355 365">
    <p class='ocr_par' dir='ltr' id='par_1_1' title="bbox 200 305 355 365">
     <span class='ocr_line' id='line_1_1' title="bbox 200 305 355 365; baseline -0.013 0"><span class='ocrx_word' id='word_1_1' title='bbox 200 305 355 365; x_wconf 68' lang='grc'><strong>·289</strong></span> 
     </span>
    </p>
   </div>
   <div class='ocr_carea' id='block_1_2' title="bbox 1124 292 2629 354">
    <p class='ocr_par' dir='ltr' id='par_1_2' title="bbox 1124 292 2629 354">
     <span class='ocr_line' id='line_1_2' title="bbox 1124 292 2629 354; baseline -0.003 0"><span class='ocrx_word' id='word_1_2' title='bbox 1124 295 1540 354; x_wconf 73' lang='lat' dir='ltr'>ENARRATIO</span> <span class='ocrx_word' id='word_1_3' title='bbox 1578 296 1659 351; x_wconf 89' lang='lat' dir='ltr'>IN</span> <span class='ocrx_word' id='word_1_4' title='bbox 1692 292 2128 350; x_wconf 78' lang='lat' dir='ltr'>MALACHIAM</span> <span class='ocrx_word' id='word_1_5' title='bbox 2165 294 2629 351; x_wconf 77' lang='lat' dir='ltr'>PROPHETAM.</span> 
     </span>
    </p>
   </div>
   <div class='ocr_carea' id='block_1_3' title="bbox 3395 295 3502 353">
    <p class='ocr_par' dir='ltr' id='par_1_3' title="bbox 3395 295 3502 353">
     <span class='ocr_line' id='line_1_3' title="bbox 3395 295 3502 353; baseline 0.009 -1"><span class='ocrx_word' id='word_1_6' title='bbox 3395 295 3502 353; x_wconf 78' lang='lat'>290</span> 
     </span>
    </p>
   </div>
   <div class='ocr_carea' id='block_1_4' title="bbox 266 408 3493 491">
    <p class='ocr_par' dir='ltr' id='par_1_4' title="bbox 266 408 3493 491">
     <span class='ocr_line' id='line_1_4' title="bbox 266 408 3493 491; baseline -0.002 -10"><span class='ocrx_word' id='word_1_7' title='bbox 266 408 667 489; x_wconf 79' lang='lat' dir='ltr'>calumniantur,</span> <span class='ocrx_word' id='word_1_8' title='bbox 703 438 830 477; x_wconf 91' lang='lat' dir='ltr'>cum</span> <span class='ocrx_word' id='word_1_9' title='bbox 859 422 1007 476; x_wconf 87' lang='lat' dir='ltr'><strong>dicat</strong></span> <span class='ocrx_word' id='word_1_10' title='bbox 1033 421 1338 491; x_wconf 82' lang='lat' dir='ltr'>propheta:</span> <span class='ocrx_word' id='word_1_11' title='bbox 1369 440 1390 469; x_wconf 80' lang='grc' dir='ltr'>ι</span> <span class='ocrx_word' id='word_1_12' title='bbox 1412 419 1538 472; x_wconf 83' lang='grc' dir='ltr'>Νοη</span> <span class='ocrx_word' id='word_1_13' title='bbox 1562 416 1889 487; x_wconf 79' lang='lat' dir='ltr'>despicietA</span> <span class='ocrx_word' id='word_1_14' title='bbox 1910 416 2173 483; x_wconf 83' lang='lat' dir='ltr'>creditur)</span> <span class='ocrx_word' id='word_1_15' title='bbox 2199 433 2264 470; x_wconf 89' lang='lat' dir='ltr'>ac</span> <span class='ocrx_word' id='word_1_16' title='bbox 2291 418 2597 483; x_wconf 80' lang='lat' dir='ltr'>Nehemiae,</span> <span class='ocrx_word' id='word_1_17' title='bbox 2651 419 2827 473; x_wconf 89' lang='lat' dir='ltr'>fames</span> <span class='ocrx_word' id='word_1_18' title='bbox 2854 419 3005 473; x_wconf 82' lang='lat' dir='ltr'>facta</span> <span class='ocrx_word' id='word_1_19' title='bbox 3034 423 3117 473; x_wconf 87' lang='lat' dir='ltr'>est</span> <span class='ocrx_word' id='word_1_20' title='bbox 3144 418 3493 489; x_wconf 88' lang='lat' dir='ltr'>gravissima,</span> 
     </span>
    </p>
   </div>
   <div class='ocr_carea' id='block_1_5' title="bbox 263 503 1829 581">
    <p class='ocr_par' dir='ltr' id='par_1_5' title="bbox 263 503 1829 581">
     <span class='ocr_line' id='line_1_5' title="bbox 263 503 1829 581; baseline -0.008 -12"><span class='ocrx_word' id='word_1_21' title='bbox 263 515 505 571; x_wconf 84' lang='lat' dir='ltr'>Dominus</span> <span class='ocrx_word' id='word_1_22' title='bbox 529 513 829 566; x_wconf 86' lang='lat' dir='ltr'>clamorem</span> <span class='ocrx_word' id='word_1_23' title='bbox 856 509 1053 581; x_wconf 83' lang='lat' dir='ltr'>pupilli</span> <span class='ocrx_word' id='word_1_24' title='bbox 1083 514 1139 561; x_wconf 89' lang='lat' dir='ltr'>et</span> <span class='ocrx_word' id='word_1_25' title='bbox 1158 508 1401 581; x_wconf 76' lang='lat' dir='ltr'>viduam,</span> <span class='ocrx_word' id='word_1_26' title='bbox 1421 522 1547 559; x_wconf 92' lang='lat' dir='ltr'>cum</span> <span class='ocrx_word' id='word_1_27' title='bbox 1569 503 1829 558; x_wconf 69' lang='lat' dir='ltr'>effuderit</span> 
     </span>
    </p>
   </div>
   <div class='ocr_carea' id='block_1_6' title="bbox 261 575 1820 673">
    <p class='ocr_par' dir='ltr' id='par_1_6' title="bbox 261 575 1820 673">
     <span class='ocr_line' id='line_1_6' title="bbox 261 575 1820 673; baseline -0.008 -16"><span class='ocrx_word' id='word_1_28' title='bbox 261 603 513 673; x_wconf 86' lang='lat' dir='ltr'>loquelam</span> <span class='ocrx_word' id='word_1_29' title='bbox 539 600 803 670; x_wconf 85' lang='lat' dir='ltr'>gemitus,</span> <span class='ocrx_word' id='word_1_30' title='bbox 841 575 875 653; x_wconf 50' lang='grc' dir='ltr'><em>ί</em></span> <span class='ocrx_word' id='word_1_31' title='bbox 890 575 1019 664; x_wconf 68' lang='lat' dir='ltr'>etc;</span> <span class='ocrx_word' id='word_1_32' title='bbox 1039 575 1430 667; x_wconf 61' lang='lat' dir='ltr'>etopprimdnt</span> <span class='ocrx_word' id='word_1_33' title='bbox 1442 593 1820 665; x_wconf 89' lang='lat' dir='ltr'>peregrinum,</span> 
     </span>
    </p>
   </div>
   <div class='ocr_carea' id='block_1_7' title="bbox 261 681 1827 758">
    <p class='ocr_par' dir='ltr' id='par_1_7' title="bbox 261 681 1827 758">
     <span class='ocr_line' id='line_1_7' title="bbox 261 681 1827 758; baseline -0.007 -14"><span class='ocrx_word' id='word_1_34' title='bbox 261 707 370 745; x_wconf 90' lang='lat' dir='ltr'>cum</span> <span class='ocrx_word' id='word_1_35' title='bbox 386 689 645 743; x_wconf 85' lang='lat' dir='ltr'>Dominus</span> <span class='ocrx_word' id='word_1_36' title='bbox 659 687 978 758; x_wconf 84' lang='lat' dir='ltr'>specialiter</span> <span class='ocrx_word' id='word_1_37' title='bbox 1003 684 1289 756; x_wconf 59' lang='lat' dir='ltr'>praecipiat</span> <span class='ocrx_word' id='word_1_38' title='bbox 1305 697 1316 731; x_wconf 77' lang='grc' dir='ltr'>ε</span> <span class='ocrx_word' id='word_1_39' title='bbox 1334 706 1359 735; x_wconf 75' lang='grc' dir='ltr'>ι</span> <span class='ocrx_word' id='word_1_40' title='bbox 1377 681 1746 752; x_wconf 89' lang='lat' dir='ltr'>Peregrinum</span> <span class='ocrx_word' id='word_1_41' title='bbox 1769 685 1827 734; x_wconf 90' lang='lat' dir='ltr'>et</span> 
     </span>
    </p>
   </div>
   <div class='ocr_carea' id='block_1_8' title="bbox 257 772 1822 843">
    <p class='ocr_par' dir='ltr' id='par_1_8' title="bbox 257 772 1822 843">
     <span class='ocr_line' id='line_1_8' title="bbox 257 772 1822 843; baseline -0.008 -9"><span class='ocrx_word' id='word_1_42' title='bbox 257 781 498 834; x_wconf 82' lang='lat' dir='ltr'>advenam</span> <span class='ocrx_word' id='word_1_43' title='bbox 529 793 641 830; x_wconf 92' lang='lat' dir='ltr'>non</span> <span class='ocrx_word' id='word_1_44' title='bbox 672 774 1046 830; x_wconf 90' lang='lat' dir='ltr'>contristabis.</span> <span class='ocrx_word' id='word_1_45' title='bbox 1082 793 1108 825; x_wconf 87' lang='grc'>)›</span> <span class='ocrx_word' id='word_1_46' title='bbox 1142 772 1355 826; x_wconf 85' lang='lat' dir='ltr'>Altiore</span> <span class='ocrx_word' id='word_1_47' title='bbox 1380 786 1602 843; x_wconf 91' lang='lat' dir='ltr'>quoque</span> <span class='ocrx_word' id='word_1_48' title='bbox 1634 785 1822 835; x_wconf 89' lang='lat' dir='ltr'>sensu,</span> 
     </span>
    </p>
   </div>
   <div class='ocr_carea' id='block_1_9' title="bbox 255 857 1826 939">
    <p class='ocr_par' dir='ltr' id='par_1_9' title="bbox 255 857 1826 939">
     <span class='ocr_line' id='line_1_9' title="bbox 255 857 1826 939; baseline -0.007 -19"><span class='ocrx_word' id='word_1_49' title='bbox 255 866 582 939; x_wconf 88' lang='lat' dir='ltr'>peregrinum</span> <span class='ocrx_word' id='word_1_50' title='bbox 626 864 763 917; x_wconf 87' lang='lat' dir='ltr'>dicit</span> <span class='ocrx_word' id='word_1_51' title='bbox 785 864 1271 925; x_wconf 88' lang='lat' dir='ltr'>catechumenum,</span> <span class='ocrx_word' id='word_1_52' title='bbox 1303 860 1401 930; x_wconf 87' lang='lat' dir='ltr'>qui</span> <span class='ocrx_word' id='word_1_53' title='bbox 1430 858 1662 912; x_wconf 86' lang='lat' dir='ltr'>necdum</span> <span class='ocrx_word' id='word_1_54' title='bbox 1691 857 1826 910; x_wconf 86' lang='lat' dir='ltr'>civis</span> 
     </span>
    </p>
   </div>
   <div class='ocr_carea' id='block_1_10' title="bbox 255 945 1825 1022">
    <p class='ocr_par' dir='ltr' id='par_1_10' title="bbox 255 945 1825 1022">
     <span class='ocr_line' id='line_1_10' title="bbox 255 945 1825 1022; baseline -0.007 -13"><span class='ocrx_word' id='word_1_55' title='bbox 255 956 455 1009; x_wconf 78' lang='lat' dir='ltr'>effectus</span> <span class='ocrx_word' id='word_1_56' title='bbox 476 958 561 1006; x_wconf 88' lang='lat' dir='ltr'>est</span> <span class='ocrx_word' id='word_1_57' title='bbox 580 967 835 1022; x_wconf 66' lang='lat' dir='ltr'>superna</span> <span class='ocrx_word' id='word_1_58' title='bbox 856 949 1207 1004; x_wconf 81' lang='lat' dir='ltr'>Hierusalem</span> <span class='ocrx_word' id='word_1_59' title='bbox 1221 964 1320 1018; x_wconf 91' lang='lat' dir='ltr'>per</span> <span class='ocrx_word' id='word_1_60' title='bbox 1332 946 1691 1017; x_wconf 83' lang='lat' dir='ltr'>baptismum.</span> <span class='ocrx_word' id='word_1_61' title='bbox 1711 945 1825 998; x_wconf 88' lang='lat' dir='ltr'>Ne-</span> 
     </span>
    </p>
   </div>
   <div class='ocr_carea' id='block_1_11' title="bbox 252 1034 1823 1111">
    <p class='ocr_par' dir='ltr' id='par_1_11' title="bbox 252 1034 1823 1111">
     <span class='ocr_line' id='line_1_11' title="bbox 252 1034 1823 1111; baseline -0.007 -14"><span class='ocrx_word' id='word_1_62' title='bbox 252 1060 332 1097; x_wconf 87' lang='lat' dir='ltr'>mo</span> <span class='ocrx_word' id='word_1_63' title='bbox 349 1059 471 1111; x_wconf 85' lang='lat' dir='ltr'>ergo</span> <span class='ocrx_word' id='word_1_64' title='bbox 490 1046 649 1111; x_wconf 89' lang='lat' dir='ltr'>putet</span> <span class='ocrx_word' id='word_1_65' title='bbox 668 1039 811 1093; x_wconf 91' lang='lat' dir='ltr'>levia</span> <span class='ocrx_word' id='word_1_66' title='bbox 831 1044 1060 1109; x_wconf 80' lang='lat' dir='ltr'>peccata</span> <span class='ocrx_word' id='word_1_67' title='bbox 1093 1038 1210 1107; x_wconf 88' lang='lat' dir='ltr'>perj</span> <span class='ocrx_word' id='word_1_68' title='bbox 1222 1037 1404 1091; x_wconf 91' lang='lat' dir='ltr'>urium</span> <span class='ocrx_word' id='word_1_69' title='bbox 1435 1035 1518 1089; x_wconf 92' lang='lat' dir='ltr'>vel</span> <span class='ocrx_word' id='word_1_70' title='bbox 1546 1034 1823 1097; x_wconf 83' lang='lat' dir='ltr'>fraudem,</span> 
     </span>
    </p>
   </div>
   <div class='ocr_carea' id='block_1_12' title="bbox 252 1123 1829 1196">
    <p class='ocr_par' dir='ltr' id='par_1_12' title="bbox 252 1123 1829 1196">
     <span class='ocr_line' id='line_1_12' title="bbox 252 1123 1829 1196; baseline -0.006 -11"><span class='ocrx_word' id='word_1_71' title='bbox 252 1138 336 1185; x_wconf 89' lang='lat' dir='ltr'>aut</span> <span class='ocrx_word' id='word_1_72' title='bbox 348 1128 669 1185; x_wconf 82' lang='lat' dir='ltr'>calumniari</span> <span class='ocrx_word' id='word_1_73' title='bbox 681 1128 902 1181; x_wconf 78' lang='lat' dir='ltr'>viduam</span> <span class='ocrx_word' id='word_1_74' title='bbox 917 1132 973 1179; x_wconf 91' lang='lat' dir='ltr'>et</span> <span class='ocrx_word' id='word_1_75' title='bbox 982 1126 1259 1196; x_wconf 91' lang='lat' dir='ltr'>pupillum</span> <span class='ocrx_word' id='word_1_76' title='bbox 1275 1130 1331 1177; x_wconf 88' lang='lat' dir='ltr'>et</span> <span class='ocrx_word' id='word_1_77' title='bbox 1340 1123 1658 1194; x_wconf 91' lang='lat' dir='ltr'>opprimere</span> <span class='ocrx_word' id='word_1_78' title='bbox 1674 1137 1829 1192; x_wconf 87' lang='lat' dir='ltr'>pere-</span> 
     </span>
    </p>
   </div>
   <div class='ocr_carea' id='block_1_13' title="bbox 249 1209 1822 1290">
    <p class='ocr_par' dir='ltr' id='par_1_13' title="bbox 249 1209 1822 1290">
     <span class='ocr_line' id='line_1_13' title="bbox 249 1209 1822 1290; baseline -0.006 -18"><span class='ocrx_word' id='word_1_79' title='bbox 249 1220 470 1290; x_wconf 84' lang='lat' dir='ltr'>grinum,</span> <span class='ocrx_word' id='word_1_80' title='bbox 501 1234 630 1272; x_wconf 92' lang='lat' dir='ltr'>cum</span> <span class='ocrx_word' id='word_1_81' title='bbox 662 1217 766 1270; x_wconf 91' lang='lat' dir='ltr'>hoc</span> <span class='ocrx_word' id='word_1_82' title='bbox 793 1215 1067 1270; x_wconf 89' lang='lat' dir='ltr'>Dominus</span> <span class='ocrx_word' id='word_1_83' title='bbox 1116 1212 1405 1266; x_wconf 90' lang='lat' dir='ltr'>maleﬁciis</span> <span class='ocrx_word' id='word_1_84' title='bbox 1452 1218 1510 1265; x_wconf 89' lang='lat' dir='ltr'>et</span> <span class='ocrx_word' id='word_1_85' title='bbox 1545 1209 1822 1265; x_wconf 90' lang='lat' dir='ltr'>adulterio</span> 
     </span>
    </p>
   </div>
   <div class='ocr_carea' id='block_1_14' title="bbox 248 1302 1388 1377">
    <p class='ocr_par' dir='ltr' id='par_1_14' title="bbox 248 1302 1388 1377">
     <span class='ocr_line' id='line_1_14' title="bbox 248 1302 1388 1377; baseline -0.007 -17"><span class='ocrx_word' id='word_1_86' title='bbox 248 1309 545 1377; x_wconf 87' lang='lat' dir='ltr'>eonjungat,</span> <span class='ocrx_word' id='word_1_87' title='bbox 580 1311 639 1358; x_wconf 90' lang='lat' dir='ltr'>et</span> <span class='ocrx_word' id='word_1_88' title='bbox 664 1303 874 1357; x_wconf 88' lang='lat' dir='ltr'>similes</span> <span class='ocrx_word' id='word_1_89' title='bbox 904 1320 964 1355; x_wconf 91' lang='lat' dir='ltr'>se</span> <span class='ocrx_word' id='word_1_90' title='bbox 985 1302 1388 1371; x_wconf 89' lang='lat' dir='ltr'>judicaturum.</span> 
     </span>
    </p>
   </div>
   <div class='ocr_carea' id='block_1_15' title="bbox 306 1387 1824 1463">
    <p class='ocr_par' dir='ltr' id='par_1_15' title="bbox 306 1387 1824 1463">
     <span class='ocr_line' id='line_1_15' title="bbox 306 1387 1824 1463; baseline -0.005 -16"><span class='ocrx_word' id='word_1_91' title='bbox 306 1415 329 1447; x_wconf 69' lang='lat'><strong>¢</strong></span> <span class='ocrx_word' id='word_1_92' title='bbox 362 1395 471 1463; x_wconf 86' lang='lat' dir='ltr'>Ego</span> <span class='ocrx_word' id='word_1_93' title='bbox 500 1391 654 1446; x_wconf 90' lang='lat' dir='ltr'>enim</span> <span class='ocrx_word' id='word_1_94' title='bbox 675 1391 966 1453; x_wconf 88' lang='lat' dir='ltr'>Dominus,</span> <span class='ocrx_word' id='word_1_95' title='bbox 998 1396 1056 1443; x_wconf 89' lang='lat' dir='ltr'>et</span> <span class='ocrx_word' id='word_1_96' title='bbox 1079 1405 1191 1442; x_wconf 90' lang='lat' dir='ltr'>non</span> <span class='ocrx_word' id='word_1_97' title='bbox 1222 1394 1426 1442; x_wconf 91' lang='lat' dir='ltr'>mutor.</span> <span class='ocrx_word' id='word_1_98' title='bbox 1461 1406 1484 1438; x_wconf 74' lang='grc' dir='ltr'><strong><em>ι</em></strong></span> <span class='ocrx_word' id='word_1_99' title='bbox 1518 1387 1600 1441; x_wconf 79' lang='lat' dir='ltr'>Ne</span> <span class='ocrx_word' id='word_1_100' title='bbox 1658 1392 1824 1456; x_wconf 85' lang='lat' dir='ltr'>puta-</span> 
     </span>
    </p>
   </div>
   <div class='ocr_carea' id='block_1_16' title="bbox 248 1473 1828 1551">
    <p class='ocr_par' dir='ltr' id='par_1_16' title="bbox 248 1473 1828 1551">
     <span class='ocr_line' id='line_1_16' title="bbox 248 1473 1828 1551; baseline -0.006 -15"><span class='ocrx_word' id='word_1_101' title='bbox 248 1499 419 1537; x_wconf 86' lang='lat' dir='ltr'>remus</span> <span class='ocrx_word' id='word_1_102' title='bbox 446 1483 571 1551; x_wconf 82' lang='lat' dir='ltr'>ejus</span> <span class='ocrx_word' id='word_1_103' title='bbox 603 1480 811 1533; x_wconf 90' lang='lat' dir='ltr'>mutari</span> <span class='ocrx_word' id='word_1_104' title='bbox 840 1483 1121 1538; x_wconf 81' lang='lat' dir='ltr'>naturam,</span> <span class='ocrx_word' id='word_1_105' title='bbox 1167 1476 1301 1530; x_wconf 87' lang='lat' dir='ltr'>dum</span> <span class='ocrx_word' id='word_1_106' title='bbox 1337 1475 1572 1546; x_wconf 89' lang='lat' dir='ltr'>judicat,</span> <span class='ocrx_word' id='word_1_107' title='bbox 1622 1482 1678 1528; x_wconf 91' lang='lat' dir='ltr'>et</span> <span class='ocrx_word' id='word_1_108' title='bbox 1720 1473 1828 1527; x_wconf 90' lang='lat' dir='ltr'>ali-</span> 
     </span>
    </p>
   </div>
   <div class='ocr_carea' id='block_1_17' title="bbox 245 1560 1819 1641">
    <p class='ocr_par' dir='ltr' id='par_1_17' title="bbox 245 1560 1819 1641">
     <span class='ocr_line' id='line_1_17' title="bbox 245 1560 1819 1641; baseline -0.006 -18"><span class='ocrx_word' id='word_1_109' title='bbox 245 1586 396 1641; x_wconf 88' lang='lat' dir='ltr'>quam</span> <span class='ocrx_word' id='word_1_110' title='bbox 424 1569 520 1623; x_wconf 79' lang='lat' dir='ltr'>irae</span> <span class='ocrx_word' id='word_1_111' title='bbox 546 1568 631 1621; x_wconf 84' lang='lat' dir='ltr'>vel</span> <span class='ocrx_word' id='word_1_112' title='bbox 659 1566 864 1620; x_wconf 85' lang='lat' dir='ltr'>furoris</span> <span class='ocrx_word' id='word_1_113' title='bbox 914 1565 975 1618; x_wconf 91' lang='lat' dir='ltr'>in</span> <span class='ocrx_word' id='word_1_114' title='bbox 1038 1579 1100 1617; x_wconf 90' lang='lat' dir='ltr'>se</span> <span class='ocrx_word' id='word_1_115' title='bbox 1153 1562 1439 1632; x_wconf 85' lang='lat' dir='ltr'>suscipere</span> <span class='ocrx_word' id='word_1_116' title='bbox 1484 1560 1819 1634; x_wconf 68' lang='lat' dir='ltr'>passionem,</span> 
     </span>
    </p>
   </div>
   <div class='ocr_carea' id='block_1_18' title="bbox 242 1650 1830 1721">
    <p class='ocr_par' dir='ltr' id='par_1_18' title="bbox 242 1650 1830 1721">
     <span class='ocr_line' id='line_1_18' title="bbox 242 1650 1830 1721; baseline -0.005 -12"><span class='ocrx_word' id='word_1_117' title='bbox 242 1673 355 1710; x_wconf 90' lang='lat' dir='ltr'>cum</span> <span class='ocrx_word' id='word_1_118' title='bbox 382 1656 647 1709; x_wconf 84' lang='lat' dir='ltr'>dixisset:</span> <span class='ocrx_word' id='word_1_119' title='bbox 677 1672 704 1706; x_wconf 71' lang='grc' dir='ltr'><strong>α</strong></span> <span class='ocrx_word' id='word_1_120' title='bbox 728 1654 1012 1708; x_wconf 83' lang='lat' dir='ltr'>Accedam</span> <span class='ocrx_word' id='word_1_121' title='bbox 1031 1652 1089 1704; x_wconf 91' lang='lat' dir='ltr'>in</span> <span class='ocrx_word' id='word_1_122' title='bbox 1099 1650 1335 1721; x_wconf 88' lang='lat' dir='ltr'>judicio,</span> <span class='ocrx_word' id='word_1_123' title='bbox 1364 1669 1386 1699; x_wconf 75' lang='grc' dir='ltr'><strong><em>ι</em></strong></span> <span class='ocrx_word' id='word_1_124' title='bbox 1421 1654 1830 1718; x_wconf 86' lang='lat' dir='ltr'>consequenter</span> 
     </span>
    </p>
   </div>
   <div class='ocr_carea' id='block_1_19' title="bbox 240 1722 1888 1809">
    <p class='ocr_par' dir='ltr' id='par_1_19' title="bbox 240 1722 1888 1809">
     <span class='ocr_line' id='line_1_19' title="bbox 240 1722 1888 1809; baseline -0.006 -11"><span class='ocrx_word' id='word_1_125' title='bbox 240 1745 439 1798; x_wconf 81' lang='lat' dir='ltr'>addidit</span> <span class='ocrx_word' id='word_1_126' title='bbox 462 1758 474 1793; x_wconf 90' lang='lat'>:</span> <span class='ocrx_word' id='word_1_127' title='bbox 508 1763 530 1795; x_wconf 71' lang='grc' dir='ltr'>ι</span> <span class='ocrx_word' id='word_1_128' title='bbox 570 1743 639 1797; x_wconf 86' lang='lat' dir='ltr'>Et</span> <span class='ocrx_word' id='word_1_129' title='bbox 665 1759 776 1796; x_wconf 91' lang='lat' dir='ltr'>non</span> <span class='ocrx_word' id='word_1_130' title='bbox 802 1748 1017 1796; x_wconf 90' lang='lat' dir='ltr'>mutor.</span> <span class='ocrx_word' id='word_1_131' title='bbox 1049 1758 1077 1792; x_wconf 70' lang='grc' dir='ltr'><strong>ι</strong></span> <span class='ocrx_word' id='word_1_132' title='bbox 1104 1738 1221 1809; x_wconf 91' lang='lat' dir='ltr'>Ipsi</span> <span class='ocrx_word' id='word_1_133' title='bbox 1249 1738 1398 1791; x_wconf 91' lang='lat' dir='ltr'>enim</span> <span class='ocrx_word' id='word_1_134' title='bbox 1421 1737 1709 1791; x_wconf 80' lang='lat' dir='ltr'>verissime</span> <span class='ocrx_word' id='word_1_135' title='bbox 1738 1736 1824 1790; x_wconf 90' lang='lat' dir='ltr'>di-</span> <span class='ocrx_word' id='word_1_136' title='bbox 1842 1722 1888 1782; x_wconf 83' lang='grc' dir='ltr'>Β</span> 
     </span>
    </p>
   </div>
   <div class='ocr_carea' id='block_1_20' title="bbox 240 1826 1826 1890">
    <p class='ocr_par' dir='ltr' id='par_1_20' title="bbox 240 1826 1826 1890">
     <span class='ocr_line' id='line_1_20' title="bbox 240 1826 1826 1890; baseline -0.006 -4"><span class='ocrx_word' id='word_1_137' title='bbox 240 1840 373 1887; x_wconf 88' lang='lat' dir='ltr'>ctum</span> <span class='ocrx_word' id='word_1_138' title='bbox 407 1840 526 1886; x_wconf 91' lang='lat' dir='ltr'>est:</span> <span class='ocrx_word' id='word_1_139' title='bbox 568 1850 593 1882; x_wconf 69' lang='grc' dir='ltr'>(ί</span> <span class='ocrx_word' id='word_1_140' title='bbox 623 1832 709 1885; x_wconf 91' lang='lat' dir='ltr'>Tu</span> <span class='ocrx_word' id='word_1_141' title='bbox 738 1837 950 1887; x_wconf 87' lang='lat' dir='ltr'>autem.</span> <span class='ocrx_word' id='word_1_142' title='bbox 980 1828 1224 1882; x_wconf 84' lang='lat' dir='ltr'>Domine</span> <span class='ocrx_word' id='word_1_143' title='bbox 1252 1826 1650 1890; x_wconf 89' lang='lat' dir='ltr'>sabaoth,cum</span> <span class='ocrx_word' id='word_1_144' title='bbox 1674 1830 1826 1878; x_wconf 88' lang='lat' dir='ltr'>tran-</span> 
     </span>
    </p>
   </div>
   <div class='ocr_carea' id='block_1_21' title="bbox 237 1912 1823 1992">
    <p class='ocr_par' dir='ltr' id='par_1_21' title="bbox 237 1912 1823 1992">
     <span class='ocr_line' id='line_1_21' title="bbox 237 1912 1823 1992; baseline -0.006 -17"><span class='ocrx_word' id='word_1_145' title='bbox 237 1921 492 1992; x_wconf 86' lang='lat' dir='ltr'>quillitate</span> <span class='ocrx_word' id='word_1_146' title='bbox 511 1920 756 1990; x_wconf 88' lang='lat' dir='ltr'>judicas.</span> <span class='ocrx_word' id='word_1_147' title='bbox 792 1937 819 1972; x_wconf 71' lang='grc' dir='ltr'><strong><em>ι</em></strong></span> <span class='ocrx_word' id='word_1_148' title='bbox 858 1938 881 1967; x_wconf 79' lang='grc' dir='ltr'>ι</span> <span class='ocrx_word' id='word_1_149' title='bbox 910 1919 979 1972; x_wconf 88' lang='lat' dir='ltr'>Et</span> <span class='ocrx_word' id='word_1_150' title='bbox 1006 1934 1120 1983; x_wconf 90' lang='lat' dir='ltr'>vos,</span> <span class='ocrx_word' id='word_1_151' title='bbox 1154 1916 1256 1969; x_wconf 90' lang='lat' dir='ltr'>ﬁlii</span> <span class='ocrx_word' id='word_1_152' title='bbox 1275 1914 1528 1979; x_wconf 88' lang='lat' dir='ltr'>Jacob,et</span> <span class='ocrx_word' id='word_1_153' title='bbox 1546 1930 1659 1968; x_wconf 94' lang='lat' dir='ltr'>non</span> <span class='ocrx_word' id='word_1_154' title='bbox 1687 1912 1823 1967; x_wconf 84' lang='lat' dir='ltr'>estis</span> 
     </span>
    </p>
   </div>
   <div class='ocr_carea' id='block_1_22' title="bbox 237 2006 1823 2080">
    <p class='ocr_par' dir='ltr' id='par_1_22' title="bbox 237 2006 1823 2080">
     <span class='ocr_line' id='line_1_22' title="bbox 237 2006 1823 2080; baseline -0.006 -17"><span class='ocrx_word' id='word_1_155' title='bbox 237 2009 557 2080; x_wconf 81' lang='lat' dir='ltr'>consumpti.</span> <span class='ocrx_word' id='word_1_156' title='bbox 584 2011 631 2062; x_wconf 85' lang='lat' dir='ltr'><strong>A</strong></span> <span class='ocrx_word' id='word_1_157' title='bbox 656 2006 852 2061; x_wconf 88' lang='lat' dir='ltr'>diebus</span> <span class='ocrx_word' id='word_1_158' title='bbox 883 2006 1035 2060; x_wconf 90' lang='lat' dir='ltr'>enim</span> <span class='ocrx_word' id='word_1_159' title='bbox 1066 2012 1291 2075; x_wconf 86' lang='lat' dir='ltr'>patrum</span> <span class='ocrx_word' id='word_1_160' title='bbox 1314 2009 1629 2057; x_wconf 88' lang='lat' dir='ltr'>vestrorum</span> <span class='ocrx_word' id='word_1_161' title='bbox 1644 2018 1823 2056; x_wconf 86' lang='lat' dir='ltr'>reces-</span> 
     </span>
    </p>
   </div>
   <div class='ocr_carea' id='block_1_23' title="bbox 236 2089 1821 2167">
    <p class='ocr_par' dir='ltr' id='par_1_23' title="bbox 236 2089 1821 2167">
     <span class='ocr_line' id='line_1_23' title="bbox 236 2089 1821 2167; baseline -0.004 -16"><span class='ocrx_word' id='word_1_162' title='bbox 236 2098 374 2151; x_wconf 82' lang='lat' dir='ltr'>sistis</span> <span class='ocrx_word' id='word_1_163' title='bbox 397 2115 430 2151; x_wconf 90' lang='lat' dir='ltr'>a</span> <span class='ocrx_word' id='word_1_164' title='bbox 465 2095 739 2167; x_wconf 80' lang='lat' dir='ltr'>legitimis</span> <span class='ocrx_word' id='word_1_165' title='bbox 777 2093 938 2159; x_wconf 91' lang='lat' dir='ltr'>meis,</span> <span class='ocrx_word' id='word_1_166' title='bbox 981 2100 1038 2147; x_wconf 92' lang='lat' dir='ltr'>et</span> <span class='ocrx_word' id='word_1_167' title='bbox 1066 2110 1177 2147; x_wconf 93' lang='lat' dir='ltr'>non</span> <span class='ocrx_word' id='word_1_168' title='bbox 1232 2092 1576 2147; x_wconf 86' lang='lat' dir='ltr'>custodistis.</span> <span class='ocrx_word' id='word_1_169' title='bbox 1615 2112 1640 2144; x_wconf 82' lang='grc'>))</span> <span class='ocrx_word' id='word_1_170' title='bbox 1704 2089 1821 2144; x_wconf 87' lang='lat' dir='ltr'>Vos</span> 
     </span>
    </p>
   </div>
   <div class='ocr_carea' id='block_1_24' title="bbox 239 2180 1823 2256">
    <p class='ocr_par' dir='ltr' id='par_1_24' title="bbox 239 2180 1823 2256">
     <span class='ocr_line' id='line_1_24' title="bbox 239 2180 1823 2256; baseline -0.004 -17"><span class='ocrx_word' id='word_1_171' title='bbox 239 2186 421 2256; x_wconf 85' lang='lat' dir='ltr'>(inquit</span> <span class='ocrx_word' id='word_1_172' title='bbox 468 2184 789 2249; x_wconf 84' lang='lat' dir='ltr'>Dominus),</span> <span class='ocrx_word' id='word_1_173' title='bbox 819 2199 852 2237; x_wconf 93' lang='lat' dir='ltr'>o</span> <span class='ocrx_word' id='word_1_174' title='bbox 911 2183 1010 2236; x_wconf 92' lang='lat' dir='ltr'>ﬁlii</span> <span class='ocrx_word' id='word_1_175' title='bbox 1075 2181 1225 2247; x_wconf 85' lang='lat' dir='ltr'>Levi,</span> <span class='ocrx_word' id='word_1_176' title='bbox 1282 2198 1384 2251; x_wconf 91' lang='lat' dir='ltr'>per</span> <span class='ocrx_word' id='word_1_177' title='bbox 1442 2180 1716 2234; x_wconf 89' lang='lat' dir='ltr'>maleﬁcia</span> <span class='ocrx_word' id='word_1_178' title='bbox 1765 2184 1823 2232; x_wconf 91' lang='lat' dir='ltr'>et</span> 
     </span>
    </p>
   </div>
   <div class='ocr_carea' id='block_1_25' title="bbox 236 2268 1820 2341">
    <p class='ocr_par' dir='ltr' id='par_1_25' title="bbox 236 2268 1820 2341">
     <span class='ocr_line' id='line_1_25' title="bbox 236 2268 1820 2341; baseline -0.004 -13"><span class='ocrx_word' id='word_1_179' title='bbox 236 2273 497 2328; x_wconf 86' lang='lat' dir='ltr'>adulteria</span> <span class='ocrx_word' id='word_1_180' title='bbox 542 2279 858 2341; x_wconf 74' lang='lat' dir='ltr'>caeteraque</span> <span class='ocrx_word' id='word_1_181' title='bbox 915 2271 1065 2324; x_wconf 90' lang='lat' dir='ltr'>mala</span> <span class='ocrx_word' id='word_1_182' title='bbox 1122 2286 1271 2341; x_wconf 64' lang='lat' dir='ltr'>saepe</span> <span class='ocrx_word' id='word_1_183' title='bbox 1327 2268 1658 2323; x_wconf 90' lang='lat' dir='ltr'>mutamini:</span> <span class='ocrx_word' id='word_1_184' title='bbox 1718 2284 1820 2338; x_wconf 89' lang='lat' dir='ltr'>ego</span> 
     </span>
    </p>
   </div>
   <div class='ocr_carea' id='block_1_26' title="bbox 136 2344 1821 2433">
    <p class='ocr_par' dir='ltr' id='par_1_26' title="bbox 136 2344 1821 2433">
     <span class='ocr_line' id='line_1_26' title="bbox 136 2344 1821 2433; baseline -0.005 -17"><span class='ocrx_word' id='word_1_185' title='bbox 136 2344 148 2358; x_wconf 69' lang='grc'><strong>’</strong></span> <span class='ocrx_word' id='word_1_186' title='bbox 236 2379 371 2427; x_wconf 89' lang='lat' dir='ltr'>vero,</span> <span class='ocrx_word' id='word_1_187' title='bbox 403 2362 501 2433; x_wconf 89' lang='lat' dir='ltr'>qui</span> <span class='ocrx_word' id='word_1_188' title='bbox 524 2360 699 2430; x_wconf 82' lang='lat' dir='ltr'>judex</span> <span class='ocrx_word' id='word_1_189' title='bbox 722 2360 912 2429; x_wconf 88' lang='lat' dir='ltr'>justus</span> <span class='ocrx_word' id='word_1_190' title='bbox 955 2374 1081 2411; x_wconf 91' lang='lat' dir='ltr'>sum</span> <span class='ocrx_word' id='word_1_191' title='bbox 1131 2363 1189 2411; x_wconf 92' lang='lat' dir='ltr'>et</span> <span class='ocrx_word' id='word_1_192' title='bbox 1238 2373 1366 2411; x_wconf 91' lang='lat' dir='ltr'>cum</span> <span class='ocrx_word' id='word_1_193' title='bbox 1411 2356 1821 2427; x_wconf 86' lang='lat' dir='ltr'>tranquillitate</span> 
     </span>
    </p>
   </div>
   <div class='ocr_carea' id='block_1_27' title="bbox 234 2444 1824 2520">
    <p class='ocr_par' dir='ltr' id='par_1_27' title="bbox 234 2444 1824 2520">
     <span class='ocr_line' id='line_1_27' title="bbox 234 2444 1824 2520; baseline -0.004 -17"><span class='ocrx_word' id='word_1_194' title='bbox 234 2450 406 2520; x_wconf 87' lang='lat' dir='ltr'>judico</span> <span class='ocrx_word' id='word_1_195' title='bbox 434 2449 654 2511; x_wconf 80' lang='lat' dir='ltr'>omnia,</span> <span class='ocrx_word' id='word_1_196' title='bbox 687 2447 839 2501; x_wconf 87' lang='lat' dir='ltr'>nulla</span> <span class='ocrx_word' id='word_1_197' title='bbox 889 2462 1254 2517; x_wconf 89' lang='lat' dir='ltr'>personarum</span> <span class='ocrx_word' id='word_1_198' title='bbox 1291 2444 1561 2499; x_wconf 85' lang='lat' dir='ltr'>varietate</span> <span class='ocrx_word' id='word_1_199' title='bbox 1600 2460 1824 2515; x_wconf 89' lang='lat' dir='ltr'>permu-</span> 
     </span>
    </p>
   </div>
   <div class='ocr_carea' id='block_1_28' title="bbox 239 2531 1823 2605">
    <p class='ocr_par' dir='ltr' id='par_1_28' title="bbox 239 2531 1823 2605">
     <span class='ocr_line' id='line_1_28' title="bbox 239 2531 1823 2605; baseline -0.004 -15"><span class='ocrx_word' id='word_1_200' title='bbox 239 2545 335 2590; x_wconf 87' lang='lat' dir='ltr'>tor.</span> <span class='ocrx_word' id='word_1_201' title='bbox 366 2537 505 2591; x_wconf 90' lang='lat' dir='ltr'>Cum</span> <span class='ocrx_word' id='word_1_202' title='bbox 539 2551 676 2605; x_wconf 86' lang='lat' dir='ltr'>ergo</span> <span class='ocrx_word' id='word_1_203' title='bbox 722 2551 813 2587; x_wconf 90' lang='lat' dir='ltr'>me</span> <span class='ocrx_word' id='word_1_204' title='bbox 843 2550 1097 2588; x_wconf 89' lang='lat' dir='ltr'>severum</span> <span class='ocrx_word' id='word_1_205' title='bbox 1131 2538 1187 2587; x_wconf 89' lang='lat' dir='ltr'>et</span> <span class='ocrx_word' id='word_1_206' title='bbox 1219 2534 1435 2603; x_wconf 89' lang='lat' dir='ltr'>justum</span> <span class='ocrx_word' id='word_1_207' title='bbox 1460 2532 1707 2602; x_wconf 88' lang='lat' dir='ltr'>judicem</span> <span class='ocrx_word' id='word_1_208' title='bbox 1744 2531 1823 2584; x_wconf 86' lang='lat' dir='ltr'>fa-</span> 
     </span>
    </p>
   </div>
   <div class='ocr_carea' id='block_1_29' title="bbox 240 2618 1819 2690">
    <p class='ocr_par' dir='ltr' id='par_1_29' title="bbox 240 2618 1819 2690">
     <span class='ocr_line' id='line_1_29' title="bbox 240 2618 1819 2690; baseline -0.004 -12"><span class='ocrx_word' id='word_1_209' title='bbox 240 2630 365 2690; x_wconf 86' lang='lat' dir='ltr'>tear,</span> <span class='ocrx_word' id='word_1_210' title='bbox 398 2642 491 2679; x_wconf 92' lang='lat' dir='ltr'>vos</span> <span class='ocrx_word' id='word_1_211' title='bbox 520 2631 737 2687; x_wconf 89' lang='lat' dir='ltr'>tamen,</span> <span class='ocrx_word' id='word_1_212' title='bbox 769 2639 802 2675; x_wconf 94' lang='lat' dir='ltr'>o</span> <span class='ocrx_word' id='word_1_213' title='bbox 831 2622 932 2675; x_wconf 90' lang='lat' dir='ltr'>ﬁlii</span> <span class='ocrx_word' id='word_1_214' title='bbox 960 2621 1110 2687; x_wconf 85' lang='lat' dir='ltr'>Levi,</span> <span class='ocrx_word' id='word_1_215' title='bbox 1144 2637 1256 2675; x_wconf 92' lang='lat' dir='ltr'>non</span> <span class='ocrx_word' id='word_1_216' title='bbox 1302 2620 1435 2674; x_wconf 86' lang='lat' dir='ltr'>estis</span> <span class='ocrx_word' id='word_1_217' title='bbox 1480 2618 1819 2690; x_wconf 89' lang='lat' dir='ltr'>consumpti,</span> 
     </span>
    </p>
   </div>
   <div class='ocr_carea' id='block_1_30' title="bbox 238 2709 1822 2781">
    <p class='ocr_par' dir='ltr' id='par_1_30' title="bbox 238 2709 1822 2781">
     <span class='ocr_line' id='line_1_30' title="bbox 238 2709 1822 2781; baseline -0.003 -15"><span class='ocrx_word' id='word_1_218' title='bbox 238 2714 357 2767; x_wconf 91' lang='lat' dir='ltr'>licet</span> <span class='ocrx_word' id='word_1_219' title='bbox 387 2714 512 2767; x_wconf 89' lang='lat' dir='ltr'>sitis</span> <span class='ocrx_word' id='word_1_220' title='bbox 542 2711 770 2765; x_wconf 83' lang='lat' dir='ltr'>conﬂati</span> <span class='ocrx_word' id='word_1_221' title='bbox 801 2712 930 2781; x_wconf 86' lang='lat' dir='ltr'>igne</span> <span class='ocrx_word' id='word_1_222' title='bbox 952 2709 1400 2774; x_wconf 85' lang='lat' dir='ltr'>tribulationum,</span> <span class='ocrx_word' id='word_1_223' title='bbox 1433 2725 1535 2762; x_wconf 90' lang='lat' dir='ltr'>nec</span> <span class='ocrx_word' id='word_1_224' title='bbox 1582 2721 1682 2779; x_wconf 82' lang='lat' dir='ltr'>per</span> <span class='ocrx_word' id='word_1_225' title='bbox 1719 2709 1822 2761; x_wconf 84' lang='lat' dir='ltr'>ﬂa-</span> 
     </span>
    </p>
   </div>
   <div class='ocr_carea' id='block_1_31' title="bbox 237 2797 1823 2871">
    <p class='ocr_par' dir='ltr' id='par_1_31' title="bbox 237 2797 1823 2871">
     <span class='ocr_line' id='line_1_31' title="bbox 237 2797 1823 2871; baseline -0.001 -18"><span class='ocrx_word' id='word_1_226' title='bbox 237 2803 371 2871; x_wconf 87' lang='lat' dir='ltr'>gella</span> <span class='ocrx_word' id='word_1_227' title='bbox 396 2819 430 2855; x_wconf 88' lang='lat' dir='ltr'>a</span> <span class='ocrx_word' id='word_1_228' title='bbox 466 2801 637 2854; x_wconf 89' lang='lat' dir='ltr'>malis</span> <span class='ocrx_word' id='word_1_229' title='bbox 658 2799 852 2853; x_wconf 87' lang='lat' dir='ltr'>vestris</span> <span class='ocrx_word' id='word_1_230' title='bbox 869 2797 1316 2852; x_wconf 88' lang='lat' dir='ltr'>emundati.Tale</span> <span class='ocrx_word' id='word_1_231' title='bbox 1338 2803 1425 2851; x_wconf 92' lang='lat' dir='ltr'>est</span> <span class='ocrx_word' id='word_1_232' title='bbox 1445 2804 1502 2851; x_wconf 92' lang='lat' dir='ltr'>et</span> <span class='ocrx_word' id='word_1_233' title='bbox 1517 2797 1657 2850; x_wconf 88' lang='lat' dir='ltr'>illud</span> <span class='ocrx_word' id='word_1_234' title='bbox 1676 2797 1823 2867; x_wconf 90' lang='lat' dir='ltr'>quod</span> 
     </span>
    </p>
   </div>
   <div class='ocr_carea' id='block_1_32' title="bbox 240 2885 1823 2961">
    <p class='ocr_par' dir='ltr' id='par_1_32' title="bbox 240 2885 1823 2961">
     <span class='ocr_line' id='line_1_32' title="bbox 240 2885 1823 2961; baseline -0.003 -17"><span class='ocrx_word' id='word_1_235' title='bbox 240 2907 329 2961; x_wconf 91' lang='lat' dir='ltr'>per</span> <span class='ocrx_word' id='word_1_236' title='bbox 353 2889 663 2944; x_wconf 88' lang='lat' dir='ltr'>Jeremiam</span> <span class='ocrx_word' id='word_1_237' title='bbox 691 2888 928 2942; x_wconf 88' lang='lat' dir='ltr'>dicitur:</span> <span class='ocrx_word' id='word_1_238' title='bbox 960 2905 988 2938; x_wconf 76' lang='grc' dir='ltr'><strong>α</strong></span> <span class='ocrx_word' id='word_1_239' title='bbox 1013 2887 1245 2940; x_wconf 75' lang='lat' dir='ltr'>Frustra</span> <span class='ocrx_word' id='word_1_240' title='bbox 1269 2885 1517 2957; x_wconf 89' lang='lat' dir='ltr'>percussi</span> <span class='ocrx_word' id='word_1_241' title='bbox 1556 2886 1700 2939; x_wconf 87' lang='lat' dir='ltr'>ﬁlios</span> <span class='ocrx_word' id='word_1_242' title='bbox 1730 2902 1823 2939; x_wconf 88' lang='lat' dir='ltr'>ve-</span> 
     </span>
    </p>
   </div>
   <div class='ocr_carea' id='block_1_33' title="bbox 239 2975 1825 3048">
    <p class='ocr_par' dir='ltr' id='par_1_33' title="bbox 239 2975 1825 3048">
     <span class='ocr_line' id='line_1_33' title="bbox 239 2975 1825 3048; baseline -0.003 -15"><span class='ocrx_word' id='word_1_243' title='bbox 239 2986 391 3043; x_wconf 88' lang='lat' dir='ltr'>stros,</span> <span class='ocrx_word' id='word_1_244' title='bbox 420 2978 787 3048; x_wconf 90' lang='lat' dir='ltr'>disciplinam</span> <span class='ocrx_word' id='word_1_245' title='bbox 812 2992 922 3030; x_wconf 91' lang='lat' dir='ltr'>non</span> <span class='ocrx_word' id='word_1_246' title='bbox 942 2982 1328 3046; x_wconf 68' lang='lat' dir='ltr'>receperunt.)</span> <span class='ocrx_word' id='word_1_247' title='bbox 1361 2976 1474 3029; x_wconf 91' lang='lat' dir='ltr'>Nec</span> <span class='ocrx_word' id='word_1_248' title='bbox 1496 2975 1600 3028; x_wconf 91' lang='lat' dir='ltr'>hoc</span> <span class='ocrx_word' id='word_1_249' title='bbox 1621 2991 1825 3028; x_wconf 87' lang='lat' dir='ltr'>novum</span> 
     </span>
    </p>
   </div>
   <div class='ocr_carea' id='block_1_34' title="bbox 1910 503 3501 578">
    <p class='ocr_par' dir='ltr' id='par_1_34' title="bbox 1910 503 3501 578">
     <span class='ocr_line' id='line_1_34' title="bbox 1910 503 3501 578; baseline 0.003 -21"><span class='ocrx_word' id='word_1_250' title='bbox 1910 503 1980 557; x_wconf 94' lang='lat' dir='ltr'>ob</span> <span class='ocrx_word' id='word_1_251' title='bbox 2006 521 2174 575; x_wconf 90' lang='lat' dir='ltr'>quam</span> <span class='ocrx_word' id='word_1_252' title='bbox 2206 523 2479 576; x_wconf 86' lang='lat' dir='ltr'>pauperes</span> <span class='ocrx_word' id='word_1_253' title='bbox 2510 507 2611 577; x_wconf 81' lang='lat' dir='ltr'>qui</span> <span class='ocrx_word' id='word_1_254' title='bbox 2655 515 2818 561; x_wconf 90' lang='lat' dir='ltr'>erant</span> <span class='ocrx_word' id='word_1_255' title='bbox 2860 506 2919 561; x_wconf 91' lang='lat' dir='ltr'>in</span> <span class='ocrx_word' id='word_1_256' title='bbox 2967 506 3195 577; x_wconf 89' lang='lat' dir='ltr'>populo,</span> <span class='ocrx_word' id='word_1_257' title='bbox 3228 508 3501 578; x_wconf 89' lang='lat' dir='ltr'>compulsi</span> 
     </span>
    </p>
   </div>
   <div class='ocr_carea' id='block_1_35' title="bbox 1907 594 3500 666">
    <p class='ocr_par' dir='ltr' id='par_1_35' title="bbox 1907 594 3500 666">
     <span class='ocr_line' id='line_1_35' title="bbox 1907 594 3500 666; baseline 0.003 -21"><span class='ocrx_word' id='word_1_258' title='bbox 1907 598 2041 646; x_wconf 91' lang='lat' dir='ltr'>sunt</span> <span class='ocrx_word' id='word_1_259' title='bbox 2064 594 2303 648; x_wconf 88' lang='lat' dir='ltr'>vendere</span> <span class='ocrx_word' id='word_1_260' title='bbox 2340 595 2484 648; x_wconf 89' lang='lat' dir='ltr'>ﬁlios</span> <span class='ocrx_word' id='word_1_261' title='bbox 2506 612 2636 649; x_wconf 91' lang='lat' dir='ltr'>suos</span> <span class='ocrx_word' id='word_1_262' title='bbox 2663 601 2720 649; x_wconf 92' lang='lat' dir='ltr'>et</span> <span class='ocrx_word' id='word_1_263' title='bbox 2738 596 2906 665; x_wconf 83' lang='lat' dir='ltr'>ﬁlias,</span> <span class='ocrx_word' id='word_1_264' title='bbox 2928 595 3024 649; x_wconf 91' lang='lat' dir='ltr'>sed</span> <span class='ocrx_word' id='word_1_265' title='bbox 3046 600 3103 648; x_wconf 89' lang='lat' dir='ltr'>et</span> <span class='ocrx_word' id='word_1_266' title='bbox 3122 594 3500 666; x_wconf 88' lang='lat' dir='ltr'>possessiones</span> 
     </span>
    </p>
   </div>
   <div class='ocr_carea' id='block_1_36' title="bbox 1907 682 3500 754">
    <p class='ocr_par' dir='ltr' id='par_1_36' title="bbox 1907 682 3500 754">
     <span class='ocr_line' id='line_1_36' title="bbox 1907 682 3500 754; baseline 0.002 -21"><span class='ocrx_word' id='word_1_267' title='bbox 1907 697 2039 734; x_wconf 90' lang='lat' dir='ltr'>suas</span> <span class='ocrx_word' id='word_1_268' title='bbox 2081 698 2415 753; x_wconf 90' lang='lat' dir='ltr'>omnemque</span> <span class='ocrx_word' id='word_1_269' title='bbox 2463 683 2839 738; x_wconf 87' lang='lat' dir='ltr'>substantiam</span> <span class='ocrx_word' id='word_1_270' title='bbox 2873 702 2886 734; x_wconf 89' lang='lat'>:</span> <span class='ocrx_word' id='word_1_271' title='bbox 2929 683 3170 754; x_wconf 90' lang='lat' dir='ltr'>denique</span> <span class='ocrx_word' id='word_1_272' title='bbox 3220 682 3500 749; x_wconf 87' lang='lat' dir='ltr'>dicebant,</span> 
     </span>
    </p>
   </div>
   <div class='ocr_carea' id='block_1_37' title="bbox 1906 768 3503 841">
    <p class='ocr_par' dir='ltr' id='par_1_37' title="bbox 1906 768 3503 841">
     <span class='ocr_line' id='line_1_37' title="bbox 1906 768 3503 841; baseline 0.003 -20"><span class='ocrx_word' id='word_1_273' title='bbox 1906 768 2053 822; x_wconf 87' lang='lat' dir='ltr'>sicut</span> <span class='ocrx_word' id='word_1_274' title='bbox 2079 769 2137 822; x_wconf 89' lang='lat' dir='ltr'>in</span> <span class='ocrx_word' id='word_1_275' title='bbox 2165 768 2308 823; x_wconf 88' lang='lat' dir='ltr'>libro</span> <span class='ocrx_word' id='word_1_276' title='bbox 2335 770 2522 825; x_wconf 73' lang='lat' dir='ltr'>Esdrae</span> <span class='ocrx_word' id='word_1_277' title='bbox 2551 772 2785 841; x_wconf 81' lang='lat' dir='ltr'>legitur:</span> <span class='ocrx_word' id='word_1_278' title='bbox 2824 792 2852 823; x_wconf 72' lang='grc' dir='ltr'><strong>α</strong></span> <span class='ocrx_word' id='word_1_279' title='bbox 2880 771 3008 825; x_wconf 85' lang='lat' dir='ltr'>Filii</span> <span class='ocrx_word' id='word_1_280' title='bbox 3053 778 3111 826; x_wconf 88' lang='lat' dir='ltr'>et</span> <span class='ocrx_word' id='word_1_281' title='bbox 3160 770 3287 826; x_wconf 61' lang='lat' dir='ltr'>ﬁliae</span> <span class='ocrx_word' id='word_1_282' title='bbox 3342 771 3503 826; x_wconf 89' lang='lat' dir='ltr'>nobis</span> 
     </span>
    </p>
   </div>
   <div class='ocr_carea' id='block_1_38' title="bbox 1906 856 3501 931">
    <p class='ocr_par' dir='ltr' id='par_1_38' title="bbox 1906 856 3501 931">
     <span class='ocr_line' id='line_1_38' title="bbox 1906 856 3501 931; baseline 0.003 -22"><span class='ocrx_word' id='word_1_283' title='bbox 1906 856 2069 909; x_wconf 88' lang='lat' dir='ltr'>multi</span> <span class='ocrx_word' id='word_1_284' title='bbox 2099 863 2231 910; x_wconf 89' lang='lat' dir='ltr'>sunt</span> <span class='ocrx_word' id='word_1_285' title='bbox 2256 858 2441 924; x_wconf 89' lang='lat' dir='ltr'>nimis,</span> <span class='ocrx_word' id='word_1_286' title='bbox 2466 871 2523 912; x_wconf 89' lang='lat' dir='ltr'>et</span> <span class='ocrx_word' id='word_1_287' title='bbox 2562 860 2902 931; x_wconf 87' lang='lat' dir='ltr'>accipiamus</span> <span class='ocrx_word' id='word_1_288' title='bbox 2949 860 3008 913; x_wconf 91' lang='lat' dir='ltr'>in</span> <span class='ocrx_word' id='word_1_289' title='bbox 3065 859 3248 930; x_wconf 89' lang='lat' dir='ltr'>pretio</span> <span class='ocrx_word' id='word_1_290' title='bbox 3304 876 3501 914; x_wconf 91' lang='lat' dir='ltr'>eorum</span> 
     </span>
    </p>
   </div>
   <div class='ocr_carea' id='block_1_39' title="bbox 1904 944 3505 1008">
    <p class='ocr_par' dir='ltr' id='par_1_39' title="bbox 1904 944 3505 1008">
     <span class='ocr_line' id='line_1_39' title="bbox 1904 944 3505 1008; baseline 0.004 -12"><span class='ocrx_word' id='word_1_291' title='bbox 1904 944 2269 1008; x_wconf 85' lang='lat' dir='ltr'>frumentum,</span> <span class='ocrx_word' id='word_1_292' title='bbox 2296 955 2353 999; x_wconf 88' lang='lat' dir='ltr'>et</span> <span class='ocrx_word' id='word_1_293' title='bbox 2372 947 2728 1003; x_wconf 89' lang='lat' dir='ltr'>comedamus</span> <span class='ocrx_word' id='word_1_294' title='bbox 2777 955 2833 1002; x_wconf 91' lang='lat' dir='ltr'>et</span> <span class='ocrx_word' id='word_1_295' title='bbox 2875 948 3145 1002; x_wconf 88' lang='lat' dir='ltr'>vivamus.</span> <span class='ocrx_word' id='word_1_296' title='bbox 3181 968 3203 999; x_wconf 77' lang='grc' dir='ltr'><strong><em>ι</em></strong></span> <span class='ocrx_word' id='word_1_297' title='bbox 3258 948 3368 1002; x_wconf 83' lang='lat' dir='ltr'>Alii</span> <span class='ocrx_word' id='word_1_298' title='bbox 3423 949 3505 1003; x_wconf 88' lang='lat' dir='ltr'>di-</span> 
     </span>
    </p>
   </div>
   <div class='ocr_carea' id='block_1_40' title="bbox 1908 1032 3504 1108">
    <p class='ocr_par' dir='ltr' id='par_1_40' title="bbox 1908 1032 3504 1108">
     <span class='ocr_line' id='line_1_40' title="bbox 1908 1032 3504 1108; baseline 0.004 -23"><span class='ocrx_word' id='word_1_299' title='bbox 1908 1032 2111 1086; x_wconf 92' lang='lat' dir='ltr'>cebant</span> <span class='ocrx_word' id='word_1_300' title='bbox 2137 1047 2147 1082; x_wconf 91' lang='lat'>:</span> <span class='ocrx_word' id='word_1_301' title='bbox 2185 1052 2214 1085; x_wconf 72' lang='lat' dir='ltr'>ot</span> <span class='ocrx_word' id='word_1_302' title='bbox 2242 1036 2423 1104; x_wconf 84' lang='lat' dir='ltr'>Agros</span> <span class='ocrx_word' id='word_1_303' title='bbox 2444 1042 2665 1090; x_wconf 91' lang='lat' dir='ltr'>nostros</span> <span class='ocrx_word' id='word_1_304' title='bbox 2680 1043 2736 1091; x_wconf 91' lang='lat' dir='ltr'>et</span> <span class='ocrx_word' id='word_1_305' title='bbox 2748 1038 2937 1091; x_wconf 88' lang='lat' dir='ltr'>vineas</span> <span class='ocrx_word' id='word_1_306' title='bbox 2963 1043 3018 1091; x_wconf 92' lang='lat' dir='ltr'>et</span> <span class='ocrx_word' id='word_1_307' title='bbox 3042 1038 3238 1092; x_wconf 89' lang='lat' dir='ltr'>domos</span> <span class='ocrx_word' id='word_1_308' title='bbox 3259 1054 3504 1108; x_wconf 83' lang='lat' dir='ltr'>Oppona-</span> 
     </span>
    </p>
   </div>
   <div class='ocr_carea' id='block_1_41' title="bbox 1911 1122 3501 1193">
    <p class='ocr_par' dir='ltr' id='par_1_41' title="bbox 1911 1122 3501 1193">
     <span class='ocr_line' id='line_1_41' title="bbox 1911 1122 3501 1193; baseline 0.004 -19"><span class='ocrx_word' id='word_1_309' title='bbox 1911 1137 2059 1186; x_wconf 89' lang='lat' dir='ltr'>mus,</span> <span class='ocrx_word' id='word_1_310' title='bbox 2089 1128 2146 1175; x_wconf 89' lang='lat' dir='ltr'>et</span> <span class='ocrx_word' id='word_1_311' title='bbox 2165 1122 2500 1193; x_wconf 89' lang='lat' dir='ltr'>accipiamus</span> <span class='ocrx_word' id='word_1_312' title='bbox 2526 1123 2873 1179; x_wconf 88' lang='lat' dir='ltr'>frumentum</span> <span class='ocrx_word' id='word_1_313' title='bbox 2898 1126 2955 1178; x_wconf 92' lang='lat' dir='ltr'>in</span> <span class='ocrx_word' id='word_1_314' title='bbox 2982 1126 3148 1180; x_wconf 89' lang='lat' dir='ltr'>fame.</span> <span class='ocrx_word' id='word_1_315' title='bbox 3182 1143 3208 1178; x_wconf 67' lang='grc' dir='ltr'>ιι</span> <span class='ocrx_word' id='word_1_316' title='bbox 3240 1124 3330 1179; x_wconf 86' lang='lat' dir='ltr'>Illi</span> <span class='ocrx_word' id='word_1_317' title='bbox 3371 1141 3501 1181; x_wconf 90' lang='lat' dir='ltr'>vero</span> 
     </span>
    </p>
   </div>
   <div class='ocr_carea' id='block_1_42' title="bbox 1905 1209 3500 1280">
    <p class='ocr_par' dir='ltr' id='par_1_42' title="bbox 1905 1209 3500 1280">
     <span class='ocr_line' id='line_1_42' title="bbox 1905 1209 3500 1280; baseline 0.004 -18"><span class='ocrx_word' id='word_1_318' title='bbox 1905 1210 2000 1280; x_wconf 87' lang='lat' dir='ltr'>qui</span> <span class='ocrx_word' id='word_1_319' title='bbox 2037 1209 2321 1264; x_wconf 88' lang='lat' dir='ltr'>habebant</span> <span class='ocrx_word' id='word_1_320' title='bbox 2348 1211 2406 1265; x_wconf 92' lang='lat' dir='ltr'>in</span> <span class='ocrx_word' id='word_1_321' title='bbox 2436 1211 2652 1266; x_wconf 87' lang='lat' dir='ltr'>horreis</span> <span class='ocrx_word' id='word_1_322' title='bbox 2676 1214 2978 1278; x_wconf 88' lang='lat' dir='ltr'>frumenta,</span> <span class='ocrx_word' id='word_1_323' title='bbox 3003 1214 3268 1268; x_wconf 85' lang='lat' dir='ltr'>nolebant</span> <span class='ocrx_word' id='word_1_324' title='bbox 3294 1214 3500 1269; x_wconf 86' lang='lat' dir='ltr'>Levitis</span> 
     </span>
    </p>
   </div>
   <div class='ocr_carea' id='block_1_43' title="bbox 1904 1297 3497 1369">
    <p class='ocr_par' dir='ltr' id='par_1_43' title="bbox 1904 1297 3497 1369">
     <span class='ocr_line' id='line_1_43' title="bbox 1904 1297 3497 1369; baseline 0.004 -19"><span class='ocrx_word' id='word_1_325' title='bbox 1904 1297 2139 1352; x_wconf 89' lang='lat' dir='ltr'>reddere</span> <span class='ocrx_word' id='word_1_326' title='bbox 2164 1298 2428 1363; x_wconf 84' lang='lat' dir='ltr'>decimas,</span> <span class='ocrx_word' id='word_1_327' title='bbox 2463 1300 2559 1369; x_wconf 92' lang='lat' dir='ltr'>qui</span> <span class='ocrx_word' id='word_1_328' title='bbox 2590 1301 2774 1354; x_wconf 92' lang='lat' dir='ltr'>nullas</span> <span class='ocrx_word' id='word_1_329' title='bbox 2803 1301 3082 1355; x_wconf 90' lang='lat' dir='ltr'>habebant</span> <span class='ocrx_word' id='word_1_330' title='bbox 3122 1302 3497 1365; x_wconf 67' lang='lat' dir='ltr'>hazreditates,</span> 
     </span>
    </p>
   </div>
   <div class='ocr_carea' id='block_1_44' title="bbox 1907 1386 3501 1456">
    <p class='ocr_par' dir='ltr' id='par_1_44' title="bbox 1907 1386 3501 1456">
     <span class='ocr_line' id='line_1_44' title="bbox 1907 1386 3501 1456; baseline 0.005 -19"><span class='ocrx_word' id='word_1_331' title='bbox 1907 1386 2004 1438; x_wconf 91' lang='lat' dir='ltr'>sed</span> <span class='ocrx_word' id='word_1_332' title='bbox 2029 1386 2290 1456; x_wconf 64' lang='lat' dir='ltr'>primitiae</span> <span class='ocrx_word' id='word_1_333' title='bbox 2324 1394 2381 1441; x_wconf 91' lang='lat' dir='ltr'>et</span> <span class='ocrx_word' id='word_1_334' title='bbox 2408 1388 2636 1442; x_wconf 72' lang='lat' dir='ltr'>decimze</span> <span class='ocrx_word' id='word_1_335' title='bbox 2666 1395 2830 1443; x_wconf 88' lang='lat' dir='ltr'>erant</span> <span class='ocrx_word' id='word_1_336' title='bbox 2861 1389 3157 1443; x_wconf 67' lang='lat' dir='ltr'>haereditas</span> <span class='ocrx_word' id='word_1_337' title='bbox 3188 1407 3404 1445; x_wconf 84' lang='lat' dir='ltr'>eorum.</span> <span class='ocrx_word' id='word_1_338' title='bbox 3441 1391 3501 1448; x_wconf 88' lang='lat' dir='ltr'>Si</span> 
     </span>
    </p>
   </div>
   <div class='ocr_carea' id='block_1_45' title="bbox 1903 1472 3504 1547">
    <p class='ocr_par' dir='ltr' id='par_1_45' title="bbox 1903 1472 3504 1547">
     <span class='ocr_line' id='line_1_45' title="bbox 1903 1472 3504 1547; baseline 0.005 -22"><span class='ocrx_word' id='word_1_339' title='bbox 1903 1472 2130 1543; x_wconf 83' lang='lat' dir='ltr'>(inquit)</span> <span class='ocrx_word' id='word_1_340' title='bbox 2160 1474 2327 1528; x_wconf 87' lang='lat' dir='ltr'>homo</span> <span class='ocrx_word' id='word_1_341' title='bbox 2367 1481 2552 1545; x_wconf 78' lang='lat' dir='ltr'>potest</span> <span class='ocrx_word' id='word_1_342' title='bbox 2602 1476 2830 1547; x_wconf 72' lang='lat' dir='ltr'>afﬁgere</span> <span class='ocrx_word' id='word_1_343' title='bbox 2880 1477 3079 1542; x_wconf 90' lang='lat' dir='ltr'>Deum,</span> <span class='ocrx_word' id='word_1_344' title='bbox 3111 1477 3169 1530; x_wconf 90' lang='lat' dir='ltr'>id</span> <span class='ocrx_word' id='word_1_345' title='bbox 3221 1484 3307 1531; x_wconf 88' lang='lat' dir='ltr'>est</span> <span class='ocrx_word' id='word_1_346' title='bbox 3353 1479 3504 1533; x_wconf 90' lang='lat' dir='ltr'>frau-</span> 
     </span>
    </p>
   </div>
   <div class='ocr_carea' id='block_1_46' title="bbox 1908 1560 3504 1635">
    <p class='ocr_par' dir='ltr' id='par_1_46' title="bbox 1908 1560 3504 1635">
     <span class='ocr_line' id='line_1_46' title="bbox 1908 1560 3504 1635; baseline 0.004 -22"><span class='ocrx_word' id='word_1_347' title='bbox 1908 1560 2060 1628; x_wconf 89' lang='lat' dir='ltr'>dare,</span> <span class='ocrx_word' id='word_1_348' title='bbox 2095 1579 2190 1616; x_wconf 89' lang='lat' dir='ltr'>vos</span> <span class='ocrx_word' id='word_1_349' title='bbox 2220 1579 2309 1617; x_wconf 91' lang='lat' dir='ltr'>me</span> <span class='ocrx_word' id='word_1_350' title='bbox 2333 1563 2654 1629; x_wconf 81' lang='lat' dir='ltr'>fraudastis,</span> <span class='ocrx_word' id='word_1_351' title='bbox 2684 1566 2816 1635; x_wconf 90' lang='lat' dir='ltr'>quia</span> <span class='ocrx_word' id='word_1_352' title='bbox 2840 1564 3110 1619; x_wconf 87' lang='lat' dir='ltr'>ministris</span> <span class='ocrx_word' id='word_1_353' title='bbox 3160 1566 3301 1619; x_wconf 89' lang='lat' dir='ltr'>meis</span> <span class='ocrx_word' id='word_1_354' title='bbox 3352 1567 3504 1621; x_wconf 89' lang='lat' dir='ltr'>deci-</span> 
     </span>
    </p>
   </div>
   <div class='ocr_carea' id='block_1_47' title="bbox 1910 1651 3507 1721">
    <p class='ocr_par' dir='ltr' id='par_1_47' title="bbox 1910 1651 3507 1721">
     <span class='ocr_line' id='line_1_47' title="bbox 1910 1651 3507 1721; baseline 0.004 -19"><span class='ocrx_word' id='word_1_355' title='bbox 1910 1667 2029 1702; x_wconf 86' lang='lat' dir='ltr'>mas</span> <span class='ocrx_word' id='word_1_356' title='bbox 2050 1656 2106 1703; x_wconf 89' lang='lat' dir='ltr'>et</span> <span class='ocrx_word' id='word_1_357' title='bbox 2134 1651 2413 1721; x_wconf 87' lang='lat' dir='ltr'>primitias</span> <span class='ocrx_word' id='word_1_358' title='bbox 2444 1669 2553 1705; x_wconf 90' lang='lat' dir='ltr'>non</span> <span class='ocrx_word' id='word_1_359' title='bbox 2581 1653 2845 1706; x_wconf 89' lang='lat' dir='ltr'>reddetis.</span> <span class='ocrx_word' id='word_1_360' title='bbox 2886 1653 3001 1721; x_wconf 87' lang='lat' dir='ltr'>Ego</span> <span class='ocrx_word' id='word_1_361' title='bbox 3052 1653 3307 1707; x_wconf 81' lang='lat' dir='ltr'>fraudem</span> <span class='ocrx_word' id='word_1_362' title='bbox 3342 1655 3507 1709; x_wconf 88' lang='lat' dir='ltr'>susti-</span> 
     </span>
    </p>
   </div>
   <div class='ocr_carea' id='block_1_48' title="bbox 1908 1739 3506 1813">
    <p class='ocr_par' dir='ltr' id='par_1_48' title="bbox 1908 1739 3506 1813">
     <span class='ocr_line' id='line_1_48' title="bbox 1908 1739 3506 1813; baseline 0.004 -23"><span class='ocrx_word' id='word_1_363' title='bbox 1908 1753 2039 1807; x_wconf 89' lang='lat' dir='ltr'>neo,</span> <span class='ocrx_word' id='word_1_364' title='bbox 2064 1739 2224 1807; x_wconf 86' lang='lat' dir='ltr'>cujus</span> <span class='ocrx_word' id='word_1_365' title='bbox 2253 1740 2497 1793; x_wconf 89' lang='lat' dir='ltr'>ministri</span> <span class='ocrx_word' id='word_1_366' title='bbox 2529 1740 2731 1794; x_wconf 56' lang='lat' dir='ltr'>Levita;</span> <span class='ocrx_word' id='word_1_367' title='bbox 2755 1741 2932 1793; x_wconf 90' lang='lat' dir='ltr'>coacti</span> <span class='ocrx_word' id='word_1_368' title='bbox 2960 1740 3196 1809; x_wconf 90' lang='lat' dir='ltr'>penuria</span> <span class='ocrx_word' id='word_1_369' title='bbox 3229 1743 3506 1813; x_wconf 88' lang='lat' dir='ltr'>templum</span> 
     </span>
    </p>
   </div>
   <div class='ocr_carea' id='block_1_49' title="bbox 1906 1826 3504 1901">
    <p class='ocr_par' dir='ltr' id='par_1_49' title="bbox 1906 1826 3504 1901">
     <span class='ocr_line' id='line_1_49' title="bbox 1906 1826 3504 1901; baseline 0.003 -22"><span class='ocrx_word' id='word_1_370' title='bbox 1906 1826 2293 1880; x_wconf 88' lang='lat' dir='ltr'>deseruerunt.</span> <span class='ocrx_word' id='word_1_371' title='bbox 2326 1828 2416 1881; x_wconf 92' lang='lat' dir='ltr'>Sic</span> <span class='ocrx_word' id='word_1_372' title='bbox 2440 1834 2630 1881; x_wconf 89' lang='lat' dir='ltr'>autem</span> <span class='ocrx_word' id='word_1_373' title='bbox 2661 1827 2797 1881; x_wconf 87' lang='lat' dir='ltr'>dicit</span> <span class='ocrx_word' id='word_1_374' title='bbox 2823 1845 2883 1881; x_wconf 89' lang='lat' dir='ltr'>se</span> <span class='ocrx_word' id='word_1_375' title='bbox 2910 1828 3158 1881; x_wconf 87' lang='lat' dir='ltr'>fraudari</span> <span class='ocrx_word' id='word_1_376' title='bbox 3189 1830 3246 1882; x_wconf 91' lang='lat' dir='ltr'>in</span> <span class='ocrx_word' id='word_1_377' title='bbox 3272 1830 3359 1883; x_wconf 90' lang='lat' dir='ltr'>his</span> <span class='ocrx_word' id='word_1_378' title='bbox 3406 1830 3504 1901; x_wconf 90' lang='lat' dir='ltr'>qui</span> 
     </span>
    </p>
   </div>
   <div class='ocr_carea' id='block_1_50' title="bbox 1905 1913 3504 1987">
    <p class='ocr_par' dir='ltr' id='par_1_50' title="bbox 1905 1913 3504 1987">
     <span class='ocr_line' id='line_1_50' title="bbox 1905 1913 3504 1987; baseline 0.003 -20"><span class='ocrx_word' id='word_1_379' title='bbox 1905 1913 2011 1967; x_wconf 90' lang='lat' dir='ltr'>sibi</span> <span class='ocrx_word' id='word_1_380' title='bbox 2040 1915 2311 1975; x_wconf 81' lang='lat' dir='ltr'>serviunt,</span> <span class='ocrx_word' id='word_1_381' title='bbox 2340 1916 2487 1969; x_wconf 91' lang='lat' dir='ltr'>sicut</span> <span class='ocrx_word' id='word_1_382' title='bbox 2518 1933 2577 1969; x_wconf 90' lang='lat' dir='ltr'>se</span> <span class='ocrx_word' id='word_1_383' title='bbox 2606 1916 2742 1969; x_wconf 88' lang='lat' dir='ltr'>dicit</span> <span class='ocrx_word' id='word_1_384' title='bbox 2766 1916 2980 1969; x_wconf 88' lang='lat' dir='ltr'>visitari</span> <span class='ocrx_word' id='word_1_385' title='bbox 3009 1916 3065 1970; x_wconf 92' lang='lat' dir='ltr'>in</span> <span class='ocrx_word' id='word_1_386' title='bbox 3090 1916 3178 1970; x_wconf 87' lang='lat' dir='ltr'>his</span> <span class='ocrx_word' id='word_1_387' title='bbox 3221 1918 3316 1987; x_wconf 92' lang='lat' dir='ltr'>qui</span> <span class='ocrx_word' id='word_1_388' title='bbox 3369 1925 3504 1972; x_wconf 91' lang='lat' dir='ltr'>sunt</span> 
     </span>
    </p>
   </div>
   <div class='ocr_carea' id='block_1_51' title="bbox 1903 2003 3503 2075">
    <p class='ocr_par' dir='ltr' id='par_1_51' title="bbox 1903 2003 3503 2075">
     <span class='ocr_line' id='line_1_51' title="bbox 1903 2003 3503 2075; baseline 0.003 -19"><span class='ocrx_word' id='word_1_389' title='bbox 1903 2003 1962 2057; x_wconf 91' lang='lat' dir='ltr'>in</span> <span class='ocrx_word' id='word_1_390' title='bbox 1987 2020 2227 2068; x_wconf 89' lang='lat' dir='ltr'>carcere,</span> <span class='ocrx_word' id='word_1_391' title='bbox 2255 2004 2506 2075; x_wconf 88' lang='lat' dir='ltr'>accipere</span> <span class='ocrx_word' id='word_1_392' title='bbox 2534 2004 2719 2058; x_wconf 90' lang='lat' dir='ltr'>cibum</span> <span class='ocrx_word' id='word_1_393' title='bbox 2764 2010 2821 2058; x_wconf 91' lang='lat' dir='ltr'>et</span> <span class='ocrx_word' id='word_1_394' title='bbox 2849 2010 3040 2075; x_wconf 91' lang='lat' dir='ltr'>potum</span> <span class='ocrx_word' id='word_1_395' title='bbox 3092 2005 3151 2059; x_wconf 90' lang='lat' dir='ltr'>in</span> <span class='ocrx_word' id='word_1_396' title='bbox 3203 2006 3503 2062; x_wconf 84' lang='lat' dir='ltr'>esurienti-</span> 
     </span>
    </p>
   </div>
   <div class='ocr_carea' id='block_1_52' title="bbox 1903 2091 3503 2166">
    <p class='ocr_par' dir='ltr' id='par_1_52' title="bbox 1903 2091 3503 2166">
     <span class='ocr_line' id='line_1_52' title="bbox 1903 2091 3503 2166; baseline 0.003 -20"><span class='ocrx_word' id='word_1_397' title='bbox 1903 2091 2027 2157; x_wconf 91' lang='lat' dir='ltr'>bus,</span> <span class='ocrx_word' id='word_1_398' title='bbox 2064 2097 2376 2163; x_wconf 61' lang='lat' dir='ltr'>ceteraque</span> <span class='ocrx_word' id='word_1_399' title='bbox 2405 2109 2528 2163; x_wconf 68' lang='lat' dir='ltr'>quae</span> <span class='ocrx_word' id='word_1_400' title='bbox 2566 2102 2953 2147; x_wconf 86' lang='lat' dir='ltr'>memorantur</span> <span class='ocrx_word' id='word_1_401' title='bbox 2994 2094 3050 2147; x_wconf 92' lang='lat' dir='ltr'>in</span> <span class='ocrx_word' id='word_1_402' title='bbox 3100 2111 3195 2149; x_wconf 85' lang='lat' dir='ltr'>sex</span> <span class='ocrx_word' id='word_1_403' title='bbox 3241 2095 3503 2166; x_wconf 89' lang='lat' dir='ltr'>operibus</span> 
     </span>
    </p>
   </div>
   <div class='ocr_carea' id='block_1_53' title="bbox 1902 2180 3500 2254">
    <p class='ocr_par' dir='ltr' id='par_1_53' title="bbox 1902 2180 3500 2254">
     <span class='ocr_line' id='line_1_53' title="bbox 1902 2180 3500 2254; baseline 0.004 -21"><span class='ocrx_word' id='word_1_404' title='bbox 1902 2180 2315 2235; x_wconf 79' lang='lat' dir='ltr'>misericordiae.</span> <span class='ocrx_word' id='word_1_405' title='bbox 2345 2180 2505 2245; x_wconf 87' lang='lat' dir='ltr'>Quod</span> <span class='ocrx_word' id='word_1_406' title='bbox 2530 2188 2720 2236; x_wconf 92' lang='lat' dir='ltr'>autem</span> <span class='ocrx_word' id='word_1_407' title='bbox 2747 2181 3004 2235; x_wconf 67' lang='lat' dir='ltr'>dicituru</span> <span class='ocrx_word' id='word_1_408' title='bbox 3036 2181 3094 2237; x_wconf 90' lang='lat' dir='ltr'>Si</span> <span class='ocrx_word' id='word_1_409' title='bbox 3124 2182 3306 2254; x_wconf 82' lang='lat' dir='ltr'>afﬁgit</span> <span class='ocrx_word' id='word_1_410' title='bbox 3332 2185 3500 2239; x_wconf 90' lang='lat' dir='ltr'>homo</span> 
     </span>
    </p>
   </div>
   <div class='ocr_carea' id='block_1_54' title="bbox 1901 2269 3502 2342">
    <p class='ocr_par' dir='ltr' id='par_1_54' title="bbox 1901 2269 3502 2342">
     <span class='ocr_line' id='line_1_54' title="bbox 1901 2269 3502 2342; baseline 0.004 -19"><span class='ocrx_word' id='word_1_411' title='bbox 1901 2269 2081 2324; x_wconf 91' lang='lat' dir='ltr'>Deum</span> <span class='ocrx_word' id='word_1_412' title='bbox 2107 2285 2293 2336; x_wconf 90' lang='lat' dir='ltr'>suum,</span> <span class='ocrx_word' id='word_1_413' title='bbox 2324 2290 2349 2322; x_wconf 88' lang='grc'>›)</span> <span class='ocrx_word' id='word_1_414' title='bbox 2376 2270 2628 2340; x_wconf 90' lang='lat' dir='ltr'>quamvis</span> <span class='ocrx_word' id='word_1_415' title='bbox 2678 2270 3009 2341; x_wconf 90' lang='lat' dir='ltr'>simpliciter</span> <span class='ocrx_word' id='word_1_416' title='bbox 3044 2288 3147 2342; x_wconf 92' lang='lat' dir='ltr'>pro</span> <span class='ocrx_word' id='word_1_417' title='bbox 3202 2272 3502 2329; x_wconf 87' lang='lat' dir='ltr'>defraudat</span> 
     </span>
    </p>
   </div>
   <div class='ocr_carea' id='block_1_55' title="bbox 1903 2357 3508 2429">
    <p class='ocr_par' dir='ltr' id='par_1_55' title="bbox 1903 2357 3508 2429">
     <span class='ocr_line' id='line_1_55' title="bbox 1903 2357 3508 2429; baseline 0.004 -19"><span class='ocrx_word' id='word_1_418' title='bbox 1903 2358 1989 2410; x_wconf 90' lang='lat' dir='ltr'>vel</span> <span class='ocrx_word' id='word_1_419' title='bbox 2017 2359 2342 2429; x_wconf 91' lang='lat' dir='ltr'>supplantat</span> <span class='ocrx_word' id='word_1_420' title='bbox 2365 2358 2538 2428; x_wconf 89' lang='lat' dir='ltr'>accipi</span> <span class='ocrx_word' id='word_1_421' title='bbox 2568 2357 2765 2428; x_wconf 73' lang='lat' dir='ltr'>possit,</span> <span class='ocrx_word' id='word_1_422' title='bbox 2794 2364 2983 2413; x_wconf 89' lang='lat' dir='ltr'>tamen</span> <span class='ocrx_word' id='word_1_423' title='bbox 3013 2361 3317 2416; x_wconf 91' lang='lat' dir='ltr'>occultiore</span> <span class='ocrx_word' id='word_1_424' title='bbox 3336 2362 3508 2418; x_wconf 88' lang='lat' dir='ltr'>intel-</span> 
     </span>
    </p>
   </div>
   <div class='ocr_carea' id='block_1_56' title="bbox 1905 2446 3502 2519">
    <p class='ocr_par' dir='ltr' id='par_1_56' title="bbox 1905 2446 3502 2519">
     <span class='ocr_line' id='line_1_56' title="bbox 1905 2446 3502 2519; baseline 0.004 -20"><span class='ocrx_word' id='word_1_425' title='bbox 1905 2447 2053 2500; x_wconf 91' lang='lat' dir='ltr'>lectu</span> <span class='ocrx_word' id='word_1_426' title='bbox 2078 2447 2149 2500; x_wconf 91' lang='lat' dir='ltr'>ad</span> <span class='ocrx_word' id='word_1_427' title='bbox 2171 2446 2394 2500; x_wconf 90' lang='lat' dir='ltr'>Domini</span> <span class='ocrx_word' id='word_1_428' title='bbox 2439 2447 2755 2517; x_wconf 88' lang='lat' dir='ltr'>passionem</span> <span class='ocrx_word' id='word_1_429' title='bbox 2807 2447 3005 2502; x_wconf 89' lang='lat' dir='ltr'>referri</span> <span class='ocrx_word' id='word_1_430' title='bbox 3060 2455 3262 2519; x_wconf 88' lang='lat' dir='ltr'>potest,</span> <span class='ocrx_word' id='word_1_431' title='bbox 3320 2457 3385 2505; x_wconf 88' lang='lat' dir='ltr'>ut</span> <span class='ocrx_word' id='word_1_432' title='bbox 3426 2452 3502 2506; x_wconf 92' lang='lat' dir='ltr'>sit</span> 
     </span>
    </p>
   </div>
   <div class='ocr_carea' id='block_1_57' title="bbox 1904 2534 3506 2594">
    <p class='ocr_par' dir='ltr' id='par_1_57' title="bbox 1904 2534 3506 2594">
     <span class='ocr_line' id='line_1_57' title="bbox 1904 2534 3506 2594; baseline 0.004 -7"><span class='ocrx_word' id='word_1_433' title='bbox 1904 2550 2131 2589; x_wconf 88' lang='lat' dir='ltr'>sensus:</span> <span class='ocrx_word' id='word_1_434' title='bbox 2166 2534 2292 2589; x_wconf 89' lang='lat' dir='ltr'>Non</span> <span class='ocrx_word' id='word_1_435' title='bbox 2320 2535 2524 2588; x_wconf 90' lang='lat' dir='ltr'>mirum</span> <span class='ocrx_word' id='word_1_436' title='bbox 2555 2535 2602 2588; x_wconf 90' lang='lat' dir='ltr'>si</span> <span class='ocrx_word' id='word_1_437' title='bbox 2633 2552 2721 2589; x_wconf 90' lang='lat' dir='ltr'>me</span> <span class='ocrx_word' id='word_1_438' title='bbox 2752 2536 2917 2590; x_wconf 91' lang='lat' dir='ltr'>modo</span> <span class='ocrx_word' id='word_1_439' title='bbox 2946 2536 3003 2590; x_wconf 87' lang='lat' dir='ltr'>in</span> <span class='ocrx_word' id='word_1_440' title='bbox 3033 2537 3306 2592; x_wconf 84' lang='lat' dir='ltr'>ministris</span> <span class='ocrx_word' id='word_1_441' title='bbox 3366 2541 3506 2594; x_wconf 88' lang='lat' dir='ltr'>meis</span> 
     </span>
    </p>
   </div>
   <div class='ocr_carea' id='block_1_58' title="bbox 1904 2623 3512 2698">
    <p class='ocr_par' dir='ltr' id='par_1_58' title="bbox 1904 2623 3512 2698">
     <span class='ocr_line' id='line_1_58' title="bbox 1904 2623 3512 2698; baseline 0.004 -23"><span class='ocrx_word' id='word_1_442' title='bbox 1904 2623 2153 2693; x_wconf 83' lang='lat' dir='ltr'>afﬁgitis,</span> <span class='ocrx_word' id='word_1_443' title='bbox 2194 2630 2250 2678; x_wconf 92' lang='lat' dir='ltr'>et</span> <span class='ocrx_word' id='word_1_444' title='bbox 2273 2629 2547 2695; x_wconf 89' lang='lat' dir='ltr'>quantum</span> <span class='ocrx_word' id='word_1_445' title='bbox 2574 2624 2633 2677; x_wconf 92' lang='lat' dir='ltr'>in</span> <span class='ocrx_word' id='word_1_446' title='bbox 2663 2623 2814 2677; x_wconf 83' lang='lat' dir='ltr'>vobis</span> <span class='ocrx_word' id='word_1_447' title='bbox 2857 2631 2942 2678; x_wconf 88' lang='lat' dir='ltr'>est</span> <span class='ocrx_word' id='word_1_448' title='bbox 2985 2626 3344 2696; x_wconf 89' lang='lat' dir='ltr'>suspenditis,</span> <span class='ocrx_word' id='word_1_449' title='bbox 3377 2628 3512 2698; x_wconf 89' lang='lat' dir='ltr'>quia</span> 
     </span>
    </p>
   </div>
   <div class='ocr_carea' id='block_1_59' title="bbox 1906 2711 3502 2783">
    <p class='ocr_par' dir='ltr' id='par_1_59' title="bbox 1906 2711 3502 2783">
     <span class='ocr_line' id='line_1_59' title="bbox 1906 2711 3502 2783; baseline 0.003 -18"><span class='ocrx_word' id='word_1_450' title='bbox 1906 2712 2209 2783; x_wconf 90' lang='lat' dir='ltr'>aliquando</span> <span class='ocrx_word' id='word_1_451' title='bbox 2237 2729 2324 2766; x_wconf 91' lang='lat' dir='ltr'>me</span> <span class='ocrx_word' id='word_1_452' title='bbox 2353 2712 2413 2766; x_wconf 90' lang='lat' dir='ltr'>in</span> <span class='ocrx_word' id='word_1_453' title='bbox 2443 2712 2774 2782; x_wconf 88' lang='lat' dir='ltr'>memetipso</span> <span class='ocrx_word' id='word_1_454' title='bbox 2795 2711 2962 2766; x_wconf 89' lang='lat' dir='ltr'>clavis</span> <span class='ocrx_word' id='word_1_455' title='bbox 2980 2713 3219 2783; x_wconf 81' lang='lat' dir='ltr'>afﬁgetis</span> <span class='ocrx_word' id='word_1_456' title='bbox 3238 2715 3298 2768; x_wconf 93' lang='lat' dir='ltr'>in</span> <span class='ocrx_word' id='word_1_457' title='bbox 3317 2732 3502 2770; x_wconf 89' lang='lat' dir='ltr'>cruce.</span> 
     </span>
    </p>
   </div>
   <div class='ocr_carea' id='block_1_60' title="bbox 1907 2799 3506 2874">
    <p class='ocr_par' dir='ltr' id='par_1_60' title="bbox 1907 2799 3506 2874">
     <span class='ocr_line' id='line_1_60' title="bbox 1907 2799 3506 2874; baseline 0.003 -20"><span class='ocrx_word' id='word_1_458' title='bbox 1907 2801 2051 2864; x_wconf 88' lang='lat' dir='ltr'>Quia</span> <span class='ocrx_word' id='word_1_459' title='bbox 2078 2817 2210 2871; x_wconf 85' lang='lat' dir='ltr'>ergo</span> <span class='ocrx_word' id='word_1_460' title='bbox 2234 2817 2347 2854; x_wconf 92' lang='lat' dir='ltr'>non</span> <span class='ocrx_word' id='word_1_461' title='bbox 2377 2799 2623 2853; x_wconf 90' lang='lat' dir='ltr'>reddetis</span> <span class='ocrx_word' id='word_1_462' title='bbox 2651 2799 2915 2867; x_wconf 88' lang='lat' dir='ltr'>decimas,</span> <span class='ocrx_word' id='word_1_463' title='bbox 2950 2807 3090 2871; x_wconf 81' lang='lat' dir='ltr'>quas</span> <span class='ocrx_word' id='word_1_464' title='bbox 3118 2818 3220 2872; x_wconf 89' lang='lat' dir='ltr'>per</span> <span class='ocrx_word' id='word_1_465' title='bbox 3268 2802 3506 2874; x_wconf 82' lang='lat' dir='ltr'>Moysen</span> 
     </span>
    </p>
   </div>
   <div class='ocr_carea' id='block_1_61' title="bbox 1906 2888 3504 2958">
    <p class='ocr_par' dir='ltr' id='par_1_61' title="bbox 1906 2888 3504 2958">
     <span class='ocr_line' id='line_1_61' title="bbox 1906 2888 3504 2958; baseline 0.003 -16"><span class='ocrx_word' id='word_1_466' title='bbox 1906 2888 2286 2943; x_wconf 89' lang='lat' dir='ltr'>sacerdotibus</span> <span class='ocrx_word' id='word_1_467' title='bbox 2308 2895 2365 2942; x_wconf 92' lang='lat' dir='ltr'>et</span> <span class='ocrx_word' id='word_1_468' title='bbox 2392 2888 2598 2942; x_wconf 88' lang='lat' dir='ltr'>Levitis</span> <span class='ocrx_word' id='word_1_469' title='bbox 2616 2888 2757 2958; x_wconf 90' lang='lat' dir='ltr'>jussi</span> <span class='ocrx_word' id='word_1_470' title='bbox 2786 2888 2940 2955; x_wconf 90' lang='lat' dir='ltr'>dare,</span> <span class='ocrx_word' id='word_1_471' title='bbox 2992 2889 3198 2943; x_wconf 91' lang='lat' dir='ltr'>idcirco</span> <span class='ocrx_word' id='word_1_472' title='bbox 3240 2908 3338 2946; x_wconf 91' lang='lat' dir='ltr'>vos</span> <span class='ocrx_word' id='word_1_473' title='bbox 3380 2908 3504 2946; x_wconf 90' lang='lat' dir='ltr'>ma-</span> 
     </span>
    </p>
   </div>
   <div class='ocr_carea' id='block_1_62' title="bbox 1907 2977 3506 3052">
    <p class='ocr_par' dir='ltr' id='par_1_62' title="bbox 1907 2977 3506 3052">
     <span class='ocr_line' id='line_1_62' title="bbox 1907 2977 3506 3052; baseline 0.004 -21"><span class='ocrx_word' id='word_1_474' title='bbox 1907 2977 2096 3032; x_wconf 88' lang='lat' dir='ltr'>ledicti</span> <span class='ocrx_word' id='word_1_475' title='bbox 2122 2978 2256 3031; x_wconf 90' lang='lat' dir='ltr'>estis</span> <span class='ocrx_word' id='word_1_476' title='bbox 2287 2977 2345 3031; x_wconf 91' lang='lat' dir='ltr'>in</span> <span class='ocrx_word' id='word_1_477' title='bbox 2386 2977 2536 3031; x_wconf 84' lang='lat' dir='ltr'>fame</span> <span class='ocrx_word' id='word_1_478' title='bbox 2592 2984 2646 3032; x_wconf 91' lang='lat' dir='ltr'>et</span> <span class='ocrx_word' id='word_1_479' title='bbox 2700 2978 2955 3048; x_wconf 90' lang='lat' dir='ltr'>penuria,</span> <span class='ocrx_word' id='word_1_480' title='bbox 3000 2984 3058 3033; x_wconf 90' lang='lat' dir='ltr'>et</span> <span class='ocrx_word' id='word_1_481' title='bbox 3111 2987 3339 3052; x_wconf 86' lang='lat' dir='ltr'>propter</span> <span class='ocrx_word' id='word_1_482' title='bbox 3400 2983 3506 3038; x_wconf 89' lang='lat' dir='ltr'>hoc</span> 
     </span>
    </p>
   </div>
   <div class='ocr_carea' id='block_1_63' title="bbox 238 3062 3499 3138">
    <p class='ocr_par' dir='ltr' id='par_1_63' title="bbox 238 3062 3499 3138">
     <span class='ocr_line' id='line_1_63' title="bbox 238 3062 3499 3138; baseline 0.002 -18"><span class='ocrx_word' id='word_1_483' title='bbox 238 3074 315 3120; x_wconf 89' lang='lat' dir='ltr'>est</span> <span class='ocrx_word' id='word_1_484' title='bbox 362 3073 461 3120; x_wconf 91' lang='lat' dir='ltr'>aut</span> <span class='ocrx_word' id='word_1_485' title='bbox 524 3065 704 3119; x_wconf 88' lang='lat' dir='ltr'>semel</span> <span class='ocrx_word' id='word_1_486' title='bbox 764 3080 797 3117; x_wconf 87' lang='lat' dir='ltr'>a</span> <span class='ocrx_word' id='word_1_487' title='bbox 834 3063 987 3117; x_wconf 92' lang='lat' dir='ltr'>vobis</span> <span class='ocrx_word' id='word_1_488' title='bbox 1040 3062 1421 3128; x_wconf 90' lang='lat' dir='ltr'>commissum,</span> <span class='ocrx_word' id='word_1_489' title='bbox 1477 3068 1542 3116; x_wconf 91' lang='lat' dir='ltr'>ut</span> <span class='ocrx_word' id='word_1_490' title='bbox 1578 3062 2083 3133; x_wconf 54' lang='lat' dir='ltr'>diquameames</span> <span class='ocrx_word' id='word_1_491' title='bbox 2111 3066 2221 3120; x_wconf 90' lang='lat' dir='ltr'>ista</span> <span class='ocrx_word' id='word_1_492' title='bbox 2245 3065 2399 3120; x_wconf 91' lang='lat' dir='ltr'>vobis</span> <span class='ocrx_word' id='word_1_493' title='bbox 2443 3065 2845 3137; x_wconf 90' lang='lat' dir='ltr'>superinducta</span> <span class='ocrx_word' id='word_1_494' title='bbox 2873 3074 2977 3121; x_wconf 91' lang='lat' dir='ltr'>est.</span> <span class='ocrx_word' id='word_1_495' title='bbox 3008 3068 3121 3123; x_wconf 79' lang='lat' dir='ltr'>Vos</span> <span class='ocrx_word' id='word_1_496' title='bbox 3178 3070 3329 3124; x_wconf 91' lang='lat' dir='ltr'>enim</span> <span class='ocrx_word' id='word_1_497' title='bbox 3385 3088 3499 3138; x_wconf 87' lang='lat' dir='ltr'>me,</span> 
     </span>
    </p>
   </div>
   <div class='ocr_carea' id='block_1_64' title="bbox 242 3151 1824 3221">
    <p class='ocr_par' dir='ltr' id='par_1_64' title="bbox 242 3151 1824 3221">
     <span class='ocr_line' id='line_1_64' title="bbox 242 3151 1824 3221; baseline -0.003 -13"><span class='ocrx_word' id='word_1_498' title='bbox 242 3154 565 3208; x_wconf 88' lang='lat' dir='ltr'>mereamini</span> <span class='ocrx_word' id='word_1_499' title='bbox 593 3153 832 3215; x_wconf 89' lang='lat' dir='ltr'>veniam,</span> <span class='ocrx_word' id='word_1_500' title='bbox 866 3152 1275 3205; x_wconf 66' lang='lat' dir='ltr'>haereditariam</span> <span class='ocrx_word' id='word_1_501' title='bbox 1317 3151 1535 3205; x_wconf 85' lang='lat' dir='ltr'>habetis</span> <span class='ocrx_word' id='word_1_502' title='bbox 1562 3151 1824 3221; x_wconf 89' lang='lat' dir='ltr'>impieta-</span> 
     </span>
    </p>
   </div>
   <div class='ocr_carea' id='block_1_65' title="bbox 242 3239 1828 3314">
    <p class='ocr_par' dir='ltr' id='par_1_65' title="bbox 242 3239 1828 3314">
     <span class='ocr_line' id='line_1_65' title="bbox 242 3239 1828 3314; baseline -0.003 -17"><span class='ocrx_word' id='word_1_503' title='bbox 242 3251 346 3297; x_wconf 84' lang='lat' dir='ltr'>tem</span> <span class='ocrx_word' id='word_1_504' title='bbox 368 3261 403 3296; x_wconf 86' lang='lat' dir='ltr'>a</span> <span class='ocrx_word' id='word_1_505' title='bbox 425 3243 630 3297; x_wconf 89' lang='lat' dir='ltr'>diebus</span> <span class='ocrx_word' id='word_1_506' title='bbox 659 3247 881 3314; x_wconf 81' lang='lat' dir='ltr'>patrum</span> <span class='ocrx_word' id='word_1_507' title='bbox 917 3248 1247 3302; x_wconf 84' lang='lat' dir='ltr'>vestrorum,</span> <span class='ocrx_word' id='word_1_508' title='bbox 1285 3240 1594 3293; x_wconf 89' lang='lat' dir='ltr'>recedendo</span> <span class='ocrx_word' id='word_1_509' title='bbox 1624 3257 1659 3293; x_wconf 87' lang='lat' dir='ltr'>a</span> <span class='ocrx_word' id='word_1_510' title='bbox 1686 3239 1828 3309; x_wconf 88' lang='lat' dir='ltr'>legi-</span> 
     </span>
    </p>
   </div>
   <div class='ocr_carea' id='block_1_66' title="bbox 240 3324 1829 3400">
    <p class='ocr_par' dir='ltr' id='par_1_66' title="bbox 240 3324 1829 3400">
     <span class='ocr_line' id='line_1_66' title="bbox 240 3324 1829 3400; baseline -0.004 -11"><span class='ocrx_word' id='word_1_511' title='bbox 240 3332 382 3389; x_wconf 81' lang='lat' dir='ltr'>timis</span> <span class='ocrx_word' id='word_1_512' title='bbox 410 3340 466 3388; x_wconf 91' lang='lat' dir='ltr'>et</span> <span class='ocrx_word' id='word_1_513' title='bbox 493 3349 614 3387; x_wconf 89' lang='lat' dir='ltr'>non</span> <span class='ocrx_word' id='word_1_514' title='bbox 652 3330 1016 3386; x_wconf 88' lang='lat' dir='ltr'>custodiendo</span> <span class='ocrx_word' id='word_1_515' title='bbox 1046 3346 1168 3400; x_wconf 75' lang='lat' dir='ltr'>quae</span> <span class='ocrx_word' id='word_1_516' title='bbox 1199 3324 1453 3400; x_wconf 65' lang='lat' dir='ltr'>praecepi.</span> <span class='ocrx_word' id='word_1_517' title='bbox 1487 3331 1604 3383; x_wconf 86' lang='lat' dir='ltr'>Hoc</span> <span class='ocrx_word' id='word_1_518' title='bbox 1648 3335 1705 3383; x_wconf 90' lang='lat' dir='ltr'>et</span> <span class='ocrx_word' id='word_1_519' title='bbox 1759 3329 1829 3383; x_wconf 90' lang='lat' dir='ltr'>de</span> 
     </span>
    </p>
   </div>
   <div class='ocr_carea' id='block_1_67' title="bbox 172 3418 1832 3492">
    <p class='ocr_par' dir='ltr' id='par_1_67' title="bbox 172 3418 1832 3492">
     <span class='ocr_line' id='line_1_67' title="bbox 172 3418 1832 3492; baseline -0.004 -13"><span class='ocrx_word' id='word_1_520' title='bbox 172 3474 179 3479; x_wconf 88' lang='lat'>.</span> <span class='ocrx_word' id='word_1_521' title='bbox 242 3421 319 3475; x_wconf 89' lang='lat' dir='ltr'>bis</span> <span class='ocrx_word' id='word_1_522' title='bbox 348 3423 441 3492; x_wconf 86' lang='lat' dir='ltr'>qui</span> <span class='ocrx_word' id='word_1_523' title='bbox 474 3420 694 3476; x_wconf 91' lang='lat' dir='ltr'>suntin</span> <span class='ocrx_word' id='word_1_524' title='bbox 723 3418 974 3473; x_wconf 89' lang='lat' dir='ltr'>Ecclesia</span> <span class='ocrx_word' id='word_1_525' title='bbox 1015 3418 1303 3473; x_wconf 88' lang='lat' dir='ltr'>constituti</span> <span class='ocrx_word' id='word_1_526' title='bbox 1350 3418 1459 3475; x_wconf 91' lang='lat' dir='ltr'>dici</span> <span class='ocrx_word' id='word_1_527' title='bbox 1506 3423 1727 3488; x_wconf 87' lang='lat' dir='ltr'>potest:</span> <span class='ocrx_word' id='word_1_528' title='bbox 1774 3424 1832 3472; x_wconf 91' lang='lat' dir='ltr'>et</span> 
     </span>
    </p>
   </div>
   <div class='ocr_carea' id='block_1_68' title="bbox 244 3505 1829 3578">
    <p class='ocr_par' dir='ltr' id='par_1_68' title="bbox 244 3505 1829 3578">
     <span class='ocr_line' id='line_1_68' title="bbox 244 3505 1829 3578; baseline -0.001 -15"><span class='ocrx_word' id='word_1_529' title='bbox 244 3518 364 3563; x_wconf 90' lang='lat' dir='ltr'>sunt</span> <span class='ocrx_word' id='word_1_530' title='bbox 391 3510 493 3563; x_wconf 87' lang='lat' dir='ltr'>ﬁlii</span> <span class='ocrx_word' id='word_1_531' title='bbox 525 3507 706 3562; x_wconf 85' lang='lat' dir='ltr'>Jacob</span> <span class='ocrx_word' id='word_1_532' title='bbox 755 3505 1167 3578; x_wconf 89' lang='lat' dir='ltr'>supplantantis</span> <span class='ocrx_word' id='word_1_533' title='bbox 1210 3505 1362 3570; x_wconf 88' lang='lat' dir='ltr'>vitia,</span> <span class='ocrx_word' id='word_1_534' title='bbox 1394 3505 1451 3559; x_wconf 92' lang='lat' dir='ltr'>id</span> <span class='ocrx_word' id='word_1_535' title='bbox 1507 3510 1593 3559; x_wconf 89' lang='lat' dir='ltr'>est</span> <span class='ocrx_word' id='word_1_536' title='bbox 1637 3506 1829 3562; x_wconf 88' lang='lat' dir='ltr'>docto-</span> 
     </span>
    </p>
   </div>
   <div class='ocr_carea' id='block_1_69' title="bbox 243 3594 1831 3668">
    <p class='ocr_par' dir='ltr' id='par_1_69' title="bbox 243 3594 1831 3668">
     <span class='ocr_line' id='line_1_69' title="bbox 243 3594 1831 3668; baseline -0.003 -16"><span class='ocrx_word' id='word_1_537' title='bbox 243 3614 355 3652; x_wconf 87' lang='lat' dir='ltr'>rum</span> <span class='ocrx_word' id='word_1_538' title='bbox 386 3605 444 3652; x_wconf 89' lang='lat' dir='ltr'>et</span> <span class='ocrx_word' id='word_1_539' title='bbox 468 3597 872 3668; x_wconf 89' lang='lat' dir='ltr'>magistrorum</span> <span class='ocrx_word' id='word_1_540' title='bbox 904 3594 1157 3650; x_wconf 74' lang='lat' dir='ltr'>Ecclesia:</span> <span class='ocrx_word' id='word_1_541' title='bbox 1176 3594 1456 3663; x_wconf 90' lang='lat' dir='ltr'>discipuli,</span> <span class='ocrx_word' id='word_1_542' title='bbox 1485 3594 1581 3665; x_wconf 90' lang='lat' dir='ltr'>qui</span> <span class='ocrx_word' id='word_1_543' title='bbox 1605 3594 1831 3648; x_wconf 91' lang='lat' dir='ltr'>nomine</span> 
     </span>
    </p>
   </div>
   <div class='ocr_carea' id='block_1_70' title="bbox 243 3681 1831 3749">
    <p class='ocr_par' dir='ltr' id='par_1_70' title="bbox 243 3681 1831 3749">
     <span class='ocr_line' id='line_1_70' title="bbox 243 3681 1831 3749; baseline -0.002 -10"><span class='ocrx_word' id='word_1_544' title='bbox 243 3692 394 3740; x_wconf 89' lang='lat' dir='ltr'>tenus</span> <span class='ocrx_word' id='word_1_545' title='bbox 423 3688 483 3741; x_wconf 90' lang='lat' dir='ltr'>in</span> <span class='ocrx_word' id='word_1_546' title='bbox 515 3684 781 3749; x_wconf 86' lang='lat' dir='ltr'>Ecclesia,</span> <span class='ocrx_word' id='word_1_547' title='bbox 814 3684 912 3737; x_wconf 88' lang='lat' dir='ltr'>sed</span> <span class='ocrx_word' id='word_1_548' title='bbox 959 3699 1070 3735; x_wconf 93' lang='lat' dir='ltr'>non</span> <span class='ocrx_word' id='word_1_549' title='bbox 1126 3681 1394 3734; x_wconf 87' lang='lat' dir='ltr'>recedunt</span> <span class='ocrx_word' id='word_1_550' title='bbox 1434 3698 1469 3735; x_wconf 90' lang='lat' dir='ltr'>a</span> <span class='ocrx_word' id='word_1_551' title='bbox 1513 3681 1677 3747; x_wconf 90' lang='lat' dir='ltr'>vitiis,</span> <span class='ocrx_word' id='word_1_552' title='bbox 1730 3698 1831 3736; x_wconf 90' lang='lat' dir='ltr'>nec</span> 
     </span>
    </p>
   </div>
   <div class='ocr_carea' id='block_1_71' title="bbox 242 3770 1828 3845">
    <p class='ocr_par' dir='ltr' id='par_1_71' title="bbox 242 3770 1828 3845">
     <span class='ocr_line' id='line_1_71' title="bbox 242 3770 1828 3845; baseline -0.003 -15"><span class='ocrx_word' id='word_1_553' title='bbox 242 3778 556 3832; x_wconf 87' lang='lat' dir='ltr'>custodiunt</span> <span class='ocrx_word' id='word_1_554' title='bbox 568 3779 846 3845; x_wconf 74' lang='lat' dir='ltr'>praecepta</span> <span class='ocrx_word' id='word_1_555' title='bbox 864 3771 1130 3837; x_wconf 87' lang='lat' dir='ltr'>Dei,falso</span> <span class='ocrx_word' id='word_1_556' title='bbox 1153 3786 1355 3824; x_wconf 85' lang='lat' dir='ltr'>nomen</span> <span class='ocrx_word' id='word_1_557' title='bbox 1367 3770 1474 3823; x_wconf 88' lang='lat' dir='ltr'>sibi</span> <span class='ocrx_word' id='word_1_558' title='bbox 1496 3770 1828 3825; x_wconf 70' lang='lat' dir='ltr'>Christianae</span> 
     </span>
    </p>
   </div>
   <div class='ocr_carea' id='block_1_72' title="bbox 243 3858 1831 3935">
    <p class='ocr_par' dir='ltr' id='par_1_72' title="bbox 243 3858 1831 3935">
     <span class='ocr_line' id='line_1_72' title="bbox 243 3858 1831 3935; baseline -0.004 -17"><span class='ocrx_word' id='word_1_559' title='bbox 243 3865 522 3935; x_wconf 80' lang='lat' dir='ltr'>religionis</span> <span class='ocrx_word' id='word_1_560' title='bbox 561 3867 877 3916; x_wconf 88' lang='lat' dir='ltr'>assumunt.</span> <span class='ocrx_word' id='word_1_561' title='bbox 896 3878 923 3912; x_wconf 73' lang='grc' dir='ltr'><strong>α</strong></span> <span class='ocrx_word' id='word_1_562' title='bbox 946 3858 1309 3913; x_wconf 85' lang='lat' dir='ltr'>Revertimini</span> <span class='ocrx_word' id='word_1_563' title='bbox 1338 3858 1409 3911; x_wconf 90' lang='lat' dir='ltr'>ad</span> <span class='ocrx_word' id='word_1_564' title='bbox 1438 3874 1547 3925; x_wconf 90' lang='lat' dir='ltr'>me,</span> <span class='ocrx_word' id='word_1_565' title='bbox 1575 3864 1629 3911; x_wconf 89' lang='lat' dir='ltr'>et</span> <span class='ocrx_word' id='word_1_566' title='bbox 1650 3875 1831 3912; x_wconf 91' lang='lat' dir='ltr'>rever-</span> 
     </span>
    </p>
   </div>
   <div class='ocr_carea' id='block_1_73' title="bbox 242 3947 1830 4016">
    <p class='ocr_par' dir='ltr' id='par_1_73' title="bbox 242 3947 1830 4016">
     <span class='ocr_line' id='line_1_73' title="bbox 242 3947 1830 4016; baseline -0.003 -11"><span class='ocrx_word' id='word_1_567' title='bbox 242 3958 322 4005; x_wconf 83' lang='lat' dir='ltr'>tar</span> <span class='ocrx_word' id='word_1_568' title='bbox 348 3954 418 4007; x_wconf 89' lang='lat' dir='ltr'>ad</span> <span class='ocrx_word' id='word_1_569' title='bbox 448 3969 568 4013; x_wconf 89' lang='lat' dir='ltr'>vos,</span> <span class='ocrx_word' id='word_1_570' title='bbox 601 3949 738 4003; x_wconf 88' lang='lat' dir='ltr'>dicit</span> <span class='ocrx_word' id='word_1_571' title='bbox 765 3948 1036 4002; x_wconf 91' lang='lat' dir='ltr'>Dominus</span> <span class='ocrx_word' id='word_1_572' title='bbox 1060 3947 1425 4001; x_wconf 79' lang='lat' dir='ltr'>exercituum.</span> <span class='ocrx_word' id='word_1_573' title='bbox 1455 3966 1477 3997; x_wconf 75' lang='grc' dir='ltr'><strong><em>ι</em></strong></span> <span class='ocrx_word' id='word_1_574' title='bbox 1504 3947 1708 4016; x_wconf 85' lang='lat' dir='ltr'>Magna</span> <span class='ocrx_word' id='word_1_575' title='bbox 1727 3947 1830 4001; x_wconf 89' lang='lat' dir='ltr'>Dei</span> 
     </span>
    </p>
   </div>
   <div class='ocr_carea' id='block_1_74' title="bbox 238 4034 1826 4108">
    <p class='ocr_par' dir='ltr' id='par_1_74' title="bbox 238 4034 1826 4108">
     <span class='ocr_line' id='line_1_74' title="bbox 238 4034 1826 4108; baseline -0.005 -13"><span class='ocrx_word' id='word_1_576' title='bbox 238 4042 528 4095; x_wconf 89' lang='lat' dir='ltr'>clementia</span> <span class='ocrx_word' id='word_1_577' title='bbox 556 4042 819 4095; x_wconf 85' lang='lat' dir='ltr'>hortatur</span> <span class='ocrx_word' id='word_1_578' title='bbox 846 4042 1256 4108; x_wconf 86' lang='lat' dir='ltr'>contemptores</span> <span class='ocrx_word' id='word_1_579' title='bbox 1286 4044 1351 4089; x_wconf 88' lang='lat' dir='ltr'>ut</span> <span class='ocrx_word' id='word_1_580' title='bbox 1376 4034 1445 4089; x_wconf 91' lang='lat' dir='ltr'>ad</span> <span class='ocrx_word' id='word_1_581' title='bbox 1476 4051 1536 4088; x_wconf 88' lang='lat' dir='ltr'>se</span> <span class='ocrx_word' id='word_1_582' title='bbox 1573 4035 1826 4101; x_wconf 87' lang='lat' dir='ltr'>redeant,</span> 
     </span>
    </p>
   </div>
   <div class='ocr_carea' id='block_1_75' title="bbox 242 4123 1827 4199">
    <p class='ocr_par' dir='ltr' id='par_1_75' title="bbox 242 4123 1827 4199">
     <span class='ocr_line' id='line_1_75' title="bbox 242 4123 1827 4199; baseline -0.004 -17"><span class='ocrx_word' id='word_1_583' title='bbox 242 4135 294 4183; x_wconf 91' lang='lat' dir='ltr'>et</span> <span class='ocrx_word' id='word_1_584' title='bbox 316 4147 375 4184; x_wconf 91' lang='lat' dir='ltr'>se</span> <span class='ocrx_word' id='word_1_585' title='bbox 403 4130 476 4183; x_wconf 89' lang='lat' dir='ltr'>ad</span> <span class='ocrx_word' id='word_1_586' title='bbox 501 4129 629 4183; x_wconf 89' lang='lat' dir='ltr'>illos</span> <span class='ocrx_word' id='word_1_587' title='bbox 657 4126 936 4199; x_wconf 89' lang='lat' dir='ltr'>promittit</span> <span class='ocrx_word' id='word_1_588' title='bbox 958 4140 1329 4180; x_wconf 89' lang='lat' dir='ltr'>reversurum.</span> <span class='ocrx_word' id='word_1_589' title='bbox 1355 4123 1464 4178; x_wconf 90' lang='lat' dir='ltr'>Sed</span> <span class='ocrx_word' id='word_1_590' title='bbox 1487 4123 1569 4177; x_wconf 91' lang='lat' dir='ltr'>illi</span> <span class='ocrx_word' id='word_1_591' title='bbox 1598 4140 1706 4177; x_wconf 90' lang='lat' dir='ltr'>non</span> <span class='ocrx_word' id='word_1_592' title='bbox 1740 4123 1827 4176; x_wconf 87' lang='lat' dir='ltr'>in-</span> 
     </span>
    </p>
   </div>
   <div class='ocr_carea' id='block_1_76' title="bbox 241 4212 1832 4289">
    <p class='ocr_par' dir='ltr' id='par_1_76' title="bbox 241 4212 1832 4289">
     <span class='ocr_line' id='line_1_76' title="bbox 241 4212 1832 4289; baseline -0.003 -19"><span class='ocrx_word' id='word_1_593' title='bbox 241 4218 553 4289; x_wconf 86' lang='lat' dir='ltr'>telligentes</span> <span class='ocrx_word' id='word_1_594' title='bbox 580 4216 860 4288; x_wconf 89' lang='lat' dir='ltr'>peccando</span> <span class='ocrx_word' id='word_1_595' title='bbox 893 4232 954 4269; x_wconf 91' lang='lat' dir='ltr'>se</span> <span class='ocrx_word' id='word_1_596' title='bbox 980 4231 1015 4268; x_wconf 92' lang='lat' dir='ltr'>a</span> <span class='ocrx_word' id='word_1_597' title='bbox 1042 4214 1281 4268; x_wconf 92' lang='lat' dir='ltr'>Domino</span> <span class='ocrx_word' id='word_1_598' title='bbox 1310 4212 1623 4277; x_wconf 87' lang='lat' dir='ltr'>recessisse,</span> <span class='ocrx_word' id='word_1_599' title='bbox 1651 4212 1832 4282; x_wconf 92' lang='lat' dir='ltr'>impu-</span> 
     </span>
    </p>
   </div>
   <div class='ocr_carea' id='block_1_77' title="bbox 1909 3155 3507 3226">
    <p class='ocr_par' dir='ltr' id='par_1_77' title="bbox 1909 3155 3507 3226">
     <span class='ocr_line' id='line_1_77' title="bbox 1909 3155 3507 3226; baseline 0.004 -17"><span class='ocrx_word' id='word_1_600' title='bbox 1909 3161 2101 3210; x_wconf 85' lang='lat' dir='ltr'>etnon</span> <span class='ocrx_word' id='word_1_601' title='bbox 2128 3155 2412 3209; x_wconf 89' lang='lat' dir='ltr'>ministros</span> <span class='ocrx_word' id='word_1_602' title='bbox 2440 3172 2615 3217; x_wconf 89' lang='lat' dir='ltr'>meos,</span> <span class='ocrx_word' id='word_1_603' title='bbox 2640 3155 2917 3225; x_wconf 88' lang='lat' dir='ltr'>eonﬁgitis</span> <span class='ocrx_word' id='word_1_604' title='bbox 2962 3172 3101 3226; x_wconf 87' lang='lat' dir='ltr'>gens</span> <span class='ocrx_word' id='word_1_605' title='bbox 3143 3163 3301 3224; x_wconf 87' lang='lat' dir='ltr'>tota;</span> <span class='ocrx_word' id='word_1_606' title='bbox 3350 3165 3407 3214; x_wconf 90' lang='lat' dir='ltr'>et</span> <span class='ocrx_word' id='word_1_607' title='bbox 3446 3164 3507 3215; x_wconf 89' lang='lat' dir='ltr'>ut</span> 
     </span>
    </p>
   </div>
   <div class='ocr_carea' id='block_1_78' title="bbox 1910 3243 3507 3311">
    <p class='ocr_par' dir='ltr' id='par_1_78' title="bbox 1910 3243 3507 3311">
     <span class='ocr_line' id='line_1_78' title="bbox 1910 3243 3507 3311; baseline 0.003 -13"><span class='ocrx_word' id='word_1_608' title='bbox 1910 3244 2098 3298; x_wconf 86' lang='lat' dir='ltr'>sciatis</span> <span class='ocrx_word' id='word_1_609' title='bbox 2128 3260 2218 3297; x_wconf 90' lang='lat' dir='ltr'>me</span> <span class='ocrx_word' id='word_1_610' title='bbox 2243 3245 2389 3297; x_wconf 89' lang='lat' dir='ltr'>irato</span> <span class='ocrx_word' id='word_1_611' title='bbox 2422 3243 2578 3298; x_wconf 87' lang='lat' dir='ltr'>vobis</span> <span class='ocrx_word' id='word_1_612' title='bbox 2607 3244 2711 3298; x_wconf 91' lang='lat' dir='ltr'>hoc</span> <span class='ocrx_word' id='word_1_613' title='bbox 2736 3246 3005 3311; x_wconf 88' lang='lat' dir='ltr'>evenisse,</span> <span class='ocrx_word' id='word_1_614' title='bbox 3045 3247 3241 3301; x_wconf 89' lang='lat' dir='ltr'>hortor</span> <span class='ocrx_word' id='word_1_615' title='bbox 3269 3253 3327 3301; x_wconf 91' lang='lat' dir='ltr'>et</span> <span class='ocrx_word' id='word_1_616' title='bbox 3354 3264 3507 3303; x_wconf 84' lang='lat' dir='ltr'>com-</span> 
     </span>
    </p>
   </div>
   <div class='ocr_carea' id='block_1_79' title="bbox 1910 3332 3503 3407">
    <p class='ocr_par' dir='ltr' id='par_1_79' title="bbox 1910 3332 3503 3407">
     <span class='ocr_line' id='line_1_79' title="bbox 1910 3332 3503 3407; baseline 0.003 -22"><span class='ocrx_word' id='word_1_617' title='bbox 1910 3348 2111 3386; x_wconf 89' lang='lat' dir='ltr'>moneo</span> <span class='ocrx_word' id='word_1_618' title='bbox 2135 3338 2198 3385; x_wconf 91' lang='lat' dir='ltr'>ut</span> <span class='ocrx_word' id='word_1_619' title='bbox 2236 3332 2486 3386; x_wconf 80' lang='lat' dir='ltr'>interatis</span> <span class='ocrx_word' id='word_1_620' title='bbox 2515 3332 2763 3387; x_wconf 91' lang='lat' dir='ltr'>decimas</span> <span class='ocrx_word' id='word_1_621' title='bbox 2783 3334 2842 3387; x_wconf 91' lang='lat' dir='ltr'>in</span> <span class='ocrx_word' id='word_1_622' title='bbox 2866 3334 3069 3388; x_wconf 89' lang='lat' dir='ltr'>horrea</span> <span class='ocrx_word' id='word_1_623' title='bbox 3122 3336 3319 3407; x_wconf 91' lang='lat' dir='ltr'>templi</span> <span class='ocrx_word' id='word_1_624' title='bbox 3372 3337 3503 3404; x_wconf 90' lang='lat' dir='ltr'>mei,</span> 
     </span>
    </p>
   </div>
   <div class='ocr_carea' id='block_1_80' title="bbox 1910 3420 3512 3496">
    <p class='ocr_par' dir='ltr' id='par_1_80' title="bbox 1910 3420 3512 3496">
     <span class='ocr_line' id='line_1_80' title="bbox 1910 3420 3512 3496; baseline 0.004 -21"><span class='ocrx_word' id='word_1_625' title='bbox 1910 3421 2060 3475; x_wconf 89' lang='lat' dir='ltr'>unde</span> <span class='ocrx_word' id='word_1_626' title='bbox 2081 3420 2325 3474; x_wconf 90' lang='lat' dir='ltr'>ministri</span> <span class='ocrx_word' id='word_1_627' title='bbox 2363 3420 2548 3475; x_wconf 89' lang='lat' dir='ltr'>cibum</span> <span class='ocrx_word' id='word_1_628' title='bbox 2578 3421 2839 3476; x_wconf 84' lang='lat' dir='ltr'>habeant.</span> <span class='ocrx_word' id='word_1_629' title='bbox 2878 3422 2944 3476; x_wconf 89' lang='lat' dir='ltr'>Et</span> <span class='ocrx_word' id='word_1_630' title='bbox 2970 3423 3201 3493; x_wconf 90' lang='lat' dir='ltr'>probate</span> <span class='ocrx_word' id='word_1_631' title='bbox 3232 3442 3320 3479; x_wconf 90' lang='lat' dir='ltr'>me</span> <span class='ocrx_word' id='word_1_632' title='bbox 3341 3442 3512 3496; x_wconf 88' lang='lat' dir='ltr'>super</span> 
     </span>
    </p>
   </div>
   <div class='ocr_carea' id='block_1_81' title="bbox 1911 3510 3511 3582">
    <p class='ocr_par' dir='ltr' id='par_1_81' title="bbox 1911 3510 3511 3582">
     <span class='ocr_line' id='line_1_81' title="bbox 1911 3510 3511 3582; baseline 0.005 -19"><span class='ocrx_word' id='word_1_633' title='bbox 1911 3510 2036 3573; x_wconf 90' lang='lat' dir='ltr'>hoc,</span> <span class='ocrx_word' id='word_1_634' title='bbox 2067 3510 2115 3563; x_wconf 91' lang='lat' dir='ltr'>si</span> <span class='ocrx_word' id='word_1_635' title='bbox 2170 3526 2283 3563; x_wconf 91' lang='lat' dir='ltr'>non</span> <span class='ocrx_word' id='word_1_636' title='bbox 2338 3526 2611 3581; x_wconf 89' lang='lat' dir='ltr'>aperuero</span> <span class='ocrx_word' id='word_1_637' title='bbox 2660 3510 2814 3565; x_wconf 87' lang='lat' dir='ltr'>vobis</span> <span class='ocrx_word' id='word_1_638' title='bbox 2868 3518 3179 3568; x_wconf 84' lang='lat' dir='ltr'>cataractas</span> <span class='ocrx_word' id='word_1_639' title='bbox 3234 3516 3375 3582; x_wconf 69' lang='lat' dir='ltr'>cmli,</span> <span class='ocrx_word' id='word_1_640' title='bbox 3404 3516 3511 3572; x_wconf 89' lang='lat' dir='ltr'>hoc</span> 
     </span>
    </p>
   </div>
   <div class='ocr_carea' id='block_1_82' title="bbox 1913 3596 3508 3669">
    <p class='ocr_par' dir='ltr' id='par_1_82' title="bbox 1913 3596 3508 3669">
     <span class='ocr_line' id='line_1_82' title="bbox 1913 3596 3508 3669; baseline 0.004 -17"><span class='ocrx_word' id='word_1_641' title='bbox 1913 3603 2017 3663; x_wconf 90' lang='lat' dir='ltr'>est,</span> <span class='ocrx_word' id='word_1_642' title='bbox 2049 3596 2095 3650; x_wconf 89' lang='lat' dir='ltr'>si</span> <span class='ocrx_word' id='word_1_643' title='bbox 2126 3613 2236 3650; x_wconf 90' lang='lat' dir='ltr'>non</span> <span class='ocrx_word' id='word_1_644' title='bbox 2251 3604 2467 3651; x_wconf 84' lang='lat' dir='ltr'>tantam</span> <span class='ocrx_word' id='word_1_645' title='bbox 2495 3597 2713 3669; x_wconf 87' lang='lat' dir='ltr'>c0piam</span> <span class='ocrx_word' id='word_1_646' title='bbox 2737 3599 3051 3669; x_wconf 88' lang='lat' dir='ltr'>pluviarum</span> <span class='ocrx_word' id='word_1_647' title='bbox 3080 3601 3232 3655; x_wconf 89' lang='lat' dir='ltr'>vobis</span> <span class='ocrx_word' id='word_1_648' title='bbox 3262 3604 3508 3668; x_wconf 73' lang='lat' dir='ltr'>effando,</span> 
     </span>
    </p>
   </div>
   <div class='ocr_carea' id='block_1_83' title="bbox 1914 3686 3512 3759">
    <p class='ocr_par' dir='ltr' id='par_1_83' title="bbox 1914 3686 3512 3759">
     <span class='ocr_line' id='line_1_83' title="bbox 1914 3686 3512 3759; baseline 0.005 -19"><span class='ocrx_word' id='word_1_649' title='bbox 1914 3691 1980 3740; x_wconf 89' lang='lat' dir='ltr'>ut</span> <span class='ocrx_word' id='word_1_650' title='bbox 1996 3686 2299 3739; x_wconf 88' lang='lat' dir='ltr'>credantur</span> <span class='ocrx_word' id='word_1_651' title='bbox 2325 3686 2581 3740; x_wconf 70' lang='lat' dir='ltr'>fenestra:</span> <span class='ocrx_word' id='word_1_652' title='bbox 2606 3688 2729 3740; x_wconf 78' lang='lat' dir='ltr'>cceli</span> <span class='ocrx_word' id='word_1_653' title='bbox 2769 3696 2995 3759; x_wconf 70' lang='lat' dir='ltr'>apertae,</span> <span class='ocrx_word' id='word_1_654' title='bbox 3025 3696 3083 3744; x_wconf 86' lang='lat' dir='ltr'>et</span> <span class='ocrx_word' id='word_1_655' title='bbox 3111 3692 3391 3747; x_wconf 74' lang='lat' dir='ltr'>elfundam</span> <span class='ocrx_word' id='word_1_656' title='bbox 3420 3710 3512 3749; x_wconf 88' lang='lat' dir='ltr'>su-</span> 
     </span>
    </p>
   </div>
   <div class='ocr_carea' id='block_1_84' title="bbox 1911 3774 3506 3847">
    <p class='ocr_par' dir='ltr' id='par_1_84' title="bbox 1911 3774 3506 3847">
     <span class='ocr_line' id='line_1_84' title="bbox 1911 3774 3506 3847; baseline 0.006 -19"><span class='ocrx_word' id='word_1_657' title='bbox 1911 3792 2011 3845; x_wconf 91' lang='lat' dir='ltr'>per</span> <span class='ocrx_word' id='word_1_658' title='bbox 2064 3790 2159 3827; x_wconf 89' lang='lat' dir='ltr'>vos</span> <span class='ocrx_word' id='word_1_659' title='bbox 2207 3774 2649 3829; x_wconf 88' lang='lat' dir='ltr'>benedictionem</span> <span class='ocrx_word' id='word_1_660' title='bbox 2715 3792 2892 3847; x_wconf 92' lang='lat' dir='ltr'>usque</span> <span class='ocrx_word' id='word_1_661' title='bbox 2953 3779 3023 3831; x_wconf 87' lang='lat' dir='ltr'>ad</span> <span class='ocrx_word' id='word_1_662' title='bbox 3082 3779 3506 3838; x_wconf 83' lang='lat' dir='ltr'>abundantiam.</span> 
     </span>
    </p>
   </div>
   <div class='ocr_carea' id='block_1_85' title="bbox 1911 3861 3509 3937">
    <p class='ocr_par' dir='ltr' id='par_1_85' title="bbox 1911 3861 3509 3937">
     <span class='ocr_line' id='line_1_85' title="bbox 1911 3861 3509 3937; baseline 0.008 -23"><span class='ocrx_word' id='word_1_663' title='bbox 1911 3861 2094 3915; x_wconf 87' lang='lat' dir='ltr'>Verbo</span> <span class='ocrx_word' id='word_1_664' title='bbox 2147 3861 2433 3915; x_wconf 82' lang='lat' dir='ltr'>effusionis</span> <span class='ocrx_word' id='word_1_665' title='bbox 2488 3861 2724 3916; x_wconf 91' lang='lat' dir='ltr'>nimiam</span> <span class='ocrx_word' id='word_1_666' title='bbox 2771 3864 3093 3934; x_wconf 88' lang='lat' dir='ltr'>largitatem</span> <span class='ocrx_word' id='word_1_667' title='bbox 3152 3871 3416 3937; x_wconf 89' lang='lat' dir='ltr'>ostendit,</span> <span class='ocrx_word' id='word_1_668' title='bbox 3451 3878 3509 3927; x_wconf 89' lang='lat' dir='ltr'>et</span> 
     </span>
    </p>
   </div>
   <div class='ocr_carea' id='block_1_86' title="bbox 1912 3948 3505 4026">
    <p class='ocr_par' dir='ltr' id='par_1_86' title="bbox 1912 3948 3505 4026">
     <span class='ocr_line' id='line_1_86' title="bbox 1912 3948 3505 4026; baseline 0.008 -25"><span class='ocrx_word' id='word_1_669' title='bbox 1912 3949 2212 4019; x_wconf 90' lang='lat' dir='ltr'>increpabo</span> <span class='ocrx_word' id='word_1_670' title='bbox 2240 3966 2344 4020; x_wconf 91' lang='lat' dir='ltr'>pro</span> <span class='ocrx_word' id='word_1_671' title='bbox 2368 3948 2522 4002; x_wconf 90' lang='lat' dir='ltr'>vobis</span> <span class='ocrx_word' id='word_1_672' title='bbox 2551 3950 2933 4016; x_wconf 87' lang='lat' dir='ltr'>devorantem,</span> <span class='ocrx_word' id='word_1_673' title='bbox 2965 3953 3022 4006; x_wconf 91' lang='lat' dir='ltr'>id</span> <span class='ocrx_word' id='word_1_674' title='bbox 3070 3962 3157 4008; x_wconf 91' lang='lat' dir='ltr'>est</span> <span class='ocrx_word' id='word_1_675' title='bbox 3207 3956 3505 4026; x_wconf 90' lang='lat' dir='ltr'>locustam,</span> 
     </span>
    </p>
   </div>
   <div class='ocr_carea' id='block_1_87' title="bbox 1910 4035 3515 4111">
    <p class='ocr_par' dir='ltr' id='par_1_87' title="bbox 1910 4035 3515 4111">
     <span class='ocr_line' id='line_1_87' title="bbox 1910 4035 3515 4111; baseline 0.007 -21"><span class='ocrx_word' id='word_1_676' title='bbox 1910 4052 2153 4096; x_wconf 89' lang='lat' dir='ltr'>erucam.</span> <span class='ocrx_word' id='word_1_677' title='bbox 2187 4037 2273 4090; x_wconf 87' lang='lat' dir='ltr'>vel</span> <span class='ocrx_word' id='word_1_678' title='bbox 2298 4035 2631 4107; x_wconf 87' lang='lat' dir='ltr'>rubiginem,</span> <span class='ocrx_word' id='word_1_679' title='bbox 2661 4044 2972 4110; x_wconf 75' lang='lat' dir='ltr'>caeteraqde</span> <span class='ocrx_word' id='word_1_680' title='bbox 3004 4059 3127 4111; x_wconf 68' lang='lat' dir='ltr'>quae</span> <span class='ocrx_word' id='word_1_681' title='bbox 3158 4044 3322 4098; x_wconf 85' lang='lat' dir='ltr'>noxia</span> <span class='ocrx_word' id='word_1_682' title='bbox 3378 4052 3515 4101; x_wconf 89' lang='lat' dir='ltr'>sunt</span> 
     </span>
    </p>
   </div>
   <div class='ocr_carea' id='block_1_88' title="bbox 1909 4124 3510 4205">
    <p class='ocr_par' dir='ltr' id='par_1_88' title="bbox 1909 4124 3510 4205">
     <span class='ocr_line' id='line_1_88' title="bbox 1909 4124 3510 4205; baseline 0.007 -27"><span class='ocrx_word' id='word_1_683' title='bbox 1909 4125 2193 4179; x_wconf 87' lang='lat' dir='ltr'>laboribus</span> <span class='ocrx_word' id='word_1_684' title='bbox 2220 4124 2529 4191; x_wconf 91' lang='lat' dir='ltr'>hominum,</span> <span class='ocrx_word' id='word_1_685' title='bbox 2560 4125 2919 4197; x_wconf 85' lang='lat' dir='ltr'>increpando,</span> <span class='ocrx_word' id='word_1_686' title='bbox 2943 4129 3000 4183; x_wconf 92' lang='lat' dir='ltr'>id</span> <span class='ocrx_word' id='word_1_687' title='bbox 3021 4136 3125 4196; x_wconf 88' lang='lat' dir='ltr'>est,</span> <span class='ocrx_word' id='word_1_688' title='bbox 3149 4139 3291 4187; x_wconf 91' lang='lat' dir='ltr'>nutu</span> <span class='ocrx_word' id='word_1_689' title='bbox 3330 4135 3510 4205; x_wconf 89' lang='lat' dir='ltr'>maje-</span> 
     </span>
    </p>
   </div>
   <div class='ocr_carea' id='block_1_89' title="bbox 1912 4213 3512 4293">
    <p class='ocr_par' dir='ltr' id='par_1_89' title="bbox 1912 4213 3512 4293">
     <span class='ocr_line' id='line_1_89' title="bbox 1912 4213 3512 4293; baseline 0.007 -26"><span class='ocrx_word' id='word_1_690' title='bbox 1912 4213 2073 4267; x_wconf 82' lang='lat' dir='ltr'>statis</span> <span class='ocrx_word' id='word_1_691' title='bbox 2106 4230 2243 4269; x_wconf 67' lang='lat' dir='ltr'>mete</span> <span class='ocrx_word' id='word_1_692' title='bbox 2270 4214 2574 4285; x_wconf 90' lang='lat' dir='ltr'>prohibebo</span> <span class='ocrx_word' id='word_1_693' title='bbox 2602 4232 2634 4269; x_wconf 91' lang='lat' dir='ltr'>a</span> <span class='ocrx_word' id='word_1_694' title='bbox 2664 4215 2901 4283; x_wconf 87' lang='lat' dir='ltr'>vobis,et</span> <span class='ocrx_word' id='word_1_695' title='bbox 2920 4234 3031 4273; x_wconf 91' lang='lat' dir='ltr'>non</span> <span class='ocrx_word' id='word_1_696' title='bbox 3050 4227 3373 4293; x_wconf 89' lang='lat' dir='ltr'>corrumpet</span> <span class='ocrx_word' id='word_1_697' title='bbox 3390 4223 3512 4279; x_wconf 87' lang='lat' dir='ltr'>fru-</span> 
     </span>
    </p>
   </div>
   <div class='ocr_carea' id='block_1_90' title="bbox 246 4300 3516 4394">
    <p class='ocr_par' dir='ltr' id='par_1_90' title="bbox 246 4300 3516 4394">
     <span class='ocr_line' id='line_1_90' title="bbox 246 4300 3516 4394; baseline 0.002 -35"><span class='ocrx_word' id='word_1_698' title='bbox 246 4306 437 4360; x_wconf 86' lang='lat' dir='ltr'>denter</span> <span class='ocrx_word' id='word_1_699' title='bbox 454 4307 841 4373; x_wconf 90' lang='lat' dir='ltr'>interrogant:</span> <span class='ocrx_word' id='word_1_700' title='bbox 871 4323 893 4355; x_wconf 81' lang='grc' dir='ltr'>ι</span> <span class='ocrx_word' id='word_1_701' title='bbox 927 4302 995 4357; x_wconf 89' lang='lat' dir='ltr'>In</span> <span class='ocrx_word' id='word_1_702' title='bbox 1014 4318 1124 4373; x_wconf 90' lang='lat' dir='ltr'>quo</span> <span class='ocrx_word' id='word_1_703' title='bbox 1146 4307 1494 4356; x_wconf 87' lang='lat' dir='ltr'>revertemur</span> <span class='ocrx_word' id='word_1_704' title='bbox 1510 4300 1666 4371; x_wconf 74' lang='lat' dir='ltr'>?»qui</span> <span class='ocrx_word' id='word_1_705' title='bbox 1687 4306 1898 4394; x_wconf 69' lang='lat' dir='ltr'>nun-1&#39;)</span> <span class='ocrx_word' id='word_1_706' title='bbox 1915 4308 2036 4356; x_wconf 92' lang='lat' dir='ltr'>etus</span> <span class='ocrx_word' id='word_1_707' title='bbox 2064 4308 2228 4358; x_wconf 69' lang='lat' dir='ltr'>terra:</span> <span class='ocrx_word' id='word_1_708' title='bbox 2257 4311 2454 4358; x_wconf 65' lang='lat' dir='ltr'>vestra:</span> <span class='ocrx_word' id='word_1_709' title='bbox 2479 4309 2748 4375; x_wconf 87' lang='lat' dir='ltr'>tantaque</span> <span class='ocrx_word' id='word_1_710' title='bbox 2786 4306 2895 4363; x_wconf 89' lang='lat' dir='ltr'>erit</span> <span class='ocrx_word' id='word_1_711' title='bbox 2927 4314 3113 4362; x_wconf 89' lang='lat' dir='ltr'>vestra</span> <span class='ocrx_word' id='word_1_712' title='bbox 3167 4310 3422 4375; x_wconf 90' lang='lat' dir='ltr'>felicitas,</span> <span class='ocrx_word' id='word_1_713' title='bbox 3449 4317 3516 4367; x_wconf 90' lang='lat' dir='ltr'>ut</span> 
     </span>
    </p>
   </div>
   <div class='ocr_carea' id='block_1_91' title="bbox 245 4388 1830 4462">
    <p class='ocr_par' dir='ltr' id='par_1_91' title="bbox 245 4388 1830 4462">
     <span class='ocr_line' id='line_1_91' title="bbox 245 4388 1830 4462; baseline -0.004 -16"><span class='ocrx_word' id='word_1_714' title='bbox 245 4409 407 4462; x_wconf 85' lang='lat' dir='ltr'>quam</span> <span class='ocrx_word' id='word_1_715' title='bbox 439 4394 775 4448; x_wconf 88' lang='lat' dir='ltr'>recessimus</span> <span class='ocrx_word' id='word_1_716' title='bbox 803 4409 838 4446; x_wconf 92' lang='lat' dir='ltr'>a</span> <span class='ocrx_word' id='word_1_717' title='bbox 864 4399 939 4446; x_wconf 90' lang='lat' dir='ltr'>te.</span> <span class='ocrx_word' id='word_1_718' title='bbox 969 4391 1182 4455; x_wconf 87' lang='lat' dir='ltr'>Quibus</span> <span class='ocrx_word' id='word_1_719' title='bbox 1211 4388 1482 4443; x_wconf 91' lang='lat' dir='ltr'>Dominus</span> <span class='ocrx_word' id='word_1_720' title='bbox 1511 4388 1830 4459; x_wconf 77' lang='lat' dir='ltr'>respondit:</span> 
     </span>
    </p>
   </div>
   <div class='ocr_carea' id='block_1_92' title="bbox 314 4477 1832 4552">
    <p class='ocr_par' dir='ltr' id='par_1_92' title="bbox 314 4477 1832 4552">
     <span class='ocr_line' id='line_1_92' title="bbox 314 4477 1832 4552; baseline -0.001 -20"><span class='ocrx_word' id='word_1_721' title='bbox 314 4502 335 4532; x_wconf 76' lang='grc' dir='ltr'><strong><em>ι</em></strong></span> <span class='ocrx_word' id='word_1_722' title='bbox 373 4483 433 4536; x_wconf 89' lang='lat' dir='ltr'>Si</span> <span class='ocrx_word' id='word_1_723' title='bbox 463 4482 678 4552; x_wconf 84' lang='lat' dir='ltr'>afﬂiget</span> <span class='ocrx_word' id='word_1_724' title='bbox 699 4481 865 4535; x_wconf 91' lang='lat' dir='ltr'>homo</span> <span class='ocrx_word' id='word_1_725' title='bbox 886 4480 1084 4544; x_wconf 90' lang='lat' dir='ltr'>Deum,</span> <span class='ocrx_word' id='word_1_726' title='bbox 1108 4477 1241 4548; x_wconf 91' lang='lat' dir='ltr'>quia</span> <span class='ocrx_word' id='word_1_727' title='bbox 1258 4493 1351 4531; x_wconf 91' lang='lat' dir='ltr'>vos</span> <span class='ocrx_word' id='word_1_728' title='bbox 1371 4477 1647 4547; x_wconf 80' lang='lat' dir='ltr'>conﬁgitis</span> <span class='ocrx_word' id='word_1_729' title='bbox 1669 4493 1758 4531; x_wconf 90' lang='lat' dir='ltr'>me</span> <span class='ocrx_word' id='word_1_730' title='bbox 1778 4482 1832 4531; x_wconf 91' lang='lat' dir='ltr'>et</span> 
     </span>
    </p>
   </div>
   <div class='ocr_carea' id='block_1_93' title="bbox 244 4564 1832 4640">
    <p class='ocr_par' dir='ltr' id='par_1_93' title="bbox 244 4564 1832 4640">
     <span class='ocr_line' id='line_1_93' title="bbox 244 4564 1832 4640; baseline -0.004 -17"><span class='ocrx_word' id='word_1_731' title='bbox 244 4569 455 4624; x_wconf 79' lang='lat' dir='ltr'>dixistis</span> <span class='ocrx_word' id='word_1_732' title='bbox 478 4584 490 4616; x_wconf 76' lang='grc' dir='ltr'>ε</span> <span class='ocrx_word' id='word_1_733' title='bbox 520 4571 585 4625; x_wconf 90' lang='lat' dir='ltr'>In</span> <span class='ocrx_word' id='word_1_734' title='bbox 599 4585 710 4640; x_wconf 89' lang='lat' dir='ltr'>quo</span> <span class='ocrx_word' id='word_1_735' title='bbox 738 4568 1069 4638; x_wconf 86' lang='lat' dir='ltr'>conﬁgimus</span> <span class='ocrx_word' id='word_1_736' title='bbox 1098 4566 1199 4620; x_wconf 80' lang='lat' dir='ltr'>te?</span> <span class='ocrx_word' id='word_1_737' title='bbox 1226 4566 1291 4619; x_wconf 90' lang='lat' dir='ltr'>In</span> <span class='ocrx_word' id='word_1_738' title='bbox 1314 4564 1546 4618; x_wconf 89' lang='lat' dir='ltr'>decimis</span> <span class='ocrx_word' id='word_1_739' title='bbox 1560 4565 1690 4619; x_wconf 88' lang='lat' dir='ltr'>etin</span> <span class='ocrx_word' id='word_1_740' title='bbox 1713 4564 1832 4635; x_wconf 91' lang='lat' dir='ltr'>pri-</span> 
     </span>
    </p>
   </div>
   <div class='ocr_carea' id='block_1_94' title="bbox 246 4653 1835 4729">
    <p class='ocr_par' dir='ltr' id='par_1_94' title="bbox 246 4653 1835 4729">
     <span class='ocr_line' id='line_1_94' title="bbox 246 4653 1835 4729; baseline -0.003 -18"><span class='ocrx_word' id='word_1_741' title='bbox 246 4658 411 4712; x_wconf 88' lang='lat' dir='ltr'>mitiis</span> <span class='ocrx_word' id='word_1_742' title='bbox 436 4664 493 4713; x_wconf 90' lang='lat' dir='ltr'>et</span> <span class='ocrx_word' id='word_1_743' title='bbox 512 4659 569 4712; x_wconf 91' lang='lat' dir='ltr'>in</span> <span class='ocrx_word' id='word_1_744' title='bbox 600 4657 858 4729; x_wconf 88' lang='lat' dir='ltr'>penuria,</span> <span class='ocrx_word' id='word_1_745' title='bbox 889 4672 984 4709; x_wconf 92' lang='lat' dir='ltr'>vos</span> <span class='ocrx_word' id='word_1_746' title='bbox 1016 4653 1300 4708; x_wconf 89' lang='lat' dir='ltr'>maledicti</span> <span class='ocrx_word' id='word_1_747' title='bbox 1328 4653 1485 4716; x_wconf 88' lang='lat' dir='ltr'>estis,</span> <span class='ocrx_word' id='word_1_748' title='bbox 1517 4659 1574 4707; x_wconf 91' lang='lat' dir='ltr'>et</span> <span class='ocrx_word' id='word_1_749' title='bbox 1594 4671 1688 4707; x_wconf 93' lang='lat' dir='ltr'>vos</span> <span class='ocrx_word' id='word_1_750' title='bbox 1707 4669 1835 4706; x_wconf 86' lang='lat' dir='ltr'>con-</span> 
     </span>
    </p>
   </div>
   <div class='ocr_carea' id='block_1_95' title="bbox 160 4742 1837 4817">
    <p class='ocr_par' dir='ltr' id='par_1_95' title="bbox 160 4742 1837 4817">
     <span class='ocr_line' id='line_1_95' title="bbox 160 4742 1837 4817; baseline 0 -22"><span class='ocrx_word' id='word_1_751' title='bbox 160 4788 167 4795; x_wconf 84' lang='lat'>.</span> <span class='ocrx_word' id='word_1_752' title='bbox 246 4746 407 4817; x_wconf 87' lang='lat' dir='ltr'>ﬁgitis</span> <span class='ocrx_word' id='word_1_753' title='bbox 431 4765 519 4801; x_wconf 90' lang='lat' dir='ltr'>me</span> <span class='ocrx_word' id='word_1_754' title='bbox 542 4763 684 4817; x_wconf 88' lang='lat' dir='ltr'>gens</span> <span class='ocrx_word' id='word_1_755' title='bbox 706 4752 841 4799; x_wconf 85' lang='lat' dir='ltr'>tota.</span> <span class='ocrx_word' id='word_1_756' title='bbox 866 4745 1073 4799; x_wconf 87' lang='lat' dir='ltr'>Inferte</span> <span class='ocrx_word' id='word_1_757' title='bbox 1090 4759 1315 4797; x_wconf 90' lang='lat' dir='ltr'>omnem</span> <span class='ocrx_word' id='word_1_758' title='bbox 1337 4743 1612 4796; x_wconf 91' lang='lat' dir='ltr'>decimam</span> <span class='ocrx_word' id='word_1_759' title='bbox 1633 4742 1689 4796; x_wconf 89' lang='lat' dir='ltr'>in</span> <span class='ocrx_word' id='word_1_760' title='bbox 1710 4742 1837 4795; x_wconf 92' lang='lat' dir='ltr'>hor-</span> 
     </span>
    </p>
   </div>
   <div class='ocr_carea' id='block_1_96' title="bbox 244 4826 1835 4902">
    <p class='ocr_par' dir='ltr' id='par_1_96' title="bbox 244 4826 1835 4902">
     <span class='ocr_line' id='line_1_96' title="bbox 244 4826 1835 4902; baseline -0.002 -15"><span class='ocrx_word' id='word_1_761' title='bbox 244 4826 416 4900; x_wconf 80' lang='lat' dir='ltr'>reum,</span> <span class='ocrx_word' id='word_1_762' title='bbox 452 4844 509 4890; x_wconf 90' lang='lat' dir='ltr'>et</span> <span class='ocrx_word' id='word_1_763' title='bbox 535 4840 610 4889; x_wconf 85' lang='lat' dir='ltr'>sit</span> <span class='ocrx_word' id='word_1_764' title='bbox 637 4834 795 4888; x_wconf 91' lang='lat' dir='ltr'>cibus</span> <span class='ocrx_word' id='word_1_765' title='bbox 831 4834 890 4887; x_wconf 93' lang='lat' dir='ltr'>in</span> <span class='ocrx_word' id='word_1_766' title='bbox 933 4833 1098 4886; x_wconf 88' lang='lat' dir='ltr'>domo</span> <span class='ocrx_word' id='word_1_767' title='bbox 1153 4848 1299 4898; x_wconf 86' lang='lat' dir='ltr'>mea,</span> <span class='ocrx_word' id='word_1_768' title='bbox 1345 4837 1403 4885; x_wconf 90' lang='lat' dir='ltr'>et</span> <span class='ocrx_word' id='word_1_769' title='bbox 1459 4830 1691 4902; x_wconf 89' lang='lat' dir='ltr'>probate</span> <span class='ocrx_word' id='word_1_770' title='bbox 1744 4848 1835 4885; x_wconf 91' lang='lat' dir='ltr'>me</span> 
     </span>
    </p>
   </div>
   <div class='ocr_carea' id='block_1_97' title="bbox 246 4919 1838 4994">
    <p class='ocr_par' dir='ltr' id='par_1_97' title="bbox 246 4919 1838 4994">
     <span class='ocr_line' id='line_1_97' title="bbox 246 4919 1838 4994; baseline -0.003 -16"><span class='ocrx_word' id='word_1_771' title='bbox 246 4939 409 4994; x_wconf 84' lang='lat' dir='ltr'>super</span> <span class='ocrx_word' id='word_1_772' title='bbox 434 4925 558 4988; x_wconf 86' lang='lat' dir='ltr'>hoc,</span> <span class='ocrx_word' id='word_1_773' title='bbox 587 4923 724 4978; x_wconf 87' lang='lat' dir='ltr'>dicit</span> <span class='ocrx_word' id='word_1_774' title='bbox 784 4922 1076 4988; x_wconf 89' lang='lat' dir='ltr'>Dominus,</span> <span class='ocrx_word' id='word_1_775' title='bbox 1108 4920 1157 4975; x_wconf 91' lang='lat' dir='ltr'>si</span> <span class='ocrx_word' id='word_1_776' title='bbox 1201 4935 1312 4975; x_wconf 91' lang='lat' dir='ltr'>non</span> <span class='ocrx_word' id='word_1_777' title='bbox 1360 4936 1634 4991; x_wconf 90' lang='lat' dir='ltr'>aperuero</span> <span class='ocrx_word' id='word_1_778' title='bbox 1684 4919 1838 4974; x_wconf 89' lang='lat' dir='ltr'>vobis</span> 
     </span>
    </p>
   </div>
   <div class='ocr_carea' id='block_1_98' title="bbox 241 5008 1836 5079">
    <p class='ocr_par' dir='ltr' id='par_1_98' title="bbox 241 5008 1836 5079">
     <span class='ocr_line' id='line_1_98' title="bbox 241 5008 1836 5079; baseline -0.001 -15"><span class='ocrx_word' id='word_1_779' title='bbox 241 5020 540 5067; x_wconf 82' lang='lat' dir='ltr'>cataractas</span> <span class='ocrx_word' id='word_1_780' title='bbox 584 5011 728 5079; x_wconf 69' lang='lat' dir='ltr'>caeli,</span> <span class='ocrx_word' id='word_1_781' title='bbox 772 5018 828 5065; x_wconf 91' lang='lat' dir='ltr'>et</span> <span class='ocrx_word' id='word_1_782' title='bbox 874 5010 1124 5065; x_wconf 72' lang='lat' dir='ltr'>etfudero</span> <span class='ocrx_word' id='word_1_783' title='bbox 1178 5008 1331 5063; x_wconf 89' lang='lat' dir='ltr'>vobis</span> <span class='ocrx_word' id='word_1_784' title='bbox 1386 5008 1836 5063; x_wconf 87' lang='lat' dir='ltr'>benedictionem</span> 
     </span>
    </p>
   </div>
   <div class='ocr_carea' id='block_1_99' title="bbox 243 5097 1835 5171">
    <p class='ocr_par' dir='ltr' id='par_1_99' title="bbox 243 5097 1835 5171">
     <span class='ocr_line' id='line_1_99' title="bbox 243 5097 1835 5171; baseline -0.001 -19"><span class='ocrx_word' id='word_1_785' title='bbox 243 5114 416 5171; x_wconf 83' lang='lat' dir='ltr'>usque</span> <span class='ocrx_word' id='word_1_786' title='bbox 447 5102 514 5155; x_wconf 90' lang='lat' dir='ltr'>ad</span> <span class='ocrx_word' id='word_1_787' title='bbox 550 5099 976 5165; x_wconf 87' lang='lat' dir='ltr'>abundantiam,</span> <span class='ocrx_word' id='word_1_788' title='bbox 1002 5106 1058 5154; x_wconf 89' lang='lat' dir='ltr'>et</span> <span class='ocrx_word' id='word_1_789' title='bbox 1104 5097 1402 5169; x_wconf 90' lang='lat' dir='ltr'>increpabo</span> <span class='ocrx_word' id='word_1_790' title='bbox 1432 5115 1532 5169; x_wconf 89' lang='lat' dir='ltr'>pro</span> <span class='ocrx_word' id='word_1_791' title='bbox 1552 5097 1705 5152; x_wconf 91' lang='lat' dir='ltr'>vobis</span> <span class='ocrx_word' id='word_1_792' title='bbox 1735 5098 1835 5151; x_wconf 87' lang='lat' dir='ltr'>de-</span> 
     </span>
    </p>
   </div>
   <div class='ocr_carea' id='block_1_100' title="bbox 242 5189 1830 5260">
    <p class='ocr_par' dir='ltr' id='par_1_100' title="bbox 242 5189 1830 5260">
     <span class='ocr_line' id='line_1_100' title="bbox 242 5189 1830 5260; baseline 0 -18"><span class='ocrx_word' id='word_1_793' title='bbox 242 5198 546 5257; x_wconf 86' lang='lat' dir='ltr'>vorantem,</span> <span class='ocrx_word' id='word_1_794' title='bbox 580 5199 638 5246; x_wconf 91' lang='lat' dir='ltr'>et</span> <span class='ocrx_word' id='word_1_795' title='bbox 655 5208 767 5245; x_wconf 91' lang='lat' dir='ltr'>non</span> <span class='ocrx_word' id='word_1_796' title='bbox 798 5195 1119 5260; x_wconf 84' lang='lat' dir='ltr'>corrumpet</span> <span class='ocrx_word' id='word_1_797' title='bbox 1148 5189 1393 5243; x_wconf 89' lang='lat' dir='ltr'>fructum</span> <span class='ocrx_word' id='word_1_798' title='bbox 1426 5194 1588 5242; x_wconf 63' lang='lat' dir='ltr'>terrae</span> <span class='ocrx_word' id='word_1_799' title='bbox 1617 5193 1830 5255; x_wconf 63' lang='lat' dir='ltr'>vestrae,</span> 
     </span>
    </p>
   </div>
   <div class='ocr_carea' id='block_1_101' title="bbox 247 5276 1834 5348">
    <p class='ocr_par' dir='ltr' id='par_1_101' title="bbox 247 5276 1834 5348">
     <span class='ocr_line' id='line_1_101' title="bbox 247 5276 1834 5348; baseline -0.001 -17"><span class='ocrx_word' id='word_1_800' title='bbox 247 5294 345 5332; x_wconf 91' lang='lat' dir='ltr'>nec</span> <span class='ocrx_word' id='word_1_801' title='bbox 365 5281 475 5333; x_wconf 89' lang='lat' dir='ltr'>erit</span> <span class='ocrx_word' id='word_1_802' title='bbox 498 5280 705 5335; x_wconf 90' lang='lat' dir='ltr'>sterilis</span> <span class='ocrx_word' id='word_1_803' title='bbox 733 5279 893 5333; x_wconf 88' lang='lat' dir='ltr'>vinea</span> <span class='ocrx_word' id='word_1_804' title='bbox 921 5278 979 5332; x_wconf 90' lang='lat' dir='ltr'>in</span> <span class='ocrx_word' id='word_1_805' title='bbox 1004 5294 1159 5348; x_wconf 85' lang='lat' dir='ltr'>agro,</span> <span class='ocrx_word' id='word_1_806' title='bbox 1189 5278 1324 5331; x_wconf 88' lang='lat' dir='ltr'>dicit</span> <span class='ocrx_word' id='word_1_807' title='bbox 1361 5276 1631 5331; x_wconf 91' lang='lat' dir='ltr'>Dominus</span> <span class='ocrx_word' id='word_1_808' title='bbox 1676 5293 1834 5331; x_wconf 83' lang='lat' dir='ltr'>exer-</span> 
     </span>
    </p>
   </div>
   <div class='ocr_carea' id='block_1_102' title="bbox 250 5363 1837 5435">
    <p class='ocr_par' dir='ltr' id='par_1_102' title="bbox 250 5363 1837 5435">
     <span class='ocr_line' id='line_1_102' title="bbox 250 5363 1837 5435; baseline -0.002 -15"><span class='ocrx_word' id='word_1_809' title='bbox 250 5366 478 5433; x_wconf 86' lang='lat' dir='ltr'>cituum,</span> <span class='ocrx_word' id='word_1_810' title='bbox 498 5376 553 5423; x_wconf 90' lang='lat' dir='ltr'>et</span> <span class='ocrx_word' id='word_1_811' title='bbox 576 5369 769 5423; x_wconf 90' lang='lat' dir='ltr'>beatos</span> <span class='ocrx_word' id='word_1_812' title='bbox 794 5385 888 5422; x_wconf 88' lang='lat' dir='ltr'>vos</span> <span class='ocrx_word' id='word_1_813' title='bbox 918 5367 1110 5421; x_wconf 90' lang='lat' dir='ltr'>dicent</span> <span class='ocrx_word' id='word_1_814' title='bbox 1164 5382 1360 5420; x_wconf 89' lang='lat' dir='ltr'>omnes</span> <span class='ocrx_word' id='word_1_815' title='bbox 1408 5372 1623 5435; x_wconf 89' lang='lat' dir='ltr'>gentes.</span> <span class='ocrx_word' id='word_1_816' title='bbox 1665 5363 1837 5419; x_wconf 88' lang='lat' dir='ltr'>Eritis</span> 
     </span>
    </p>
   </div>
   <div class='ocr_carea' id='block_1_103' title="bbox 253 5454 1839 5520">
    <p class='ocr_par' dir='ltr' id='par_1_103' title="bbox 253 5454 1839 5520">
     <span class='ocr_line' id='line_1_103' title="bbox 253 5454 1839 5520; baseline 0 -12"><span class='ocrx_word' id='word_1_817' title='bbox 253 5456 398 5509; x_wconf 89' lang='lat' dir='ltr'>enim</span> <span class='ocrx_word' id='word_1_818' title='bbox 420 5473 510 5511; x_wconf 87' lang='lat' dir='ltr'>vos</span> <span class='ocrx_word' id='word_1_819' title='bbox 535 5465 690 5513; x_wconf 85' lang='lat' dir='ltr'>terra</span> <span class='ocrx_word' id='word_1_820' title='bbox 733 5455 1139 5520; x_wconf 89' lang='lat' dir='ltr'>desiderabilis,</span> <span class='ocrx_word' id='word_1_821' title='bbox 1168 5454 1303 5508; x_wconf 90' lang='lat' dir='ltr'>dicit</span> <span class='ocrx_word' id='word_1_822' title='bbox 1340 5454 1612 5508; x_wconf 90' lang='lat' dir='ltr'>Dominus</span> <span class='ocrx_word' id='word_1_823' title='bbox 1633 5454 1839 5509; x_wconf 80' lang='lat' dir='ltr'>exerci-</span> 
     </span>
    </p>
   </div>
   <div class='ocr_carea' id='block_1_104' title="bbox 255 5542 1839 5616">
    <p class='ocr_par' dir='ltr' id='par_1_104' title="bbox 255 5542 1839 5616">
     <span class='ocr_line' id='line_1_104' title="bbox 255 5542 1839 5616; baseline 0 -20"><span class='ocrx_word' id='word_1_824' title='bbox 255 5550 438 5597; x_wconf 87' lang='lat' dir='ltr'>tuum.</span> <span class='ocrx_word' id='word_1_825' title='bbox 471 5565 491 5595; x_wconf 78' lang='grc' dir='ltr'><strong>ι</strong></span> <span class='ocrx_word' id='word_1_826' title='bbox 521 5543 888 5616; x_wconf 88' lang='lat' dir='ltr'>Temporibus</span> <span class='ocrx_word' id='word_1_827' title='bbox 920 5543 1206 5599; x_wconf 83' lang='lat' dir='ltr'>Malachiae</span> <span class='ocrx_word' id='word_1_828' title='bbox 1227 5542 1350 5614; x_wconf 89' lang='lat' dir='ltr'>(qui</span> <span class='ocrx_word' id='word_1_829' title='bbox 1377 5548 1434 5596; x_wconf 90' lang='lat' dir='ltr'>et</span> <span class='ocrx_word' id='word_1_830' title='bbox 1478 5542 1683 5597; x_wconf 87' lang='lat' dir='ltr'>Esdras</span> <span class='ocrx_word' id='word_1_831' title='bbox 1717 5558 1839 5597; x_wconf 89' lang='lat' dir='ltr'>esse</span> 
     </span>
    </p>
   </div>
   <div class='ocr_carea' id='block_1_105' title="bbox 1915 4392 3516 4463">
    <p class='ocr_par' dir='ltr' id='par_1_105' title="bbox 1915 4392 3516 4463">
     <span class='ocr_line' id='line_1_105' title="bbox 1915 4392 3516 4463; baseline 0.006 -16"><span class='ocrx_word' id='word_1_832' title='bbox 1915 4398 2127 4448; x_wconf 78' lang='lat' dir='ltr'>cunctae</span> <span class='ocrx_word' id='word_1_833' title='bbox 2156 4409 2256 4463; x_wconf 92' lang='lat' dir='ltr'>per</span> <span class='ocrx_word' id='word_1_834' title='bbox 2283 4392 2584 4447; x_wconf 91' lang='lat' dir='ltr'>circuitum</span> <span class='ocrx_word' id='word_1_835' title='bbox 2614 4393 2870 4449; x_wconf 90' lang='lat' dir='ltr'>nationes</span> <span class='ocrx_word' id='word_1_836' title='bbox 2895 4396 3175 4453; x_wconf 89' lang='lat' dir='ltr'>mirentur</span> <span class='ocrx_word' id='word_1_837' title='bbox 3214 4405 3381 4455; x_wconf 60' lang='lat' dir='ltr'>terra;</span> <span class='ocrx_word' id='word_1_838' title='bbox 3418 4417 3516 4456; x_wconf 88' lang='lat' dir='ltr'>ve-</span> 
     </span>
    </p>
   </div>
   <div class='ocr_carea' id='block_1_106' title="bbox 1917 4475 3515 4556">
    <p class='ocr_par' dir='ltr' id='par_1_106' title="bbox 1917 4475 3515 4556">
     <span class='ocr_line' id='line_1_106' title="bbox 1917 4475 3515 4556; baseline 0.007 -27"><span class='ocrx_word' id='word_1_839' title='bbox 1917 4482 2046 4530; x_wconf 71' lang='lat' dir='ltr'>stra:</span> <span class='ocrx_word' id='word_1_840' title='bbox 2071 4475 2438 4542; x_wconf 89' lang='lat' dir='ltr'>fertilitatem,</span> <span class='ocrx_word' id='word_1_841' title='bbox 2475 4482 2533 4530; x_wconf 89' lang='lat' dir='ltr'>et</span> <span class='ocrx_word' id='word_1_842' title='bbox 2560 4478 2716 4532; x_wconf 89' lang='lat' dir='ltr'>eritis</span> <span class='ocrx_word' id='word_1_843' title='bbox 2746 4484 2899 4533; x_wconf 87' lang='lat' dir='ltr'>terra</span> <span class='ocrx_word' id='word_1_844' title='bbox 2949 4480 3356 4542; x_wconf 82' lang='lat' dir='ltr'>desiderabilis,</span> <span class='ocrx_word' id='word_1_845' title='bbox 3381 4485 3515 4556; x_wconf 87' lang='lat' dir='ltr'>quia</span> 
     </span>
    </p>
   </div>
   <div class='ocr_carea' id='block_1_107' title="bbox 1916 4564 3516 4632">
    <p class='ocr_par' dir='ltr' id='par_1_107' title="bbox 1916 4564 3516 4632">
     <span class='ocr_line' id='line_1_107' title="bbox 1916 4564 3516 4632; baseline 0.004 -14"><span class='ocrx_word' id='word_1_846' title='bbox 1916 4580 2112 4618; x_wconf 90' lang='lat' dir='ltr'>omnes</span> <span class='ocrx_word' id='word_1_847' title='bbox 2141 4564 2541 4619; x_wconf 90' lang='lat' dir='ltr'>desiderabunt</span> <span class='ocrx_word' id='word_1_848' title='bbox 2560 4565 2618 4619; x_wconf 90' lang='lat' dir='ltr'>in</span> <span class='ocrx_word' id='word_1_849' title='bbox 2647 4583 2712 4620; x_wconf 90' lang='lat' dir='ltr'>ea</span> <span class='ocrx_word' id='word_1_850' title='bbox 2741 4566 3016 4626; x_wconf 86' lang='lat' dir='ltr'>habitare.</span> <span class='ocrx_word' id='word_1_851' title='bbox 3049 4569 3209 4632; x_wconf 88' lang='lat' dir='ltr'>Quod</span> <span class='ocrx_word' id='word_1_852' title='bbox 3238 4578 3425 4625; x_wconf 90' lang='lat' dir='ltr'>autem</span> <span class='ocrx_word' id='word_1_853' title='bbox 3445 4572 3516 4625; x_wconf 89' lang='lat' dir='ltr'>de</span> 
     </span>
    </p>
   </div>
   <div class='ocr_carea' id='block_1_108' title="bbox 1915 4653 3513 4727">
    <p class='ocr_par' dir='ltr' id='par_1_108' title="bbox 1915 4653 3513 4727">
     <span class='ocr_line' id='line_1_108' title="bbox 1915 4653 3513 4727; baseline 0.004 -21"><span class='ocrx_word' id='word_1_854' title='bbox 1915 4653 2138 4707; x_wconf 90' lang='lat' dir='ltr'>illorum</span> <span class='ocrx_word' id='word_1_855' title='bbox 2169 4653 2420 4721; x_wconf 86' lang='lat' dir='ltr'>decimis,</span> <span class='ocrx_word' id='word_1_856' title='bbox 2475 4655 2581 4709; x_wconf 92' lang='lat' dir='ltr'>hoc</span> <span class='ocrx_word' id='word_1_857' title='bbox 2628 4655 2696 4708; x_wconf 91' lang='lat' dir='ltr'>de</span> <span class='ocrx_word' id='word_1_858' title='bbox 2749 4655 3006 4711; x_wconf 77' lang='lat' dir='ltr'>Ecclesiae</span> <span class='ocrx_word' id='word_1_859' title='bbox 3062 4658 3280 4727; x_wconf 90' lang='lat' dir='ltr'>populis</span> <span class='ocrx_word' id='word_1_860' title='bbox 3327 4659 3513 4713; x_wconf 89' lang='lat' dir='ltr'>dicere</span> 
     </span>
    </p>
   </div>
   <div class='ocr_carea' id='block_1_109' title="bbox 1916 4742 3512 4813">
    <p class='ocr_par' dir='ltr' id='par_1_109' title="bbox 1916 4742 3512 4813">
     <span class='ocr_line' id='line_1_109' title="bbox 1916 4742 3512 4813; baseline 0.004 -19"><span class='ocrx_word' id='word_1_861' title='bbox 1916 4758 2234 4812; x_wconf 89' lang='lat' dir='ltr'>possumus,</span> <span class='ocrx_word' id='word_1_862' title='bbox 2269 4742 2470 4813; x_wconf 90' lang='lat' dir='ltr'>quibus</span> <span class='ocrx_word' id='word_1_863' title='bbox 2501 4742 2823 4813; x_wconf 67' lang='lat' dir='ltr'>praecipitur</span> <span class='ocrx_word' id='word_1_864' title='bbox 2841 4760 2951 4797; x_wconf 92' lang='lat' dir='ltr'>non</span> <span class='ocrx_word' id='word_1_865' title='bbox 2974 4745 3154 4797; x_wconf 89' lang='lat' dir='ltr'>solum</span> <span class='ocrx_word' id='word_1_866' title='bbox 3180 4751 3243 4799; x_wconf 90' lang='lat' dir='ltr'>ut</span> <span class='ocrx_word' id='word_1_867' title='bbox 3264 4746 3512 4801; x_wconf 88' lang='lat' dir='ltr'>decimas</span> 
     </span>
    </p>
   </div>
   <div class='ocr_carea' id='block_1_110' title="bbox 1917 4830 3513 4902">
    <p class='ocr_par' dir='ltr' id='par_1_110' title="bbox 1917 4830 3513 4902">
     <span class='ocr_line' id='line_1_110' title="bbox 1917 4830 3513 4902; baseline 0.004 -19"><span class='ocrx_word' id='word_1_868' title='bbox 1917 4830 2069 4896; x_wconf 90' lang='lat' dir='ltr'>dent,</span> <span class='ocrx_word' id='word_1_869' title='bbox 2099 4831 2196 4884; x_wconf 88' lang='lat' dir='ltr'>sed</span> <span class='ocrx_word' id='word_1_870' title='bbox 2226 4836 2290 4884; x_wconf 91' lang='lat' dir='ltr'>ut</span> <span class='ocrx_word' id='word_1_871' title='bbox 2313 4831 2480 4884; x_wconf 85' lang='lat' dir='ltr'>etiam</span> <span class='ocrx_word' id='word_1_872' title='bbox 2504 4848 2605 4884; x_wconf 92' lang='lat' dir='ltr'>sua</span> <span class='ocrx_word' id='word_1_873' title='bbox 2652 4831 2840 4884; x_wconf 90' lang='lat' dir='ltr'>omnia</span> <span class='ocrx_word' id='word_1_874' title='bbox 2864 4831 3203 4902; x_wconf 85' lang='lat' dir='ltr'>pauperibus</span> <span class='ocrx_word' id='word_1_875' title='bbox 3233 4840 3293 4888; x_wconf 87' lang='lat' dir='ltr'>et</span> <span class='ocrx_word' id='word_1_876' title='bbox 3320 4835 3513 4890; x_wconf 88' lang='lat' dir='ltr'>Eccle-</span> 
     </span>
    </p>
   </div>
   <div class='ocr_carea' id='block_1_111' title="bbox 1920 4920 3514 4989">
    <p class='ocr_par' dir='ltr' id='par_1_111' title="bbox 1920 4920 3514 4989">
     <span class='ocr_line' id='line_1_111' title="bbox 1920 4920 3514 4989; baseline 0.004 -16"><span class='ocrx_word' id='word_1_877' title='bbox 1920 4920 2014 4974; x_wconf 69' lang='lat' dir='ltr'>siae</span> <span class='ocrx_word' id='word_1_878' title='bbox 2044 4920 2317 4974; x_wconf 86' lang='lat' dir='ltr'>ministris</span> <span class='ocrx_word' id='word_1_879' title='bbox 2346 4921 2677 4989; x_wconf 89' lang='lat' dir='ltr'>largiantur.</span> <span class='ocrx_word' id='word_1_880' title='bbox 2713 4920 2820 4973; x_wconf 91' lang='lat' dir='ltr'>Sed</span> <span class='ocrx_word' id='word_1_881' title='bbox 2852 4920 2898 4973; x_wconf 92' lang='lat' dir='ltr'>si</span> <span class='ocrx_word' id='word_1_882' title='bbox 2928 4921 3031 4975; x_wconf 88' lang='lat' dir='ltr'>hoc</span> <span class='ocrx_word' id='word_1_883' title='bbox 3081 4921 3264 4976; x_wconf 88' lang='lat' dir='ltr'>facere</span> <span class='ocrx_word' id='word_1_884' title='bbox 3315 4924 3514 4979; x_wconf 91' lang='lat' dir='ltr'>nolue-</span> 
     </span>
    </p>
   </div>
   <div class='ocr_carea' id='block_1_112' title="bbox 1918 5006 3515 5080">
    <p class='ocr_par' dir='ltr' id='par_1_112' title="bbox 1918 5006 3515 5080">
     <span class='ocr_line' id='line_1_112' title="bbox 1918 5006 3515 5080; baseline 0.003 -17"><span class='ocrx_word' id='word_1_885' title='bbox 1918 5009 2053 5078; x_wconf 86' lang='lat' dir='ltr'>rint,</span> <span class='ocrx_word' id='word_1_886' title='bbox 2081 5009 2283 5063; x_wconf 88' lang='lat' dir='ltr'>saltem</span> <span class='ocrx_word' id='word_1_887' title='bbox 2314 5007 2457 5061; x_wconf 87' lang='lat' dir='ltr'>sicut</span> <span class='ocrx_word' id='word_1_888' title='bbox 2481 5006 2654 5061; x_wconf 70' lang='lat' dir='ltr'>Judaei</span> <span class='ocrx_word' id='word_1_889' title='bbox 2680 5006 2926 5078; x_wconf 75' lang='lat' dir='ltr'>aliquam</span> <span class='ocrx_word' id='word_1_890' title='bbox 2975 5015 3193 5080; x_wconf 90' lang='lat' dir='ltr'>partem</span> <span class='ocrx_word' id='word_1_891' title='bbox 3250 5014 3515 5069; x_wconf 89' lang='lat' dir='ltr'>sacerdo-</span> 
     </span>
    </p>
   </div>
   <div class='ocr_carea' id='block_1_113' title="bbox 1916 5095 3514 5169">
    <p class='ocr_par' dir='ltr' id='par_1_113' title="bbox 1916 5095 3514 5169">
     <span class='ocr_line' id='line_1_113' title="bbox 1916 5095 3514 5169; baseline 0.004 -18"><span class='ocrx_word' id='word_1_892' title='bbox 1916 5097 2069 5152; x_wconf 88' lang='lat' dir='ltr'>tibus</span> <span class='ocrx_word' id='word_1_893' title='bbox 2089 5103 2147 5151; x_wconf 91' lang='lat' dir='ltr'>et</span> <span class='ocrx_word' id='word_1_894' title='bbox 2168 5095 2504 5169; x_wconf 86' lang='lat' dir='ltr'>pauperibus</span> <span class='ocrx_word' id='word_1_895' title='bbox 2532 5095 2803 5162; x_wconf 85' lang='lat' dir='ltr'>tribuant,</span> <span class='ocrx_word' id='word_1_896' title='bbox 2836 5112 2906 5151; x_wconf 89' lang='lat' dir='ltr'>ne</span> <span class='ocrx_word' id='word_1_897' title='bbox 2941 5098 3149 5153; x_wconf 90' lang='lat' dir='ltr'>iratum</span> <span class='ocrx_word' id='word_1_898' title='bbox 3182 5099 3367 5155; x_wconf 91' lang='lat' dir='ltr'>Deum</span> <span class='ocrx_word' id='word_1_899' title='bbox 3384 5118 3514 5157; x_wconf 89' lang='lat' dir='ltr'>sen-</span> 
     </span>
    </p>
   </div>
   <div class='ocr_carea' id='block_1_114' title="bbox 1916 5184 3515 5259">
    <p class='ocr_par' dir='ltr' id='par_1_114' title="bbox 1916 5184 3515 5259">
     <span class='ocr_line' id='line_1_114' title="bbox 1916 5184 3515 5259; baseline 0.004 -19"><span class='ocrx_word' id='word_1_900' title='bbox 1916 5186 2080 5251; x_wconf 89' lang='lat' dir='ltr'>tiant,</span> <span class='ocrx_word' id='word_1_901' title='bbox 2113 5186 2211 5239; x_wconf 91' lang='lat' dir='ltr'>sed</span> <span class='ocrx_word' id='word_1_902' title='bbox 2242 5185 2428 5257; x_wconf 88' lang='lat' dir='ltr'>potius</span> <span class='ocrx_word' id='word_1_903' title='bbox 2471 5184 2831 5256; x_wconf 84' lang='lat' dir='ltr'>experiantur</span> <span class='ocrx_word' id='word_1_904' title='bbox 2877 5188 2999 5257; x_wconf 90' lang='lat' dir='ltr'>ejus</span> <span class='ocrx_word' id='word_1_905' title='bbox 3052 5187 3515 5259; x_wconf 87' lang='lat' dir='ltr'>benignissimam</span> 
     </span>
    </p>
   </div>
   <div class='ocr_carea' id='block_1_115' title="bbox 1916 5275 2255 5345">
    <p class='ocr_par' dir='ltr' id='par_1_115' title="bbox 1916 5275 2255 5345">
     <span class='ocr_line' id='line_1_115' title="bbox 1916 5275 2255 5345; baseline -0.006 -16"><span class='ocrx_word' id='word_1_906' title='bbox 1916 5275 2255 5345; x_wconf 88' lang='lat' dir='ltr'>largitatem.</span> 
     </span>
    </p>
   </div>
   <div class='ocr_carea' id='block_1_116' title="bbox 1994 5363 3514 5435">
    <p class='ocr_par' dir='ltr' id='par_1_116' title="bbox 1994 5363 3514 5435">
     <span class='ocr_line' id='line_1_116' title="bbox 1994 5363 3514 5435; baseline 0.005 -20"><span class='ocrx_word' id='word_1_907' title='bbox 1994 5385 2015 5415; x_wconf 79' lang='grc' dir='ltr'>ι</span> <span class='ocrx_word' id='word_1_908' title='bbox 2048 5363 2409 5418; x_wconf 90' lang='lat' dir='ltr'>Invaluerunt</span> <span class='ocrx_word' id='word_1_909' title='bbox 2438 5378 2607 5435; x_wconf 89' lang='lat' dir='ltr'>super</span> <span class='ocrx_word' id='word_1_910' title='bbox 2635 5381 2723 5418; x_wconf 91' lang='lat' dir='ltr'>me</span> <span class='ocrx_word' id='word_1_911' title='bbox 2770 5363 2939 5419; x_wconf 89' lang='lat' dir='ltr'>verba</span> <span class='ocrx_word' id='word_1_912' title='bbox 2987 5373 3189 5431; x_wconf 87' lang='lat' dir='ltr'>vestra,</span> <span class='ocrx_word' id='word_1_913' title='bbox 3225 5367 3361 5422; x_wconf 88' lang='lat' dir='ltr'>dicit</span> <span class='ocrx_word' id='word_1_914' title='bbox 3408 5368 3514 5422; x_wconf 92' lang='lat' dir='ltr'>Do-</span> 
     </span>
    </p>
   </div>
   <div class='ocr_carea' id='block_1_117' title="bbox 1920 5450 3512 5517">
    <p class='ocr_par' dir='ltr' id='par_1_117' title="bbox 1920 5450 3512 5517">
     <span class='ocr_line' id='line_1_117' title="bbox 1920 5450 3512 5517; baseline 0.001 -10"><span class='ocrx_word' id='word_1_915' title='bbox 1920 5453 2126 5515; x_wconf 89' lang='lat' dir='ltr'>minus,</span> <span class='ocrx_word' id='word_1_916' title='bbox 2161 5457 2219 5506; x_wconf 88' lang='lat' dir='ltr'>et</span> <span class='ocrx_word' id='word_1_917' title='bbox 2246 5450 2499 5507; x_wconf 74' lang='lat' dir='ltr'>dixistis:</span> <span class='ocrx_word' id='word_1_918' title='bbox 2532 5452 2674 5517; x_wconf 92' lang='lat' dir='ltr'>Quid</span> <span class='ocrx_word' id='word_1_919' title='bbox 2698 5453 2870 5507; x_wconf 90' lang='lat' dir='ltr'>locuti</span> <span class='ocrx_word' id='word_1_920' title='bbox 2920 5469 3116 5508; x_wconf 88' lang='lat' dir='ltr'>sumus</span> <span class='ocrx_word' id='word_1_921' title='bbox 3164 5463 3360 5511; x_wconf 89' lang='lat' dir='ltr'>contra</span> <span class='ocrx_word' id='word_1_922' title='bbox 3402 5465 3458 5510; x_wconf 89' lang='lat' dir='ltr'>te</span> <span class='ocrx_word' id='word_1_923' title='bbox 3488 5456 3512 5508; x_wconf 74' lang='grc'><strong><em>7</em></strong></span> 
     </span>
    </p>
   </div>
   <div class='ocr_carea' id='block_1_118' title="bbox 1920 5539 3514 5614">
    <p class='ocr_par' dir='ltr' id='par_1_118' title="bbox 1920 5539 3514 5614">
     <span class='ocr_line' id='line_1_118' title="bbox 1920 5539 3514 5614; baseline 0.003 -20"><span class='ocrx_word' id='word_1_924' title='bbox 1920 5539 2379 5609; x_wconf 81' lang='lat' dir='ltr'>Dixistis,Vanus</span> <span class='ocrx_word' id='word_1_925' title='bbox 2400 5547 2487 5597; x_wconf 88' lang='lat' dir='ltr'>est</span> <span class='ocrx_word' id='word_1_926' title='bbox 2513 5542 2610 5613; x_wconf 90' lang='lat' dir='ltr'>qui</span> <span class='ocrx_word' id='word_1_927' title='bbox 2632 5541 2807 5596; x_wconf 87' lang='lat' dir='ltr'>servit</span> <span class='ocrx_word' id='word_1_928' title='bbox 2822 5543 3085 5611; x_wconf 90' lang='lat' dir='ltr'>Domino,</span> <span class='ocrx_word' id='word_1_929' title='bbox 3103 5549 3161 5597; x_wconf 90' lang='lat' dir='ltr'>et</span> <span class='ocrx_word' id='word_1_930' title='bbox 3186 5544 3335 5614; x_wconf 89' lang='lat' dir='ltr'>quod</span> <span class='ocrx_word' id='word_1_931' title='bbox 3359 5558 3514 5598; x_wconf 83' lang='lat' dir='ltr'>emo-</span> 
     </span>
    </p>
   </div>
  </div>
