  <div class='ocr_page' id='page_1' title='image "/cluster/home/n/w/nwhite01/storage/ocr_20150623/117/hvd.32044054759816/151.png"; bbox 0 0 3970 6150; ppageno 0'>
   <div class='ocr_carea' id='block_1_1' title="bbox 379 249 481 327">
    <p class='ocr_par' dir='ltr' id='par_1_1' title="bbox 379 249 481 327">
     <span class='ocr_line' id='line_1_1' title="bbox 379 249 481 327; baseline 0 0"><span class='ocrx_word' id='word_1_1' title='bbox 379 249 481 327; x_wconf 66' lang='lat'>.29}</span> 
     </span>
    </p>
   </div>
   <div class='ocr_carea' id='block_1_2' title="bbox 868 248 1966 331">
    <p class='ocr_par' dir='ltr' id='par_1_2' title="bbox 868 250 1966 330">
     <span class='ocr_line' id='line_1_2' title="bbox 868 250 1966 330; baseline -0.002 -23"><span class='ocrx_word' id='word_1_2' title='bbox 868 251 1245 325; x_wconf 65' lang='lat' dir='ltr'>annole</span> <span class='ocrx_word' id='word_1_3' title='bbox 1278 250 1763 330; x_wconf 65' lang='lat' dir='ltr'>HALeaRs&#39;rAT.</span> <span class='ocrx_word' id='word_1_4' title='bbox 1802 250 1966 311; x_wconf 68' lang='lat' dir='ltr'>EPiS</span> 
     </span>
    </p>
   </div>
   <div class='ocr_carea' id='block_1_3' title="bbox 2053 248 3202 331">
    <p class='ocr_par' dir='ltr' id='par_1_3' title="bbox 2063 248 3202 331">
     <span class='ocr_line' id='line_1_3' title="bbox 2063 248 3202 331; baseline 0.001 -20"><span class='ocrx_word' id='word_1_5' title='bbox 2063 248 2223 311; x_wconf 70' lang='lat' dir='ltr'>opp.</span> <span class='ocrx_word' id='word_1_6' title='bbox 2255 250 2489 327; x_wconf 70' lang='lat' dir='ltr'>PARsI</span> <span class='ocrx_word' id='word_1_7' title='bbox 2519 283 2587 298; x_wconf 84' lang='grc'>-</span> <span class='ocrx_word' id='word_1_8' title='bbox 2616 255 2987 331; x_wconf 70' lang='grc' dir='ltr'>ΟΘῌΜΕΝΤ.</span> <span class='ocrx_word' id='word_1_9' title='bbox 3019 252 3202 313; x_wconf 87' lang='lat' dir='ltr'>BIBL.</span> 
     </span>
    </p>
   </div>
   <div class='ocr_carea' id='block_1_4' title="bbox 3551 258 3652 335">
    <p class='ocr_par' dir='ltr' id='par_1_4' title="bbox 3551 258 3652 335">
     <span class='ocr_line' id='line_1_4' title="bbox 3551 258 3652 335; baseline 0 -2"><span class='ocrx_word' id='word_1_10' title='bbox 3551 258 3652 335; x_wconf 55' lang='grc' dir='ltr'>Ψ</span> 
     </span>
    </p>
   </div>
   <div class='ocr_carea' id='block_1_5' title="bbox 377 370 3651 455">
    <p class='ocr_par' dir='ltr' id='par_1_5' title="bbox 377 370 3651 455">
     <span class='ocr_line' id='line_1_5' title="bbox 377 370 3651 455; baseline 0.002 -21"><span class='ocrx_word' id='word_1_11' title='bbox 377 379 716 453; x_wconf 56' lang='lat' dir='ltr'>Laurentum,</span> <span class='ocrx_word' id='word_1_12' title='bbox 749 380 882 451; x_wconf 73' lang='lat' dir='ltr'>quia</span> <span class='ocrx_word' id='word_1_13' title='bbox 908 379 1313 455; x_wconf 85' lang='lat' dir='ltr'>custodivimus</span> <span class='ocrx_word' id='word_1_14' title='bbox 1338 382 1614 449; x_wconf 62' lang='lat' dir='ltr'>pracepta</span> <span class='ocrx_word' id='word_1_15' title='bbox 1643 378 1765 445; x_wconf 84' lang='lat' dir='ltr'>ejus</span> <span class='ocrx_word' id='word_1_16' title='bbox 1789 376 1812 428; x_wconf 84' lang='lat'><strong>?</strong></span> <span class='ocrx_word' id='word_1_17' title='bbox 1848 396 1869 427; x_wconf 68' lang='grc' dir='ltr'>υ</span> <span class='ocrx_word' id='word_1_18' title='bbox 1898 376 1971 431; x_wconf 87' lang='lat' dir='ltr'>Ut</span> <span class='ocrx_word' id='word_1_19' title='bbox 1987 377 2038 436; x_wconf 83' lang='lat' dir='ltr'><strong>A</strong></span> <span class='ocrx_word' id='word_1_20' title='bbox 2054 375 2179 429; x_wconf 91' lang='lat' dir='ltr'>dem</span> <span class='ocrx_word' id='word_1_21' title='bbox 2200 378 2357 441; x_wconf 89' lang='lat' dir='ltr'>talia,</span> <span class='ocrx_word' id='word_1_22' title='bbox 2373 378 2581 433; x_wconf 82' lang='lat' dir='ltr'>nedum</span> <span class='ocrx_word' id='word_1_23' title='bbox 2623 370 2775 451; x_wconf 79' lang='lat' dir='ltr'>loqui</span> <span class='ocrx_word' id='word_1_24' title='bbox 2794 382 3252 441; x_wconf 71' lang='lat' dir='ltr'>debuissent.«Et</span> <span class='ocrx_word' id='word_1_25' title='bbox 3271 385 3515 443; x_wconf 82' lang='lat' dir='ltr'>attendit</span> <span class='ocrx_word' id='word_1_26' title='bbox 3535 386 3651 449; x_wconf 60' lang='lat' dir='ltr'>Do:—</span> 
     </span>
    </p>
   </div>
   <div class='ocr_carea' id='block_1_6' title="bbox 370 464 1973 543">
    <p class='ocr_par' dir='ltr' id='par_1_6' title="bbox 370 464 1973 543">
     <span class='ocr_line' id='line_1_6' title="bbox 370 464 1973 543; baseline -0.005 -20"><span class='ocrx_word' id='word_1_27' title='bbox 370 467 491 543; x_wconf 64' lang='lat' dir='ltr'>jam</span> <span class='ocrx_word' id='word_1_28' title='bbox 528 468 788 538; x_wconf 79' lang='lat' dir='ltr'>superius</span> <span class='ocrx_word' id='word_1_29' title='bbox 810 468 1159 540; x_wconf 69' lang='lat' dir='ltr'>praelibatum</span> <span class='ocrx_word' id='word_1_30' title='bbox 1189 472 1293 531; x_wconf 85' lang='lat' dir='ltr'>est,</span> <span class='ocrx_word' id='word_1_31' title='bbox 1324 466 1561 536; x_wconf 90' lang='lat' dir='ltr'>populus</span> <span class='ocrx_word' id='word_1_32' title='bbox 1594 464 1686 533; x_wconf 91' lang='lat' dir='ltr'>qui</span> <span class='ocrx_word' id='word_1_33' title='bbox 1718 479 1973 517; x_wconf 83' lang='lat' dir='ltr'>reversus</span> 
     </span>
    </p>
   </div>
   <div class='ocr_carea' id='block_1_7' title="bbox 377 551 1975 627">
    <p class='ocr_par' dir='ltr' id='par_1_7' title="bbox 377 551 1975 627">
     <span class='ocr_line' id='line_1_7' title="bbox 377 551 1975 627; baseline -0.004 -15"><span class='ocrx_word' id='word_1_34' title='bbox 377 557 560 625; x_wconf 78' lang='lat' dir='ltr'>fuerat</span> <span class='ocrx_word' id='word_1_35' title='bbox 588 557 658 611; x_wconf 89' lang='lat' dir='ltr'>de</span> <span class='ocrx_word' id='word_1_36' title='bbox 682 556 1027 627; x_wconf 74' lang='lat' dir='ltr'>captivitate.</span> <span class='ocrx_word' id='word_1_37' title='bbox 1069 563 1126 608; x_wconf 80' lang='lat' dir='ltr'>et</span> <span class='ocrx_word' id='word_1_38' title='bbox 1151 554 1392 611; x_wconf 81' lang='lat' dir='ltr'>habebat</span> <span class='ocrx_word' id='word_1_39' title='bbox 1420 553 1598 621; x_wconf 90' lang='lat' dir='ltr'>legem</span> <span class='ocrx_word' id='word_1_40' title='bbox 1651 551 1747 606; x_wconf 83' lang='lat' dir='ltr'>Dei</span> <span class='ocrx_word' id='word_1_41' title='bbox 1781 552 1840 605; x_wconf 89' lang='lat' dir='ltr'>in</span> <span class='ocrx_word' id='word_1_42' title='bbox 1877 567 1975 615; x_wconf 85' lang='lat' dir='ltr'>no-</span> 
     </span>
    </p>
   </div>
   <div class='ocr_carea' id='block_1_8' title="bbox 377 639 1974 717">
    <p class='ocr_par' dir='ltr' id='par_1_8' title="bbox 377 639 1974 717">
     <span class='ocr_line' id='line_1_8' title="bbox 377 639 1974 717; baseline -0.005 -18"><span class='ocrx_word' id='word_1_43' title='bbox 377 644 522 717; x_wconf 76' lang='lat' dir='ltr'>titia,</span> <span class='ocrx_word' id='word_1_44' title='bbox 558 650 616 705; x_wconf 84' lang='lat' dir='ltr'>et</span> <span class='ocrx_word' id='word_1_45' title='bbox 646 644 937 715; x_wconf 82' lang='lat' dir='ltr'>videbatur</span> <span class='ocrx_word' id='word_1_46' title='bbox 965 643 1258 697; x_wconf 87' lang='lat' dir='ltr'>observare</span> <span class='ocrx_word' id='word_1_47' title='bbox 1287 643 1488 711; x_wconf 86' lang='lat' dir='ltr'>legem,</span> <span class='ocrx_word' id='word_1_48' title='bbox 1516 644 1574 693; x_wconf 88' lang='lat' dir='ltr'>et</span> <span class='ocrx_word' id='word_1_49' title='bbox 1611 639 1844 699; x_wconf 81' lang='lat' dir='ltr'>reddere</span> <span class='ocrx_word' id='word_1_50' title='bbox 1882 640 1974 705; x_wconf 75' lang='lat' dir='ltr'>de-</span> 
     </span>
    </p>
   </div>
   <div class='ocr_carea' id='block_1_9' title="bbox 378 728 1974 803">
    <p class='ocr_par' dir='ltr' id='par_1_9' title="bbox 378 728 1974 803">
     <span class='ocr_line' id='line_1_9' title="bbox 378 728 1974 803; baseline -0.008 -12"><span class='ocrx_word' id='word_1_51' title='bbox 378 733 657 803; x_wconf 77' lang='lat' dir='ltr'>oima8,_et</span> <span class='ocrx_word' id='word_1_52' title='bbox 675 740 875 788; x_wconf 68' lang='lat' dir='ltr'>caetera</span> <span class='ocrx_word' id='word_1_53' title='bbox 907 749 1029 803; x_wconf 58' lang='lat' dir='ltr'>qua</span> <span class='ocrx_word' id='word_1_54' title='bbox 1059 731 1117 784; x_wconf 87' lang='lat' dir='ltr'>in</span> <span class='ocrx_word' id='word_1_55' title='bbox 1148 732 1268 803; x_wconf 75' lang='lat' dir='ltr'>lege</span> <span class='ocrx_word' id='word_1_56' title='bbox 1288 728 1561 797; x_wconf 83' lang='lat' dir='ltr'>jubentur</span> <span class='ocrx_word' id='word_1_57' title='bbox 1607 728 1860 801; x_wconf 87' lang='lat' dir='ltr'>implere,</span> <span class='ocrx_word' id='word_1_58' title='bbox 1892 729 1974 789; x_wconf 78' lang='lat' dir='ltr'>vi-</span> 
     </span>
    </p>
   </div>
   <div class='ocr_carea' id='block_1_10' title="bbox 377 814 1973 895">
    <p class='ocr_par' dir='ltr' id='par_1_10' title="bbox 377 814 1973 895">
     <span class='ocr_line' id='line_1_10' title="bbox 377 814 1973 895; baseline -0.005 -20"><span class='ocrx_word' id='word_1_59' title='bbox 377 820 515 895; x_wconf 70' lang='lat' dir='ltr'>dens</span> <span class='ocrx_word' id='word_1_60' title='bbox 543 827 774 890; x_wconf 78' lang='lat' dir='ltr'>cunctas</span> <span class='ocrx_word' id='word_1_61' title='bbox 789 838 888 892; x_wconf 90' lang='lat' dir='ltr'>per</span> <span class='ocrx_word' id='word_1_62' title='bbox 911 819 1208 873; x_wconf 78' lang='lat' dir='ltr'>circuitum</span> <span class='ocrx_word' id='word_1_63' title='bbox 1240 817 1493 891; x_wconf 83' lang='lat' dir='ltr'>nationes</span> <span class='ocrx_word' id='word_1_64' title='bbox 1517 816 1683 869; x_wconf 84' lang='lat' dir='ltr'>rebus</span> <span class='ocrx_word' id='word_1_65' title='bbox 1712 814 1973 871; x_wconf 86' lang='lat' dir='ltr'>omnibus</span> 
     </span>
    </p>
   </div>
   <div class='ocr_carea' id='block_1_11' title="bbox 376 902 1963 983">
    <p class='ocr_par' dir='ltr' id='par_1_11' title="bbox 376 902 1963 983">
     <span class='ocr_line' id='line_1_11' title="bbox 376 902 1963 983; baseline -0.006 -19"><span class='ocrx_word' id='word_1_66' title='bbox 376 909 684 983; x_wconf 75' lang='lat' dir='ltr'>abundare,</span> <span class='ocrx_word' id='word_1_67' title='bbox 717 927 776 973; x_wconf 82' lang='lat' dir='ltr'>se</span> <span class='ocrx_word' id='word_1_68' title='bbox 804 927 932 963; x_wconf 88' lang='lat' dir='ltr'>vero</span> <span class='ocrx_word' id='word_1_69' title='bbox 979 909 1214 978; x_wconf 81' lang='lat' dir='ltr'>penuria</span> <span class='ocrx_word' id='word_1_70' title='bbox 1264 911 1321 958; x_wconf 88' lang='lat' dir='ltr'>et</span> <span class='ocrx_word' id='word_1_71' title='bbox 1367 910 1613 975; x_wconf 78' lang='lat' dir='ltr'>egestate</span> <span class='ocrx_word' id='word_1_72' title='bbox 1661 902 1963 968; x_wconf 71' lang='lat' dir='ltr'>tabescere,</span> 
     </span>
    </p>
   </div>
   <div class='ocr_carea' id='block_1_12' title="bbox 375 991 1964 1071">
    <p class='ocr_par' dir='ltr' id='par_1_12' title="bbox 375 991 1964 1071">
     <span class='ocr_line' id='line_1_12' title="bbox 375 991 1964 1071; baseline -0.012 -10"><span class='ocrx_word' id='word_1_73' title='bbox 375 996 633 1071; x_wconf 63' lang='lat' dir='ltr'>dicebat:</span> <span class='ocrx_word' id='word_1_74' title='bbox 669 997 817 1065; x_wconf 82' lang='lat' dir='ltr'>Quid</span> <span class='ocrx_word' id='word_1_75' title='bbox 833 997 971 1059; x_wconf 79' lang='lat' dir='ltr'>mihi</span> <span class='ocrx_word' id='word_1_76' title='bbox 1001 996 1227 1066; x_wconf 84' lang='lat' dir='ltr'>prodest</span> <span class='ocrx_word' id='word_1_77' title='bbox 1250 993 1397 1063; x_wconf 84' lang='lat' dir='ltr'>quod</span> <span class='ocrx_word' id='word_1_78' title='bbox 1416 1008 1608 1045; x_wconf 83' lang='lat' dir='ltr'>verum</span> <span class='ocrx_word' id='word_1_79' title='bbox 1638 991 1964 1055; x_wconf 88' lang='lat' dir='ltr'>Deumcolo,</span> 
     </span>
    </p>
   </div>
   <div class='ocr_carea' id='block_1_13' title="bbox 374 1079 1969 1158">
    <p class='ocr_par' dir='ltr' id='par_1_13' title="bbox 374 1079 1969 1158">
     <span class='ocr_line' id='line_1_13' title="bbox 374 1079 1969 1158; baseline -0.006 -18"><span class='ocrx_word' id='word_1_80' title='bbox 374 1086 501 1155; x_wconf 75' lang='lat' dir='ltr'>ejus</span> <span class='ocrx_word' id='word_1_81' title='bbox 523 1085 791 1157; x_wconf 80' lang='lat' dir='ltr'>mandata</span> <span class='ocrx_word' id='word_1_82' title='bbox 818 1084 1071 1158; x_wconf 75' lang='lat' dir='ltr'>custodio</span> <span class='ocrx_word' id='word_1_83' title='bbox 1090 1084 1113 1134; x_wconf 87' lang='lat'>?</span> <span class='ocrx_word' id='word_1_84' title='bbox 1132 1082 1289 1136; x_wconf 87' lang='lat' dir='ltr'>Unde</span> <span class='ocrx_word' id='word_1_85' title='bbox 1312 1079 1582 1149; x_wconf 81' lang='lat' dir='ltr'>Dominus</span> <span class='ocrx_word' id='word_1_86' title='bbox 1604 1095 1702 1149; x_wconf 86' lang='lat' dir='ltr'>per</span> <span class='ocrx_word' id='word_1_87' title='bbox 1733 1079 1969 1148; x_wconf 88' lang='lat' dir='ltr'>prophe-</span> 
     </span>
    </p>
   </div>
   <div class='ocr_carea' id='block_1_14' title="bbox 374 1169 1969 1249">
    <p class='ocr_par' dir='ltr' id='par_1_14' title="bbox 374 1169 1969 1249">
     <span class='ocr_line' id='line_1_14' title="bbox 374 1169 1969 1249; baseline -0.005 -22"><span class='ocrx_word' id='word_1_88' title='bbox 374 1179 490 1247; x_wconf 69' lang='lat' dir='ltr'>tam</span> <span class='ocrx_word' id='word_1_89' title='bbox 522 1173 683 1249; x_wconf 75' lang='lat' dir='ltr'>dicit:</span> <span class='ocrx_word' id='word_1_90' title='bbox 733 1173 1166 1247; x_wconf 2' lang='lat' dir='ltr'>«plnvaluerunt.</span> <span class='ocrx_word' id='word_1_91' title='bbox 1202 1189 1226 1221; x_wconf 75' lang='grc' dir='ltr'>ι)</span> <span class='ocrx_word' id='word_1_92' title='bbox 1279 1169 1336 1221; x_wconf 90' lang='lat' dir='ltr'>id</span> <span class='ocrx_word' id='word_1_93' title='bbox 1366 1174 1451 1221; x_wconf 84' lang='lat' dir='ltr'>est</span> <span class='ocrx_word' id='word_1_94' title='bbox 1490 1169 1781 1245; x_wconf 73' lang='lat' dir='ltr'>ingravate</span> <span class='ocrx_word' id='word_1_95' title='bbox 1834 1170 1969 1221; x_wconf 89' lang='lat' dir='ltr'>sunt</span> 
     </span>
    </p>
   </div>
   <div class='ocr_carea' id='block_1_15' title="bbox 380 1254 1967 1333">
    <p class='ocr_par' dir='ltr' id='par_1_15' title="bbox 380 1254 1967 1333">
     <span class='ocr_line' id='line_1_15' title="bbox 380 1254 1967 1333; baseline -0.003 -20"><span class='ocrx_word' id='word_1_96' title='bbox 380 1280 402 1313; x_wconf 78' lang='grc' dir='ltr'>ι</span> <span class='ocrx_word' id='word_1_97' title='bbox 439 1261 610 1327; x_wconf 84' lang='lat' dir='ltr'>verba</span> <span class='ocrx_word' id='word_1_98' title='bbox 628 1267 813 1333; x_wconf 81' lang='lat' dir='ltr'>vestra</span> <span class='ocrx_word' id='word_1_99' title='bbox 834 1277 1004 1330; x_wconf 84' lang='lat' dir='ltr'>super</span> <span class='ocrx_word' id='word_1_100' title='bbox 1034 1277 1140 1313; x_wconf 85' lang='lat' dir='ltr'>me.</span> <span class='ocrx_word' id='word_1_101' title='bbox 1182 1278 1205 1309; x_wconf 70' lang='grc' dir='ltr'>ι)</span> <span class='ocrx_word' id='word_1_102' title='bbox 1240 1257 1347 1311; x_wconf 85' lang='lat' dir='ltr'>Sed</span> <span class='ocrx_word' id='word_1_103' title='bbox 1373 1256 1473 1315; x_wconf 83' lang='lat' dir='ltr'>illi,</span> <span class='ocrx_word' id='word_1_104' title='bbox 1503 1272 1615 1309; x_wconf 90' lang='lat' dir='ltr'>non</span> <span class='ocrx_word' id='word_1_105' title='bbox 1658 1254 1967 1327; x_wconf 81' lang='lat' dir='ltr'>intelligen-</span> 
     </span>
    </p>
   </div>
   <div class='ocr_carea' id='block_1_16' title="bbox 376 1341 1966 1427">
    <p class='ocr_par' dir='ltr' id='par_1_16' title="bbox 376 1341 1966 1427">
     <span class='ocr_line' id='line_1_16' title="bbox 376 1341 1966 1427; baseline -0.005 -23"><span class='ocrx_word' id='word_1_106' title='bbox 376 1355 461 1425; x_wconf 80' lang='lat' dir='ltr'>tes</span> <span class='ocrx_word' id='word_1_107' title='bbox 491 1350 828 1427; x_wconf 74' lang='lat' dir='ltr'>gravissime</span> <span class='ocrx_word' id='word_1_108' title='bbox 865 1365 923 1401; x_wconf 84' lang='lat' dir='ltr'>se</span> <span class='ocrx_word' id='word_1_109' title='bbox 976 1363 1203 1423; x_wconf 73' lang='lat' dir='ltr'>peccare</span> <span class='ocrx_word' id='word_1_110' title='bbox 1259 1345 1316 1405; x_wconf 86' lang='lat' dir='ltr'>in</span> <span class='ocrx_word' id='word_1_111' title='bbox 1372 1343 1553 1396; x_wconf 86' lang='lat' dir='ltr'>verbis</span> <span class='ocrx_word' id='word_1_112' title='bbox 1610 1341 1966 1412; x_wconf 68' lang='lat' dir='ltr'>blasphemia:</span> 
     </span>
    </p>
   </div>
   <div class='ocr_carea' id='block_1_17' title="bbox 376 1431 1963 1513">
    <p class='ocr_par' dir='ltr' id='par_1_17' title="bbox 376 1431 1963 1513">
     <span class='ocr_line' id='line_1_17' title="bbox 376 1431 1963 1513; baseline -0.006 -21"><span class='ocrx_word' id='word_1_113' title='bbox 376 1454 503 1513; x_wconf 68' lang='lat' dir='ltr'>quae</span> <span class='ocrx_word' id='word_1_114' title='bbox 534 1444 730 1491; x_wconf 81' lang='lat' dir='ltr'>contra</span> <span class='ocrx_word' id='word_1_115' title='bbox 786 1436 1086 1503; x_wconf 76' lang='lat' dir='ltr'>Dominum</span> <span class='ocrx_word' id='word_1_116' title='bbox 1141 1432 1515 1504; x_wconf 83' lang='lat' dir='ltr'>proferebant,</span> <span class='ocrx_word' id='word_1_117' title='bbox 1570 1431 1963 1499; x_wconf 81' lang='lat' dir='ltr'>interrogant:</span> 
     </span>
    </p>
   </div>
   <div class='ocr_carea' id='block_1_18' title="bbox 380 1518 1972 1589">
    <p class='ocr_par' dir='ltr' id='par_1_18' title="bbox 380 1518 1972 1589">
     <span class='ocr_line' id='line_1_18' title="bbox 380 1518 1972 1589; baseline -0.003 -14"><span class='ocrx_word' id='word_1_118' title='bbox 380 1545 402 1575; x_wconf 75' lang='grc' dir='ltr'>ι</span> <span class='ocrx_word' id='word_1_119' title='bbox 447 1526 592 1589; x_wconf 83' lang='lat' dir='ltr'>Quid</span> <span class='ocrx_word' id='word_1_120' title='bbox 620 1524 785 1579; x_wconf 90' lang='lat' dir='ltr'>locuti</span> <span class='ocrx_word' id='word_1_121' title='bbox 816 1540 1011 1578; x_wconf 87' lang='lat' dir='ltr'>sumus</span> <span class='ocrx_word' id='word_1_122' title='bbox 1036 1528 1227 1575; x_wconf 89' lang='lat' dir='ltr'>contra</span> <span class='ocrx_word' id='word_1_123' title='bbox 1250 1522 1347 1574; x_wconf 83' lang='lat' dir='ltr'>te?</span> <span class='ocrx_word' id='word_1_124' title='bbox 1374 1539 1395 1571; x_wconf 74' lang='grc' dir='ltr'><strong><em>ι</em></strong></span> <span class='ocrx_word' id='word_1_125' title='bbox 1435 1519 1646 1583; x_wconf 84' lang='lat' dir='ltr'>Quibus</span> <span class='ocrx_word' id='word_1_126' title='bbox 1672 1518 1972 1589; x_wconf 83' lang='lat' dir='ltr'>respondet</span> 
     </span>
    </p>
   </div>
   <div class='ocr_carea' id='block_1_19' title="bbox 2055 464 3653 540">
    <p class='ocr_par' dir='ltr' id='par_1_19' title="bbox 2055 464 3653 540">
     <span class='ocr_line' id='line_1_19' title="bbox 2055 464 3653 540; baseline 0.009 -24"><span class='ocrx_word' id='word_1_127' title='bbox 2055 464 2263 524; x_wconf 81' lang='lat' dir='ltr'>minus.</span> <span class='ocrx_word' id='word_1_128' title='bbox 2287 472 2344 518; x_wconf 90' lang='lat' dir='ltr'>et</span> <span class='ocrx_word' id='word_1_129' title='bbox 2365 467 2597 533; x_wconf 78' lang='lat' dir='ltr'>audivit,</span> <span class='ocrx_word' id='word_1_130' title='bbox 2630 474 2687 527; x_wconf 85' lang='lat' dir='ltr'>et</span> <span class='ocrx_word' id='word_1_131' title='bbox 2718 471 2957 540; x_wconf 74' lang='lat' dir='ltr'>scriptus</span> <span class='ocrx_word' id='word_1_132' title='bbox 2998 477 3084 525; x_wconf 89' lang='lat' dir='ltr'>est</span> <span class='ocrx_word' id='word_1_133' title='bbox 3127 472 3269 526; x_wconf 89' lang='lat' dir='ltr'>liber</span> <span class='ocrx_word' id='word_1_134' title='bbox 3305 475 3653 535; x_wconf 78' lang='lat' dir='ltr'>monumenti</span> 
     </span>
    </p>
   </div>
   <div class='ocr_carea' id='block_1_20' title="bbox 2055 553 3651 631">
    <p class='ocr_par' dir='ltr' id='par_1_20' title="bbox 2055 553 3651 631">
     <span class='ocr_line' id='line_1_20' title="bbox 2055 553 3651 631; baseline 0.009 -28"><span class='ocrx_word' id='word_1_135' title='bbox 2055 567 2245 623; x_wconf 83' lang='lat' dir='ltr'>coram</span> <span class='ocrx_word' id='word_1_136' title='bbox 2256 569 2320 605; x_wconf 88' lang='lat' dir='ltr'>eo</span> <span class='ocrx_word' id='word_1_137' title='bbox 2333 553 2660 607; x_wconf 64' lang='lat' dir='ltr'>timentibus</span> <span class='ocrx_word' id='word_1_138' title='bbox 2678 556 2914 625; x_wconf 84' lang='lat' dir='ltr'>Dominu</span> <span class='ocrx_word' id='word_1_139' title='bbox 2924 575 2974 611; x_wconf 90' lang='lat' dir='ltr'>m</span> <span class='ocrx_word' id='word_1_140' title='bbox 2990 566 3043 612; x_wconf 84' lang='lat' dir='ltr'>et</span> <span class='ocrx_word' id='word_1_141' title='bbox 3058 559 3430 631; x_wconf 77' lang='lat' dir='ltr'>cogitantibus</span> <span class='ocrx_word' id='word_1_142' title='bbox 3447 577 3651 617; x_wconf 78' lang='lat' dir='ltr'>nomen</span> 
     </span>
    </p>
   </div>
   <div class='ocr_carea' id='block_1_21' title="bbox 2059 640 3651 721">
    <p class='ocr_par' dir='ltr' id='par_1_21' title="bbox 2059 640 3651 721">
     <span class='ocr_line' id='line_1_21' title="bbox 2059 640 3651 721; baseline 0.007 -28"><span class='ocrx_word' id='word_1_143' title='bbox 2059 640 2197 709; x_wconf 88' lang='lat' dir='ltr'>ejus.</span> <span class='ocrx_word' id='word_1_144' title='bbox 2233 662 2258 693; x_wconf 79' lang='grc' dir='ltr'>ι)</span> <span class='ocrx_word' id='word_1_145' title='bbox 2294 643 2421 696; x_wconf 81' lang='lat' dir='ltr'>Haec</span> <span class='ocrx_word' id='word_1_146' title='bbox 2437 643 2603 721; x_wconf 89' lang='lat' dir='ltr'>justis</span> <span class='ocrx_word' id='word_1_147' title='bbox 2625 650 2682 697; x_wconf 90' lang='lat' dir='ltr'>et</span> <span class='ocrx_word' id='word_1_148' title='bbox 2708 645 3037 721; x_wconf 73' lang='lat' dir='ltr'>timentibus</span> <span class='ocrx_word' id='word_1_149' title='bbox 3073 648 3376 721; x_wconf 87' lang='lat' dir='ltr'>Dominum</span> <span class='ocrx_word' id='word_1_150' title='bbox 3409 650 3558 707; x_wconf 86' lang='lat' dir='ltr'>inter</span> <span class='ocrx_word' id='word_1_151' title='bbox 3590 666 3651 704; x_wconf 84' lang='lat' dir='ltr'>se</span> 
     </span>
    </p>
   </div>
   <div class='ocr_carea' id='block_1_22' title="bbox 2057 718 3653 805">
    <p class='ocr_par' dir='ltr' id='par_1_22' title="bbox 2057 718 3653 805">
     <span class='ocr_line' id='line_1_22' title="bbox 2057 718 3653 805; baseline 0.008 -25"><span class='ocrx_word' id='word_1_152' title='bbox 2057 720 2493 793; x_wconf 74' lang='lat' dir='ltr'>conferentibus.</span> <span class='ocrx_word' id='word_1_153' title='bbox 2526 732 2769 797; x_wconf 80' lang='lat' dir='ltr'>attendit</span> <span class='ocrx_word' id='word_1_154' title='bbox 2819 718 3106 801; x_wconf 78' lang='lat' dir='ltr'>Dominus,</span> <span class='ocrx_word' id='word_1_155' title='bbox 3143 718 3200 790; x_wconf 86' lang='lat' dir='ltr'>et</span> <span class='ocrx_word' id='word_1_156' title='bbox 3225 737 3457 803; x_wconf 75' lang='lat' dir='ltr'>audivit,</span> <span class='ocrx_word' id='word_1_157' title='bbox 3489 739 3653 805; x_wconf 75' lang='lat' dir='ltr'>cuius</span> 
     </span>
    </p>
   </div>
   <div class='ocr_carea' id='block_1_23' title="bbox 2056 816 3653 891">
    <p class='ocr_par' dir='ltr' id='par_1_23' title="bbox 2056 816 3653 891">
     <span class='ocr_line' id='line_1_23' title="bbox 2056 816 3653 891; baseline 0.007 -23"><span class='ocrx_word' id='word_1_158' title='bbox 2056 816 2281 869; x_wconf 83' lang='lat' dir='ltr'>auditus</span> <span class='ocrx_word' id='word_1_159' title='bbox 2310 823 2520 871; x_wconf 67' lang='lat' dir='ltr'>aeterna</span> <span class='ocrx_word' id='word_1_160' title='bbox 2543 819 2787 890; x_wconf 78' lang='lat' dir='ltr'>cognitio</span> <span class='ocrx_word' id='word_1_161' title='bbox 2819 830 2923 885; x_wconf 89' lang='lat' dir='ltr'>est,</span> <span class='ocrx_word' id='word_1_162' title='bbox 2945 823 3032 877; x_wconf 89' lang='lat' dir='ltr'>cui</span> <span class='ocrx_word' id='word_1_163' title='bbox 3053 839 3161 891; x_wconf 80' lang='lat' dir='ltr'>non</span> <span class='ocrx_word' id='word_1_164' title='bbox 3188 830 3272 880; x_wconf 85' lang='lat' dir='ltr'>est</span> <span class='ocrx_word' id='word_1_165' title='bbox 3290 825 3439 891; x_wconf 80' lang='lat' dir='ltr'>aliud</span> <span class='ocrx_word' id='word_1_166' title='bbox 3455 825 3653 885; x_wconf 84' lang='lat' dir='ltr'>audire</span> 
     </span>
    </p>
   </div>
   <div class='ocr_carea' id='block_1_24' title="bbox 2055 904 3654 981">
    <p class='ocr_par' dir='ltr' id='par_1_24' title="bbox 2055 904 3654 981">
     <span class='ocr_line' id='line_1_24' title="bbox 2055 904 3654 981; baseline 0.008 -26"><span class='ocrx_word' id='word_1_167' title='bbox 2055 919 2227 972; x_wconf 86' lang='lat' dir='ltr'>quam</span> <span class='ocrx_word' id='word_1_168' title='bbox 2265 904 2469 957; x_wconf 89' lang='lat' dir='ltr'>videre.</span> <span class='ocrx_word' id='word_1_169' title='bbox 2501 904 2675 961; x_wconf 88' lang='lat' dir='ltr'>Totus</span> <span class='ocrx_word' id='word_1_170' title='bbox 2700 914 2785 960; x_wconf 87' lang='lat' dir='ltr'>est</span> <span class='ocrx_word' id='word_1_171' title='bbox 2816 908 2961 981; x_wconf 89' lang='lat' dir='ltr'>enim</span> <span class='ocrx_word' id='word_1_172' title='bbox 3001 909 3174 974; x_wconf 80' lang='lat' dir='ltr'>auris,</span> <span class='ocrx_word' id='word_1_173' title='bbox 3206 916 3357 980; x_wconf 82' lang='lat' dir='ltr'>totus</span> <span class='ocrx_word' id='word_1_174' title='bbox 3394 918 3480 966; x_wconf 86' lang='lat' dir='ltr'>est</span> <span class='ocrx_word' id='word_1_175' title='bbox 3517 928 3654 966; x_wconf 85' lang='lat' dir='ltr'>ocu-</span> 
     </span>
    </p>
   </div>
   <div class='ocr_carea' id='block_1_25' title="bbox 2051 990 3651 1071">
    <p class='ocr_par' dir='ltr' id='par_1_25' title="bbox 2051 990 3651 1071">
     <span class='ocr_line' id='line_1_25' title="bbox 2051 990 3651 1071; baseline 0.008 -30"><span class='ocrx_word' id='word_1_176' title='bbox 2051 990 2157 1053; x_wconf 81' lang='lat' dir='ltr'>lus,</span> <span class='ocrx_word' id='word_1_177' title='bbox 2192 998 2247 1045; x_wconf 91' lang='lat' dir='ltr'>et</span> <span class='ocrx_word' id='word_1_178' title='bbox 2274 992 2342 1045; x_wconf 90' lang='lat' dir='ltr'>de</span> <span class='ocrx_word' id='word_1_179' title='bbox 2363 999 2481 1046; x_wconf 90' lang='lat' dir='ltr'>toto</span> <span class='ocrx_word' id='word_1_180' title='bbox 2511 1011 2571 1047; x_wconf 90' lang='lat' dir='ltr'>se</span> <span class='ocrx_word' id='word_1_181' title='bbox 2602 994 2769 1060; x_wconf 82' lang='lat' dir='ltr'>videt,</span> <span class='ocrx_word' id='word_1_182' title='bbox 2806 996 2874 1049; x_wconf 90' lang='lat' dir='ltr'>de</span> <span class='ocrx_word' id='word_1_183' title='bbox 2898 1001 3015 1050; x_wconf 85' lang='lat' dir='ltr'>toto</span> <span class='ocrx_word' id='word_1_184' title='bbox 3041 998 3222 1052; x_wconf 85' lang='lat' dir='ltr'>audit.</span> <span class='ocrx_word' id='word_1_185' title='bbox 3253 999 3481 1059; x_wconf 81' lang='lat' dir='ltr'>Audivit</span> <span class='ocrx_word' id='word_1_186' title='bbox 3494 1016 3651 1071; x_wconf 79' lang='lat' dir='ltr'>ergo,</span> 
     </span>
    </p>
   </div>
   <div class='ocr_carea' id='block_1_26' title="bbox 2050 1078 3664 1163">
    <p class='ocr_par' dir='ltr' id='par_1_26' title="bbox 2050 1078 3664 1163">
     <span class='ocr_line' id='line_1_26' title="bbox 2050 1078 3664 1163; baseline 0.006 -32"><span class='ocrx_word' id='word_1_187' title='bbox 2050 1078 2105 1131; x_wconf 89' lang='lat' dir='ltr'>id</span> <span class='ocrx_word' id='word_1_188' title='bbox 2137 1085 2219 1132; x_wconf 89' lang='lat' dir='ltr'>est</span> <span class='ocrx_word' id='word_1_189' title='bbox 2240 1081 2530 1148; x_wconf 70' lang='lat' dir='ltr'>praescivit,</span> <span class='ocrx_word' id='word_1_190' title='bbox 2564 1088 2622 1155; x_wconf 78' lang='lat' dir='ltr'>et</span> <span class='ocrx_word' id='word_1_191' title='bbox 2646 1091 2775 1136; x_wconf 82' lang='lat' dir='ltr'>ante</span> <span class='ocrx_word' id='word_1_192' title='bbox 2834 1084 3023 1163; x_wconf 78' lang='lat' dir='ltr'>omnia</span> <span class='ocrx_word' id='word_1_193' title='bbox 3069 1085 3271 1158; x_wconf 70' lang='lat' dir='ltr'>saecula</span> <span class='ocrx_word' id='word_1_194' title='bbox 3320 1087 3664 1156; x_wconf 71' lang='lat' dir='ltr'>praeordina-</span> 
     </span>
    </p>
   </div>
   <div class='ocr_carea' id='block_1_27' title="bbox 2048 1160 3657 1247">
    <p class='ocr_par' dir='ltr' id='par_1_27' title="bbox 2048 1160 3657 1247">
     <span class='ocr_line' id='line_1_27' title="bbox 2048 1160 3657 1247; baseline 0.007 -31"><span class='ocrx_word' id='word_1_195' title='bbox 2048 1166 2143 1219; x_wconf 91' lang='lat' dir='ltr'>vit.</span> <span class='ocrx_word' id='word_1_196' title='bbox 2179 1185 2206 1218; x_wconf 73' lang='grc' dir='ltr'><strong>α</strong></span> <span class='ocrx_word' id='word_1_197' title='bbox 2239 1168 2306 1221; x_wconf 87' lang='lat' dir='ltr'>Et</span> <span class='ocrx_word' id='word_1_198' title='bbox 2333 1169 2574 1238; x_wconf 86' lang='lat' dir='ltr'>scriptus</span> <span class='ocrx_word' id='word_1_199' title='bbox 2606 1177 2692 1223; x_wconf 87' lang='lat' dir='ltr'>est</span> <span class='ocrx_word' id='word_1_200' title='bbox 2716 1160 3256 1245; x_wconf 17' lang='lat' dir='ltr'>liber‘monumenti,</span> <span class='ocrx_word' id='word_1_201' title='bbox 3293 1194 3314 1223; x_wconf 79' lang='grc' dir='ltr'>ι</span> <span class='ocrx_word' id='word_1_202' title='bbox 3338 1174 3393 1227; x_wconf 91' lang='lat' dir='ltr'>id</span> <span class='ocrx_word' id='word_1_203' title='bbox 3422 1181 3509 1241; x_wconf 80' lang='lat' dir='ltr'>est</span> <span class='ocrx_word' id='word_1_204' title='bbox 3532 1192 3657 1247; x_wconf 66' lang='lat' dir='ltr'>meo-</span> 
     </span>
    </p>
   </div>
   <div class='ocr_carea' id='block_1_28' title="bbox 2047 1254 3659 1335">
    <p class='ocr_par' dir='ltr' id='par_1_28' title="bbox 2047 1254 3659 1335">
     <span class='ocr_line' id='line_1_28' title="bbox 2047 1254 3659 1335; baseline 0.007 -30"><span class='ocrx_word' id='word_1_205' title='bbox 2047 1254 2237 1308; x_wconf 68' lang='lat' dir='ltr'>moriaa</span> <span class='ocrx_word' id='word_1_206' title='bbox 2266 1271 2454 1308; x_wconf 85' lang='lat' dir='ltr'>coram</span> <span class='ocrx_word' id='word_1_207' title='bbox 2487 1258 2746 1329; x_wconf 82' lang='lat' dir='ltr'>eo.Liber</span> <span class='ocrx_word' id='word_1_208' title='bbox 2759 1258 2862 1311; x_wconf 83' lang='lat' dir='ltr'>iste</span> <span class='ocrx_word' id='word_1_209' title='bbox 2883 1265 3092 1315; x_wconf 67' lang='lat' dir='ltr'>aeterna</span> <span class='ocrx_word' id='word_1_210' title='bbox 3113 1262 3402 1335; x_wconf 68' lang='lat' dir='ltr'>memoria,</span> <span class='ocrx_word' id='word_1_211' title='bbox 3426 1263 3485 1315; x_wconf 90' lang='lat' dir='ltr'>in</span> <span class='ocrx_word' id='word_1_212' title='bbox 3539 1279 3659 1333; x_wconf 80' lang='lat' dir='ltr'>qua</span> 
     </span>
    </p>
   </div>
   <div class='ocr_carea' id='block_1_29' title="bbox 2050 1341 3659 1420">
    <p class='ocr_par' dir='ltr' id='par_1_29' title="bbox 2050 1341 3659 1420">
     <span class='ocr_line' id='line_1_29' title="bbox 2050 1341 3659 1420; baseline 0.007 -27"><span class='ocrx_word' id='word_1_213' title='bbox 2050 1341 2196 1411; x_wconf 88' lang='lat' dir='ltr'>apud</span> <span class='ocrx_word' id='word_1_214' title='bbox 2240 1343 2415 1397; x_wconf 89' lang='lat' dir='ltr'>Deum</span> <span class='ocrx_word' id='word_1_215' title='bbox 2435 1346 2613 1398; x_wconf 84' lang='lat' dir='ltr'>sancti</span> <span class='ocrx_word' id='word_1_216' title='bbox 2645 1362 2838 1417; x_wconf 75' lang='lat' dir='ltr'>omnes</span> <span class='ocrx_word' id='word_1_217' title='bbox 2868 1348 3137 1403; x_wconf 82' lang='lat' dir='ltr'>attitulati</span> <span class='ocrx_word' id='word_1_218' title='bbox 3171 1357 3340 1420; x_wconf 88' lang='lat' dir='ltr'>atque</span> <span class='ocrx_word' id='word_1_219' title='bbox 3371 1350 3659 1419; x_wconf 69' lang='lat' dir='ltr'>praedesti-</span> 
     </span>
    </p>
   </div>
   <div class='ocr_carea' id='block_1_30' title="bbox 2052 1429 3656 1507">
    <p class='ocr_par' dir='ltr' id='par_1_30' title="bbox 2052 1429 3656 1507">
     <span class='ocr_line' id='line_1_30' title="bbox 2052 1429 3656 1507; baseline 0.006 -26"><span class='ocrx_word' id='word_1_220' title='bbox 2052 1429 2167 1483; x_wconf 86' lang='lat' dir='ltr'>nati</span> <span class='ocrx_word' id='word_1_221' title='bbox 2193 1436 2343 1487; x_wconf 91' lang='lat' dir='ltr'>sunt.</span> <span class='ocrx_word' id='word_1_222' title='bbox 2374 1432 2454 1485; x_wconf 85' lang='lat' dir='ltr'>De</span> <span class='ocrx_word' id='word_1_223' title='bbox 2474 1433 2577 1497; x_wconf 79' lang='lat' dir='ltr'>hoc</span> <span class='ocrx_word' id='word_1_224' title='bbox 2607 1433 2749 1489; x_wconf 91' lang='lat' dir='ltr'>libro</span> <span class='ocrx_word' id='word_1_225' title='bbox 2779 1435 2837 1487; x_wconf 92' lang='lat' dir='ltr'>in</span> <span class='ocrx_word' id='word_1_226' title='bbox 2867 1437 3420 1507; x_wconf 66' lang='lat' dir='ltr'>Apocalypsidicitur</span> <span class='ocrx_word' id='word_1_227' title='bbox 3450 1460 3463 1494; x_wconf 89' lang='lat'><strong>:</strong></span> <span class='ocrx_word' id='word_1_228' title='bbox 3495 1437 3656 1492; x_wconf 87' lang='lat' dir='ltr'>Libri</span> 
     </span>
    </p>
   </div>
   <div class='ocr_carea' id='block_1_31' title="bbox 2052 1518 3651 1597">
    <p class='ocr_par' dir='ltr' id='par_1_31' title="bbox 2052 1518 3651 1597">
     <span class='ocr_line' id='line_1_31' title="bbox 2052 1518 3651 1597; baseline 0.008 -29"><span class='ocrx_word' id='word_1_229' title='bbox 2052 1518 2229 1587; x_wconf 85' lang='lat' dir='ltr'>aperti</span> <span class='ocrx_word' id='word_1_230' title='bbox 2260 1526 2409 1583; x_wconf 84' lang='lat' dir='ltr'>sunt,</span> <span class='ocrx_word' id='word_1_231' title='bbox 2443 1526 2499 1573; x_wconf 90' lang='lat' dir='ltr'>et</span> <span class='ocrx_word' id='word_1_232' title='bbox 2523 1521 2666 1575; x_wconf 85' lang='lat' dir='ltr'>alius</span> <span class='ocrx_word' id='word_1_233' title='bbox 2696 1522 2838 1579; x_wconf 89' lang='lat' dir='ltr'>liber</span> <span class='ocrx_word' id='word_1_234' title='bbox 2862 1531 3087 1597; x_wconf 82' lang='lat' dir='ltr'>apertus</span> <span class='ocrx_word' id='word_1_235' title='bbox 3114 1531 3219 1588; x_wconf 81' lang='lat' dir='ltr'>est,</span> <span class='ocrx_word' id='word_1_236' title='bbox 3242 1526 3337 1597; x_wconf 81' lang='lat' dir='ltr'>qui</span> <span class='ocrx_word' id='word_1_237' title='bbox 3369 1532 3455 1580; x_wconf 83' lang='lat' dir='ltr'>est</span> <span class='ocrx_word' id='word_1_238' title='bbox 3500 1526 3651 1589; x_wconf 58' lang='lat' dir='ltr'>vita.</span> 
     </span>
    </p>
   </div>
   <div class='ocr_carea' id='block_1_32' title="bbox 373 1600 3655 1685">
    <p class='ocr_par' dir='ltr' id='par_1_32' title="bbox 373 1600 3655 1685">
     <span class='ocr_line' id='line_1_32' title="bbox 373 1600 3655 1685; baseline 0.001 -18"><span class='ocrx_word' id='word_1_239' title='bbox 373 1613 674 1685; x_wconf 78' lang='lat' dir='ltr'>Dominus:</span> <span class='ocrx_word' id='word_1_240' title='bbox 713 1633 733 1664; x_wconf 75' lang='grc' dir='ltr'>ι</span> <span class='ocrx_word' id='word_1_241' title='bbox 763 1611 1010 1673; x_wconf 87' lang='lat' dir='ltr'>Dixistis,</span> <span class='ocrx_word' id='word_1_242' title='bbox 1068 1611 1259 1664; x_wconf 81' lang='lat' dir='ltr'>Vanus</span> <span class='ocrx_word' id='word_1_243' title='bbox 1290 1614 1373 1663; x_wconf 87' lang='lat' dir='ltr'>est</span> <span class='ocrx_word' id='word_1_244' title='bbox 1403 1625 1525 1677; x_wconf 72' lang='lat' dir='ltr'>quae</span> <span class='ocrx_word' id='word_1_245' title='bbox 1555 1607 1728 1677; x_wconf 83' lang='lat' dir='ltr'>servit</span> <span class='ocrx_word' id='word_1_246' title='bbox 1747 1607 1881 1671; x_wconf 91' lang='lat' dir='ltr'>Deo,</span> <span class='ocrx_word' id='word_1_247' title='bbox 1915 1611 2030 1685; x_wconf 82' lang='lat' dir='ltr'>ct_</span> <span class='ocrx_word' id='word_1_248' title='bbox 2058 1604 2203 1659; x_wconf 89' lang='lat' dir='ltr'>Libri</span> <span class='ocrx_word' id='word_1_249' title='bbox 2235 1607 2414 1677; x_wconf 89' lang='lat' dir='ltr'>aperti</span> <span class='ocrx_word' id='word_1_250' title='bbox 2443 1609 2554 1667; x_wconf 91' lang='lat' dir='ltr'>duo</span> <span class='ocrx_word' id='word_1_251' title='bbox 2584 1615 2717 1664; x_wconf 85' lang='lat' dir='ltr'>sunt</span> <span class='ocrx_word' id='word_1_252' title='bbox 2742 1612 3119 1677; x_wconf 83' lang='lat' dir='ltr'>Testamenta,</span> <span class='ocrx_word' id='word_1_253' title='bbox 3158 1630 3259 1684; x_wconf 83' lang='lat' dir='ltr'>per</span> <span class='ocrx_word' id='word_1_254' title='bbox 3288 1630 3412 1684; x_wconf 64' lang='lat' dir='ltr'>qua;</span> <span class='ocrx_word' id='word_1_255' title='bbox 3442 1600 3655 1685; x_wconf 77' lang='lat' dir='ltr'>singuli</span> 
     </span>
    </p>
   </div>
   <div class='ocr_carea' id='block_1_33' title="bbox 374 1678 3653 1777">
    <p class='ocr_par' dir='ltr' id='par_1_33' title="bbox 374 1678 3653 1777">
     <span class='ocr_line' id='line_1_33' title="bbox 374 1678 3653 1777; baseline 0 -21"><span class='ocrx_word' id='word_1_256' title='bbox 374 1678 525 1777; x_wconf 62' lang='lat' dir='ltr'>quod</span> <span class='ocrx_word' id='word_1_257' title='bbox 564 1701 1026 1760; x_wconf 83' lang='lat' dir='ltr'>emolumentum,</span> <span class='ocrx_word' id='word_1_258' title='bbox 1060 1719 1084 1749; x_wconf 87' lang='lat'>»</span> <span class='ocrx_word' id='word_1_259' title='bbox 1119 1698 1172 1751; x_wconf 93' lang='lat' dir='ltr'>id</span> <span class='ocrx_word' id='word_1_260' title='bbox 1206 1702 1289 1752; x_wconf 90' lang='lat' dir='ltr'>est</span> <span class='ocrx_word' id='word_1_261' title='bbox 1316 1713 1437 1766; x_wconf 64' lang='lat' dir='ltr'>quae</span> <span class='ocrx_word' id='word_1_262' title='bbox 1468 1696 1701 1753; x_wconf 84' lang='lat' dir='ltr'>utilitas.</span> <span class='ocrx_word' id='word_1_263' title='bbox 1733 1696 1827 1765; x_wconf 88' lang='lat' dir='ltr'>qui</span> <span class='ocrx_word' id='word_1_264' title='bbox 1858 1694 1969 1749; x_wconf 82' lang='lat' dir='ltr'>fru-</span> <span class='ocrx_word' id='word_1_265' title='bbox 1990 1678 2335 1762; x_wconf 77' lang='lat' dir='ltr'>Bjudicandi</span> <span class='ocrx_word' id='word_1_266' title='bbox 2356 1704 2507 1753; x_wconf 91' lang='lat' dir='ltr'>sunt.</span> <span class='ocrx_word' id='word_1_267' title='bbox 2560 1698 2727 1753; x_wconf 89' lang='lat' dir='ltr'>Liber</span> <span class='ocrx_word' id='word_1_268' title='bbox 2764 1716 2891 1753; x_wconf 90' lang='lat' dir='ltr'>vero</span> <span class='ocrx_word' id='word_1_269' title='bbox 2948 1678 3196 1771; x_wconf 71' lang='lat' dir='ltr'>apertus,</span> <span class='ocrx_word' id='word_1_270' title='bbox 3228 1678 3323 1756; x_wconf 68' lang='lat' dir='ltr'>est</span> <span class='ocrx_word' id='word_1_271' title='bbox 3369 1678 3653 1761; x_wconf 61' lang='lat' dir='ltr'>memdria</span> 
     </span>
    </p>
   </div>
   <div class='ocr_carea' id='block_1_34' title="bbox 371 1784 1970 1860">
    <p class='ocr_par' dir='ltr' id='par_1_34' title="bbox 371 1784 1970 1860">
     <span class='ocr_line' id='line_1_34' title="bbox 371 1784 1970 1860; baseline -0.002 -18"><span class='ocrx_word' id='word_1_272' title='bbox 371 1795 515 1853; x_wconf 87' lang='lat' dir='ltr'>ctus,</span> <span class='ocrx_word' id='word_1_273' title='bbox 548 1805 672 1860; x_wconf 56' lang='lat' dir='ltr'>quin</span> <span class='ocrx_word' id='word_1_274' title='bbox 697 1787 1098 1859; x_wconf 80' lang='lat' dir='ltr'>remuneratio,</span> <span class='ocrx_word' id='word_1_275' title='bbox 1134 1786 1266 1856; x_wconf 87' lang='lat' dir='ltr'>quia</span> <span class='ocrx_word' id='word_1_276' title='bbox 1296 1784 1641 1839; x_wconf 78' lang='lat' dir='ltr'>custodimus</span> <span class='ocrx_word' id='word_1_277' title='bbox 1696 1786 1970 1853; x_wconf 69' lang='lat' dir='ltr'>praecepta</span> 
     </span>
    </p>
   </div>
   <div class='ocr_carea' id='block_1_35' title="bbox 369 1871 1967 1947">
    <p class='ocr_par' dir='ltr' id='par_1_35' title="bbox 369 1871 1967 1947">
     <span class='ocr_line' id='line_1_35' title="bbox 369 1871 1967 1947; baseline -0.004 -16"><span class='ocrx_word' id='word_1_278' title='bbox 369 1877 537 1947; x_wconf 86' lang='lat' dir='ltr'>ejus?</span> <span class='ocrx_word' id='word_1_279' title='bbox 565 1876 701 1941; x_wconf 68' lang='lat' dir='ltr'>Haec</span> <span class='ocrx_word' id='word_1_280' title='bbox 725 1875 1113 1946; x_wconf 82' lang='lat' dir='ltr'>loquebantur,</span> <span class='ocrx_word' id='word_1_281' title='bbox 1147 1874 1277 1943; x_wconf 85' lang='lat' dir='ltr'>quia</span> <span class='ocrx_word' id='word_1_282' title='bbox 1318 1874 1374 1926; x_wconf 91' lang='lat' dir='ltr'>in</span> <span class='ocrx_word' id='word_1_283' title='bbox 1432 1871 1693 1942; x_wconf 63' lang='lat' dir='ltr'>prmsenti</span> <span class='ocrx_word' id='word_1_284' title='bbox 1743 1877 1967 1925; x_wconf 87' lang='lat' dir='ltr'>tantum</span> 
     </span>
    </p>
   </div>
   <div class='ocr_carea' id='block_1_36' title="bbox 370 1958 1967 2041">
    <p class='ocr_par' dir='ltr' id='par_1_36' title="bbox 370 1958 1967 2041">
     <span class='ocr_line' id='line_1_36' title="bbox 370 1958 1967 2041; baseline -0.004 -21"><span class='ocrx_word' id='word_1_285' title='bbox 370 1965 684 2041; x_wconf 70' lang='lat' dir='ltr'>mercedem</span> <span class='ocrx_word' id='word_1_286' title='bbox 712 1981 812 2035; x_wconf 84' lang='lat' dir='ltr'>pro</span> <span class='ocrx_word' id='word_1_287' title='bbox 872 1963 973 2018; x_wconf 89' lang='lat' dir='ltr'>Dei</span> <span class='ocrx_word' id='word_1_288' title='bbox 1021 1962 1279 2015; x_wconf 87' lang='lat' dir='ltr'>volebant</span> <span class='ocrx_word' id='word_1_289' title='bbox 1326 1960 1611 2023; x_wconf 84' lang='lat' dir='ltr'>servitute,</span> <span class='ocrx_word' id='word_1_290' title='bbox 1644 1964 1701 2013; x_wconf 89' lang='lat' dir='ltr'>et</span> <span class='ocrx_word' id='word_1_291' title='bbox 1761 1958 1967 2016; x_wconf 87' lang='lat' dir='ltr'>idcirco</span> 
     </span>
    </p>
   </div>
   <div class='ocr_carea' id='block_1_37' title="bbox 367 2051 1970 2125">
    <p class='ocr_par' dir='ltr' id='par_1_37' title="bbox 367 2051 1970 2125">
     <span class='ocr_line' id='line_1_37' title="bbox 367 2051 1970 2125; baseline -0.005 -13"><span class='ocrx_word' id='word_1_292' title='bbox 367 2072 472 2115; x_wconf 83' lang='lat' dir='ltr'>nec</span> <span class='ocrx_word' id='word_1_293' title='bbox 501 2056 559 2111; x_wconf 90' lang='lat' dir='ltr'>in</span> <span class='ocrx_word' id='word_1_294' title='bbox 588 2056 777 2111; x_wconf 84' lang='lat' dir='ltr'>futuro</span> <span class='ocrx_word' id='word_1_295' title='bbox 804 2071 927 2109; x_wconf 88' lang='lat' dir='ltr'>eam</span> <span class='ocrx_word' id='word_1_296' title='bbox 959 2054 1318 2125; x_wconf 84' lang='lat' dir='ltr'>merebantur</span> <span class='ocrx_word' id='word_1_297' title='bbox 1368 2052 1634 2115; x_wconf 90' lang='lat' dir='ltr'>invenire,</span> <span class='ocrx_word' id='word_1_298' title='bbox 1668 2068 1770 2104; x_wconf 89' lang='lat' dir='ltr'>nec</span> <span class='ocrx_word' id='word_1_299' title='bbox 1822 2051 1970 2125; x_wconf 80' lang='lat' dir='ltr'>dice-</span> 
     </span>
    </p>
   </div>
   <div class='ocr_carea' id='block_1_38' title="bbox 367 2140 1969 2215">
    <p class='ocr_par' dir='ltr' id='par_1_38' title="bbox 367 2140 1969 2215">
     <span class='ocr_line' id='line_1_38' title="bbox 367 2140 1969 2215; baseline -0.002 -19"><span class='ocrx_word' id='word_1_300' title='bbox 367 2141 505 2197; x_wconf 90' lang='lat' dir='ltr'>bant</span> <span class='ocrx_word' id='word_1_301' title='bbox 523 2144 669 2213; x_wconf 79' lang='lat' dir='ltr'>quod</span> <span class='ocrx_word' id='word_1_302' title='bbox 699 2143 781 2215; x_wconf 74' lang='lat' dir='ltr'>ait</span> <span class='ocrx_word' id='word_1_303' title='bbox 807 2148 1033 2207; x_wconf 78' lang='lat' dir='ltr'>sanctus</span> <span class='ocrx_word' id='word_1_304' title='bbox 1053 2141 1254 2211; x_wconf 79' lang='lat' dir='ltr'>Tobias</span> <span class='ocrx_word' id='word_1_305' title='bbox 1286 2159 1295 2193; x_wconf 95' lang='lat'>:</span> <span class='ocrx_word' id='word_1_306' title='bbox 1335 2164 1358 2192; x_wconf 67' lang='grc' dir='ltr'>α</span> <span class='ocrx_word' id='word_1_307' title='bbox 1381 2140 1505 2195; x_wconf 85' lang='lat' dir='ltr'>Filii</span> <span class='ocrx_word' id='word_1_308' title='bbox 1527 2144 1849 2194; x_wconf 88' lang='lat' dir='ltr'>sanctorum</span> <span class='ocrx_word' id='word_1_309' title='bbox 1880 2155 1969 2192; x_wconf 87' lang='lat' dir='ltr'>su-</span> 
     </span>
    </p>
   </div>
   <div class='ocr_carea' id='block_1_39' title="bbox 370 2227 1965 2305">
    <p class='ocr_par' dir='ltr' id='par_1_39' title="bbox 370 2227 1965 2305">
     <span class='ocr_line' id='line_1_39' title="bbox 370 2227 1965 2305; baseline -0.004 -18"><span class='ocrx_word' id='word_1_310' title='bbox 370 2247 516 2297; x_wconf 89' lang='lat' dir='ltr'>mus,</span> <span class='ocrx_word' id='word_1_311' title='bbox 549 2238 605 2299; x_wconf 84' lang='lat' dir='ltr'>et</span> <span class='ocrx_word' id='word_1_312' title='bbox 627 2231 795 2287; x_wconf 86' lang='lat' dir='ltr'>aliam</span> <span class='ocrx_word' id='word_1_313' title='bbox 819 2232 1417 2305; x_wconf 73' lang='lat' dir='ltr'>vitamexspectamus.</span> <span class='ocrx_word' id='word_1_314' title='bbox 1448 2249 1468 2278; x_wconf 81' lang='grc' dir='ltr'><strong><em>ι</em></strong></span> <span class='ocrx_word' id='word_1_315' title='bbox 1504 2228 1733 2282; x_wconf 88' lang='lat' dir='ltr'>Addunt</span> <span class='ocrx_word' id='word_1_316' title='bbox 1759 2227 1965 2303; x_wconf 81' lang='lat' dir='ltr'>adhuc:</span> 
     </span>
    </p>
   </div>
   <div class='ocr_carea' id='block_1_40' title="bbox 373 2314 1969 2395">
    <p class='ocr_par' dir='ltr' id='par_1_40' title="bbox 373 2314 1969 2395">
     <span class='ocr_line' id='line_1_40' title="bbox 373 2314 1969 2395; baseline -0.002 -25"><span class='ocrx_word' id='word_1_317' title='bbox 373 2337 399 2370; x_wconf 74' lang='grc' dir='ltr'><strong>α</strong></span> <span class='ocrx_word' id='word_1_318' title='bbox 432 2320 501 2379; x_wconf 86' lang='lat' dir='ltr'>Et</span> <span class='ocrx_word' id='word_1_319' title='bbox 528 2320 665 2395; x_wconf 83' lang='lat' dir='ltr'>quia</span> <span class='ocrx_word' id='word_1_320' title='bbox 688 2319 1100 2393; x_wconf 74' lang='lat' dir='ltr'>ambulavimus</span> <span class='ocrx_word' id='word_1_321' title='bbox 1127 2317 1316 2373; x_wconf 84' lang='lat' dir='ltr'>tristes</span> <span class='ocrx_word' id='word_1_322' title='bbox 1343 2333 1529 2371; x_wconf 90' lang='lat' dir='ltr'>coram</span> <span class='ocrx_word' id='word_1_323' title='bbox 1555 2314 1790 2389; x_wconf 85' lang='lat' dir='ltr'>Domino</span> <span class='ocrx_word' id='word_1_324' title='bbox 1818 2332 1969 2369; x_wconf 88' lang='lat' dir='ltr'>exer-</span> 
     </span>
    </p>
   </div>
   <div class='ocr_carea' id='block_1_41' title="bbox 366 2396 1970 2483">
    <p class='ocr_par' dir='ltr' id='par_1_41' title="bbox 366 2396 1970 2483">
     <span class='ocr_line' id='line_1_41' title="bbox 366 2396 1970 2483; baseline -0.003 -20"><span class='ocrx_word' id='word_1_325' title='bbox 366 2396 577 2483; x_wconf 72' lang='lat' dir='ltr'>cituum</span> <span class='ocrx_word' id='word_1_326' title='bbox 600 2408 627 2460; x_wconf 89' lang='lat'><strong>?</strong></span> <span class='ocrx_word' id='word_1_327' title='bbox 663 2430 684 2460; x_wconf 73' lang='grc' dir='ltr'><strong><em>ι</em></strong></span> <span class='ocrx_word' id='word_1_328' title='bbox 717 2407 822 2463; x_wconf 88' lang='lat' dir='ltr'>Est</span> <span class='ocrx_word' id='word_1_329' title='bbox 844 2407 994 2461; x_wconf 85' lang='lat' dir='ltr'>enim</span> <span class='ocrx_word' id='word_1_330' title='bbox 1024 2406 1254 2461; x_wconf 86' lang='lat' dir='ltr'>tristitia</span> <span class='ocrx_word' id='word_1_331' title='bbox 1276 2405 1712 2475; x_wconf 83' lang='lat' dir='ltr'>religionis,cum</span> <span class='ocrx_word' id='word_1_332' title='bbox 1734 2403 1970 2477; x_wconf 79' lang='lat' dir='ltr'>simplex</span> 
     </span>
    </p>
   </div>
   <div class='ocr_carea' id='block_1_42' title="bbox 369 2491 1970 2570">
    <p class='ocr_par' dir='ltr' id='par_1_42' title="bbox 369 2491 1970 2570">
     <span class='ocr_line' id='line_1_42' title="bbox 369 2491 1970 2570; baseline -0.005 -17"><span class='ocrx_word' id='word_1_333' title='bbox 369 2497 494 2570; x_wconf 80' lang='lat' dir='ltr'>quis</span> <span class='ocrx_word' id='word_1_334' title='bbox 524 2502 581 2551; x_wconf 89' lang='lat' dir='ltr'>et</span> <span class='ocrx_word' id='word_1_335' title='bbox 601 2496 827 2552; x_wconf 86' lang='lat' dir='ltr'>humilis</span> <span class='ocrx_word' id='word_1_336' title='bbox 856 2495 1083 2559; x_wconf 82' lang='lat' dir='ltr'>incedit,</span> <span class='ocrx_word' id='word_1_337' title='bbox 1114 2495 1259 2548; x_wconf 90' lang='lat' dir='ltr'>sicut</span> <span class='ocrx_word' id='word_1_338' title='bbox 1287 2500 1373 2547; x_wconf 88' lang='lat' dir='ltr'>est</span> <span class='ocrx_word' id='word_1_339' title='bbox 1411 2492 1663 2569; x_wconf 85' lang='lat' dir='ltr'>confusio</span> <span class='ocrx_word' id='word_1_340' title='bbox 1723 2491 1970 2546; x_wconf 87' lang='lat' dir='ltr'>laudabi-</span> 
     </span>
    </p>
   </div>
   <div class='ocr_carea' id='block_1_43' title="bbox 364 2581 1966 2663">
    <p class='ocr_par' dir='ltr' id='par_1_43' title="bbox 364 2581 1966 2663">
     <span class='ocr_line' id='line_1_43' title="bbox 364 2581 1966 2663; baseline -0.004 -23"><span class='ocrx_word' id='word_1_341' title='bbox 364 2584 455 2663; x_wconf 75' lang='lat' dir='ltr'>lis,</span> <span class='ocrx_word' id='word_1_342' title='bbox 486 2586 554 2655; x_wconf 77' lang='lat' dir='ltr'>_de</span> <span class='ocrx_word' id='word_1_343' title='bbox 583 2602 697 2661; x_wconf 81' lang='lat' dir='ltr'>qua</span> <span class='ocrx_word' id='word_1_344' title='bbox 720 2585 966 2651; x_wconf 87' lang='lat' dir='ltr'>dicitur:</span> <span class='ocrx_word' id='word_1_345' title='bbox 1023 2604 1045 2634; x_wconf 72' lang='grc' dir='ltr'>ι</span> <span class='ocrx_word' id='word_1_346' title='bbox 1100 2585 1167 2637; x_wconf 88' lang='lat' dir='ltr'>Et</span> <span class='ocrx_word' id='word_1_347' title='bbox 1214 2582 1462 2638; x_wconf 85' lang='lat' dir='ltr'>confusio</span> <span class='ocrx_word' id='word_1_348' title='bbox 1513 2581 1795 2655; x_wconf 75' lang='lat' dir='ltr'>adducens</span> <span class='ocrx_word' id='word_1_349' title='bbox 1843 2581 1966 2649; x_wconf 83' lang='lat' dir='ltr'>glo-</span> 
     </span>
    </p>
   </div>
   <div class='ocr_carea' id='block_1_44' title="bbox 368 2668 1965 2751">
    <p class='ocr_par' dir='ltr' id='par_1_44' title="bbox 368 2668 1965 2751">
     <span class='ocr_line' id='line_1_44' title="bbox 368 2668 1965 2751; baseline -0.001 -26"><span class='ocrx_word' id='word_1_350' title='bbox 368 2674 533 2751; x_wconf 73' lang='lat' dir='ltr'>riam.</span> <span class='ocrx_word' id='word_1_351' title='bbox 557 2693 582 2726; x_wconf 73' lang='grc' dir='ltr'><strong>υ</strong></span> <span class='ocrx_word' id='word_1_352' title='bbox 625 2674 701 2727; x_wconf 88' lang='lat' dir='ltr'>De</span> <span class='ocrx_word' id='word_1_353' title='bbox 729 2674 827 2727; x_wconf 86' lang='lat' dir='ltr'>tali</span> <span class='ocrx_word' id='word_1_354' title='bbox 857 2672 1088 2727; x_wconf 87' lang='lat' dir='ltr'>tristitia</span> <span class='ocrx_word' id='word_1_355' title='bbox 1108 2672 1242 2728; x_wconf 84' lang='lat' dir='ltr'>dicit</span> <span class='ocrx_word' id='word_1_356' title='bbox 1267 2670 1562 2749; x_wconf 85' lang='lat' dir='ltr'>Psalmista</span> <span class='ocrx_word' id='word_1_357' title='bbox 1593 2686 1603 2716; x_wconf 90' lang='lat'><strong>:</strong></span> <span class='ocrx_word' id='word_1_358' title='bbox 1643 2688 1665 2720; x_wconf 70' lang='grc' dir='ltr'>ι</span> <span class='ocrx_word' id='word_1_359' title='bbox 1694 2670 1833 2724; x_wconf 89' lang='lat' dir='ltr'>Tota</span> <span class='ocrx_word' id='word_1_360' title='bbox 1876 2668 1965 2723; x_wconf 88' lang='lat' dir='ltr'>die</span> 
     </span>
    </p>
   </div>
   <div class='ocr_carea' id='block_1_45' title="bbox 369 2760 1200 2839">
    <p class='ocr_par' dir='ltr' id='par_1_45' title="bbox 369 2760 1200 2839">
     <span class='ocr_line' id='line_1_45' title="bbox 369 2760 1200 2839; baseline -0.008 -21"><span class='ocrx_word' id='word_1_361' title='bbox 369 2761 735 2839; x_wconf 77' lang='lat' dir='ltr'>contristatus</span> <span class='ocrx_word' id='word_1_362' title='bbox 765 2760 1138 2832; x_wconf 84' lang='lat' dir='ltr'>ingrediebar.</span> <span class='ocrx_word' id='word_1_363' title='bbox 1176 2780 1200 2811; x_wconf 73' lang='grc' dir='ltr'><strong><em>ι</em></strong></span> 
     </span>
    </p>
   </div>
   <div class='ocr_carea' id='block_1_46' title="bbox 390 2836 1965 2927">
    <p class='ocr_par' dir='ltr' id='par_1_46' title="bbox 390 2836 1965 2927">
     <span class='ocr_line' id='line_1_46' title="bbox 390 2836 1965 2927; baseline -0.003 -24"><span class='ocrx_word' id='word_1_364' title='bbox 390 2836 395 2841; x_wconf 53' lang='grc'><strong>’</strong></span> <span class='ocrx_word' id='word_1_365' title='bbox 445 2836 471 2903; x_wconf 78' lang='lat' dir='ltr'>ci</span> <span class='ocrx_word' id='word_1_366' title='bbox 498 2836 643 2927; x_wconf 82' lang='lat' dir='ltr'>Ergo</span> <span class='ocrx_word' id='word_1_367' title='bbox 670 2836 819 2927; x_wconf 73' lang='lat' dir='ltr'>nunc</span> <span class='ocrx_word' id='word_1_368' title='bbox 842 2851 1033 2927; x_wconf 82' lang='lat' dir='ltr'>beatos</span> <span class='ocrx_word' id='word_1_369' title='bbox 1057 2848 1296 2915; x_wconf 83' lang='lat' dir='ltr'>dicimus</span> <span class='ocrx_word' id='word_1_370' title='bbox 1325 2852 1671 2918; x_wconf 80' lang='lat' dir='ltr'>arrogantes,</span> <span class='ocrx_word' id='word_1_371' title='bbox 1708 2865 1729 2896; x_wconf 76' lang='grc' dir='ltr'><strong><em>ι</em></strong></span> <span class='ocrx_word' id='word_1_372' title='bbox 1774 2845 1830 2899; x_wconf 91' lang='lat' dir='ltr'>id</span> <span class='ocrx_word' id='word_1_373' title='bbox 1878 2851 1965 2899; x_wconf 90' lang='lat' dir='ltr'>est</span> 
     </span>
    </p>
   </div>
   <div class='ocr_carea' id='block_1_47' title="bbox 2052 1785 3657 1862">
    <p class='ocr_par' dir='ltr' id='par_1_47' title="bbox 2052 1785 3657 1862">
     <span class='ocr_line' id='line_1_47' title="bbox 2052 1785 3657 1862; baseline 0.006 -27"><span class='ocrx_word' id='word_1_374' title='bbox 2052 1798 2246 1835; x_wconf 90' lang='lat' dir='ltr'>eorum</span> <span class='ocrx_word' id='word_1_375' title='bbox 2277 1801 2400 1854; x_wconf 63' lang='lat' dir='ltr'>qua:</span> <span class='ocrx_word' id='word_1_376' title='bbox 2427 1785 2634 1856; x_wconf 79' lang='lat' dir='ltr'>singuli</span> <span class='ocrx_word' id='word_1_377' title='bbox 2662 1793 2982 1857; x_wconf 85' lang='lat' dir='ltr'>gesserunt.</span> <span class='ocrx_word' id='word_1_378' title='bbox 3024 1789 3182 1843; x_wconf 89' lang='lat' dir='ltr'>Unde</span> <span class='ocrx_word' id='word_1_379' title='bbox 3212 1795 3269 1842; x_wconf 89' lang='lat' dir='ltr'>et</span> <span class='ocrx_word' id='word_1_380' title='bbox 3293 1790 3435 1855; x_wconf 81' lang='lat' dir='ltr'>bene</span> <span class='ocrx_word' id='word_1_381' title='bbox 3459 1791 3518 1844; x_wconf 91' lang='lat' dir='ltr'>in</span> <span class='ocrx_word' id='word_1_382' title='bbox 3531 1791 3657 1862; x_wconf 70' lang='lat' dir='ltr'>qui-</span> 
     </span>
    </p>
   </div>
   <div class='ocr_carea' id='block_1_48' title="bbox 2052 1868 3657 1951">
    <p class='ocr_par' dir='ltr' id='par_1_48' title="bbox 2052 1868 3657 1951">
     <span class='ocr_line' id='line_1_48' title="bbox 2052 1868 3657 1951; baseline 0.007 -29"><span class='ocrx_word' id='word_1_383' title='bbox 2052 1868 2283 1924; x_wconf 88' lang='lat' dir='ltr'>busdam</span> <span class='ocrx_word' id='word_1_384' title='bbox 2314 1873 2595 1927; x_wconf 85' lang='lat' dir='ltr'>codicibus</span> <span class='ocrx_word' id='word_1_385' title='bbox 2624 1874 2862 1945; x_wconf 82' lang='lat' dir='ltr'>habetur</span> <span class='ocrx_word' id='word_1_386' title='bbox 2885 1876 3021 1940; x_wconf 86' lang='lat' dir='ltr'>:Qui</span> <span class='ocrx_word' id='word_1_387' title='bbox 3043 1882 3130 1932; x_wconf 89' lang='lat' dir='ltr'>est</span> <span class='ocrx_word' id='word_1_388' title='bbox 3149 1877 3273 1932; x_wconf 73' lang='lat' dir='ltr'>vita:</span> <span class='ocrx_word' id='word_1_389' title='bbox 3297 1878 3657 1951; x_wconf 78' lang='lat' dir='ltr'>uniuscuius-</span> 
     </span>
    </p>
   </div>
   <div class='ocr_carea' id='block_1_49' title="bbox 2051 1960 3654 2037">
    <p class='ocr_par' dir='ltr' id='par_1_49' title="bbox 2051 1960 3654 2037">
     <span class='ocr_line' id='line_1_49' title="bbox 2051 1960 3654 2037; baseline 0.007 -26"><span class='ocrx_word' id='word_1_390' title='bbox 2051 1975 2177 2026; x_wconf 90' lang='lat' dir='ltr'>que.</span> <span class='ocrx_word' id='word_1_391' title='bbox 2219 1960 2319 2033; x_wconf 86' lang='lat' dir='ltr'>Hic</span> <span class='ocrx_word' id='word_1_392' title='bbox 2348 1976 2479 2030; x_wconf 81' lang='lat' dir='ltr'>ergo</span> <span class='ocrx_word' id='word_1_393' title='bbox 2510 1961 2651 2016; x_wconf 90' lang='lat' dir='ltr'>liber</span> <span class='ocrx_word' id='word_1_394' title='bbox 2676 1965 3024 2027; x_wconf 85' lang='lat' dir='ltr'>monumenti</span> <span class='ocrx_word' id='word_1_395' title='bbox 3052 1966 3293 2037; x_wconf 79' lang='lat' dir='ltr'>scriptus</span> <span class='ocrx_word' id='word_1_396' title='bbox 3325 1974 3411 2021; x_wconf 86' lang='lat' dir='ltr'>est</span> <span class='ocrx_word' id='word_1_397' title='bbox 3440 1967 3654 2037; x_wconf 80' lang='lat' dir='ltr'>timen-</span> 
     </span>
    </p>
   </div>
   <div class='ocr_carea' id='block_1_50' title="bbox 2049 2036 3653 2125">
    <p class='ocr_par' dir='ltr' id='par_1_50' title="bbox 2049 2036 3653 2125">
     <span class='ocr_line' id='line_1_50' title="bbox 2049 2036 3653 2125; baseline 0.006 -25"><span class='ocrx_word' id='word_1_398' title='bbox 2049 2047 2200 2113; x_wconf 81' lang='lat' dir='ltr'>tibus</span> <span class='ocrx_word' id='word_1_399' title='bbox 2222 2048 2418 2112; x_wconf 89' lang='lat' dir='ltr'>Deum,</span> <span class='ocrx_word' id='word_1_400' title='bbox 2452 2056 2515 2103; x_wconf 90' lang='lat' dir='ltr'>ut</span> <span class='ocrx_word' id='word_1_401' title='bbox 2542 2036 2795 2125; x_wconf 80' lang='lat' dir='ltr'>noverint</span> <span class='ocrx_word' id='word_1_402' title='bbox 2823 2053 2956 2122; x_wconf 86' lang='lat' dir='ltr'>quia</span> <span class='ocrx_word' id='word_1_403' title='bbox 2979 2069 3105 2107; x_wconf 86' lang='lat' dir='ltr'>cum</span> <span class='ocrx_word' id='word_1_404' title='bbox 3163 2036 3283 2108; x_wconf 89' lang='lat' dir='ltr'>dies</span> <span class='ocrx_word' id='word_1_405' title='bbox 3319 2055 3512 2124; x_wconf 82' lang='lat' dir='ltr'>judicii</span> <span class='ocrx_word' id='word_1_406' title='bbox 3545 2055 3653 2123; x_wconf 52' lang='lat' dir='ltr'>adg-</span> 
     </span>
    </p>
   </div>
   <div class='ocr_carea' id='block_1_51' title="bbox 2052 2135 3654 2215">
    <p class='ocr_par' dir='ltr' id='par_1_51' title="bbox 2052 2135 3654 2215">
     <span class='ocr_line' id='line_1_51' title="bbox 2052 2135 3654 2215; baseline 0.007 -28"><span class='ocrx_word' id='word_1_407' title='bbox 2052 2135 2583 2201; x_wconf 68' lang='lat' dir='ltr'>venerit,reddendaa</span> <span class='ocrx_word' id='word_1_408' title='bbox 2600 2145 2732 2213; x_wconf 82' lang='lat' dir='ltr'>sunt</span> <span class='ocrx_word' id='word_1_409' title='bbox 2752 2139 3087 2211; x_wconf 79' lang='lat' dir='ltr'>blasphemis</span> <span class='ocrx_word' id='word_1_410' title='bbox 3110 2146 3168 2195; x_wconf 90' lang='lat' dir='ltr'>et</span> <span class='ocrx_word' id='word_1_411' title='bbox 3193 2141 3382 2213; x_wconf 81' lang='lat' dir='ltr'>impiis</span> <span class='ocrx_word' id='word_1_412' title='bbox 3400 2159 3575 2212; x_wconf 57' lang='lat' dir='ltr'>paenae</span> <span class='ocrx_word' id='word_1_413' title='bbox 3588 2150 3654 2215; x_wconf 79' lang='lat' dir='ltr'>et</span> 
     </span>
    </p>
   </div>
   <div class='ocr_carea' id='block_1_52' title="bbox 2050 2221 3652 2301">
    <p class='ocr_par' dir='ltr' id='par_1_52' title="bbox 2050 2221 3652 2301">
     <span class='ocr_line' id='line_1_52' title="bbox 2050 2221 3652 2301; baseline 0.007 -26"><span class='ocrx_word' id='word_1_414' title='bbox 2050 2221 2378 2281; x_wconf 86' lang='lat' dir='ltr'>timentibus</span> <span class='ocrx_word' id='word_1_415' title='bbox 2407 2226 2584 2295; x_wconf 83' lang='lat' dir='ltr'>Deum</span> <span class='ocrx_word' id='word_1_416' title='bbox 2610 2228 2858 2298; x_wconf 66' lang='lat' dir='ltr'>praemia.</span> <span class='ocrx_word' id='word_1_417' title='bbox 2887 2229 2966 2282; x_wconf 91' lang='lat' dir='ltr'>De</span> <span class='ocrx_word' id='word_1_418' title='bbox 2994 2229 3098 2283; x_wconf 92' lang='lat' dir='ltr'>hoc</span> <span class='ocrx_word' id='word_1_419' title='bbox 3126 2229 3268 2301; x_wconf 85' lang='lat' dir='ltr'>libro</span> <span class='ocrx_word' id='word_1_420' title='bbox 3298 2236 3354 2293; x_wconf 85' lang='lat' dir='ltr'>et</span> <span class='ocrx_word' id='word_1_421' title='bbox 3375 2231 3652 2301; x_wconf 72' lang='lat' dir='ltr'>Dominus</span> 
     </span>
    </p>
   </div>
   <div class='ocr_carea' id='block_1_53' title="bbox 2053 2308 3654 2389">
    <p class='ocr_par' dir='ltr' id='par_1_53' title="bbox 2053 2308 3654 2389">
     <span class='ocr_line' id='line_1_53' title="bbox 2053 2308 3654 2389; baseline 0.006 -27"><span class='ocrx_word' id='word_1_422' title='bbox 2053 2308 2105 2379; x_wconf 80' lang='lat' dir='ltr'>in</span> <span class='ocrx_word' id='word_1_423' title='bbox 2130 2310 2427 2381; x_wconf 84' lang='lat' dir='ltr'>Evangelio</span> <span class='ocrx_word' id='word_1_424' title='bbox 2458 2313 2622 2366; x_wconf 74' lang='lat' dir='ltr'>aitza</span> <span class='ocrx_word' id='word_1_425' title='bbox 2686 2315 2939 2387; x_wconf 83' lang='lat' dir='ltr'>Gaudete</span> <span class='ocrx_word' id='word_1_426' title='bbox 2994 2316 3127 2389; x_wconf 78' lang='lat' dir='ltr'>quia</span> <span class='ocrx_word' id='word_1_427' title='bbox 3179 2318 3409 2381; x_wconf 86' lang='lat' dir='ltr'>nomina</span> <span class='ocrx_word' id='word_1_428' title='bbox 3462 2325 3654 2383; x_wconf 82' lang='lat' dir='ltr'>vestra</span> 
     </span>
    </p>
   </div>
   <div class='ocr_carea' id='block_1_54' title="bbox 2051 2397 3649 2477">
    <p class='ocr_par' dir='ltr' id='par_1_54' title="bbox 2051 2397 3649 2477">
     <span class='ocr_line' id='line_1_54' title="bbox 2051 2397 3649 2477; baseline 0.005 -30"><span class='ocrx_word' id='word_1_429' title='bbox 2051 2397 2261 2467; x_wconf 88' lang='lat' dir='ltr'>scripta</span> <span class='ocrx_word' id='word_1_430' title='bbox 2289 2405 2421 2452; x_wconf 90' lang='lat' dir='ltr'>sunt</span> <span class='ocrx_word' id='word_1_431' title='bbox 2450 2399 2507 2453; x_wconf 88' lang='lat' dir='ltr'>in</span> <span class='ocrx_word' id='word_1_432' title='bbox 2537 2401 2695 2455; x_wconf 73' lang='lat' dir='ltr'>coelo.</span> <span class='ocrx_word' id='word_1_433' title='bbox 2742 2420 2766 2454; x_wconf 76' lang='grc' dir='ltr'>ι)</span> <span class='ocrx_word' id='word_1_434' title='bbox 2799 2401 2941 2469; x_wconf 82' lang='lat' dir='ltr'>Quid</span> <span class='ocrx_word' id='word_1_435' title='bbox 2974 2403 3134 2473; x_wconf 80' lang='lat' dir='ltr'>quasi</span> <span class='ocrx_word' id='word_1_436' title='bbox 3162 2420 3444 2475; x_wconf 86' lang='lat' dir='ltr'>exponens</span> <span class='ocrx_word' id='word_1_437' title='bbox 3486 2406 3649 2477; x_wconf 74' lang='lat' dir='ltr'>Psal.</span> 
     </span>
    </p>
   </div>
   <div class='ocr_carea' id='block_1_55' title="bbox 2053 2486 3507 2565">
    <p class='ocr_par' dir='ltr' id='par_1_55' title="bbox 2053 2486 3507 2565">
     <span class='ocr_line' id='line_1_55' title="bbox 2053 2486 3507 2565; baseline 0.006 -27"><span class='ocrx_word' id='word_1_438' title='bbox 2053 2486 2217 2539; x_wconf 88' lang='lat' dir='ltr'>mista</span> <span class='ocrx_word' id='word_1_439' title='bbox 2246 2486 2412 2540; x_wconf 85' lang='lat' dir='ltr'>dicit:</span> <span class='ocrx_word' id='word_1_440' title='bbox 2447 2505 2473 2539; x_wconf 87' lang='grc'>‹‹</span> <span class='ocrx_word' id='word_1_441' title='bbox 2506 2489 2567 2542; x_wconf 93' lang='lat' dir='ltr'>In</span> <span class='ocrx_word' id='word_1_442' title='bbox 2599 2490 2870 2543; x_wconf 88' lang='lat' dir='ltr'>memoria</span> <span class='ocrx_word' id='word_1_443' title='bbox 2884 2499 3094 2545; x_wconf 68' lang='lat' dir='ltr'>aeterna</span> <span class='ocrx_word' id='word_1_444' title='bbox 3125 2493 3452 2565; x_wconf 71' lang='lat' dir='ltr'>eritjustus.</span> <span class='ocrx_word' id='word_1_445' title='bbox 3482 2513 3507 2547; x_wconf 68' lang='grc' dir='ltr'><strong><em>ν</em></strong></span> 
     </span>
    </p>
   </div>
   <div class='ocr_carea' id='block_1_56' title="bbox 2125 2575 3649 2654">
    <p class='ocr_par' dir='ltr' id='par_1_56' title="bbox 2125 2575 3649 2654">
     <span class='ocr_line' id='line_1_56' title="bbox 2125 2575 3649 2654; baseline 0.009 -30"><span class='ocrx_word' id='word_1_446' title='bbox 2125 2592 2148 2625; x_wconf 92' lang='lat'><strong>«</strong></span> <span class='ocrx_word' id='word_1_447' title='bbox 2174 2575 2243 2629; x_wconf 87' lang='lat' dir='ltr'>Et</span> <span class='ocrx_word' id='word_1_448' title='bbox 2270 2582 2436 2629; x_wconf 87' lang='lat' dir='ltr'>erunt</span> <span class='ocrx_word' id='word_1_449' title='bbox 2460 2577 2618 2639; x_wconf 86' lang='lat' dir='ltr'>mihi,</span> <span class='ocrx_word' id='word_1_450' title='bbox 2649 2578 2729 2631; x_wconf 90' lang='lat' dir='ltr'>ait</span> <span class='ocrx_word' id='word_1_451' title='bbox 2763 2579 3029 2651; x_wconf 84' lang='lat' dir='ltr'>Dominus</span> <span class='ocrx_word' id='word_1_452' title='bbox 3072 2581 3451 2654; x_wconf 75' lang='lat' dir='ltr'>exercituum,</span> <span class='ocrx_word' id='word_1_453' title='bbox 3469 2582 3527 2636; x_wconf 89' lang='lat' dir='ltr'>in</span> <span class='ocrx_word' id='word_1_454' title='bbox 3552 2582 3649 2649; x_wconf 77' lang='lat' dir='ltr'>die</span> 
     </span>
    </p>
   </div>
   <div class='ocr_carea' id='block_1_57' title="bbox 2049 2664 3649 2741">
    <p class='ocr_par' dir='ltr' id='par_1_57' title="bbox 2049 2664 3649 2741">
     <span class='ocr_line' id='line_1_57' title="bbox 2049 2664 3649 2741; baseline 0.009 -27"><span class='ocrx_word' id='word_1_455' title='bbox 2049 2677 2160 2731; x_wconf 89' lang='lat' dir='ltr'>qua</span> <span class='ocrx_word' id='word_1_456' title='bbox 2190 2678 2292 2733; x_wconf 82' lang='lat' dir='ltr'>ego</span> <span class='ocrx_word' id='word_1_457' title='bbox 2323 2664 2461 2720; x_wconf 82' lang='lat' dir='ltr'>facio</span> <span class='ocrx_word' id='word_1_458' title='bbox 2492 2665 2549 2721; x_wconf 90' lang='lat' dir='ltr'>in</span> <span class='ocrx_word' id='word_1_459' title='bbox 2580 2665 2881 2734; x_wconf 67' lang='lat' dir='ltr'>peculium,</span> <span class='ocrx_word' id='word_1_460' title='bbox 2914 2672 2969 2720; x_wconf 90' lang='lat' dir='ltr'>et</span> <span class='ocrx_word' id='word_1_461' title='bbox 2998 2684 3225 2738; x_wconf 89' lang='lat' dir='ltr'>parcam</span> <span class='ocrx_word' id='word_1_462' title='bbox 3250 2669 3329 2722; x_wconf 86' lang='lat' dir='ltr'>eis</span> <span class='ocrx_word' id='word_1_463' title='bbox 3349 2670 3493 2724; x_wconf 86' lang='lat' dir='ltr'>sicut</span> <span class='ocrx_word' id='word_1_464' title='bbox 3516 2686 3649 2741; x_wconf 79' lang='lat' dir='ltr'>par-</span> 
     </span>
    </p>
   </div>
   <div class='ocr_carea' id='block_1_58' title="bbox 2049 2749 3647 2824">
    <p class='ocr_par' dir='ltr' id='par_1_58' title="bbox 2049 2749 3647 2824">
     <span class='ocr_line' id='line_1_58' title="bbox 2049 2749 3647 2824; baseline 0.009 -21"><span class='ocrx_word' id='word_1_465' title='bbox 2049 2749 2125 2803; x_wconf 91' lang='lat' dir='ltr'>cit</span> <span class='ocrx_word' id='word_1_466' title='bbox 2152 2751 2235 2815; x_wconf 85' lang='lat' dir='ltr'>vir</span> <span class='ocrx_word' id='word_1_467' title='bbox 2265 2751 2378 2805; x_wconf 82' lang='lat' dir='ltr'>filio</span> <span class='ocrx_word' id='word_1_468' title='bbox 2421 2769 2522 2806; x_wconf 92' lang='lat' dir='ltr'>suo</span> <span class='ocrx_word' id='word_1_469' title='bbox 2560 2753 2823 2807; x_wconf 89' lang='lat' dir='ltr'>servienti</span> <span class='ocrx_word' id='word_1_470' title='bbox 2870 2755 2996 2809; x_wconf 88' lang='lat' dir='ltr'>sibi.</span> <span class='ocrx_word' id='word_1_471' title='bbox 3030 2756 3098 2811; x_wconf 85' lang='lat' dir='ltr'>Et</span> <span class='ocrx_word' id='word_1_472' title='bbox 3134 2758 3550 2824; x_wconf 78' lang='lat' dir='ltr'>convertemini,</span> <span class='ocrx_word' id='word_1_473' title='bbox 3582 2764 3647 2817; x_wconf 78' lang='lat' dir='ltr'>et</span> 
     </span>
    </p>
   </div>
   <div class='ocr_carea' id='block_1_59' title="bbox 2045 2830 3645 2917">
    <p class='ocr_par' dir='ltr' id='par_1_59' title="bbox 2045 2830 3645 2917">
     <span class='ocr_line' id='line_1_59' title="bbox 2045 2830 3645 2917; baseline 0.006 -27"><span class='ocrx_word' id='word_1_474' title='bbox 2045 2838 2297 2893; x_wconf 87' lang='lat' dir='ltr'>videbitis</span> <span class='ocrx_word' id='word_1_475' title='bbox 2326 2841 2459 2909; x_wconf 85' lang='lat' dir='ltr'>quid</span> <span class='ocrx_word' id='word_1_476' title='bbox 2488 2841 2563 2896; x_wconf 90' lang='lat' dir='ltr'>sit</span> <span class='ocrx_word' id='word_1_477' title='bbox 2598 2842 2748 2896; x_wconf 91' lang='lat' dir='ltr'>inter</span> <span class='ocrx_word' id='word_1_478' title='bbox 2769 2844 2989 2912; x_wconf 86' lang='lat' dir='ltr'>justum</span> <span class='ocrx_word' id='word_1_479' title='bbox 3013 2849 3069 2899; x_wconf 90' lang='lat' dir='ltr'>et</span> <span class='ocrx_word' id='word_1_480' title='bbox 3096 2844 3347 2917; x_wconf 76' lang='lat' dir='ltr'>impium,</span> <span class='ocrx_word' id='word_1_481' title='bbox 3392 2852 3449 2900; x_wconf 90' lang='lat' dir='ltr'>et</span> <span class='ocrx_word' id='word_1_482' title='bbox 3489 2830 3645 2917; x_wconf 68' lang='lat' dir='ltr'>inter</span> 
     </span>
    </p>
   </div>
   <div class='ocr_carea' id='block_1_60' title="bbox 370 2928 3642 3017">
    <p class='ocr_par' dir='ltr' id='par_1_60' title="bbox 370 2928 3642 3017">
     <span class='ocr_line' id='line_1_60' title="bbox 370 2928 3642 3017; baseline -0.002 -22"><span class='ocrx_word' id='word_1_483' title='bbox 370 2938 671 3017; x_wconf 77' lang='lat' dir='ltr'>superbos,</span> <span class='ocrx_word' id='word_1_484' title='bbox 692 2939 787 3010; x_wconf 82' lang='lat' dir='ltr'>qui</span> <span class='ocrx_word' id='word_1_485' title='bbox 813 2943 1010 3007; x_wconf 80' lang='lat' dir='ltr'>contra</span> <span class='ocrx_word' id='word_1_486' title='bbox 1050 2939 1227 2991; x_wconf 91' lang='lat' dir='ltr'>Deum</span> <span class='ocrx_word' id='word_1_487' title='bbox 1270 2934 1659 3007; x_wconf 87' lang='lat' dir='ltr'>hujuscemodi</span> <span class='ocrx_word' id='word_1_488' title='bbox 1711 2933 1962 3005; x_wconf 83' lang='lat' dir='ltr'>blasphe-</span> <span class='ocrx_word' id='word_1_489' title='bbox 1984 2984 2024 3017; x_wconf 57' lang='grc' dir='ltr'><strong><em>ρ</em></strong></span> <span class='ocrx_word' id='word_1_490' title='bbox 2045 2928 2376 3017; x_wconf 70' lang='lat' dir='ltr'>servientem</span> <span class='ocrx_word' id='word_1_491' title='bbox 2404 2930 2518 2984; x_wconf 89' lang='lat' dir='ltr'>Deo</span> <span class='ocrx_word' id='word_1_492' title='bbox 2534 2935 2591 2985; x_wconf 89' lang='lat' dir='ltr'>et</span> <span class='ocrx_word' id='word_1_493' title='bbox 2605 2946 2714 2985; x_wconf 90' lang='lat' dir='ltr'>non</span> <span class='ocrx_word' id='word_1_494' title='bbox 2735 2932 3067 3001; x_wconf 81' lang='lat' dir='ltr'>servientem</span> <span class='ocrx_word' id='word_1_495' title='bbox 3079 2932 3184 2988; x_wconf 70' lang='lat' dir='ltr'>ei.»</span> <span class='ocrx_word' id='word_1_496' title='bbox 3210 2934 3388 3007; x_wconf 79' lang='lat' dir='ltr'>Erunt</span> <span class='ocrx_word' id='word_1_497' title='bbox 3409 2933 3642 3006; x_wconf 85' lang='lat' dir='ltr'>(inquit)</span> 
     </span>
    </p>
   </div>
   <div class='ocr_carea' id='block_1_61' title="bbox 370 3016 3641 3101">
    <p class='ocr_par' dir='ltr' id='par_1_61' title="bbox 370 3016 3641 3101">
     <span class='ocr_line' id='line_1_61' title="bbox 370 3016 3641 3101; baseline -0.001 -19"><span class='ocrx_word' id='word_1_498' title='bbox 370 3016 513 3101; x_wconf 85' lang='lat' dir='ltr'>mias</span> <span class='ocrx_word' id='word_1_499' title='bbox 538 3028 777 3101; x_wconf 84' lang='lat' dir='ltr'>jaeulari</span> <span class='ocrx_word' id='word_1_500' title='bbox 809 3044 917 3081; x_wconf 86' lang='lat' dir='ltr'>non</span> <span class='ocrx_word' id='word_1_501' title='bbox 936 3027 1154 3081; x_wconf 82' lang='lat' dir='ltr'>timent.</span> <span class='ocrx_word' id='word_1_502' title='bbox 1184 3027 1297 3082; x_wconf 87' lang='lat' dir='ltr'>Cur</span> <span class='ocrx_word' id='word_1_503' title='bbox 1315 3032 1504 3080; x_wconf 86' lang='lat' dir='ltr'>autem</span> <span class='ocrx_word' id='word_1_504' title='bbox 1533 3041 1626 3078; x_wconf 89' lang='lat' dir='ltr'>eos</span> <span class='ocrx_word' id='word_1_505' title='bbox 1660 3023 1848 3077; x_wconf 88' lang='lat' dir='ltr'>beatos</span> <span class='ocrx_word' id='word_1_506' title='bbox 1868 3039 1963 3079; x_wconf 76' lang='grc' dir='ltr'>νο·</span> <span class='ocrx_word' id='word_1_507' title='bbox 1984 3016 2026 3044; x_wconf 66' lang='grc' dir='ltr'>υ</span> <span class='ocrx_word' id='word_1_508' title='bbox 2046 3016 2183 3071; x_wconf 86' lang='lat' dir='ltr'>mihi</span> <span class='ocrx_word' id='word_1_509' title='bbox 2214 3016 2270 3070; x_wconf 87' lang='lat' dir='ltr'>in</span> <span class='ocrx_word' id='word_1_510' title='bbox 2293 3018 2590 3091; x_wconf 87' lang='lat' dir='ltr'>peculium,</span> <span class='ocrx_word' id='word_1_511' title='bbox 2614 3019 2745 3093; x_wconf 84' lang='lat' dir='ltr'>quia</span> <span class='ocrx_word' id='word_1_512' title='bbox 2774 3020 2976 3089; x_wconf 83' lang='lat' dir='ltr'>eligam</span> <span class='ocrx_word' id='word_1_513' title='bbox 3008 3037 3101 3074; x_wconf 90' lang='lat' dir='ltr'>eos</span> <span class='ocrx_word' id='word_1_514' title='bbox 3131 3022 3451 3089; x_wconf 81' lang='lat' dir='ltr'>nonsolum</span> <span class='ocrx_word' id='word_1_515' title='bbox 3470 3039 3641 3095; x_wconf 58' lang='lat' dir='ltr'>genev-</span> 
     </span>
    </p>
   </div>
   <div class='ocr_carea' id='block_1_62' title="bbox 370 3099 3644 3189">
    <p class='ocr_par' dir='ltr' id='par_1_62' title="bbox 370 3099 3644 3189">
     <span class='ocr_line' id='line_1_62' title="bbox 370 3099 3644 3189; baseline 0.002 -22"><span class='ocrx_word' id='word_1_516' title='bbox 370 3099 595 3189; x_wconf 69' lang='lat' dir='ltr'>caverit,</span> <span class='ocrx_word' id='word_1_517' title='bbox 617 3099 862 3177; x_wconf 74' lang='lat' dir='ltr'>ostendit</span> <span class='ocrx_word' id='word_1_518' title='bbox 882 3115 1125 3169; x_wconf 84' lang='lat' dir='ltr'>subdens</span> <span class='ocrx_word' id='word_1_519' title='bbox 1153 3131 1162 3164; x_wconf 95' lang='lat'>:</span> <span class='ocrx_word' id='word_1_520' title='bbox 1191 3133 1215 3165; x_wconf 83' lang='lat'><strong>«</strong></span> <span class='ocrx_word' id='word_1_521' title='bbox 1241 3114 1527 3183; x_wconf 84' lang='lat' dir='ltr'>Siquidem</span> <span class='ocrx_word' id='word_1_522' title='bbox 1554 3112 1811 3187; x_wconf 69' lang='lat' dir='ltr'>aedificati</span> <span class='ocrx_word' id='word_1_523' title='bbox 1834 3117 1966 3165; x_wconf 87' lang='lat' dir='ltr'>sunt</span> <span class='ocrx_word' id='word_1_524' title='bbox 2046 3104 2151 3158; x_wconf 66' lang='lat' dir='ltr'>Pali</span> <span class='ocrx_word' id='word_1_525' title='bbox 2181 3105 2485 3170; x_wconf 64' lang='grc' dir='ltr'>νοοᾶῒίοηθι</span> <span class='ocrx_word' id='word_1_526' title='bbox 2514 3123 2625 3177; x_wconf 80' lang='lat' dir='ltr'>qua</span> <span class='ocrx_word' id='word_1_527' title='bbox 2665 3124 2858 3161; x_wconf 66' lang='grc' dir='ltr'>οίηιιθδ</span> <span class='ocrx_word' id='word_1_528' title='bbox 2888 3109 3195 3163; x_wconf 66' lang='lat' dir='ltr'>Chris&#39;iani</span> <span class='ocrx_word' id='word_1_529' title='bbox 3226 3116 3508 3175; x_wconf 66' lang='grc' dir='ltr'>νοωηῐιπς</span> <span class='ocrx_word' id='word_1_530' title='bbox 3542 3111 3644 3173; x_wconf 69' lang='lat' dir='ltr'>sed</span> 
     </span>
    </p>
   </div>
   <div class='ocr_carea' id='block_1_63' title="bbox 368 3188 3642 3276">
    <p class='ocr_par' dir='ltr' id='par_1_63' title="bbox 368 3188 3642 3276">
     <span class='ocr_line' id='line_1_63' title="bbox 368 3188 3642 3276; baseline -0.001 -19"><span class='ocrx_word' id='word_1_531' title='bbox 368 3188 633 3275; x_wconf 70' lang='lat' dir='ltr'>facientes</span> <span class='ocrx_word' id='word_1_532' title='bbox 663 3206 1031 3276; x_wconf 78' lang='lat' dir='ltr'>impietatem,</span> <span class='ocrx_word' id='word_1_533' title='bbox 1079 3224 1103 3254; x_wconf 82' lang='lat'>»</span> <span class='ocrx_word' id='word_1_534' title='bbox 1138 3203 1190 3255; x_wconf 88' lang='lat' dir='ltr'>id</span> <span class='ocrx_word' id='word_1_535' title='bbox 1222 3209 1307 3255; x_wconf 84' lang='lat' dir='ltr'>est</span> <span class='ocrx_word' id='word_1_536' title='bbox 1334 3204 1390 3254; x_wconf 88' lang='lat' dir='ltr'>in</span> <span class='ocrx_word' id='word_1_537' title='bbox 1444 3202 1629 3259; x_wconf 71' lang='lat' dir='ltr'>smculi</span> <span class='ocrx_word' id='word_1_538' title='bbox 1672 3200 1871 3269; x_wconf 78' lang='lat' dir='ltr'>gloria,</span> <span class='ocrx_word' id='word_1_539' title='bbox 1910 3208 1967 3253; x_wconf 85' lang='lat' dir='ltr'>et</span> <span class='ocrx_word' id='word_1_540' title='bbox 2051 3196 2217 3247; x_wconf 85' lang='lat' dir='ltr'>etiam</span> <span class='ocrx_word' id='word_1_541' title='bbox 2250 3196 2517 3265; x_wconf 84' lang='lat' dir='ltr'>peculiari</span> <span class='ocrx_word' id='word_1_542' title='bbox 2546 3204 2602 3249; x_wconf 87' lang='lat' dir='ltr'>et</span> <span class='ocrx_word' id='word_1_543' title='bbox 2626 3197 2869 3267; x_wconf 74' lang='lat' dir='ltr'>propria,</span> <span class='ocrx_word' id='word_1_544' title='bbox 2899 3214 3008 3267; x_wconf 83' lang='lat' dir='ltr'>qua</span> <span class='ocrx_word' id='word_1_545' title='bbox 3032 3199 3135 3251; x_wconf 88' lang='lat' dir='ltr'>soli</span> <span class='ocrx_word' id='word_1_546' title='bbox 3162 3199 3322 3252; x_wconf 87' lang='lat' dir='ltr'>electi</span> <span class='ocrx_word' id='word_1_547' title='bbox 3354 3208 3642 3268; x_wconf 84' lang='lat' dir='ltr'>vocantur,</span> 
     </span>
    </p>
   </div>
   <div class='ocr_carea' id='block_1_64' title="bbox 369 3286 1968 3364">
    <p class='ocr_par' dir='ltr' id='par_1_64' title="bbox 369 3286 1968 3364">
     <span class='ocr_line' id='line_1_64' title="bbox 369 3286 1968 3364; baseline -0.004 -18"><span class='ocrx_word' id='word_1_548' title='bbox 369 3299 497 3364; x_wconf 90' lang='lat' dir='ltr'>post</span> <span class='ocrx_word' id='word_1_549' title='bbox 518 3294 731 3347; x_wconf 80' lang='lat' dir='ltr'>scelera</span> <span class='ocrx_word' id='word_1_550' title='bbox 788 3292 1069 3363; x_wconf 78' lang='lat' dir='ltr'>prosperis</span> <span class='ocrx_word' id='word_1_551' title='bbox 1121 3290 1377 3343; x_wconf 83' lang='lat' dir='ltr'>omnibus</span> <span class='ocrx_word' id='word_1_552' title='bbox 1425 3289 1807 3358; x_wconf 85' lang='lat' dir='ltr'>perfruuntur.</span> <span class='ocrx_word' id='word_1_553' title='bbox 1841 3308 1861 3337; x_wconf 83' lang='grc' dir='ltr'>ι</span> <span class='ocrx_word' id='word_1_554' title='bbox 1898 3286 1968 3340; x_wconf 88' lang='lat' dir='ltr'>Et</span> 
     </span>
    </p>
   </div>
   <div class='ocr_carea' id='block_1_65' title="bbox 367 3374 1966 3445">
    <p class='ocr_par' dir='ltr' id='par_1_65' title="bbox 367 3374 1966 3445">
     <span class='ocr_line' id='line_1_65' title="bbox 367 3374 1966 3445; baseline -0.007 -6"><span class='ocrx_word' id='word_1_555' title='bbox 367 3384 727 3441; x_wconf 81' lang='lat' dir='ltr'>tentaverunt</span> <span class='ocrx_word' id='word_1_556' title='bbox 755 3381 952 3443; x_wconf 84' lang='lat' dir='ltr'>Deum,</span> <span class='ocrx_word' id='word_1_557' title='bbox 983 3400 1004 3430; x_wconf 74' lang='grc' dir='ltr'><strong><em>ι</em></strong></span> <span class='ocrx_word' id='word_1_558' title='bbox 1038 3380 1150 3433; x_wconf 89' lang='lat' dir='ltr'>sive</span> <span class='ocrx_word' id='word_1_559' title='bbox 1166 3379 1495 3433; x_wconf 87' lang='lat' dir='ltr'>restiterunt</span> <span class='ocrx_word' id='word_1_560' title='bbox 1524 3377 1656 3442; x_wconf 90' lang='lat' dir='ltr'>Deo,</span> <span class='ocrx_word' id='word_1_561' title='bbox 1677 3374 1966 3445; x_wconf 66' lang='lat' dir='ltr'>praiceptis</span> 
     </span>
    </p>
   </div>
   <div class='ocr_carea' id='block_1_66' title="bbox 369 3456 1963 3547">
    <p class='ocr_par' dir='ltr' id='par_1_66' title="bbox 369 3456 1963 3547">
     <span class='ocr_line' id='line_1_66' title="bbox 369 3456 1963 3547; baseline -0.008 -19"><span class='ocrx_word' id='word_1_562' title='bbox 369 3456 491 3547; x_wconf 72' lang='lat' dir='ltr'>ejus</span> <span class='ocrx_word' id='word_1_563' title='bbox 512 3469 793 3529; x_wconf 70' lang='lat' dir='ltr'>contraria</span> <span class='ocrx_word' id='word_1_564' title='bbox 817 3468 1102 3525; x_wconf 77' lang='lat' dir='ltr'>facientes.</span> <span class='ocrx_word' id='word_1_565' title='bbox 1140 3490 1161 3514; x_wconf 72' lang='grc' dir='ltr'><strong><em>α</em></strong></span> <span class='ocrx_word' id='word_1_566' title='bbox 1196 3466 1266 3519; x_wconf 90' lang='lat' dir='ltr'>Et</span> <span class='ocrx_word' id='word_1_567' title='bbox 1286 3466 1422 3519; x_wconf 81' lang='lat' dir='ltr'>salvi</span> <span class='ocrx_word' id='word_1_568' title='bbox 1452 3465 1581 3519; x_wconf 84' lang='lat' dir='ltr'>facti</span> <span class='ocrx_word' id='word_1_569' title='bbox 1611 3469 1743 3517; x_wconf 91' lang='lat' dir='ltr'>sunt</span> <span class='ocrx_word' id='word_1_570' title='bbox 1772 3483 1794 3514; x_wconf 71' lang='grc' dir='ltr'><strong><em>ι</em></strong></span> <span class='ocrx_word' id='word_1_571' title='bbox 1830 3463 1963 3539; x_wconf 87' lang='lat' dir='ltr'>dum</span> 
     </span>
    </p>
   </div>
   <div class='ocr_carea' id='block_1_67' title="bbox 369 3552 1967 3625">
    <p class='ocr_par' dir='ltr' id='par_1_67' title="bbox 369 3552 1967 3625">
     <span class='ocr_line' id='line_1_67' title="bbox 369 3552 1967 3625; baseline -0.004 -14"><span class='ocrx_word' id='word_1_572' title='bbox 369 3575 529 3613; x_wconf 90' lang='lat' dir='ltr'>suam</span> <span class='ocrx_word' id='word_1_573' title='bbox 558 3564 779 3613; x_wconf 87' lang='lat' dir='ltr'>tantum</span> <span class='ocrx_word' id='word_1_574' title='bbox 802 3558 1038 3613; x_wconf 87' lang='lat' dir='ltr'>salutem</span> <span class='ocrx_word' id='word_1_575' title='bbox 1075 3560 1277 3625; x_wconf 80' lang='lat' dir='ltr'>putant</span> <span class='ocrx_word' id='word_1_576' title='bbox 1308 3570 1428 3608; x_wconf 87' lang='lat' dir='ltr'>esse</span> <span class='ocrx_word' id='word_1_577' title='bbox 1469 3552 1791 3606; x_wconf 76' lang='lat' dir='ltr'>felicitatem</span> <span class='ocrx_word' id='word_1_578' title='bbox 1830 3568 1967 3621; x_wconf 60' lang='lat' dir='ltr'>pre-</span> 
     </span>
    </p>
   </div>
   <div class='ocr_carea' id='block_1_68' title="bbox 369 3628 1968 3714">
    <p class='ocr_par' dir='ltr' id='par_1_68' title="bbox 369 3628 1968 3714">
     <span class='ocr_line' id='line_1_68' title="bbox 369 3628 1968 3714; baseline -0.004 -15"><span class='ocrx_word' id='word_1_579' title='bbox 369 3628 543 3700; x_wconf 83' lang='lat' dir='ltr'>sentis</span> <span class='ocrx_word' id='word_1_580' title='bbox 580 3646 935 3705; x_wconf 65' lang='grc' dir='ltr'>εδεειιιίᾙεῐξο</span> <span class='ocrx_word' id='word_1_581' title='bbox 973 3660 1095 3714; x_wconf 76' lang='lat' dir='ltr'>quae</span> <span class='ocrx_word' id='word_1_582' title='bbox 1114 3645 1273 3711; x_wconf 80' lang='lat' dir='ltr'>juxta</span> <span class='ocrx_word' id='word_1_583' title='bbox 1295 3642 1539 3699; x_wconf 86' lang='lat' dir='ltr'>litteram</span> <span class='ocrx_word' id='word_1_584' title='bbox 1570 3641 1638 3693; x_wconf 86' lang='lat' dir='ltr'>de</span> <span class='ocrx_word' id='word_1_585' title='bbox 1662 3640 1868 3693; x_wconf 84' lang='lat' dir='ltr'>Judaeis</span> <span class='ocrx_word' id='word_1_586' title='bbox 1888 3639 1968 3693; x_wconf 87' lang='lat' dir='ltr'>di-</span> 
     </span>
    </p>
   </div>
   <div class='ocr_carea' id='block_1_69' title="bbox 368 3729 1966 3804">
    <p class='ocr_par' dir='ltr' id='par_1_69' title="bbox 368 3729 1966 3804">
     <span class='ocr_line' id='line_1_69' title="bbox 368 3729 1966 3804; baseline -0.004 -15"><span class='ocrx_word' id='word_1_587' title='bbox 368 3745 592 3798; x_wconf 86' lang='lat' dir='ltr'>cuntur,</span> <span class='ocrx_word' id='word_1_588' title='bbox 618 3744 852 3804; x_wconf 85' lang='lat' dir='ltr'>possunt</span> <span class='ocrx_word' id='word_1_589' title='bbox 881 3739 937 3786; x_wconf 89' lang='lat' dir='ltr'>et</span> <span class='ocrx_word' id='word_1_590' title='bbox 966 3733 1034 3785; x_wconf 87' lang='lat' dir='ltr'>de</span> <span class='ocrx_word' id='word_1_591' title='bbox 1070 3731 1344 3785; x_wconf 69' lang='lat' dir='ltr'>haereticis</span> <span class='ocrx_word' id='word_1_592' title='bbox 1374 3740 1429 3783; x_wconf 87' lang='lat' dir='ltr'>et</span> <span class='ocrx_word' id='word_1_593' title='bbox 1459 3730 1526 3783; x_wconf 91' lang='lat' dir='ltr'>de</span> <span class='ocrx_word' id='word_1_594' title='bbox 1550 3729 1826 3791; x_wconf 81' lang='lat' dir='ltr'>omnibus,</span> <span class='ocrx_word' id='word_1_595' title='bbox 1870 3730 1966 3799; x_wconf 89' lang='lat' dir='ltr'>qui</span> 
     </span>
    </p>
   </div>
   <div class='ocr_carea' id='block_1_70' title="bbox 369 3817 1965 3892">
    <p class='ocr_par' dir='ltr' id='par_1_70' title="bbox 369 3817 1965 3892">
     <span class='ocr_line' id='line_1_70' title="bbox 369 3817 1965 3892; baseline -0.007 -11"><span class='ocrx_word' id='word_1_596' title='bbox 369 3824 438 3881; x_wconf 89' lang='lat' dir='ltr'>de</span> <span class='ocrx_word' id='word_1_597' title='bbox 467 3822 756 3892; x_wconf 81' lang='lat' dir='ltr'>praesentis</span> <span class='ocrx_word' id='word_1_598' title='bbox 785 3821 908 3875; x_wconf 77' lang='lat' dir='ltr'>vitae</span> <span class='ocrx_word' id='word_1_599' title='bbox 937 3819 1305 3890; x_wconf 86' lang='lat' dir='ltr'>prosperitate</span> <span class='ocrx_word' id='word_1_600' title='bbox 1335 3817 1685 3888; x_wconf 86' lang='lat' dir='ltr'>superbiunt,</span> <span class='ocrx_word' id='word_1_601' title='bbox 1735 3833 1846 3870; x_wconf 90' lang='lat' dir='ltr'>non</span> <span class='ocrx_word' id='word_1_602' title='bbox 1877 3818 1965 3892; x_wconf 83' lang='lat' dir='ltr'>in-</span> 
     </span>
    </p>
   </div>
   <div class='ocr_carea' id='block_1_71' title="bbox 368 3894 1965 3987">
    <p class='ocr_par' dir='ltr' id='par_1_71' title="bbox 368 3894 1965 3987">
     <span class='ocr_line' id='line_1_71' title="bbox 368 3894 1965 3987; baseline -0.003 -24"><span class='ocrx_word' id='word_1_603' title='bbox 368 3926 615 3987; x_wconf 77' lang='lat' dir='ltr'>congrue</span> <span class='ocrx_word' id='word_1_604' title='bbox 643 3909 836 3980; x_wconf 86' lang='lat' dir='ltr'>accipi,</span> <span class='ocrx_word' id='word_1_605' title='bbox 874 3908 968 3981; x_wconf 90' lang='lat' dir='ltr'>qui</span> <span class='ocrx_word' id='word_1_606' title='bbox 996 3908 1053 3962; x_wconf 90' lang='lat' dir='ltr'>in</span> <span class='ocrx_word' id='word_1_607' title='bbox 1082 3894 1185 3985; x_wconf 83' lang='lat' dir='ltr'>sua</span> <span class='ocrx_word' id='word_1_608' title='bbox 1217 3907 1506 3977; x_wconf 82' lang='lat' dir='ltr'>impietate</span> <span class='ocrx_word' id='word_1_609' title='bbox 1555 3904 1873 3983; x_wconf 81' lang='lat' dir='ltr'>proﬁciunt,</span> <span class='ocrx_word' id='word_1_610' title='bbox 1908 3911 1965 3959; x_wconf 85' lang='lat' dir='ltr'>et</span> 
     </span>
    </p>
   </div>
   <div class='ocr_carea' id='block_1_72' title="bbox 370 3984 1757 4069">
    <p class='ocr_par' dir='ltr' id='par_1_72' title="bbox 370 3984 1757 4069">
     <span class='ocr_line' id='line_1_72' title="bbox 370 3984 1757 4069; baseline -0.006 -14"><span class='ocrx_word' id='word_1_611' title='bbox 370 3984 574 4059; x_wconf 81' lang='lat' dir='ltr'>multos</span> <span class='ocrx_word' id='word_1_612' title='bbox 594 3996 681 4055; x_wconf 89' lang='lat' dir='ltr'>sui</span> <span class='ocrx_word' id='word_1_613' title='bbox 713 3986 938 4059; x_wconf 75' lang='lat' dir='ltr'>seeleris</span> <span class='ocrx_word' id='word_1_614' title='bbox 978 3984 1276 4069; x_wconf 85' lang='lat' dir='ltr'>participes</span> <span class='ocrx_word' id='word_1_615' title='bbox 1306 3995 1605 4053; x_wconf 87' lang='lat' dir='ltr'>asciscunt.</span> <span class='ocrx_word' id='word_1_616' title='bbox 1752 4066 1757 4069; x_wconf 15' lang='lat'><strong><em>‘</em></strong></span> 
     </span>
    </p>
   </div>
   <div class='ocr_carea' id='block_1_73' title="bbox 440 4080 1964 4161">
    <p class='ocr_par' dir='ltr' id='par_1_73' title="bbox 440 4080 1964 4161">
     <span class='ocr_line' id='line_1_73' title="bbox 440 4080 1964 4161; baseline -0.005 -19"><span class='ocrx_word' id='word_1_617' title='bbox 440 4105 467 4137; x_wconf 75' lang='grc' dir='ltr'>ι</span> <span class='ocrx_word' id='word_1_618' title='bbox 500 4088 657 4145; x_wconf 86' lang='lat' dir='ltr'>Tunc</span> <span class='ocrx_word' id='word_1_619' title='bbox 688 4086 857 4143; x_wconf 88' lang='lat' dir='ltr'>locuti</span> <span class='ocrx_word' id='word_1_620' title='bbox 888 4092 1021 4145; x_wconf 84' lang='lat' dir='ltr'>sunt</span> <span class='ocrx_word' id='word_1_621' title='bbox 1046 4086 1309 4159; x_wconf 78' lang='lat' dir='ltr'>timentes</span> <span class='ocrx_word' id='word_1_622' title='bbox 1324 4080 1964 4161; x_wconf 74' lang='lat' dir='ltr'>Dominum,unusquis~</span> 
     </span>
    </p>
   </div>
   <div class='ocr_carea' id='block_1_74' title="bbox 369 4168 1965 4247">
    <p class='ocr_par' dir='ltr' id='par_1_74' title="bbox 369 4168 1965 4247">
     <span class='ocr_line' id='line_1_74' title="bbox 369 4168 1965 4247; baseline -0.005 -19"><span class='ocrx_word' id='word_1_623' title='bbox 369 4191 477 4247; x_wconf 86' lang='lat' dir='ltr'>que</span> <span class='ocrx_word' id='word_1_624' title='bbox 506 4192 631 4229; x_wconf 90' lang='lat' dir='ltr'>cum</span> <span class='ocrx_word' id='word_1_625' title='bbox 662 4176 914 4244; x_wconf 86' lang='lat' dir='ltr'>proximo</span> <span class='ocrx_word' id='word_1_626' title='bbox 947 4190 1066 4227; x_wconf 91' lang='lat' dir='ltr'>suo.</span> <span class='ocrx_word' id='word_1_627' title='bbox 1108 4192 1129 4222; x_wconf 76' lang='grc' dir='ltr'><strong><em>ι</em></strong></span> <span class='ocrx_word' id='word_1_628' title='bbox 1165 4173 1373 4226; x_wconf 89' lang='lat' dir='ltr'>Sensus</span> <span class='ocrx_word' id='word_1_629' title='bbox 1404 4171 1496 4224; x_wconf 88' lang='lat' dir='ltr'>ille</span> <span class='ocrx_word' id='word_1_630' title='bbox 1522 4175 1640 4223; x_wconf 87' lang='lat' dir='ltr'>est:</span> <span class='ocrx_word' id='word_1_631' title='bbox 1696 4168 1965 4241; x_wconf 82' lang='lat' dir='ltr'>Blasphe-</span> 
     </span>
    </p>
   </div>
   <div class='ocr_carea' id='block_1_75' title="bbox 368 4250 2029 4352">
    <p class='ocr_par' dir='ltr' id='par_1_75' title="bbox 368 4250 2029 4352">
     <span class='ocr_line' id='line_1_75' title="bbox 368 4250 2029 4352; baseline -0.003 -38"><span class='ocrx_word' id='word_1_632' title='bbox 368 4250 763 4327; x_wconf 26' lang='lat' dir='ltr'>mantibus,’et</span> <span class='ocrx_word' id='word_1_633' title='bbox 810 4260 1023 4333; x_wconf 89' lang='lat' dir='ltr'>judicia</span> <span class='ocrx_word' id='word_1_634' title='bbox 1078 4260 1179 4313; x_wconf 79' lang='lat' dir='ltr'>Dei</span> <span class='ocrx_word' id='word_1_635' title='bbox 1248 4262 1392 4329; x_wconf 70' lang='lat' dir='ltr'>(quae</span> <span class='ocrx_word' id='word_1_636' title='bbox 1432 4274 1835 4329; x_wconf 90' lang='lat' dir='ltr'>nonnunquam</span> <span class='ocrx_word' id='word_1_637' title='bbox 1868 4273 2029 4352; x_wconf 71' lang='lat' dir='ltr'>oc-D</span> 
     </span>
    </p>
   </div>
   <div class='ocr_carea' id='block_1_76' title="bbox 368 4345 1963 4425">
    <p class='ocr_par' dir='ltr' id='par_1_76' title="bbox 368 4345 1963 4425">
     <span class='ocr_line' id='line_1_76' title="bbox 368 4345 1963 4425; baseline -0.001 -25"><span class='ocrx_word' id='word_1_638' title='bbox 368 4349 537 4425; x_wconf 77' lang='lat' dir='ltr'>culta,</span> <span class='ocrx_word' id='word_1_639' title='bbox 565 4364 786 4417; x_wconf 82' lang='lat' dir='ltr'>semper</span> <span class='ocrx_word' id='word_1_640' title='bbox 815 4348 1182 4419; x_wconf 84' lang='lat' dir='ltr'>autemjusta</span> <span class='ocrx_word' id='word_1_641' title='bbox 1227 4352 1374 4425; x_wconf 78' lang='lat' dir='ltr'>sunt)</span> <span class='ocrx_word' id='word_1_642' title='bbox 1407 4345 1963 4423; x_wconf 80' lang='lat' dir='ltr'>reprehendentibus,</span> 
     </span>
    </p>
   </div>
   <div class='ocr_carea' id='block_1_77' title="bbox 366 4418 1966 4515">
    <p class='ocr_par' dir='ltr' id='par_1_77' title="bbox 366 4418 1966 4515">
     <span class='ocr_line' id='line_1_77' title="bbox 366 4418 1966 4515; baseline -0.001 -26"><span class='ocrx_word' id='word_1_643' title='bbox 366 4418 502 4515; x_wconf 67' lang='lat' dir='ltr'>tunc</span> <span class='ocrx_word' id='word_1_644' title='bbox 522 4436 785 4511; x_wconf 79' lang='lat' dir='ltr'>timentes</span> <span class='ocrx_word' id='word_1_645' title='bbox 814 4437 993 4491; x_wconf 89' lang='lat' dir='ltr'>Deum</span> <span class='ocrx_word' id='word_1_646' title='bbox 1012 4418 1083 4489; x_wconf 85' lang='lat' dir='ltr'>ad</span> <span class='ocrx_word' id='word_1_647' title='bbox 1115 4420 1352 4489; x_wconf 83' lang='lat' dir='ltr'>invicem</span> <span class='ocrx_word' id='word_1_648' title='bbox 1386 4434 1554 4488; x_wconf 86' lang='lat' dir='ltr'>locuti</span> <span class='ocrx_word' id='word_1_649' title='bbox 1590 4438 1741 4498; x_wconf 88' lang='lat' dir='ltr'>sunt,</span> <span class='ocrx_word' id='word_1_650' title='bbox 1765 4418 1966 4507; x_wconf 44' lang='lat' dir='ltr'>subaué</span> 
     </span>
    </p>
   </div>
   <div class='ocr_carea' id='block_1_78' title="bbox 367 4523 1964 4605">
    <p class='ocr_par' dir='ltr' id='par_1_78' title="bbox 367 4523 1964 4605">
     <span class='ocr_line' id='line_1_78' title="bbox 367 4523 1964 4605; baseline 0 -28"><span class='ocrx_word' id='word_1_651' title='bbox 367 4523 629 4605; x_wconf 76' lang='lat' dir='ltr'>diendum</span> <span class='ocrx_word' id='word_1_652' title='bbox 661 4525 809 4596; x_wconf 80' lang='lat' dir='ltr'>quod</span> <span class='ocrx_word' id='word_1_653' title='bbox 840 4523 1134 4601; x_wconf 85' lang='lat' dir='ltr'>retributio</span> <span class='ocrx_word' id='word_1_654' title='bbox 1152 4524 1427 4579; x_wconf 91' lang='lat' dir='ltr'>bonorum</span> <span class='ocrx_word' id='word_1_655' title='bbox 1457 4528 1512 4578; x_wconf 87' lang='lat' dir='ltr'>et</span> <span class='ocrx_word' id='word_1_656' title='bbox 1541 4523 1817 4577; x_wconf 86' lang='lat' dir='ltr'>malorum</span> <span class='ocrx_word' id='word_1_657' title='bbox 1853 4539 1964 4577; x_wconf 90' lang='lat' dir='ltr'>non</span> 
     </span>
    </p>
   </div>
   <div class='ocr_carea' id='block_1_79' title="bbox 366 4604 1958 4693">
    <p class='ocr_par' dir='ltr' id='par_1_79' title="bbox 366 4604 1958 4693">
     <span class='ocr_line' id='line_1_79' title="bbox 366 4604 1958 4693; baseline -0.003 -25"><span class='ocrx_word' id='word_1_658' title='bbox 366 4604 587 4693; x_wconf 81' lang='lat' dir='ltr'>semper</span> <span class='ocrx_word' id='word_1_659' title='bbox 609 4614 956 4693; x_wconf 70' lang='lat' dir='ltr'>inpraesenti</span> <span class='ocrx_word' id='word_1_660' title='bbox 986 4614 1087 4668; x_wconf 80' lang='lat' dir='ltr'>fiat</span> <span class='ocrx_word' id='word_1_661' title='bbox 1114 4614 1335 4675; x_wconf 65' lang='lat' dir='ltr'>saeculo,</span> <span class='ocrx_word' id='word_1_662' title='bbox 1386 4613 1484 4666; x_wconf 92' lang='lat' dir='ltr'>sed</span> <span class='ocrx_word' id='word_1_663' title='bbox 1530 4618 1845 4667; x_wconf 85' lang='lat' dir='ltr'>reservetur</span> <span class='ocrx_word' id='word_1_664' title='bbox 1898 4612 1958 4687; x_wconf 84' lang='lat' dir='ltr'>in</span> 
     </span>
    </p>
   </div>
   <div class='ocr_carea' id='block_1_80' title="bbox 362 4688 1962 4781">
    <p class='ocr_par' dir='ltr' id='par_1_80' title="bbox 362 4688 1962 4781">
     <span class='ocr_line' id='line_1_80' title="bbox 362 4688 1962 4781; baseline -0.003 -23"><span class='ocrx_word' id='word_1_665' title='bbox 362 4688 573 4781; x_wconf 66' lang='lat' dir='ltr'>futuro,</span> <span class='ocrx_word' id='word_1_666' title='bbox 606 4688 753 4774; x_wconf 72' lang='lat' dir='ltr'>quod</span> <span class='ocrx_word' id='word_1_667' title='bbox 784 4704 951 4761; x_wconf 84' lang='lat' dir='ltr'>homo</span> <span class='ocrx_word' id='word_1_668' title='bbox 982 4718 1093 4758; x_wconf 91' lang='lat' dir='ltr'>non</span> <span class='ocrx_word' id='word_1_669' title='bbox 1154 4702 1327 4772; x_wconf 89' lang='lat' dir='ltr'>possit</span> <span class='ocrx_word' id='word_1_670' title='bbox 1390 4701 1532 4755; x_wconf 88' lang='lat' dir='ltr'>scire</span> <span class='ocrx_word' id='word_1_671' title='bbox 1576 4700 1962 4756; x_wconf 87' lang='lat' dir='ltr'>inscrutabilia</span> 
     </span>
    </p>
   </div>
   <div class='ocr_carea' id='block_1_81' title="bbox 357 4789 1961 4865">
    <p class='ocr_par' dir='ltr' id='par_1_81' title="bbox 357 4789 1961 4865">
     <span class='ocr_line' id='line_1_81' title="bbox 357 4789 1961 4865; baseline -0.002 -19"><span class='ocrx_word' id='word_1_672' title='bbox 357 4792 568 4863; x_wconf 87' lang='lat' dir='ltr'>judicia</span> <span class='ocrx_word' id='word_1_673' title='bbox 596 4793 715 4856; x_wconf 85' lang='lat' dir='ltr'>Dei.</span> <span class='ocrx_word' id='word_1_674' title='bbox 744 4808 846 4848; x_wconf 91' lang='lat' dir='ltr'>nec</span> <span class='ocrx_word' id='word_1_675' title='bbox 877 4790 1078 4865; x_wconf 84' lang='lat' dir='ltr'>debeat</span> <span class='ocrx_word' id='word_1_676' title='bbox 1095 4791 1163 4844; x_wconf 85' lang='lat' dir='ltr'>de</span> <span class='ocrx_word' id='word_1_677' title='bbox 1186 4790 1336 4865; x_wconf 87' lang='lat' dir='ltr'>illius</span> <span class='ocrx_word' id='word_1_678' title='bbox 1362 4790 1627 4865; x_wconf 78' lang='lat' dir='ltr'>aequitate</span> <span class='ocrx_word' id='word_1_679' title='bbox 1661 4795 1719 4843; x_wconf 92' lang='lat' dir='ltr'>et</span> <span class='ocrx_word' id='word_1_680' title='bbox 1740 4789 1961 4859; x_wconf 86' lang='lat' dir='ltr'>justitia</span> 
     </span>
    </p>
   </div>
   <div class='ocr_carea' id='block_1_82' title="bbox 362 4870 1963 4959">
    <p class='ocr_par' dir='ltr' id='par_1_82' title="bbox 362 4870 1963 4959">
     <span class='ocr_line' id='line_1_82' title="bbox 362 4870 1963 4959; baseline -0.004 -22"><span class='ocrx_word' id='word_1_681' title='bbox 362 4870 667 4959; x_wconf 77' lang='lat' dir='ltr'>disputare.</span> <span class='ocrx_word' id='word_1_682' title='bbox 701 4882 829 4936; x_wconf 78' lang='lat' dir='ltr'>Haec</span> <span class='ocrx_word' id='word_1_683' title='bbox 854 4880 1002 4957; x_wconf 87' lang='lat' dir='ltr'>enim</span> <span class='ocrx_word' id='word_1_684' title='bbox 1036 4886 1093 4933; x_wconf 88' lang='lat' dir='ltr'>et</span> <span class='ocrx_word' id='word_1_685' title='bbox 1122 4879 1442 4950; x_wconf 87' lang='lat' dir='ltr'>hujusmodi</span> <span class='ocrx_word' id='word_1_686' title='bbox 1471 4878 1681 4932; x_wconf 89' lang='lat' dir='ltr'>sanctis</span> <span class='ocrx_word' id='word_1_687' title='bbox 1705 4877 1963 4932; x_wconf 87' lang='lat' dir='ltr'>convenit</span> 
     </span>
    </p>
   </div>
   <div class='ocr_carea' id='block_1_83' title="bbox 361 4954 1962 5043">
    <p class='ocr_par' dir='ltr' id='par_1_83' title="bbox 361 4954 1962 5043">
     <span class='ocr_line' id='line_1_83' title="bbox 361 4954 1962 5043; baseline -0.001 -20"><span class='ocrx_word' id='word_1_688' title='bbox 361 4954 765 5043; x_wconf 69' lang='lat' dir='ltr'>utinquantur.</span> <span class='ocrx_word' id='word_1_689' title='bbox 795 4954 954 5023; x_wconf 84' lang='lat' dir='ltr'>Unde</span> <span class='ocrx_word' id='word_1_690' title='bbox 983 4984 1095 5023; x_wconf 91' lang='lat' dir='ltr'>non</span> <span class='ocrx_word' id='word_1_691' title='bbox 1132 4968 1272 5023; x_wconf 81' lang='lat' dir='ltr'>dixit</span> <span class='ocrx_word' id='word_1_692' title='bbox 1295 4967 1428 5038; x_wconf 88' lang='lat' dir='ltr'>quid</span> <span class='ocrx_word' id='word_1_693' title='bbox 1449 4967 1743 5021; x_wconf 87' lang='lat' dir='ltr'>sintlocuti</span> <span class='ocrx_word' id='word_1_694' title='bbox 1764 4967 1962 5041; x_wconf 46' lang='lat' dir='ltr'>timenf</span> 
     </span>
    </p>
   </div>
   <div class='ocr_carea' id='block_1_84' title="bbox 363 5046 1961 5126">
    <p class='ocr_par' dir='ltr' id='par_1_84' title="bbox 363 5046 1961 5126">
     <span class='ocr_line' id='line_1_84' title="bbox 363 5046 1961 5126; baseline -0.001 -15"><span class='ocrx_word' id='word_1_695' title='bbox 363 5062 449 5113; x_wconf 89' lang='lat' dir='ltr'>tes</span> <span class='ocrx_word' id='word_1_696' title='bbox 478 5046 746 5121; x_wconf 85' lang='lat' dir='ltr'>Deum,ut</span> <span class='ocrx_word' id='word_1_697' title='bbox 768 5056 1313 5126; x_wconf 87' lang='lat' dir='ltr'>subintelligeremus</span> <span class='ocrx_word' id='word_1_698' title='bbox 1344 5073 1410 5108; x_wconf 84' lang='lat' dir='ltr'>ea</span> <span class='ocrx_word' id='word_1_699' title='bbox 1435 5055 1648 5109; x_wconf 88' lang='lat' dir='ltr'>locutos</span> <span class='ocrx_word' id='word_1_700' title='bbox 1677 5072 1799 5126; x_wconf 59' lang='lat' dir='ltr'>quin</span> <span class='ocrx_word' id='word_1_701' title='bbox 1817 5055 1961 5109; x_wconf 61' lang='lat' dir='ltr'>Serio</span> 
     </span>
    </p>
   </div>
   <div class='ocr_carea' id='block_1_85' title="bbox 363 5130 1962 5219">
    <p class='ocr_par' dir='ltr' id='par_1_85' title="bbox 363 5130 1962 5219">
     <span class='ocr_line' id='line_1_85' title="bbox 363 5130 1962 5219; baseline -0.003 -18"><span class='ocrx_word' id='word_1_702' title='bbox 363 5130 659 5219; x_wconf 77' lang='lat' dir='ltr'>pturarum</span> <span class='ocrx_word' id='word_1_703' title='bbox 684 5130 909 5199; x_wconf 87' lang='lat' dir='ltr'>vocibus</span> <span class='ocrx_word' id='word_1_704' title='bbox 924 5143 1366 5199; x_wconf 80' lang='lat' dir='ltr'>rontinentur.Si</span> <span class='ocrx_word' id='word_1_705' title='bbox 1388 5160 1514 5197; x_wconf 89' lang='lat' dir='ltr'>vero</span> <span class='ocrx_word' id='word_1_706' title='bbox 1535 5143 1842 5198; x_wconf 91' lang='lat' dir='ltr'>secundum</span> <span class='ocrx_word' id='word_1_707' title='bbox 1861 5144 1962 5197; x_wconf 86' lang='lat' dir='ltr'>Se-</span> 
     </span>
    </p>
   </div>
   <div class='ocr_carea' id='block_1_86' title="bbox 362 5220 1964 5308">
    <p class='ocr_par' dir='ltr' id='par_1_86' title="bbox 362 5220 1964 5308">
     <span class='ocr_line' id='line_1_86' title="bbox 362 5220 1964 5308; baseline -0.001 -20"><span class='ocrx_word' id='word_1_708' title='bbox 362 5220 657 5306; x_wconf 83' lang='lat' dir='ltr'>ptuaginta</span> <span class='ocrx_word' id='word_1_709' title='bbox 681 5233 1017 5302; x_wconf 88' lang='lat' dir='ltr'>interpretes</span> <span class='ocrx_word' id='word_1_710' title='bbox 1047 5231 1382 5301; x_wconf 85' lang='lat' dir='ltr'>legerimus:</span> <span class='ocrx_word' id='word_1_711' title='bbox 1422 5251 1444 5282; x_wconf 75' lang='grc'><strong>(</strong></span> <span class='ocrx_word' id='word_1_712' title='bbox 1479 5233 1607 5286; x_wconf 84' lang='lat' dir='ltr'>Haec</span> <span class='ocrx_word' id='word_1_713' title='bbox 1632 5232 1801 5305; x_wconf 82' lang='lat' dir='ltr'>locuti</span> <span class='ocrx_word' id='word_1_714' title='bbox 1831 5236 1964 5308; x_wconf 86' lang='lat' dir='ltr'>sunt</span> 
     </span>
    </p>
   </div>
   <div class='ocr_carea' id='block_1_87' title="bbox 365 5306 1960 5403">
    <p class='ocr_par' dir='ltr' id='par_1_87' title="bbox 365 5306 1960 5403">
     <span class='ocr_line' id='line_1_87' title="bbox 365 5306 1960 5403; baseline -0.001 -29"><span class='ocrx_word' id='word_1_715' title='bbox 490 5322 707 5403; x_wconf 73' lang='lat' dir='ltr'>timent,</span> <span class='ocrx_word' id='word_1_716' title='bbox 746 5319 1052 5401; x_wconf 24' lang='lat' dir='ltr'>:Iironicms</span> <span class='ocrx_word' id='word_1_717' title='bbox 1082 5318 1485 5392; x_wconf 85' lang='lat' dir='ltr'>accipiendum,</span> <span class='ocrx_word' id='word_1_718' title='bbox 1520 5326 1576 5374; x_wconf 89' lang='lat' dir='ltr'>et</span> <span class='ocrx_word' id='word_1_719' title='bbox 1605 5336 1799 5391; x_wconf 87' lang='lat' dir='ltr'>pressa</span> <span class='ocrx_word' id='word_1_720' title='bbox 1832 5306 1960 5373; x_wconf 85' lang='lat' dir='ltr'>voce</span> 
     </span>
    </p>
   </div>
   <div class='ocr_carea' id='block_1_88' title="bbox 362 5407 1961 5494">
    <p class='ocr_par' dir='ltr' id='par_1_88' title="bbox 362 5407 1961 5494">
     <span class='ocr_line' id='line_1_88' title="bbox 362 5407 1961 5494; baseline -0.003 -27"><span class='ocrx_word' id='word_1_721' title='bbox 362 5408 869 5494; x_wconf 73' lang='lat' dir='ltr'>annuntiandum,«</span> <span class='ocrx_word' id='word_1_722' title='bbox 891 5408 1005 5489; x_wconf 66' lang='lat' dir='ltr'>haec</span> <span class='ocrx_word' id='word_1_723' title='bbox 1028 5425 1149 5489; x_wconf 70' lang='lat' dir='ltr'>quae</span> <span class='ocrx_word' id='word_1_724' title='bbox 1161 5407 1402 5463; x_wconf 78' lang='lat' dir='ltr'>diximus</span> <span class='ocrx_word' id='word_1_725' title='bbox 1422 5408 1592 5473; x_wconf 86' lang='lat' dir='ltr'>locuti</span> <span class='ocrx_word' id='word_1_726' title='bbox 1612 5414 1744 5463; x_wconf 89' lang='lat' dir='ltr'>sunt</span> <span class='ocrx_word' id='word_1_727' title='bbox 1760 5408 1961 5463; x_wconf 89' lang='lat' dir='ltr'>timen-</span> 
     </span>
    </p>
   </div>
   <div class='ocr_carea' id='block_1_89' title="bbox 364 5487 1961 5586">
    <p class='ocr_par' dir='ltr' id='par_1_89' title="bbox 364 5487 1961 5586">
     <span class='ocr_line' id='line_1_89' title="bbox 364 5487 1961 5586; baseline -0.012 1"><span class='ocrx_word' id='word_1_728' title='bbox 364 5487 469 5586; x_wconf 57' lang='grc' dir='ltr'>ιεξέ</span> <span class='ocrx_word' id='word_1_729' title='bbox 502 5487 533 5554; x_wconf 63' lang='grc' dir='ltr'><em>ί</em></span> <span class='ocrx_word' id='word_1_730' title='bbox 544 5487 1466 5581; x_wconf 34' lang='grc' dir='ltr'>ξεῖ.εξίμηοξξρὲφριξίέθυθληωμιμί</span> <span class='ocrx_word' id='word_1_731' title='bbox 1479 5514 1550 5578; x_wconf 66' lang='lat' dir='ltr'>ne.</span> <span class='ocrx_word' id='word_1_732' title='bbox 1570 5498 1815 5579; x_wconf 49' lang='lat' dir='ltr'>esitare</span> <span class='ocrx_word' id='word_1_733' title='bbox 1836 5496 1961 5576; x_wconf 63' lang='lat' dir='ltr'>qui:</span> 
     </span>
    </p>
   </div>
   <div class='ocr_carea' id='block_1_90' title="bbox 2047 3283 3647 3359">
    <p class='ocr_par' dir='ltr' id='par_1_90' title="bbox 2047 3283 3647 3359">
     <span class='ocr_line' id='line_1_90' title="bbox 2047 3283 3647 3359; baseline 0.004 -24"><span class='ocrx_word' id='word_1_734' title='bbox 2047 3283 2116 3336; x_wconf 87' lang='lat' dir='ltr'>de</span> <span class='ocrx_word' id='word_1_735' title='bbox 2145 3299 2255 3354; x_wconf 86' lang='lat' dir='ltr'>qua</span> <span class='ocrx_word' id='word_1_736' title='bbox 2289 3285 2589 3355; x_wconf 81' lang='lat' dir='ltr'>Apostolus</span> <span class='ocrx_word' id='word_1_737' title='bbox 2622 3308 2634 3339; x_wconf 85' lang='lat'><strong>:</strong></span> <span class='ocrx_word' id='word_1_738' title='bbox 2681 3303 2703 3334; x_wconf 74' lang='grc' dir='ltr'>ει</span> <span class='ocrx_word' id='word_1_739' title='bbox 2749 3284 2899 3350; x_wconf 89' lang='lat' dir='ltr'>Quos</span> <span class='ocrx_word' id='word_1_740' title='bbox 2953 3293 3143 3357; x_wconf 82' lang='lat' dir='ltr'>autem</span> <span class='ocrx_word' id='word_1_741' title='bbox 3195 3288 3421 3351; x_wconf 86' lang='lat' dir='ltr'>vocavit,</span> <span class='ocrx_word' id='word_1_742' title='bbox 3453 3288 3555 3341; x_wconf 85' lang='lat' dir='ltr'>hos</span> <span class='ocrx_word' id='word_1_743' title='bbox 3582 3292 3647 3359; x_wconf 80' lang='lat' dir='ltr'>et</span> 
     </span>
    </p>
   </div>
   <div class='ocr_carea' id='block_1_91' title="bbox 2041 3371 3645 3447">
    <p class='ocr_par' dir='ltr' id='par_1_91' title="bbox 2041 3371 3645 3447">
     <span class='ocr_line' id='line_1_91' title="bbox 2041 3371 3645 3447; baseline -0.001 -23"><span class='ocrx_word' id='word_1_744' title='bbox 2041 3371 2383 3441; x_wconf 78' lang='lat' dir='ltr'>justiltcavit.</span> <span class='ocrx_word' id='word_1_745' title='bbox 2417 3392 2440 3424; x_wconf 73' lang='grc' dir='ltr'>ι)</span> <span class='ocrx_word' id='word_1_746' title='bbox 2473 3372 2596 3436; x_wconf 82' lang='lat' dir='ltr'>Qua</span> <span class='ocrx_word' id='word_1_747' title='bbox 2654 3373 2823 3427; x_wconf 89' lang='lat' dir='ltr'>etiam</span> <span class='ocrx_word' id='word_1_748' title='bbox 2880 3390 2939 3427; x_wconf 89' lang='lat' dir='ltr'>se</span> <span class='ocrx_word' id='word_1_749' title='bbox 2985 3380 3241 3447; x_wconf 81' lang='lat' dir='ltr'>vocatum</span> <span class='ocrx_word' id='word_1_750' title='bbox 3300 3375 3501 3443; x_wconf 83' lang='lat' dir='ltr'>asserit</span> <span class='ocrx_word' id='word_1_751' title='bbox 3552 3374 3645 3428; x_wconf 66' lang='lat' dir='ltr'>di.</span> 
     </span>
    </p>
   </div>
   <div class='ocr_carea' id='block_1_92' title="bbox 2047 3460 3642 3537">
    <p class='ocr_par' dir='ltr' id='par_1_92' title="bbox 2047 3460 3642 3537">
     <span class='ocr_line' id='line_1_92' title="bbox 2047 3460 3642 3537; baseline 0.004 -26"><span class='ocrx_word' id='word_1_752' title='bbox 2047 3473 2207 3537; x_wconf 84' lang='lat' dir='ltr'>cens:</span> <span class='ocrx_word' id='word_1_753' title='bbox 2244 3480 2263 3508; x_wconf 82' lang='grc' dir='ltr'>ι</span> <span class='ocrx_word' id='word_1_754' title='bbox 2294 3460 2504 3515; x_wconf 85' lang='lat' dir='ltr'>Paulus</span> <span class='ocrx_word' id='word_1_755' title='bbox 2549 3477 2741 3514; x_wconf 89' lang='lat' dir='ltr'>servus</span> <span class='ocrx_word' id='word_1_756' title='bbox 2786 3462 2993 3516; x_wconf 84' lang='lat' dir='ltr'>Christi</span> <span class='ocrx_word' id='word_1_757' title='bbox 3033 3464 3184 3530; x_wconf 84' lang='lat' dir='ltr'>Jesu,</span> <span class='ocrx_word' id='word_1_758' title='bbox 3221 3472 3448 3537; x_wconf 74' lang='lat' dir='ltr'>vocatus</span> <span class='ocrx_word' id='word_1_759' title='bbox 3502 3479 3642 3535; x_wconf 78' lang='lat' dir='ltr'>apo—</span> 
     </span>
    </p>
   </div>
   <div class='ocr_carea' id='block_1_93' title="bbox 2047 3548 3643 3620">
    <p class='ocr_par' dir='ltr' id='par_1_93' title="bbox 2047 3548 3643 3620">
     <span class='ocr_line' id='line_1_93' title="bbox 2047 3548 3643 3620; baseline 0.002 -20"><span class='ocrx_word' id='word_1_760' title='bbox 2047 3548 2242 3603; x_wconf 87' lang='lat' dir='ltr'>stolus.</span> <span class='ocrx_word' id='word_1_761' title='bbox 2288 3569 2312 3601; x_wconf 81' lang='grc'><strong>»</strong></span> <span class='ocrx_word' id='word_1_762' title='bbox 2349 3549 2416 3602; x_wconf 87' lang='lat' dir='ltr'>Et</span> <span class='ocrx_word' id='word_1_763' title='bbox 2444 3566 2669 3619; x_wconf 86' lang='lat' dir='ltr'>parcam</span> <span class='ocrx_word' id='word_1_764' title='bbox 2697 3551 2776 3603; x_wconf 89' lang='lat' dir='ltr'>eis</span> <span class='ocrx_word' id='word_1_765' title='bbox 2807 3550 2952 3605; x_wconf 89' lang='lat' dir='ltr'>sicut</span> <span class='ocrx_word' id='word_1_766' title='bbox 2984 3557 3140 3620; x_wconf 88' lang='lat' dir='ltr'>pater</span> <span class='ocrx_word' id='word_1_767' title='bbox 3183 3552 3350 3606; x_wconf 84' lang='lat' dir='ltr'>homo</span> <span class='ocrx_word' id='word_1_768' title='bbox 3379 3551 3493 3605; x_wconf 86' lang='lat' dir='ltr'>ﬁlio</span> <span class='ocrx_word' id='word_1_769' title='bbox 3518 3568 3643 3607; x_wconf 84' lang='lat' dir='ltr'>ser.-</span> 
     </span>
    </p>
   </div>
   <div class='ocr_carea' id='block_1_94' title="bbox 2049 3622 3642 3713">
    <p class='ocr_par' dir='ltr' id='par_1_94' title="bbox 2049 3622 3642 3713">
     <span class='ocr_line' id='line_1_94' title="bbox 2049 3622 3642 3713; baseline 0.004 -26"><span class='ocrx_word' id='word_1_770' title='bbox 2049 3636 2216 3688; x_wconf 85' lang='lat' dir='ltr'>vienti</span> <span class='ocrx_word' id='word_1_771' title='bbox 2247 3636 2369 3697; x_wconf 86' lang='lat' dir='ltr'>sibi,</span> <span class='ocrx_word' id='word_1_772' title='bbox 2399 3638 2456 3690; x_wconf 89' lang='lat' dir='ltr'>in</span> <span class='ocrx_word' id='word_1_773' title='bbox 2483 3655 2593 3707; x_wconf 84' lang='lat' dir='ltr'>quo</span> <span class='ocrx_word' id='word_1_774' title='bbox 2651 3638 2853 3709; x_wconf 83' lang='lat' dir='ltr'>duplex</span> <span class='ocrx_word' id='word_1_775' title='bbox 2904 3645 2992 3692; x_wconf 90' lang='lat' dir='ltr'>est</span> <span class='ocrx_word' id='word_1_776' title='bbox 3040 3639 3289 3699; x_wconf 70' lang='lat' dir='ltr'>affectus.</span> <span class='ocrx_word' id='word_1_777' title='bbox 3323 3622 3557 3713; x_wconf 82' lang='lat' dir='ltr'>pietatis</span> <span class='ocrx_word' id='word_1_778' title='bbox 3580 3639 3642 3711; x_wconf 79' lang='lat' dir='ltr'>in</span> 
     </span>
    </p>
   </div>
   <div class='ocr_carea' id='block_1_95' title="bbox 2049 3724 3642 3799">
    <p class='ocr_par' dir='ltr' id='par_1_95' title="bbox 2049 3724 3642 3799">
     <span class='ocr_line' id='line_1_95' title="bbox 2049 3724 3642 3799; baseline 0.004 -22"><span class='ocrx_word' id='word_1_779' title='bbox 2049 3724 2539 3785; x_wconf 82' lang='lat' dir='ltr'>ﬁlium,servitutis</span> <span class='ocrx_word' id='word_1_780' title='bbox 2560 3727 2614 3780; x_wconf 92' lang='lat' dir='ltr'>in</span> <span class='ocrx_word' id='word_1_781' title='bbox 2631 3726 3081 3781; x_wconf 80' lang='lat' dir='ltr'>famulum.Tunc</span> <span class='ocrx_word' id='word_1_782' title='bbox 3109 3745 3204 3781; x_wconf 88' lang='lat' dir='ltr'>vos</span> <span class='ocrx_word' id='word_1_783' title='bbox 3230 3729 3326 3799; x_wconf 89' lang='lat' dir='ltr'>qui</span> <span class='ocrx_word' id='word_1_784' title='bbox 3346 3745 3497 3785; x_wconf 87' lang='lat' dir='ltr'>nunc</span> <span class='ocrx_word' id='word_1_785' title='bbox 3518 3728 3642 3783; x_wconf 83' lang='lat' dir='ltr'>bla-</span> 
     </span>
    </p>
   </div>
   <div class='ocr_carea' id='block_1_96' title="bbox 2046 3813 3642 3891">
    <p class='ocr_par' dir='ltr' id='par_1_96' title="bbox 2046 3813 3642 3891">
     <span class='ocr_line' id='line_1_96' title="bbox 2046 3813 3642 3891; baseline 0.004 -26"><span class='ocrx_word' id='word_1_786' title='bbox 2046 3814 2424 3882; x_wconf 84' lang='lat' dir='ltr'>spbemantes,</span> <span class='ocrx_word' id='word_1_787' title='bbox 2448 3813 2661 3889; x_wconf 80' lang='lat' dir='ltr'>dicitis:</span> <span class='ocrx_word' id='word_1_788' title='bbox 2692 3834 2714 3865; x_wconf 79' lang='grc' dir='ltr'>ι</span> <span class='ocrx_word' id='word_1_789' title='bbox 2746 3814 2904 3879; x_wconf 84' lang='lat' dir='ltr'>Quod</span> <span class='ocrx_word' id='word_1_790' title='bbox 2926 3816 3369 3878; x_wconf 84' lang='lat' dir='ltr'>emolumentum</span> <span class='ocrx_word' id='word_1_791' title='bbox 3385 3817 3520 3891; x_wconf 82' lang='lat' dir='ltr'>quia</span> <span class='ocrx_word' id='word_1_792' title='bbox 3538 3834 3642 3887; x_wconf 83' lang='lat' dir='ltr'>cu-</span> 
     </span>
    </p>
   </div>
   <div class='ocr_carea' id='block_1_97' title="bbox 2045 3900 3644 3979">
    <p class='ocr_par' dir='ltr' id='par_1_97' title="bbox 2045 3900 3644 3979">
     <span class='ocr_line' id='line_1_97' title="bbox 2045 3900 3644 3979; baseline 0.004 -26"><span class='ocrx_word' id='word_1_793' title='bbox 2045 3900 2320 3959; x_wconf 88' lang='lat' dir='ltr'>stodimus</span> <span class='ocrx_word' id='word_1_794' title='bbox 2349 3909 2627 3979; x_wconf 73' lang='lat' dir='ltr'>praecepta</span> <span class='ocrx_word' id='word_1_795' title='bbox 2654 3903 2815 3976; x_wconf 81' lang='lat' dir='ltr'>ejus?</span> <span class='ocrx_word' id='word_1_796' title='bbox 2842 3922 2864 3954; x_wconf 79' lang='grc'><strong>»</strong></span> <span class='ocrx_word' id='word_1_797' title='bbox 2899 3908 2956 3957; x_wconf 92' lang='lat' dir='ltr'>et</span> <span class='ocrx_word' id='word_1_798' title='bbox 2984 3904 3208 3975; x_wconf 75' lang='lat' dir='ltr'>illorum</span> <span class='ocrx_word' id='word_1_799' title='bbox 3262 3904 3644 3977; x_wconf 77' lang='lat' dir='ltr'>electione,_et</span> 
     </span>
    </p>
   </div>
   <div class='ocr_carea' id='block_1_98' title="bbox 2046 3991 3642 4067">
    <p class='ocr_par' dir='ltr' id='par_1_98' title="bbox 2046 3991 3642 4067">
     <span class='ocr_line' id='line_1_98' title="bbox 2046 3991 3642 4067; baseline 0.006 -27"><span class='ocrx_word' id='word_1_800' title='bbox 2046 3994 2229 4043; x_wconf 87' lang='lat' dir='ltr'>vestra</span> <span class='ocrx_word' id='word_1_801' title='bbox 2266 3991 2585 4062; x_wconf 84' lang='lat' dir='ltr'>repulsione</span> <span class='ocrx_word' id='word_1_802' title='bbox 2635 3991 2978 4061; x_wconf 80' lang='lat' dir='ltr'>cognoscetis</span> <span class='ocrx_word' id='word_1_803' title='bbox 3038 3992 3172 4067; x_wconf 70' lang='lat' dir='ltr'>quid</span> <span class='ocrx_word' id='word_1_804' title='bbox 3228 3992 3375 4047; x_wconf 87' lang='lat' dir='ltr'>inter</span> <span class='ocrx_word' id='word_1_805' title='bbox 3420 3994 3642 4063; x_wconf 76' lang='lat' dir='ltr'>justum</span> 
     </span>
    </p>
   </div>
   <div class='ocr_carea' id='block_1_99' title="bbox 2046 4077 3641 4155">
    <p class='ocr_par' dir='ltr' id='par_1_99' title="bbox 2046 4077 3641 4155">
     <span class='ocr_line' id='line_1_99' title="bbox 2046 4077 3641 4155; baseline 0.003 -24"><span class='ocrx_word' id='word_1_806' title='bbox 2046 4084 2103 4131; x_wconf 89' lang='lat' dir='ltr'>et</span> <span class='ocrx_word' id='word_1_807' title='bbox 2127 4077 2383 4155; x_wconf 86' lang='lat' dir='ltr'>impium,</span> <span class='ocrx_word' id='word_1_808' title='bbox 2416 4084 2473 4133; x_wconf 91' lang='lat' dir='ltr'>et</span> <span class='ocrx_word' id='word_1_809' title='bbox 2500 4078 2648 4134; x_wconf 87' lang='lat' dir='ltr'>inter</span> <span class='ocrx_word' id='word_1_810' title='bbox 2700 4080 3034 4135; x_wconf 86' lang='lat' dir='ltr'>servientem</span> <span class='ocrx_word' id='word_1_811' title='bbox 3091 4082 3205 4151; x_wconf 81' lang='lat' dir='ltr'>Deo</span> <span class='ocrx_word' id='word_1_812' title='bbox 3248 4087 3321 4155; x_wconf 81' lang='lat' dir='ltr'>et</span> <span class='ocrx_word' id='word_1_813' title='bbox 3356 4097 3468 4138; x_wconf 89' lang='lat' dir='ltr'>non</span> <span class='ocrx_word' id='word_1_814' title='bbox 3516 4098 3641 4136; x_wconf 87' lang='lat' dir='ltr'>scr-</span> 
     </span>
    </p>
   </div>
   <div class='ocr_carea' id='block_1_100' title="bbox 2045 4166 2309 4225">
    <p class='ocr_par' dir='ltr' id='par_1_100' title="bbox 2045 4166 2309 4225">
     <span class='ocr_line' id='line_1_100' title="bbox 2045 4166 2309 4225; baseline 0.011 -8"><span class='ocrx_word' id='word_1_815' title='bbox 2045 4166 2309 4225; x_wconf 72' lang='lat' dir='ltr'>viantem.</span> 
     </span>
    </p>
   </div>
   <div class='ocr_carea' id='block_1_101' title="bbox 2660 4311 3025 4369">
    <p class='ocr_par' dir='ltr' id='par_1_101' title="bbox 2660 4311 3025 4369">
     <span class='ocr_line' id='line_1_101' title="bbox 2660 4311 3025 4369; baseline 0 -2"><span class='ocrx_word' id='word_1_816' title='bbox 2660 4311 2894 4369; x_wconf 88' lang='lat' dir='ltr'>CAPUT</span> <span class='ocrx_word' id='word_1_817' title='bbox 2932 4313 3025 4368; x_wconf 87' lang='lat' dir='ltr'>IV.</span> 
     </span>
    </p>
   </div>
   <div class='ocr_carea' id='block_1_102' title="bbox 2123 4436 3636 4508">
    <p class='ocr_par' dir='ltr' id='par_1_102' title="bbox 2123 4436 3636 4508">
     <span class='ocr_line' id='line_1_102' title="bbox 2123 4436 3636 4508; baseline 0.003 -18"><span class='ocrx_word' id='word_1_818' title='bbox 2123 4457 2144 4489; x_wconf 77' lang='grc' dir='ltr'>ι</span> <span class='ocrx_word' id='word_1_819' title='bbox 2179 4437 2315 4491; x_wconf 87' lang='lat' dir='ltr'>Ecce</span> <span class='ocrx_word' id='word_1_820' title='bbox 2335 4436 2479 4493; x_wconf 86' lang='lat' dir='ltr'>enim</span> <span class='ocrx_word' id='word_1_821' title='bbox 2513 4436 2632 4491; x_wconf 88' lang='lat' dir='ltr'>dies</span> <span class='ocrx_word' id='word_1_822' title='bbox 2661 4437 2849 4493; x_wconf 86' lang='lat' dir='ltr'>veniet</span> <span class='ocrx_word' id='word_1_823' title='bbox 2877 4454 3141 4497; x_wconf 84' lang='lat' dir='ltr'>succensa</span> <span class='ocrx_word' id='word_1_824' title='bbox 3168 4438 3328 4508; x_wconf 83' lang='lat' dir='ltr'>quasi</span> <span class='ocrx_word' id='word_1_825' title='bbox 3358 4439 3636 4506; x_wconf 81' lang='lat' dir='ltr'>caminus,</span> 
     </span>
    </p>
   </div>
   <div class='ocr_carea' id='block_1_103' title="bbox 2046 4525 3639 4599">
    <p class='ocr_par' dir='ltr' id='par_1_103' title="bbox 2046 4525 3639 4599">
     <span class='ocr_line' id='line_1_103' title="bbox 2046 4525 3639 4599; baseline 0.004 -23"><span class='ocrx_word' id='word_1_826' title='bbox 2046 4529 2103 4575; x_wconf 87' lang='lat' dir='ltr'>et</span> <span class='ocrx_word' id='word_1_827' title='bbox 2130 4531 2298 4578; x_wconf 88' lang='lat' dir='ltr'>erunt</span> <span class='ocrx_word' id='word_1_828' title='bbox 2325 4542 2517 4579; x_wconf 86' lang='lat' dir='ltr'>omnes</span> <span class='ocrx_word' id='word_1_829' title='bbox 2531 4525 2755 4597; x_wconf 86' lang='lat' dir='ltr'>superbi</span> <span class='ocrx_word' id='word_1_830' title='bbox 2784 4532 2842 4579; x_wconf 90' lang='lat' dir='ltr'>et</span> <span class='ocrx_word' id='word_1_831' title='bbox 2869 4542 3063 4579; x_wconf 86' lang='lat' dir='ltr'>omnes</span> <span class='ocrx_word' id='word_1_832' title='bbox 3093 4525 3359 4581; x_wconf 81' lang='lat' dir='ltr'>facientes</span> <span class='ocrx_word' id='word_1_833' title='bbox 3379 4527 3639 4599; x_wconf 52' lang='lat' dir='ltr'>impieta-</span> 
     </span>
    </p>
   </div>
   <div class='ocr_carea' id='block_1_104' title="bbox 2040 4613 3644 4684">
    <p class='ocr_par' dir='ltr' id='par_1_104' title="bbox 2040 4613 3644 4684">
     <span class='ocr_line' id='line_1_104' title="bbox 2040 4613 3644 4684; baseline 0.002 -17"><span class='ocrx_word' id='word_1_834' title='bbox 2040 4618 2154 4667; x_wconf 89' lang='lat' dir='ltr'>tem</span> <span class='ocrx_word' id='word_1_835' title='bbox 2182 4613 2408 4684; x_wconf 87' lang='lat' dir='ltr'>stipula,</span> <span class='ocrx_word' id='word_1_836' title='bbox 2442 4619 2497 4668; x_wconf 88' lang='lat' dir='ltr'>et</span> <span class='ocrx_word' id='word_1_837' title='bbox 2518 4614 2896 4675; x_wconf 82' lang='lat' dir='ltr'>inﬂammabit</span> <span class='ocrx_word' id='word_1_838' title='bbox 2945 4631 3039 4667; x_wconf 91' lang='lat' dir='ltr'>eos</span> <span class='ocrx_word' id='word_1_839' title='bbox 3078 4614 3198 4668; x_wconf 87' lang='lat' dir='ltr'>dies</span> <span class='ocrx_word' id='word_1_840' title='bbox 3225 4616 3471 4681; x_wconf 86' lang='lat' dir='ltr'>veniens,</span> <span class='ocrx_word' id='word_1_841' title='bbox 3503 4616 3644 4679; x_wconf 82' lang='lat' dir='ltr'>dicit</span> 
     </span>
    </p>
   </div>
   <div class='ocr_carea' id='block_1_105' title="bbox 2043 4700 3641 4775">
    <p class='ocr_par' dir='ltr' id='par_1_105' title="bbox 2043 4700 3641 4775">
     <span class='ocr_line' id='line_1_105' title="bbox 2043 4700 3641 4775; baseline 0.003 -21"><span class='ocrx_word' id='word_1_842' title='bbox 2043 4700 2315 4755; x_wconf 86' lang='lat' dir='ltr'>Dominus</span> <span class='ocrx_word' id='word_1_843' title='bbox 2344 4701 2743 4756; x_wconf 80' lang='lat' dir='ltr'>exercituum.»</span> <span class='ocrx_word' id='word_1_844' title='bbox 2758 4754 2761 4759; x_wconf 64' lang='lat'>,</span> <span class='ocrx_word' id='word_1_845' title='bbox 2776 4701 2904 4757; x_wconf 87' lang='lat' dir='ltr'>Dies</span> <span class='ocrx_word' id='word_1_846' title='bbox 2919 4701 3172 4775; x_wconf 69' lang='lat' dir='ltr'>haec,tem</span> <span class='ocrx_word' id='word_1_847' title='bbox 3181 4718 3283 4771; x_wconf 92' lang='lat' dir='ltr'>pus</span> <span class='ocrx_word' id='word_1_848' title='bbox 3296 4703 3495 4773; x_wconf 82' lang='lat' dir='ltr'>judicii</span> <span class='ocrx_word' id='word_1_849' title='bbox 3516 4703 3641 4758; x_wconf 75' lang='lat' dir='ltr'>uni~</span> 
     </span>
    </p>
   </div>
   <div class='ocr_carea' id='block_1_106' title="bbox 2042 4789 3644 4862">
    <p class='ocr_par' dir='ltr' id='par_1_106' title="bbox 2042 4789 3644 4862">
     <span class='ocr_line' id='line_1_106' title="bbox 2042 4789 3644 4862; baseline 0.002 -19"><span class='ocrx_word' id='word_1_850' title='bbox 2042 4791 2272 4845; x_wconf 87' lang='lat' dir='ltr'>versalis</span> <span class='ocrx_word' id='word_1_851' title='bbox 2294 4796 2397 4855; x_wconf 89' lang='lat' dir='ltr'>est,</span> <span class='ocrx_word' id='word_1_852' title='bbox 2420 4807 2542 4862; x_wconf 70' lang='lat' dir='ltr'>quae</span> <span class='ocrx_word' id='word_1_853' title='bbox 2573 4789 2779 4843; x_wconf 89' lang='lat' dir='ltr'>sanctis</span> <span class='ocrx_word' id='word_1_854' title='bbox 2807 4790 2916 4845; x_wconf 90' lang='lat' dir='ltr'>erit</span> <span class='ocrx_word' id='word_1_855' title='bbox 2943 4790 3055 4853; x_wconf 84' lang='lat' dir='ltr'>lux,</span> <span class='ocrx_word' id='word_1_856' title='bbox 3104 4792 3489 4860; x_wconf 81' lang='lat' dir='ltr'>peccatoribus</span> <span class='ocrx_word' id='word_1_857' title='bbox 3543 4809 3644 4861; x_wconf 59' lang='lat' dir='ltr'>am</span> 
     </span>
    </p>
   </div>
   <div class='ocr_carea' id='block_1_107' title="bbox 2043 4877 3640 4953">
    <p class='ocr_par' dir='ltr' id='par_1_107' title="bbox 2043 4877 3640 4953">
     <span class='ocr_line' id='line_1_107' title="bbox 2043 4877 3640 4953; baseline 0.001 -20"><span class='ocrx_word' id='word_1_858' title='bbox 2043 4883 2156 4933; x_wconf 89' lang='lat' dir='ltr'>tem</span> <span class='ocrx_word' id='word_1_859' title='bbox 2188 4878 2453 4953; x_wconf 62' lang='lat' dir='ltr'>tenebrae,</span> <span class='ocrx_word' id='word_1_860' title='bbox 2474 4895 2596 4951; x_wconf 64' lang='lat' dir='ltr'>qua;</span> <span class='ocrx_word' id='word_1_861' title='bbox 2616 4878 2733 4933; x_wconf 85' lang='lat' dir='ltr'>dies</span> <span class='ocrx_word' id='word_1_862' title='bbox 2748 4877 2852 4953; x_wconf 85' lang='lat' dir='ltr'>erit</span> <span class='ocrx_word' id='word_1_863' title='bbox 2880 4894 3148 4932; x_wconf 88' lang='lat' dir='ltr'>succensa</span> <span class='ocrx_word' id='word_1_864' title='bbox 3175 4880 3336 4950; x_wconf 84' lang='lat' dir='ltr'>quasi</span> <span class='ocrx_word' id='word_1_865' title='bbox 3361 4880 3640 4945; x_wconf 85' lang='lat' dir='ltr'>caminus,</span> 
     </span>
    </p>
   </div>
   <div class='ocr_carea' id='block_1_108' title="bbox 2044 4966 3642 5039">
    <p class='ocr_par' dir='ltr' id='par_1_108' title="bbox 2044 4966 3642 5039">
     <span class='ocr_line' id='line_1_108' title="bbox 2044 4966 3642 5039; baseline 0.003 -19"><span class='ocrx_word' id='word_1_866' title='bbox 2044 4972 2105 5020; x_wconf 86' lang='lat' dir='ltr'>ut</span> <span class='ocrx_word' id='word_1_867' title='bbox 2134 4983 2329 5021; x_wconf 83' lang='lat' dir='ltr'>omnes</span> <span class='ocrx_word' id='word_1_868' title='bbox 2356 4966 2515 5039; x_wconf 86' lang='lat' dir='ltr'>impii</span> <span class='ocrx_word' id='word_1_869' title='bbox 2536 4972 2829 5039; x_wconf 79' lang='lat' dir='ltr'>vertantur</span> <span class='ocrx_word' id='word_1_870' title='bbox 2853 4966 2910 5020; x_wconf 91' lang='lat' dir='ltr'>in</span> <span class='ocrx_word' id='word_1_871' title='bbox 2921 4966 3270 5036; x_wconf 86' lang='lat' dir='ltr'>stipulam,et</span> <span class='ocrx_word' id='word_1_872' title='bbox 3290 4968 3512 5037; x_wconf 79' lang='lat' dir='ltr'>aeternis</span> <span class='ocrx_word' id='word_1_873' title='bbox 3526 4968 3642 5024; x_wconf 89' lang='lat' dir='ltr'>dici</span> 
     </span>
    </p>
   </div>
   <div class='ocr_carea' id='block_1_109' title="bbox 2043 5054 3645 5125">
    <p class='ocr_par' dir='ltr' id='par_1_109' title="bbox 2043 5054 3645 5125">
     <span class='ocr_line' id='line_1_109' title="bbox 2043 5054 3645 5125; baseline 0.004 -18"><span class='ocrx_word' id='word_1_874' title='bbox 2043 5061 2364 5110; x_wconf 88' lang='lat' dir='ltr'>crementur</span> <span class='ocrx_word' id='word_1_875' title='bbox 2391 5054 2962 5125; x_wconf 73' lang='lat' dir='ltr'>ardoribusCumque</span> <span class='ocrx_word' id='word_1_876' title='bbox 2983 5071 3077 5108; x_wconf 87' lang='lat' dir='ltr'>eos</span> <span class='ocrx_word' id='word_1_877' title='bbox 3098 5054 3531 5112; x_wconf 84' lang='lat' dir='ltr'>inﬂammaverit</span> <span class='ocrx_word' id='word_1_878' title='bbox 3548 5064 3645 5112; x_wconf 82' lang='lat' dir='ltr'>at-</span> 
     </span>
    </p>
   </div>
   <div class='ocr_carea' id='block_1_110' title="bbox 2046 5142 3643 5219">
    <p class='ocr_par' dir='ltr' id='par_1_110' title="bbox 2046 5142 3643 5219">
     <span class='ocr_line' id='line_1_110' title="bbox 2046 5142 3643 5219; baseline -0.001 -20"><span class='ocrx_word' id='word_1_879' title='bbox 2046 5160 2155 5214; x_wconf 91' lang='lat' dir='ltr'>que</span> <span class='ocrx_word' id='word_1_880' title='bbox 2178 5142 2565 5219; x_wconf 85' lang='lat' dir='ltr'>combusserit,</span> <span class='ocrx_word' id='word_1_881' title='bbox 2599 5161 2623 5194; x_wconf 84' lang='lat'><strong><em>«</em></strong></span> <span class='ocrx_word' id='word_1_882' title='bbox 2662 5160 2783 5217; x_wconf 81' lang='lat' dir='ltr'>quae</span> <span class='ocrx_word' id='word_1_883' title='bbox 2803 5158 2912 5197; x_wconf 92' lang='lat' dir='ltr'>non</span> <span class='ocrx_word' id='word_1_884' title='bbox 2931 5142 3282 5214; x_wconf 79' lang='lat' dir='ltr'>derelinquat</span> <span class='ocrx_word' id='word_1_885' title='bbox 3304 5144 3386 5200; x_wconf 88' lang='lat' dir='ltr'>eis</span> <span class='ocrx_word' id='word_1_886' title='bbox 3402 5161 3643 5216; x_wconf 77' lang='lat' dir='ltr'>germen</span> 
     </span>
    </p>
   </div>
   <div class='ocr_carea' id='block_1_111' title="bbox 2046 5230 3641 5307">
    <p class='ocr_par' dir='ltr' id='par_1_111' title="bbox 2046 5230 3641 5307">
     <span class='ocr_line' id='line_1_111' title="bbox 2046 5230 3641 5307; baseline 0.003 -22"><span class='ocrx_word' id='word_1_887' title='bbox 2046 5237 2103 5286; x_wconf 85' lang='lat' dir='ltr'>et</span> <span class='ocrx_word' id='word_1_888' title='bbox 2131 5232 2395 5290; x_wconf 82' lang='lat' dir='ltr'>radicem.</span> <span class='ocrx_word' id='word_1_889' title='bbox 2431 5252 2453 5283; x_wconf 76' lang='grc' dir='ltr'><strong><em>ι</em></strong></span> <span class='ocrx_word' id='word_1_890' title='bbox 2490 5231 2611 5305; x_wconf 85' lang='lat' dir='ltr'>Hoc</span> <span class='ocrx_word' id='word_1_891' title='bbox 2640 5232 2708 5285; x_wconf 88' lang='lat' dir='ltr'>de</span> <span class='ocrx_word' id='word_1_892' title='bbox 2760 5230 2948 5303; x_wconf 89' lang='lat' dir='ltr'>impiis</span> <span class='ocrx_word' id='word_1_893' title='bbox 2972 5232 3196 5297; x_wconf 79' lang='lat' dir='ltr'>dicitur,</span> <span class='ocrx_word' id='word_1_894' title='bbox 3230 5232 3364 5307; x_wconf 82' lang='lat' dir='ltr'>quid</span> <span class='ocrx_word' id='word_1_895' title='bbox 3418 5235 3641 5304; x_wconf 87' lang='lat' dir='ltr'>passuri</span> 
     </span>
    </p>
   </div>
   <div class='ocr_carea' id='block_1_112' title="bbox 2042 5320 3641 5393">
    <p class='ocr_par' dir='ltr' id='par_1_112' title="bbox 2042 5320 3641 5393">
     <span class='ocr_line' id='line_1_112' title="bbox 2042 5320 3641 5393; baseline 0.001 -18"><span class='ocrx_word' id='word_1_896' title='bbox 2042 5320 2154 5375; x_wconf 89' lang='lat' dir='ltr'>sint</span> <span class='ocrx_word' id='word_1_897' title='bbox 2182 5320 2240 5374; x_wconf 93' lang='lat' dir='ltr'>in</span> <span class='ocrx_word' id='word_1_898' title='bbox 2267 5321 2358 5376; x_wconf 86' lang='lat' dir='ltr'>die</span> <span class='ocrx_word' id='word_1_899' title='bbox 2379 5321 2597 5392; x_wconf 88' lang='lat' dir='ltr'>judicii.</span> <span class='ocrx_word' id='word_1_900' title='bbox 2624 5320 2970 5391; x_wconf 81' lang='lat' dir='ltr'>Sequitur,et</span> <span class='ocrx_word' id='word_1_901' title='bbox 2983 5320 3135 5386; x_wconf 88' lang='lat' dir='ltr'>dicit,</span> <span class='ocrx_word' id='word_1_902' title='bbox 3159 5320 3292 5391; x_wconf 90' lang='lat' dir='ltr'>quid</span> <span class='ocrx_word' id='word_1_903' title='bbox 3324 5323 3641 5393; x_wconf 82' lang='lat' dir='ltr'>econtrario</span> 
     </span>
    </p>
   </div>
   <div class='ocr_carea' id='block_1_113' title="bbox 2042 5408 3306 5477">
    <p class='ocr_par' dir='ltr' id='par_1_113' title="bbox 2042 5408 3306 5477">
     <span class='ocr_line' id='line_1_113' title="bbox 2042 5408 3306 5477; baseline 0.003 -15"><span class='ocrx_word' id='word_1_904' title='bbox 2042 5409 2368 5477; x_wconf 85' lang='lat' dir='ltr'>timentibus</span> <span class='ocrx_word' id='word_1_905' title='bbox 2396 5426 2599 5465; x_wconf 89' lang='lat' dir='ltr'>nomen</span> <span class='ocrx_word' id='word_1_906' title='bbox 2626 5409 2849 5465; x_wconf 87' lang='lat' dir='ltr'>Domini</span> <span class='ocrx_word' id='word_1_907' title='bbox 2888 5414 3183 5471; x_wconf 82' lang='lat' dir='ltr'>venturum</span> <span class='ocrx_word' id='word_1_908' title='bbox 3209 5408 3306 5466; x_wconf 90' lang='lat' dir='ltr'>sit.</span> 
     </span>
    </p>
   </div>
   <div class='ocr_carea' id='block_1_114' title="bbox 2121 5496 3639 5577">
    <p class='ocr_par' dir='ltr' id='par_1_114' title="bbox 2121 5496 3639 5577">
     <span class='ocr_line' id='line_1_114' title="bbox 2121 5496 3639 5577; baseline 0.003 -4"><span class='ocrx_word' id='word_1_909' title='bbox 2121 5498 2245 5565; x_wconf 51' lang='lat' dir='ltr'>«Et</span> <span class='ocrx_word' id='word_1_910' title='bbox 2269 5498 2483 5575; x_wconf 52' lang='lat' dir='ltr'>orietur</span> <span class='ocrx_word' id='word_1_911' title='bbox 2508 5496 2659 5563; x_wconf 66' lang='lat' dir='ltr'>vobis</span> <span class='ocrx_word' id='word_1_912' title='bbox 2707 5496 3036 5574; x_wconf 53' lang='lat' dir='ltr'>timentibus</span> <span class='ocrx_word' id='word_1_913' title='bbox 3075 5513 3280 5575; x_wconf 59' lang='lat' dir='ltr'>mea</span> <span class='ocrx_word' id='word_1_914' title='bbox 3318 5514 3509 5575; x_wconf 53' lang='lat' dir='ltr'>aqua</span> <span class='ocrx_word' id='word_1_915' title='bbox 3552 5502 3639 5577; x_wconf 65' lang='lat' dir='ltr'>s9!</span> 
     </span>
    </p>
   </div>
  </div>
