3926 6164
222 254 306 323 293
1057 249 1473 308 manum
1510 251 1588 305 IN
2095 248 2555 321 meamm-
3328 211 3465 323 an!

212 373 427 446 justitim,
460 377 512 426 et
540 371 752 425 sanitas
780 372 838 425 in
877 370 1080 442 pennis
1113 373 1254 442 ejus,
1290 376 1345 425 et
1375 372 1758 441 egrediemini,
1785 372 2119 433 ADominus
2139 371 2195 425 in
2219 372 2423 435 Horeb,
2459 371 2553 441 qui
2586 386 2746 424 mons
2773 370 3177 439 interpretatur
3197 369 3434 434 siccitas,

216 470 263 517 et
283 461 470 516 salietis
489 461 632 515 sicut
656 461 815 514 vituli
846 461 915 514 de
944 468 1221 525 armento,
1251 466 1308 520 θι
1336 460 1620 527 calamitis
1652 461 1761 523 ima
1840 460 1981 530 quia
2004 460 2096 524 lex
2124 459 2494 531 spiritualiter
2514 458 2797 512 intellecta
2818 474 3039 511 omnem
3066 457 3330 511 vitiorum
3350 474 3440 511 ex-

215 553 314 622 pios
340 567 453 604 cum
472 550 680 603 fuerint
698 549 838 602 cinis
858 548 961 602 sub
985 549 1179 618 planta
1199 548 1403 625 pedum
1426 554 1767 621 uestrarum,
1842 536 2034 623 potauit
2052 548 2366 620 humorem.
2400 549 2644 601 Locutus
2667 551 2752 600 est
2781 554 2969 599 autem
2989 546 3059 599 ad
3091 544 3265 599 Israel
3294 562 3439 613 prae-

214 640 263 692 in
286 638 364 692 die
381 654 482 708 qua
501 654 602 706 ego
626 636 930 701 facio,dicit
952 636 1223 689 Dominus
1246 636 1648 689 exercituum.»
1672 636 1763 689 Sol
1848 644 2009 704 cepta
2031 642 2088 688 et
2111 635 2343 703 judicia,
2374 635 2509 704 quia
2549 635 2661 688 illis
2691 634 3095 687 committenda
3126 639 3258 688 sunt
3292 651 3441 704 mys-

208 726 408 796 justitiae
454 725 724 787 Christus,
770 724 858 777 cui
908 724 1057 776 Deus
1096 724 1264 776 Pater
1290 723 1445 779 dedit
1465 723 1767 795 judicium,
1847 722 1989 793 ξενία
2020 723 2457 793 $cripturarum,
2491 724 2586 794 qui
2618 723 2812 776 mundi
2841 722 3023 776 cordis
3057 722 3229 776 oculis
3257 722 3438 777 Deum

213 814 389 885 quique
414 814 558 883 juste
588 813 779 865 omnia
793 811 1084 882 judicabit,
1113 818 1283 865 etnec
1300 812 1435 864 vitia
1454 828 1636 881 neque
1664 812 1767 863 vir-
1849 810 2034 864 videre
2063 818 2371 869 merentur.

213 907 339 961 tutas
356 902 517 961 latere
536 900 803 971 patietur.
845 900 1074 963 Ocietur
1088 899 1419 965 timentibus
1450 900 1649 961 Deum,
1679 915 1766 952 oc-
1922 917 1946 949 «
1973 900 2110 959 Eam
2130 917 2233 969 ego
2254 900 2473 959 mittam
2502 899 2653 957 vobis
2684 899 2858 961 ﬂiam
2890 900 3243 975 prophetam,
3276 905 3438 975 ante-

211 988 334 1057 οἰῴι
350 998 526 1069 amem
552 993 619 1043 et
645 985 1036 1069 obscurabitur
1061 986 1549 1069 contemnentibus
1578 986 1768 1065 etbla-
1850 1002 2016 1056 quam
2068 988 2252 1041 ueniat
2270 988 2399 1042 dies
2426 987 2644 1057 Domini
2678 1003 2913 1057 magnus
2959 993 3015 1057 et
3048 987 3353 1057 horribilis,
3382 993 3438 1042 et

211 1060 595 1145 sphemantibus
625 1060 751 1130 eum
779 1060 989 1141 {unde
1009 1080 1065 1127 et
1096 1060 1345 1127 damnati
1376 1060 1579 1137 dicent,
1616 1060 1766 1144 quod
1848 1079 2132 1129 convertet
2156 1091 2250 1127 cor
2279 1079 2501 1144 patrum
2533 1075 2603 1127 ad
2654 1075 2818 1134 ﬁlios.
2864 1080 2921 1128 et
2949 1092 3045 1128 cor
3080 1076 3318 1128 ﬁliorum
3367 1075 3440 1128 ad

209 1162 444 1232 scriptum
474 1172 561 1216 est
588 1164 645 1215 in
682 1162 824 1215 libro
855 1162 1152 1231 Sapientiae
1178 1180 1189 1213 :
1230 1182 1251 1212 ι
1286 1162 1500 1223 Lumen
1532 1163 1765 1233 justitim
1846 1168 2035 1231 patres
2067 1178 2375 1225 eorum,ne
2397 1163 2539 1215 forte
2566 1162 2782 1215 veniam
2810 1168 2867 1215 et
2893 1163 3201 1233 percutiam
3228 1170 3441 1216 terram

209 1265 301 1303 non
326 1250 456 1304 luxit
483 1251 661 1316 nobis,
695 1257 752 1305 et
781 1251 863 1304 sol
893 1267 1002 1303 non
1025 1257 1182 1303 ortus
1209 1256 1295 1303 est
1322 1248 1500 1303 nobis.
1529 1269 1555 1303 »
1580 1252 1639 1305 In
1668 1252 1766 1304 hu-
1848 1236 2261 1307 anathematej)
2288 1251 2624 1304 Przemonito
2647 1256 2709 1303 ut
2727 1251 3050 1304 meminerit
3069 1251 3207 1321 legis
3238 1251 3440 1323 Moysi,

202 1338 280 1406 jus
303 1338 424 1391 solis
452 1338 557 1391 alis
593 1338 807 1391 sanitas
841 1345 945 1401 est,
979 1343 1043 1391 ut
1091 1342 1317 1391 sanatos
1347 1354 1447 1407 per
1490 1339 1765 1406 pmniten-
1848 1337 1983 1390 dicit
2010 1354 2069 1390 se
2096 1340 2396 1392 missurum
2423 1338 2618 1401 Eliam,
2656 1338 2784 1409 quia
2808 1338 2865 1391 in
2885 1340 3075 1410 Moyse
3095 1340 3201 1401 lex,
3235 1340 3292 1393 in
3320 1339 3441 1393 Elia

206 1425 321 1478 tiam
368 1431 640 1495 protegat,
697 1431 755 1478 et
809 1426 881 1478 ad
927 1426 1117 1479 caulas
1164 1426 1351 1495 gregis
1381 1426 1467 1478 sui
1498 1431 1762 1496 reportet,
1850 1424 2768 1496 signiﬁcaturprophetia.Undeet
2786 1427 3266 1502 transﬁguratoin
3288 1443 3442 1481 mon-

198 1513 334 1580 juxta
360 1513 507 1583 quod
535 1514 591 1567 in
612 1513 1047 1567 Deuteronomio
1068 1514 1335 1582 scriptum
1359 1518 1444 1566 est
1466 1531 1477 1564 :
1502 1531 1527 1564 ε
1554 1513 1767 1584 Expan-
1848 1517 1904 1565 te
1935 1513 2172 1566 Domino
2206 1522 2590 1584 apparuerunt
2616 1514 2834 1585 Moyses
2860 1520 2917 1567 et
2938 1513 3085 1567 Elias
3115 1530 3241 1567 cum
3273 1530 3338 1567 eo
3361 1515 3441 1568 lo-

203 1598 271 1653 dit
293 1601 401 1653 alas
427 1618 580 1666 suas,
618 1621 641 1651 ι
676 1608 785 1654 etc.
816 1602 973 1654 Tunc
1003 1600 1474 1670 egredienturqui
1499 1600 1555 1654 in
1579 1602 1765 1656 saeculi
1849 1606 2104 1670 quentes,
2137 1604 2268 1673 quia
2310 1607 2437 1675 tam,
2471 1603 2558 1655 lex
2604 1618 2771 1672 quam
2820 1602 3003 1655 omnis
3040 1603 3444 1673 prophetarum

202 1689 343 1757 hujus
388 1706 611 1743 carcere
645 1689 818 1743 clausi
853 1687 1213 1755 tenebantur,
1263 1696 1319 1743 et.
1361 1691 1566 1743 salient
1605 1690 1823 1775 quasiB
1847 1686 2069 1752 chorus,
2098 1690 2304 1743 Christi
2341 1691 2857 1759 przenuntiaverunt
2899 1691 3220 1744 adventum.
3265 1691 3446 1775 Igitur
3508 1760 3517 1770 ‘

200 1776 334 1829 vituli
363 1776 430 1830 de
450 1782 731 1839 armento,
773 1777 1057 1847 placentes
1085 1777 1198 1830 Deo
1231 1777 1482 1841 victimze,
1519 1771 1818 1832 renovati_
1848 1784 2149 1847 antequam
2181 1778 2299 1831 dies
2315 1778 2512 1848 judicii
2534 1779 2737 1845 veniat,
2751 1779 2937 1831 mittet
2958 1779 3227 1833 Dominus
3240 1771 3440 1845 Eliam,

202 1864 245 1916 et
261 1854 702 1935 nitidi,squalore
719 1866 1080 1919 mortalitatis
1102 1866 1468 1935 abjecto.Vel,
1490 1867 1636 1921 sicut
1656 1868 1766 1921 alia
1850 1864 1943 1934 qui
1967 1864 2373 1934 interpretatur
2400 1867 2546 1920 Deus
2579 1883 2735 1919 meus
2766 1867 3053 1932 Dominus,
3086 1874 3141 1920 et
3154 1874 3238 1920 est
3263 1867 3442 1920 Thes-

199 1950 343 2005 edi’tio
371 1950 527 2015 chit,
578 1954 738 2007 vituli
776 1954 944 2007 soluti
976 1970 1007 2007 a
1040 1954 1289 2018 vinculis,
1321 1972 1355 2007 a
1386 1956 1588 2025 quibus
1617 1956 1766 2009 libe-
1848 1952 1990 2005 bites
2009 1953 2077 2005 de
2107 1953 2310 2023 oppido
2332 1950 2707 2023 Thesbi,quod
2744 1955 3181 2024 interpretatur:
3209 1970 3441 2008 conver-

198 2039 291 2092 rari
310 2040 570 2110 cupiebat
600 2042 1162 2118 Apostolus.dicens:
1195 2062 1219 2094 (ι
1253 2043 1429 2113 Cupio
1457 2044 1679 2097 dissolvi
1710 2049 1768 2098 et
1847 2040 1946 2093 sio.
1982 2041 2274 2104 Quorum?
2304 2041 2575 2095 Videlicet
2596 2044 3016 2113 prophetarum,
3051 2043 3145 2112 qui
3176 2060 3278 2096 n03
3310 2059 3444 2113 (1119-

203 2130 303 2180 esse
331 2145 450 2182 cum
483 2129 740 2186 Christo.
781 2149 807 2182 ))
847 2128 962 2187 Nec
992 2130 1091 2184 tali
1116 2131 1467 2200 jucunditate
1497 2133 1761 2195 contenti,
1849 2127 1989 2182 tidie
2009 2129 2079 2181 ad
2109 2130 2528 2183 conversionem
2552 2138 2605 2183 et
2637 2131 3024 2201 paenitentiam
3057 2132 3444 2199 hortantur,ut

199 2215 462 2270 calcabunt
489 2217 703 2292 impios
734 2234 859 2272 cum
891 2218 1100 2272 fuerint
1141 2219 1280 2272 cinis
1320 2218 1422 2273 sub
1449 2220 1642 2290 planta
1670 2238 1767 2291 pe-
1855 2222 2213 2271 convertatur
2240 2234 2335 2271 cor
2354 2204 2580 2288 patrum
2609 2220 2679 2272 ad
2710 2219 2871 2285 ﬁlios,
2906 2220 2963 2273 id
2976 2226 3060 2272 est
3076 2221 3240 2273 ﬁdem
3273 2234 3445 2290 quam

198 2300 309 2355 dum
340 2320 559 2369 eorum,
584 2306 746 2374 juxta
758 2305 904 2375 quod
934 2306 1234 2375 Apostolus
1254 2311 1550 2375 precatur:
1577 2328 1599 2355 ‹‹
1627 2308 1773 2362 Deus
1854 2304 2053 2358 habuit
2092 2304 2397 2369 Abraham,
2430 2307 2588 2360 Isaac
2607 2312 2665 2360 et
2692 2307 2880 2373 Jacob,
2911 2312 2970 2361 et
2996 2306 3180 2361 caeteri
3212 2298 3448 2377 patriar-

201 2394 425 2445 conteret
468 2386 744 2447 Satanam
772 2393 876 2446 sub
905 2393 1140 2463 pedibus
1183 2394 1381 2448 vestris
1428 2395 1706 2449 velociter.
1746 2416 1767 2445 ι
1855 2394 1971 2447 chae
1998 2392 2289 2463 inspirent,
2327 2400 2384 2447 et
2408 2394 2693 2448 insinuent
2724 2396 2852 2448 ﬁliis
2879 2396 3470 2466 propheticis‘lectio-.

195 2477 478 2534 Calcabu'nt
509 2486 703 2534 autem
738 2497 848 2535 non
877 2481 1198 2535 insultando
1228 2482 1526 2553 perditioni
1547 2500 1762 2548 eorum,
1852 2480 2039 2543 nibus,
2064 2488 2342 2551 quatenus
2359 2483 2507 2552 quod
2530 2483 2985 2561 illierediderupt
3003 2484 3072 2537 de
3092 2484 3318 2538 Christo
3340 2484 3452 2538 imo

197 2566 278 2619 sed
298 2568 443 2636 justo
477 2569 584 2622 Dei
600 2568 812 2639 judicio
833 2569 1242 2627 concordando.
1269 2576 1325 2624 et
1350 2572 1504 2625 nulla
1550 2570 1618 2625 ad
1671 2589 1766 2625 eos
1849 2568 2134 2637 plendum,
2164 2568 2219 2621 hi
2250 2570 2480 2623 credant
2508 2570 2952 2642 impletumSive
2977 2590 3001 2621 (ι
3030 2588 3127 2623 cor
3146 2578 3389 2647 patrum,
3416 2591 3442 2620 ι

195 2658 562 2726 compassione
592 2659 840 2712 animum
875 2657 1318 2713 ﬁectendo.Nam
1337 2659 1515 2713 sancti
1536 2661 1590 2713 in
1612 2677 1769 2714 com-
1852 2656 1908 2709 id
1935 2660 2020 2709 est
2049 2661 2292 2709 mentem
2325 2658 2422 2710 Dei
2454 2657 2735 2731 diCitaqu
2755 2658 2862 2711 fUit
2887 2659 2942 2711 in
2966 2658 3238 2728 Patribus.
3264 2664 3447 2712 trans-

195 2745 458 2812 paratione
509 2746 713 2800 divinae
760 2746 1089 2817 majestatis,
1135 2764 1194 2801 se
1224 2748 1467 2801 cinerem
1499 2765 1768 2819 recogno-
1850 2744 2051 2797 fundat
2074 2745 2132 2797 in
2154 2744 2296 2798 ﬁlios
2317 2745 2654 2816 adoptionis,
2683 2756 2739 2800 et
2758 2762 2851 2799 cor
2887 2744 3130 2799 ﬁliorum
3159 2751 3449 2800 convertat

194 2840 351 2887 scunt.
382 2833 549 2889 Unde
575 2833 859 2889 Abraham
899 2854 910 2889 :
947 2855 972 2888 α
1006 2838 1230 2907 Loquar
1250 2838 1469 2908 (inquit)
1501 2839 1570 2891 ad
1584 2838 1770 2893 Domi-
1852 2832 1921 2886 ad
1951 2839 2159 2903 patres,
2195 2838 2258 2886 ut
2286 2851 2348 2887 ex
2364 2832 2627 2902 gentibus
2653 2839 2708 2887 et
2727 2834 2933 2888 Judazis
2949 2834 3241 2888 credentes
3265 2834 3443 2901 Patri,

194 2925 309 2975 num
337 2939 550 2985 meum,
586 2939 714 2977 cum
745 2924 849 2977 sim
878 2924 1059 2999 pulvis
1085 2931 1142 2978 et
1169 2924 1326 2978 cinis.
1367 2944 1392 2977 ιι
1427 2928 1500 2979 At
1519 2928 1764 2997 superbi,
1850 2921 1910 2973 in
1942 2921 2163 2974 Christo
2190 2921 2297 2974 ﬁde
2324 2927 2380 2974 et
2407 2921 2675 2991 religione
2708 2922 3080 2976 consentiant.
3135 2920 3255 2975 Nisi
3295 2918 3447 2975 enim

196 3012 408 3075 quorum
450 3008 718 3079 princeps
747 3007 969 3062 dicebat
1002 3026 1013 3059 :
1052 3029 1073 3057 ι
1104 3010 1414 3064 Ascendam
1446 3028 1614 3080 super
1638 3012 1771 3066 alti-
1791 3042 1834 3103 Ο
1854 3007 2163 3086 spiritualis
2193 3009 2498 3079 prophetiae
2525 3010 2896 3080 intelligentia
2925 3026 3021 3064 cor
3050 3015 3273 3080 patrum
3298 3006 3368 3063 ad
3389 3008 3450 3063 ﬁ-

192 3095 423 3149 tudinem
454 3096 721 3162 nubium,
747 3096 946 3150 similis
978 3112 1074 3150 ero
1101 3098 1403 3163 Altissimo,
1431 3118 1456 3150 »
1480 3100 1776 3155 detrahen-
1797 3095 1834 3130 Υ
1859 3097 1981 3161 lies,
2015 3100 2071 3149 et
2090 3113 2187 3149 cor
2208 3096 2452 3150 ﬁliorum
2483 3099 2552 3151 ad
2572 3104 2759 3168 patres
2781 3115 2973 3152 eorum
3006 3097 3105 3152 tali
3126 3098 3293 3153 modo
3322 3112 3452 3152 con-

197 3188 279 3236 tur
298 3184 353 3237 in
376 3185 571 3238 lacum
604 3184 831 3247 inferni,
872 3190 929 3240 et
958 3189 1125 3239 erunt
1154 3202 1279 3240 vere
1315 3186 1456 3241 cinis
1485 3187 1591 3241 sub
1611 3206 1773 3243 sane-
1859 3184 2109 3261 verterit,
2139 3185 2365 3238 veniens
2396 3185 2667 3240 Dominus
2686 3187 2963 3257 percutiet
2989 3192 3199 3240 terram
3220 3187 3451 3240 anathe-

195 3273 361 3324 torum
389 3272 653 3343 pedibus.
1858 3276 2026 3339 mate,
2052 3272 2158 3326 hoc
2185 3278 2518 3335 est,aeternae
2539 3274 2946 3329 maledictionis
2966 3275 3453 3351 alienatione,qua

262 3361 649 3414 «Mementote
678 3361 815 3431 legis
836 3362 1012 3433 Moysi
1038 3362 1182 3417 servi
1215 3363 1343 3427 mei,
1369 3364 1501 3434 quia
1517 3366 1773 3420 mandavi
1855 3360 2107 3414 dicturus
2128 3366 2214 3414 est
2243 3361 2329 3415 his
2361 3379 2482 3432 quae
2503 3379 2538 3415 a
2556 3362 2800 3417 sinistris
2828 3370 2995 3417 erunt
3026 3388 3033 3415 :
3058 3382 3083 3414 <‹
3107 3363 3387 3420 Discedite
3416 3379 3453 3418 a

197 3446 241 3499 ei
264 3446 317 3500 in
338 3448 530 3502 Horeb
560 3448 631 3501 ad
657 3454 879 3503 omnem
904 3449 1076 3503 Israel
1112 3459 1386 3521 praecepta
1408 3457 1465 3503 et
1487 3453 1717 3521 judicia.
1749 3475 1772 3502 υ
1854 3449 2273 3512 me,maledicti,
2312 3449 2369 3503 in
2397 3450 2583 3520 ignem
2615 3458 2905 3505 aeternum.
2944 3471 2965 3501 ι
3000 3452 3123 3505 Non
3151 3451 3331 3505 solum
3355 3468 3454 3505 au-

193 3530 363 3587 ‘B‘oreb
382 3552 551 3589 mons
583 3541 670 3590 est
707 3537 763 3590 in
796 3537 946 3601 Sina,
974 3538 1066 3591 ubi
1092 3538 1309 3608 Moyses
1340 3539 1555 3608 accepit
1594 3540 1773 3614 legem
1855 3543 1969 3591 tem
1991 3537 2191 3591 coelum
2215 3554 2273 3590 se
2297 3538 2431 3592 dicit
2453 3540 2811 3593 anathemate
2839 3539 3316 3609 percussurum,id
3343 3543 3450 3610 est,

197 3618 467 3689 digitaDei
492 3625 763 3694 scriptam
790 3625 846 3678 in
870 3626 1078 3679 tabulis
1095 3625 1349 3695 lapideis.
1382 3626 1521 3679 Cum
1557 3627 1773 3699 (inquit)
1857 3641 1950 3679 eos
1968 3625 2348 3696 quicceleslem
2371 3626 2580 3680 habent
2595 3628 3196 3689 conversationem,sed
3216 3633 3449 3702 terram,

197 3709 366 3764 sciatis
394 3728 498 3782 pro
522 3716 674 3766 certo
698 3717 990 3767 venturum
1013 3714 1161 3767 diem
1178 3713 1395 3783 judicii,
1431 3715 1653 3784 quando
1679 3734 1775 3771 su-
1856 3714 1917 3767 id
1933 3718 2019 3767 est
2046 3722 2270 3768 terrena
2290 3716 2658 3785 sapientes,et
2678 3717 2915 3769 terrenis
2935 3715 3199 3786 operibus
3224 3715 3452 3768 inhian-

194 3796 477 3865 perborum
508 3800 756 3854 radicem
788 3807 843 3855 et
864 3818 1095 3872 germen
1120 3804 1348 3877 flamma
1376 3803 1686 3871 comburat,
1706 3806 1775 3858 ti-
1856 3802 2096 3855 tes.Haec
2110 3803 2177 3855 de
2206 3802 2325 3856 Elia
2352 3803 2613 3864 diximus,
2646 3804 2820 3858 secuti
2849 3804 3453 3875 doctores,quanquam

197 3888 462 3942 mentibus
490 3890 686 3942 autem
718 3891 933 3943 orietur
958 3891 1039 3945 sol
1066 3892 1319 3961 justitize,
1345 3900 1564 3963 oportet
1593 3902 1657 3948 ut
1685 3912 1774 3949 re-
1862 3892 2023 3945 multi
2076 3893 2190 3945 sint
2222 3892 2389 3945 etiam
2440 3901 2762 3948 nostrorum
2812 3895 2907 3964 qui
2952 3894 3189 3947 credunt
3226 3893 3355 3947 eum
3380 3893 3454 3946 ad

196 3975 489 4030 cordemini
521 3976 679 4046 legis.
705 3993 870 4047 quam
892 3996 993 4050 per
1011 3978 1239 4050 Moysen
1269 3979 1423 4034 vobis
1451 3978 1598 4048 dedi,
1635 3988 1689 4036 et
1712 3999 1779 4036 ea
1859 3979 2103 4033 litteram
2134 3984 2451 4045 venturum,
2479 3988 2535 4035 et
2564 3985 2899 4036 restiturum
2930 3982 3138 4045 omnia,
3162 3997 3227 4033 ac
3254 3981 3456 4034 mortis

198 4063 400 4131 mihi
429 4064 825 4135 percipiuntur
851 4082 1019 4137 Opere
1049 4067 1351 4138 impleatis.
1399 4069 1506 4123 Sed
1537 4076 1593 4124 et
1619 4069 1779 4125 nobis
1859 4068 2112 4122 debitum
2155 4068 2594 4137 persoluturum.
2651 4072 2928 4125 Caeterum
2973 4069 3247 4123 Dominus
3276 4068 3455 4122 inter-

197 4152 507 4223 precip‘rtur
534 4159 605 4207 ut
630 4156 988 4209 recordemur
1004 4156 1313 4227 spiritualis
1329 4157 1775 4228 etdivinaelegis,
1860 4162 2091 4227 rogatus
2121 4156 2189 4209 de
2220 4155 2460 4229 adventu
2509 4158 2639 4213 Eliae
2687 4158 2757 4211 ab
2798 4156 3086 4228 apostolis,
3116 4155 3406 4227 respondit
3437 4173 3451 4209 :

200 4252 359 4309 eaque
387 4256 504 4295 non
535 4243 857 4309 carnaliter,
898 4242 997 4298 sed
1027 4244 1398 4315 spiritualiter
1422 4246 1775 4317 impleamus.
1865 4264 1892 4299 α
1920 4245 2067 4300 Elias
2089 4246 2209 4314 jam
2237 4246 2408 4309 venit,
2443 4251 2501 4300 et
2528 4263 2639 4300 non
2667 4251 3050 4320 cognoverunt
3079 4261 3227 4309 eum,
3262 4244 3360 4299 sed
3379 4246 3457 4300 fe-

203 4328 487 4398 Apostolus
527 4331 679 4384 enim
706 4331 843 4386 dicit
875 4334 1009 4404 quia
1039 4332 1125 4387 lex
1152 4333 1463 4404 spiritualis
1488 4341 1591 4390 est.
1628 4332 1840 4415 Psal-D
1862 4340 2061 4388 cerunt
2085 4334 2142 4387 in
2171 4349 2299 4388 eum
2330 4351 2675 4407 quaecunque
2699 4335 3015 4399 voluerunt,
3052 4353 3077 4385 π
3102 4330 3376 4388 Joannem
3396 4335 3457 4389 in

199 4416 353 4470 mista
381 4435 609 4489 quoque
636 4420 987 4491 spiritualem
1016 4421 1261 4476 ostendit
1290 4439 1409 4477 esse
1456 4424 1659 4494 legem,
1693 4426 1781 4480 di-
1867 4423 1990 4478 Elia
2016 4423 2205 4476 volens
2236 4422 2506 4496 intelligi,
2540 4423 2689 4478 unde
2717 4423 3049 4479 subsecutus
3076 4422 3333 4493 adjunxit
3362 4442 3374 4478 :
3398 4417 3459 4480 Si

198 4520 317 4558 cens
341 4524 353 4558 :
381 4498 413 4558 ε’
438 4509 645 4563 Revela
676 4511 864 4565 oculos
885 4528 1059 4579 meos,
1092 4517 1148 4566 et
1167 4510 1530 4567 considerabo
1562 4514 1787 4569 mirabi-
1865 4511 2031 4567 vultis
2058 4511 2326 4582 recipere,
2354 4512 2598 4568 Joannes
2628 4512 2747 4585 ipse
2769 4518 2855 4567 est
2885 4513 3033 4567 Elias
3062 4511 3158 4585 qui
3186 4514 3458 4568 venturus

201 4591 268 4645 lia
312 4594 382 4647 de
428 4595 555 4666 lege
596 4601 715 4652 tua.
754 4616 777 4649 ι
824 4599 981 4655 Hanc
1026 4598 1376 4676 spiritualem
1420 4599 1602 4671 legem
1631 4602 1784 4657 dedit
1866 4608 1967 4656 est.
