3970 6150
510 248 2334 280 h

2346 267 3712 298 ψ

498 273 3712 356 Em

1579 463 2488 602 HAYMON
2508 467 2710 605 IS

1591 710 2281 770 HALBERSTATENSIS
2325 716 2655 772 EPISCOPI

559 895 1708 1042 COMMENTARIUM
1796 905 1958 1044 IN
2047 907 2684 1047 CANTINA
2791 907 3684 1102 CANTICORUM

1577 1173 1688 1245 (Ex
1715 1173 1955 1230 editione
1990 1177 2307 1232 Coloniensi
2335 1177 2469 1232 anni
2504 1177 2688 1250 1529.)

564 1457 845 1519 Salomon,
894 1457 1202 1526 inspiratus
1251 1457 1438 1510 divino
1483 1457 1716 1527 Spiritu,
1762 1459 2080 1530 composuit
2097 1461 2339 1520 Alitatis
2369 1463 2474 1516 sibi
2505 1464 2738 1518 consciae
2767 1471 2919 1529 sunt,
2947 1481 3012 1518 eo
3048 1465 3290 1534 amplius
3308 1463 3577 1518 Christum
3610 1463 3720 1517 dili-

491 1544 642 1597 hunc
667 1543 914 1598 libellum
945 1545 1013 1598 de
1041 1545 1252 1614 nuptiis
1267 1546 1472 1600 Christi
1495 1552 1552 1598 et
1572 1546 1848 1610 Ecclesiae,
1878 1554 1934 1601 et
1951 1565 2086 1617 quo-
2164 1556 2325 1618 gunt.
2352 1551 2470 1604 Vox
2499 1549 2758 1606 Ecclesia:
2790 1570 2802 1604 :

491 1632 789 1686 dammodo
810 1634 1231 1703 epithalamium
1263 1634 1391 1687 fecit
1425 1634 1632 1687 Christi
1660 1639 1717 1687 et
1746 1635 2085 1700 Ecclesiae,id
2244 1656 2266 1688 ι
2297 1639 2478 1692 Trahe
2510 1657 2598 1693 me
2628 1645 2754 1710 post
2781 1646 2856 1704 te,
2891 1656 3200 1695 curremus.
3243 1661 3258 1687 ο
3286 1640 3390 1693 Hic
3424 1644 3504 1692 est
3530 1655 3723 1709 permu-

491 1726 578 1774 est
605 1722 880 1775 canticum
912 1739 1082 1792 super
1109 1724 1408 1776 thalamos.
1435 1723 1594 1776 Unde
1625 1728 1680 1776 et
1709 1724 1940 1778 Cantica
1961 1742 2087 1779 can-
2169 1726 2307 1779 tatio
2335 1743 2607 1796 personae.
2648 1728 2792 1780 Nam
2820 1729 3089 1781 hactenus
3117 1728 3306 1781 locuta
3334 1733 3418 1781 est
3437 1727 3720 1797 Synagoga,

489 1810 730 1864 ticorum
756 1812 972 1864 vocavit
1001 1812 1148 1864 hunc
1179 1811 1448 1868 libellum.
1484 1811 1616 1880 quia
1653 1813 1844 1866 omnia
1869 1814 2088 1867 cantica
2169 1814 2259 1867 hic
2286 1814 2481 1884 incipit
2511 1816 2664 1886 loqui
2693 1816 2938 1869 Ecclesia
2967 1816 3035 1869 de
3063 1815 3325 1884 gentibus
3359 1833 3370 1866 :
3407 1836 3428 1866 ι
3454 1815 3622 1869 Trahe
3648 1829 3723 1867 me

491 1899 899 1968 superexcellit.
935 1899 1090 1952 Sicut
1117 1900 1265 1952 enim
1293 1900 1499 1954 dicitur
1529 1918 1622 1954 rex
1645 1918 1860 1970 regum,
1895 1909 1952 1955 et
1975 1903 2086 1957 Do-
2168 1908 2695 1972 postte,curremus.
2717 1924 2738 1954 ι
2758 1904 2899 1967 Quia
2915 1904 3139 1974 (inquit)
3163 1921 3350 1957 meam
3369 1903 3724 1957 inﬁrmitatem

490 1988 676 2040 minus
723 1988 1157 2054 dominantium,
1201 1995 1257 2041 et
1283 1990 1609 2043 solemnitas
1641 1991 2080 2053 solemnitatum,
2168 2007 2462 2061 cognosco,
2486 1997 2543 2046 et
2565 1993 2722 2046 video
2750 2008 2839 2045 me
2871 1992 3011 2045 nihil
3035 1993 3174 2046 meis
3200 1991 3410 2046 viribus
3437 1991 3560 2044 boni
3587 2006 3726 2060 posse

489 2075 568 2128 sic
600 2076 864 2129 dicuntur
895 2077 1127 2129 Cantica
1157 2077 1504 2131 canticorum
1538 2078 1606 2130 ob
1627 2079 2010 2132 excellentiam
2033 2085 2089 2133 et
2172 2097 2357 2150 agere,
2389 2088 2488 2135 tua
2511 2081 2696 2150 gratia
2732 2081 2894 2135 trahe
2925 2097 3014 2134 me
3041 2081 3110 2134 ad
3143 2081 3227 2134 tui
3255 2080 3632 2142 imitationem,
3653 2078 3726 2131 vel

491 2164 842 2233 dignitatem.
876 2165 973 2218 Est
1001 2171 1188 2218 autem
1211 2165 1269 2218 in
1299 2167 1404 2220 hoc
1433 2167 1858 2221 obscurissimus
1887 2169 1994 2222 iste
2017 2168 2087 2221 li-
2171 2169 2496 2230 etiam,cum
2511 2170 2711 2222 ccelum
2735 2169 3238 2235 ascenderis,trahe
3259 2185 3351 2222 me
3372 2173 3496 2239 post
3521 2173 3591 2220 te.
3611 2184 3635 2216 «
3653 2166 3728 2219 In-

489 2252 609 2318 ber,
650 2252 783 2322 quia
815 2253 982 2308 nullae
1030 2253 1106 2306 ibi
1154 2270 1404 2324 personae
1456 2261 1989 2322 commemorantur,
2031 2262 2088 2310 et
2167 2255 2418 2310 troduxit
2457 2272 2548 2309 me
2577 2273 2672 2310 rex
2711 2257 2768 2310 in
2793 2255 3018 2310 cellaria
3049 2273 3170 2309 sua.
3209 2275 3232 2306 ›
3279 2257 3386 2309 Hic
3413 2255 3645 2325 loquitur
3668 2253 3728 2306 de

493 2341 653 2410 quasi
682 2341 896 2396 comico
927 2342 1072 2412 stylo
1103 2342 1443 2412 compositus
1474 2348 1575 2396 est.
2169 2344 2390 2398 Christo
2419 2361 2622 2414 sponso
2648 2361 2750 2398 suo
2779 2345 2850 2398 ad
2891 2345 3109 2398 animas
3138 2345 3350 2397 ﬁdeles.
3381 2342 3609 2398 Cellaria
3642 2340 3728 2396 Dei

1401 2484 1564 2534 ΜοΜ
2168 2438 2537 2534 sunteeterna
2566 2432 2873 2532 beatitudo,
2893 2439 2948 2486 et
2960 2449 3216 2534 supernae
3242 2433 3439 2534 patriae
3466 2428 3728 2501 gaudia,in

988 2483 1222 2538 CAPUT
1268 2483 1582 2539 PRIMUM-
2169 2483 2628 2591 agiggggaas
2640 2483 2878 2590 ἔεξῖλῶ
2900 2483 3543 2590 ἐρ’ρῖὲέέεζῇρὶξᾷὰέἑιισει
3569 2483 3725 2589 spei»,

564 2630 589 2655 α
613 2609 913 2663 Osculetur
928 2625 1016 2661 me
1045 2609 1232 2662 osculo
1254 2609 1366 2661 oris
1389 2608 1496 2662 sui.
1518 2628 1540 2659 ι
1566 2608 1950 2664 Desiderantis
1978 2628 2083 2665 vox
2168 2610 2502 2679 quandoque
2523 2610 2911 2664 introducetur
2939 2626 3041 2679 per
3065 2626 3238 2662 rem.«
3258 2607 3657 2663 Exsultabimus
3681 2611 3731 2658 et

489 2703 574 2751 est
594 2698 901 2769 Synagoga:
918 2698 1216 2751 adventum
1241 2697 1466 2751 Christi.
1500 2697 1672 2760 Quasi
1703 2698 1912 2752 diceret
1940 2700 2086 2753 :To-
2103 2765 2141 2771 _
2164 2697 2550 2751 ltetabimurin
2565 2699 2776 2771 te.».De
2796 2699 2956 2752 donis
2975 2698 3197 2768 (inquit)
3221 2698 3337 2752 tuis
3359 2694 3731 2751 exsultabimus

489 2786 595 2840 ties
625 2765 773 2840 mihi
794 2765 1096 2840 adventum
1127 2803 1292 2839 suum
1335 2785 1594 2856 promisit
1621 2803 1721 2855 per
1756 2788 2077 2858 prophetas,
2103 2765 2220 2839 Bet
2246 2787 2575 2840 laetabimur.
2610 2767 2719 2841 Sed
2750 2787 2883 2857 quia
2907 2765 3113 2840 scimus
3143 2787 3247 2840 hoc
3274 2801 3390 2839 non
3419 2783 3588 2838 nostri
3623 2797 3730 2834 esse

492 2875 675 2928 veniat
703 2891 835 2944 ergo
861 2876 1001 2943 jam,
1035 2880 1092 2927 et
1118 2874 1401 2928 osculetur
1430 2891 1518 2927 me
1549 2875 1736 2927 osculo
1755 2875 1869 2928 oris
1894 2876 1999 2940 sui,
2023 2876 2082 2929 id
2164 2874 2372 2942 meriti,
2422 2874 2481 2928 in
2508 2881 2582 2940 te,
2617 2892 2726 2929 non
2756 2876 2814 2928 in
2843 2874 3002 2928 nobis
3048 2874 3453 2928 exsultabimus
3486 2892 3498 2926 :
3527 2873 3624 2925 hoc
3657 2875 3729 2923 est

489 2969 573 3016 est
600 2979 700 3032 per
727 2980 786 3015 se
814 2963 998 3031 ipsum
1021 2963 1157 3015 mihi
1178 2963 1458 3032 loquatur.
1486 2981 1513 3011 ei
1538 2963 1683 3027 Quia
1697 2963 1930 3018 meliora
1949 2971 2082 3018 sunt
2164 2964 2311 3033 quod
2340 2964 2641 3034 Apostolus
2671 2965 2753 3017 ait
2777 2983 2790 3016 :
2830 2984 2851 3014 ι
2873 2963 2978 3027 Qui
2992 2963 3352 3033 gloriatur,in
3378 2961 3608 3017 Domino
3625 2959 3734 3029 glo-

487 3050 661 3103 ubera
688 3057 788 3102 tua
809 3051 991 3103 vino.»
1018 3051 1266 3120 Repente
1294 3051 1364 3103 ad
1390 3051 1593 3120 ipsum.
1617 3051 1776 3118 cujus
1803 3051 2077 3105 desiderio
2162 3051 2392 3104 rietur.)
2423 3071 2446 3101 ‹
2471 3052 2747 3105 Memores
2776 3051 3012 3105 uberum
3032 3057 3257 3104 tuorum
3289 3067 3461 3121 super
3487 3049 3682 3110 vinum,
3701 3063 3725 3098 ι)

486 3137 781 3207 ﬂagrabat,
804 3136 973 3190 verba
996 3142 1344 3198 convertens,
1381 3136 1569 3189 subdit
1592 3151 1602 3183 :
1631 3157 1652 3186 ι
1674 3137 1818 3200 Quia
1849 3138 2080 3192 meliora
2160 3137 2217 3190 id
2237 3143 2341 3204 est,
2365 3155 2641 3192 memores
2653 3138 2848 3208 gratia)
2867 3144 2977 3193 tuae
2996 3144 3053 3192 et
3066 3137 3462 3192 misericordiae
3486 3143 3608 3196 tuae,
3634 3147 3731 3203 qua

485 3235 617 3279 sunt
629 3226 802 3278 ubera
813 3233 929 3291 tua,
944 3246 964 3275 ι
987 3224 1213 3282 etc.Per
1231 3224 1403 3278 ubera
1416 3225 1620 3278 Christi
1632 3225 1882 3288 ,dulcedo
1904 3227 2079 3280 Evan-

483 3313 616 3384 gelii
646 3312 997 3383 intelligitur,
1019 3313 1150 3384 quia
1171 3329 1236 3366 eo
1261 3311 1433 3366 veluti
1463 3313 1605 3366 lacte
1637 3313 2078 3368 nutriturinfan-

476 3402 565 3460 tia
593 3403 961 3457 credentium.
990 3401 1203 3455 Vinum
1227 3407 1414 3455 autem
1440 3401 1826 3455 austeritatem
1849 3402 1988 3472 legis
2008 3403 2079 3456 si-

481 3491 712 3562 gniﬁcat
737 3511 749 3558 ;
782 3491 880 3545 sed
912 3490 1084 3544 ubera
1115 3490 1324 3544 Christi
1348 3491 1580 3542 meliora
1609 3496 1740 3543 sunt
1768 3490 1915 3550 vino.
1948 3492 2079 3561 quia

483 3580 718 3634 dulcedo
767 3579 1053 3648 Evangelii
1102 3578 1302 3631 melior
1344 3583 1429 3631 est
1457 3578 1785 3631 austeritate
1812 3579 1970 3648 legis.
2012 3580 2078 3633 In

482 3669 605 3738 lege
637 3668 787 3722 enim
809 3669 964 3721 nulla
987 3673 1306 3721 reservatur
1333 3666 1681 3737 poenitentia,
1704 3667 1801 3720 sed
1832 3667 2080 3738 praecipi-

481 3763 578 3811 tur
601 3747 665 3810 ut
694 3756 789 3826 qui
820 3765 1011 3827 peccat
1039 3755 1325 3808 occidatur
1351 3773 1362 3807 :
1394 3755 1755 3824 Evangelium
1782 3761 1972 3809 autem
1989 3755 2078 3808 di-

482 3845 561 3899 cit
592 3865 603 3895 :
639 3864 662 3896 ‹
695 3845 837 3898 Nolo
869 3850 1107 3898 mortem
1137 3843 1467 3914 peccatoris,
1503 3862 1524 3892 ι
1562 3848 1663 3895 etc.

557 3952 583 3985 α
614 3932 952 4003 Fragrantia
982 3932 1285 4002 unguentis
1315 3931 1562 4002 optimis.
1608 3931 1909 4000 Unguenta
1946 3939 2080 3987 sunt

2160 3227 2357 3280 salvati
2381 3227 2788 3280 sumus.Ubera
2811 3227 2960 3280 enim
2983 3232 3118 3280 sunt
3135 3226 3256 3296 ipsa
3278 3226 3483 3295 gratia,
3515 3239 3621 3295 qua
3641 3220 3733 3275 sal-

2159 3315 2271 3368 vati
2293 3315 2889 3369 sumus.Recordantes
2919 3316 3087 3368 etiam
3107 3314 3236 3384 quia
3270 3320 3330 3368 tu
3363 3312 3730 3368 austeritatem

2159 3404 2297 3471 legis
2310 3403 2572 3458 uberibus
2595 3405 2861 3456 doctrinae
2883 3403 3215 3473 evangelicae
3227 3409 3543 3472 temperare
3561 3400 3732 3469 digna-

2158 3496 2250 3544 tus
2272 3508 2350 3544 es.
2389 3510 2414 3543 α
2447 3492 2604 3544 Recti
2653 3491 2896 3561 diligunt
2943 3496 3019 3546 te.
3066 3511 3087 3540 ι
3122 3490 3211 3544 Illi
3237 3490 3465 3560 (inquit)
3497 3489 3589 3560 qui
3613 3483 3734 3540 recti

2159 3579 2326 3632 corde
2353 3585 2505 3644 sunt,
2539 3579 2782 3648 diligunt
2809 3584 2884 3645 te,
2908 3579 2963 3632 id
2981 3585 3085 3642 est,
3116 3579 3197 3631 illi
3227 3579 3324 3648 qui
3353 3578 3492 3631 nihil
3507 3576 3733 3630 suisme-

2159 3668 2284 3721 ritis
2312 3667 2692 3732 tribuunt,sed
2707 3667 2896 3720 omnia
2920 3672 3030 3722 tum
3061 3668 3256 3736 gratiae
3283 3667 3576 3737 deputant.
3607 3662 3736 3717 Nul-

2159 3756 2248 3809 lus
2279 3756 2430 3809 enim
2458 3761 2514 3808 te
2541 3756 2725 3825 diligit
2767 3755 2873 3810 nisi
2906 3761 3109 3817 rectus,
3150 3760 3208 3808 et
3235 3755 3426 3808 nullus
3455 3759 3540 3809 est
3568 3755 3736 3807 rectus

2159 3842 2269 3896 nisi
2298 3843 2394 3912 qui
2423 3848 2480 3896 te
2505 3842 2707 3912 diligit.
2745 3831 2989 3896 Ecclesia
3015 3843 3084 3896 de
3112 3842 3228 3895 suis
3255 3842 3535 3912 pressaris
3562 3860 3573 3894 :

2235 3949 2261 3982 «
2292 3931 2466 4000 Nigra
2495 3947 2640 3995 sum,
2665 3931 2761 3984 sed
2791 3931 3191 3994 formosa,ﬁliae
3213 3931 3620 3985 Hierusalem.)
3644 3927 3737 3981 Hic

481 4022 630 4076 dona
659 4022 906 4092 Spiritus
925 4021 1122 4086 sancti,
1157 4021 1240 4074 vel
1264 4021 1433 4074 etiam
1464 4018 1755 4090 opiniones
1775 4019 2068 4088 virtutum,
2094 4033 2138 4092 α
2161 4036 2356 4073 rursus
2393 4020 2643 4090 loquitur
2672 4019 2917 4072 Ecclesia
2945 4019 3015 4072 ad
3047 4025 3266 4073 sanctas
3292 4019 3513 4073 animas
3547 4017 3741 4087 :Nigra

479 4111 548 4164 de
567 4111 771 4181 quibus
791 4111 1094 4180 Apostolus
1118 4128 1128 4161 :
1159 4128 1184 4161 «
1211 4109 1416 4162 Christi
1429 4107 1608 4161 bonus
1638 4107 1776 4160 odor
1804 4124 2017 4161 sumus.
2050 4129 2071 4160 ι

484 4221 506 4250 ι
539 4199 739 4253 Oleum
771 4200 1008 4251 ell'usum
1042 4213 1248 4250 nomen
1277 4203 1460 4249 tuum.
1501 4217 1522 4245 ι
1569 4197 1786 4251 Nomen
1815 4201 1996 4263 tuum,
2042 4215 2074 4252 ο

479 4285 719 4349 Christe,
745 4286 983 4339 effusum
1005 4289 1107 4338 est.
1143 4283 1831 4340 ChrismaGraece.Latine
1858 4285 2069 4352 unctio,

475 4373 626 4426 unde
648 4371 903 4426 Christus
927 4389 937 4422 :
965 4387 1170 4424 nomen
1207 4370 1416 4424 Christi
1439 4369 1508 4422 ab
1527 4369 1791 4424 unctione
1816 4377 2074 4426 vocatum

477 4464 580 4514 est.
607 4460 758 4514 Solet
778 4460 927 4512 enim
955 4458 1196 4526 Spiritus
1218 4463 1444 4511 sanctus
1477 4457 1584 4511 olei
1620 4459 1845 4513 nomine
1885 4462 2074 4532 appel-

473 4548 599 4609 lari,
630 4549 789 4618 juxta
823 4549 971 4618 quod
999 4547 1297 4600 Psalmista
1313 4547 1394 4600 ait
1420 4563 1475 4597 :«
1499 4547 1670 4600 Unxit
1691 4553 1744 4601 te
1765 4549 1914 4602 Deus
1941 4555 2073 4604 tuus

475 4639 619 4704 oleo,
647 4657 673 4690 ιο
695 4638 750 4691 id
767 4643 853 4691 est
873 4637 1087 4707 Spiritu
1109 4629 1320 4689 sanéto.
1355 4634 1477 4688 Hoc
1497 4636 1681 4688 oleum
1696 4637 1932 4691 eﬁusum
1963 4644 2066 4704 est,
2097 4658 2099 4660 ·

475 4729 697 4799 quando
709 4729 826 4782 haec
834 4724 1475 4798 gratia,quamChristus
1485 4723 1846 4793 singulariter
1855 4726 1998 4780 habu
2009 4727 2069 4790 it,

473 4817 605 4870 data
654 4822 740 4870 est
769 4815 1042 4869 omnibus
1067 4813 1256 4867 electis
1288 4830 1298 4864 :
1334 4811 1483 4866 unde
1512 4818 1568 4866 et
1596 4830 1630 4865 a
1659 4813 1881 4867 Christo
1915 4815 2072 4869 Chri-

472 4905 641 4958 stiani
668 4905 948 4968 dicuntur,
983 4902 1280 4973 participio
1298 4899 1540 4954 nominis
1562 4901 1788 4958 Christi.
1822 4903 1892 4955 Et
1928 4902 2068 4957 bene

471 5010 586 5047 non
612 4992 906 5057 stillatum,
930 4991 1025 5045 sed
1049 4992 1286 5044 eﬁ‘usum
1308 4990 1491 5042 oleum
1513 4988 1874 5061 dicitur,quia
1897 4991 2068 5046 abun-

471 5082 672 5134 danter
695 5080 811 5134 haec
836 5079 1021 5148 gratia
1050 5078 1308 5132 omnibus
1351 5078 1483 5130 data
1523 5083 1610 5131 est
1638 5079 1805 5132 ﬁdem
1855 5080 2065 5134 Christi

470 5167 864 5223 recolentibus.
902 5185 926 5219 α
952 5166 1086 5220 ldeo
1116 5166 1544 5219 adolescentulze
1576 5165 1892 5221 dilexerunt
1921 5176 1998 5222 te.
2035 5185 2061 5221 ι

469 5257 912 5312 Adolescentulae
941 5255 1205 5308 dicuntur
1246 5254 1447 5307 animae
1476 5254 1801 5320 electorum,
1836 5257 1969 5326 quia
2006 5256 2064 5308 in

472 5345 747 5416 baptismo
777 5343 1128 5414 reliquerunt
1155 5343 1348 5396 sordes
1377 5341 1579 5395 veteris
1600 5341 1864 5406 hominis,
1889 5350 1944 5398 et
1976 5363 2066 5398 re-

2159 4109 2443 4178 sum,quia
2464 4107 2880 4177 persecutiones
2900 4107 3102 4178 patior,
3120 4108 3219 4161 sed
3239 4107 3486 4161 formosa
3501 4123 3622 4161 sum
3638 4103 3738 4156 vir-

2157 4194 2390 4260 tutibus,
2425 4211 2458 4248 o
2488 4195 2612 4250 ﬁliae
2659 4194 3035 4262 Hierusalem,
3083 4194 3139 4248 id
3192 4202 3280 4248 est
3308 4195 3512 4251 animae
3539 4193 3737 4248 ﬁdeles.

2154 4283 2331 4353 Nigra
2359 4284 2568 4348 sum,id
2599 4288 2701 4348 est,
2729 4283 2995 4336 deformis
3021 4283 3505 4354 persecutionibus
3527 4289 3582 4336 et
3607 4295 3740 4335 aeru-

2155 4372 2302 4424 mnis
2327 4389 2466 4441 quas
2488 4372 2756 4438 sustineo,
2788 4371 2886 4424 sed
2916 4372 3162 4426 formosa
3199 4389 3321 4425 sum
3360 4373 3561 4426 decore
3583 4371 3742 4423 virtu-

2155 4466 2294 4514 tum.
2305 4460 2596 4524 Quomodo
2606 4466 2795 4513 autem
2809 4461 2972 4529 nigra
2988 4460 3079 4524 sit,
3107 4465 3166 4514 et
3181 4460 3462 4530 quomodo
3486 4460 3737 4520 formosa,

2157 4549 2406 4602 ostendit
2420 4565 2548 4602 cum
2565 4548 2785 4602 subdit:
2818 4567 2845 4599 ‹‹
2873 4549 3032 4602 Sicut
3051 4549 3415 4602 tabernacula
3435 4549 3634 4611 Cedar,
3650 4545 3743 4598 sic-

2156 4645 2221 4692 ut
2241 4639 2413 4709 pelles
2443 4637 2814 4692 Salomonis.»
2841 4637 2927 4692 Ita
2949 4638 3098 4692 enim
3129 4638 3500 4708 distinguitur
3530 4656 3541 4690 :
3579 4637 3744 4705 Nigra

2157 4743 2281 4780 sum
2311 4727 2457 4780 sicut
2502 4726 2863 4780 tabernacula
2894 4727 3094 4793 Cedar,
3124 4727 3368 4781 formosa
3395 4727 3542 4780 sicut
3579 4725 3741 4796 pelles

2158 4815 2679 4869 Salomonis.Cedar
2699 4815 2848 4868 ﬁlius
2867 4816 3120 4869 Ismaelis
3140 4815 3266 4878 fuit,
3295 4815 3390 4885 qui
3414 4815 3743 4884 interpreta-

2150 4908 2246 4956 tur
2272 4903 2534 4958 tenebrae.
2553 4904 2850 4957 Ismaelitae
2877 4921 3007 4956 vero
3035 4920 3258 4974 semper
3287 4904 3344 4956 in
3370 4899 3742 4957 tabernaculis

2149 4991 2406 5045 habitare
2428 4992 2579 5046 soliti
2611 4997 2826 5053 sunt,et
2853 5008 2964 5045 non
2995 4991 3207 5045 habent
3233 4991 3742 5057 domos.Dicitergo

2147 5079 2397 5133 Ecclesia
2443 5097 2502 5134 se
2551 5080 2773 5150 nigram
2822 5097 2942 5133 esse
2973 5080 3118 5133 sicut
3148 5079 3519 5134 tabernacula
3547 5078 3738 5138 Cedar,

2148 5175 2378 5238 prOpter
2400 5168 2815 5238 persecutiones
2856 5185 2997 5238 quas
3026 5168 3346 5238 patiebatur
3374 5185 3408 5220 a
3437 5167 3569 5221 ﬁliis
3597 5173 3744 5220 tene-

2151 5256 2553 5328 brarum,quod
2582 5257 2989 5327 interpretatur
3025 5256 3225 5312 Cedar.
3276 5257 3416 5312 Hinc
3447 5254 3742 5309 Psalmista

2147 5345 2284 5399 dicit
2313 5362 2325 5400 :
2361 5366 2382 5396 ι
2420 5346 2678 5399 Habitavi
2703 5362 2830 5399 cum
2854 5344 3237 5399 habitantibus
3265 5345 3460 5407 Cedar,
3497 5362 3524 5391 ιι
3549 5343 3609 5398 id
3639 5347 3736 5405 est,

468 5439 684 5490 novataa
704 5438 838 5488 sunt
855 5432 912 5486 in
934 5433 1173 5486 Christo.
1187 5433 1332 5486 Bene
1356 5436 1543 5483 autem
1561 5431 1828 5487 feminino
1855 5451 2061 5503 genere
2082 5433 2128 5491 D
2143 5441 2505 5489 conversatus
2521 5451 2645 5488 sum
2668 5435 2816 5488 inter
2839 5439 3226 5504 persecutores
3255 5439 3310 5488 et
3324 5437 3644 5504 peccatores
3663 5431 3743 5485 in-

468 5526 752 5582 dicuntur.
775 5522 907 5594 quia
930 5522 1132 5578 animae
1153 5527 1477 5578 sanctorum
1499 5535 1608 5590 quo
1630 5523 1860 5594 majoris
1889 5523 2057 5595 fragi-
2138 5523 2406 5578 ﬁdelitate
2425 5521 2972 5594 nigros.Formosam
2991 5539 3122 5578 vero
3143 5522 3278 5578 dicit
3296 5538 3356 5603 se
3377 5520 3522 5579 sicut
3541 5518 3738 5591 pelles,
