3926 6164
210 328 291 385 297

1084 320 1501 378 ENARRATIO
1540 318 1619 371 IN
1658 317 1972 372 CANTICA
2009 320 2497 375 CANTIUURUM.

3222 323 3423 380 .298

210 453 255 509 id
279 458 349 507 est
365 449 717 505 tabernacula
740 447 1175 519 Salomonis,qui
1198 445 1462 517 paciﬁcus
1480 444 1750 513 interpre-
1767 442 1814 499 A
1837 444 2333 511 persecutionibus,
2375 444 2629 499 obsecrat
2646 461 2910 514 sponsum
2942 462 3105 501 suum
3128 451 3191 501 ut
3213 446 3259 500 ei
3279 446 3426 502 dicat

208 548 345 599 tatur.
368 539 620 610 quoniam
635 538 806 608 digna
820 543 942 591 erat
971 537 1282 590 visitationo
1298 543 1354 588 et
1373 532 1753 587 consolatione
1834 530 1888 583 in
1916 550 2151 601 quorum
2173 533 2452 587 mentibus
2473 535 2805 603 requiescat.
2828 536 2969 588 Nam
2987 535 3192 589 cubare
3213 536 3421 605 sponsi,

208 630 361 702 sponsi
386 628 465 681 sui
498 625 870 681 Christiinter
889 624 1195 693 angustias.
1225 624 1288 676 Et
1318 621 1461 675 sicut
1490 624 1748 673 taberna-

207 720 305 773 cula
323 735 377 772 ex
397 716 631 787 pellibus
654 722 1002 767 mortuorum
1024 714 1167 766 ﬁunt
1187 712 1534 771 animalium,
1562 710 1640 763 ita
1662 709 1756 761 Ec-

205 807 358 863 clesia.
380 804 799 859 tabernaculum
825 802 1081 855 videlicet
1100 801 1291 863 Dei,ex
1311 800 1396 854 his
1410 798 1757 853 construitur

206 896 280 965 qui
298 894 490 963 seipsos
506 909 630 946 cum
655 891 804 944 vitiis
824 897 881 944 et
900 889 1361 960 concupiscentiis
1391 889 1749 941 mortiﬁcant.

260 1003 281 1033 α
300 982 469 1036 Nolite
490 999 580 1035 me
604 980 961 1034 considerare
979 978 1125 1048 quod
1145 977 1296 1030 fusca
1311 976 1575 1046 sim,quia
1596 976 1756 1028 deco-

202 1073 369 1126 loravit
407 1087 494 1123 me
528 1071 634 1124 sol.
668 1088 694 1120 »
749 1069 796 1123 Ο
825 1068 1024 1121 animae
1056 1067 1247 1120 ﬁdeles
1272 1073 1329 1119 et
1356 1065 1567 1118 devotae
1624 1066 1756 1128 Deo,

203 1182 221 1211 ι
241 1161 393 1215 nolite
414 1176 504 1212 me
524 1158 881 1212 considerare
900 1156 1044 1226 quod
1070 1156 1228 1209 fusca
1247 1156 1372 1213 sim,
1394 1174 1413 1203 ι
1431 1153 1484 1207 id
1506 1160 1590 1208 est
1611 1152 1755 1223 quod

199 1249 618 1305 tribulationibus
631 1247 861 1301 afﬁciar.
879 1246 1028 1316 quod
1060 1243 1541 1316 persecutionibus
1567 1241 1757 1312 oppri-

196 1357 342 1399 manu
361 1340 489 1408 quia
519 1336 860 1390 decoloravit
883 1352 969 1388 me
993 1335 1131 1388 sol.»
1159 1334 1209 1387 id
1240 1341 1325 1387 est
1354 1330 1758 1403 persecutionis

195 1429 349 1481 fervor
378 1443 562 1479 meum
595 1425 947 1496 splendorem
979 1421 1392 1493 quodammodo
1430 1420 1753 1474 obfuscavit.

194 1516 529 1571 Acsidiceret
566 1533 578 1567 :
603 1514 935 1568 lnteriorem
970 1511 1444 1582 pulchritudinem
1470 1526 1648 1563 meam
1672 1525 1760 1561 co-

192 1606 357 1675 gitate.
390 1610 449 1658 et
470 1603 622 1656 illam
645 1602 940 1662 attendite,
965 1617 1075 1654 non
1109 1601 1260 1653 illam
1293 1616 1460 1670 quam
1492 1598 1623 1650 foris
1645 1597 1759 1668 pati

193 1694 369 1748 videor.
385 1693 523 1747 Tale
552 1698 637 1744 est
656 1692 803 1761 quod
823 1697 880 1743 et
897 1690 1195 1759 Apostolus
1222 1689 1358 1741 dicit
1390 1707 1401 1740 :
1426 1687 1612 1741 Nolite
1629 1686 1761 1740 deli-

1835 621 2185 690 requicscere
2204 629 2306 682 est,
2328 621 2473 675 sicut
2501 624 2621 692 ipse
2647 622 2782 676 dicit
2814 641 2823 675 :
2871 644 2892 672 α
2932 624 3112 693 Super
3140 640 3305 694 quem
3334 639 3424 677 re-

1838 709 2071 778 quiescit
2117 711 2346 780 spiritus
2388 727 2562 775 meus,
2599 731 2619 761 ι
2658 717 2762 764 etc.
2797 712 2879 765 Ne
2905 712 3054 765 enim
3081 712 3257 766 sancti
3288 718 3428 766 aestu

1838 798 2161 851 tentationis
2176 806 2452 859 arescant.
2471 799 2587 869 ipse
2604 800 2660 853 in
2683 817 2876 853 eorum
2902 800 3160 854 cordibus
3189 800 3357 854 cubat
3373 807 3430 854 et

1838 885 2139 961 requiescit
2191 892 2357 957 atque
2401 887 2471 940 ab
2504 888 2654 940 omni
2708 889 2923 941 fervore
2968 890 3341 942 tentationum
3374 895 3432 943 et

1840 975 2289 1042 persecutionum
2315 978 2574 1044 protegit.
2600 977 2784 1040 Quare
2797 978 2900 1030 hoc
2922 977 2945 1029 ?
2978 996 3002 1027 «
3024 979 3107 1031 Ne
3128 978 3318 1047 vagari
3346 977 3431 1031 in-

1840 1061 2039 1132 cipiam
2066 1071 2183 1133 post
2207 1080 2408 1133 greges
2426 1065 2698 1119 sodalium
2721 1072 2966 1119 tuorum.
2997 1085 3023 1118 in
3042 1067 3252 1135 Greges
3273 1067 3432 1121 soda-

1843 1151 1976 1203 lium
2005 1152 2249 1222 appellat
2279 1153 2661 1207 convemicula
2684 1155 3194 1226 hmreticorum,qui
3212 1156 3433 1209 sodales

1841 1240 2047 1293 Christi
2061 1249 2212 1305 sunt,
2230 1241 2361 1311 quia
2384 1249 2441 1294 et
2467 1242 2570 1312 ipsi
2603 1260 2804 1312 greges
2834 1260 2965 1296 suos
2990 1248 3242 1313 pascunt.
3268 1243 3329 1297 Id
3347 1249 3435 1298 est

1840 1344 2040 1382 sensus
2140 1330 2184 1383 Ο
2224 1347 2445 1400 sponse,
2482 1331 2666 1385 indira
2699 1332 2830 1384 mihi
2863 1337 3085 1386 sanctos
3129 1338 3186 1385 et
3228 1333 3434 1386 electos

1840 1422 1988 1482 tuos,
2036 1435 2105 1471 ne
2137 1421 2278 1472 forte
2309 1419 2584 1473 offendam
2632 1426 2688 1473 et
2716 1420 2999 1474 incurram
3034 1421 3089 1474 in
3123 1420 3433 1485 hazreticos,

1842 1511 2048 1575 putans
2079 1514 2133 1559 te
2164 1523 2248 1561 me
2275 1507 2347 1560 ibi
2378 1525 2541 1579 posse
2572 1509 2839 1562 invenire.
2877 1510 3038 1563 llunc
3069 1526 3287 1563 versum
3313 1526 3438 1563 ma—

1845 1593 1895 1646 le
1925 1594 2174 1648 hzeretici
2196 1595 2635 1666 distinguebant,
2667 1603 2935 1667 tanquam
2970 1614 3175 1667 sponsa
3194 1597 3439 1653 interro-

1842 1690 2004 1752 garet
2038 1702 2051 1738 :
2082 1684 2187 1739 Ubi
2214 1702 2427 1754 pascas,
2456 1684 2548 1739 ubi
2578 1685 2789 1739 cubes?
2817 1693 2873 1739 et
2894 1686 3012 1756 ipse
3034 1686 3398 1757 responderet
3421 1704 3432 1738 :

192 1800 295 1837 cere
322 1782 375 1835 in
402 1753 863 1834 tribulationibus
881 1753 1019 1831 meis
1042 1794 1141 1847 pro
1164 1777 1335 1840 vobis,
1370 1794 1491 1846 quze
1522 1784 1607 1828 est
1637 1775 1759 1845 glo-
1786 1753 1914 1826 Β1η
1946 1772 2183 1826 meridie
2215 1753 2356 1827 cubo
2382 1781 2437 1828 et
2463 1773 2519 1828 in
2553 1775 2786 1828 australi
2828 1753 3007 1845 parte.

191 1872 259 1926 ria
279 1876 475 1924 vestra.
510 1870 635 1923 Non
666 1869 813 1921 enim
847 1872 981 1921 sunt
1001 1866 1292 1935 condignae
1322 1865 1627 1935 passiones.
1650 1870 1756 1917 etc.

192 1961 267 2015 Sol
292 1967 475 2013 autem
509 1958 565 2010 in
604 1956 907 2027 Scripturis
937 1955 1141 2008 multos
1190 1953 1356 2007 habet
1398 1970 1595 2007 sensus
1642 1953 1761 2007 Ali-

193 2048 387 2119 quando
400 2046 874 2117 signiﬁcatipsum
890 2044 988 2097 Dei
1007 2043 1369 2097 mediatorem
1394 2048 1450 2096 et
1468 2042 1760 2095 hominum

191 2137 317 2191 unde
344 2136 618 2205 scriptum
644 2140 728 2188 est
748 2147 794 2184 ε(
816 2132 984 2186 Vobis
1008 2131 1335 2186 timentibus
1356 2147 1560 2185 nomen
1578 2146 1762 2184 meum

193 2224 377 2277 orietur
404 2224 487 2277 sol
505 2221 763 2292 justitiaa,
802 2245 820 2266 ο
854 2219 909 2272 id
937 2228 1020 2273 est
1050 2221 1323 2273 Christus.
1346 2219 1631 2289 Signiﬁcat
1666 2218 1767 2271 Ec-

191 2311 389 2364 clesiam
424 2311 576 2364 sicut
608 2308 779 2361 David
807 2307 948 2361 dixit
981 2326 992 2359 :
1029 2327 1049 2357 ι
1102 2307 1418 2377 Fulgebunt
1456 2306 1591 2376 justi
1622 2306 1770 2358 sicut

193 2400 279 2452 sol.
309 2420 329 2448 ι
362 2398 691 2470 Aliquando
716 2398 988 2450 fervorem
1022 2396 1451 2466 persecutionis,
1484 2397 1628 2448 sicut
1656 2395 1764 2457 hic,

189 2494 235 2539 et
258 2489 309 2541 in
340 2485 664 2556 Evangelia,
697 2484 792 2538 ubi
834 2484 1043 2537 dicitur
1066 2484 1135 2537 de
1167 2484 1381 2537 semine
1409 2484 1557 2554 quod
1586 2482 1770 2536 azcidit

192 2592 339 2646 supra
360 2587 606 2644 petram,
639 2580 697 2627 et
744 2578 866 2626 orto
909 2573 1028 2626 sole
1068 2572 1411 2626 exaestuavit.
1457 2571 1613 2635 Quod
1650 2571 1768 2640 ipse

190 2663 438 2718 Dominus
458 2663 652 2733 aperit
666 2678 970 2732 exponens.
989 2650 1031 2714 Ρ
1035 2666 1159 2714 acta
1174 2666 1362 2715 autem
1384 2659 1770 2730 persecutione

189 2760 396 2823 propter
422 2751 682 2806 verbum.
717 2750 1181 2804 scandalizentur.
1208 2768 1234 2802 ‹‹
1268 2749 1388 2802 Filii
1414 2748 1609 2802 matris
1636 2764 1771 2801 mea“:

188 2847 573 2911 pugnaverunt
618 2845 814 2892 contra
843 2856 953 2902 me,
993 2847 1080 2892 etc
1109 2879 1122 2903 ,
1158 2855 1346 2906 usque,
1385 2860 1405 2891 σ
1440 2839 1563 2892 Non
1591 2843 1772 2891 custo-

191 2928 287 2981 divi
331 2956 350 2977 -
388 2930 558 2984 Unde
587 2928 819 2997 coeperit
859 2929 976 2981 haec
1005 2928 1340 2997 persecutio,
1373 2926 1621 2980 ostendit
1643 2943 1770 2981 cum

190 3017 361 3073 subdit
382 3038 430 3071 κ
450 3018 587 3073 Filii
611 3017 807 3070 matris
830 3033 966 3071 meae
986 3016 1665 3087 pugnaverunt,»etc.Vox
1687 3020 1772 3069 est

187 3107 465 3174 primitivae
492 3106 1078 3176 EcclesieeSynagoga
1099 3112 1278 3158 mater
1298 3104 1499 3158 est.cui
1522 3121 1620 3175 per
1637 3104 1771 3158 Pro—

186 3195 397 3263 phetam
421 3196 641 3249 dicitur
662 3213 706 3246 :c
733 3195 797 3247 Et
813 3193 1095 3247 vocaberis
1115 3193 1310 3247 civitas
1331 3194 1510 3247 ﬁdelis
1527 3200 1582 3247 et
1597 3200 1775 3246 mater

188 3283 611 3353 civitatum,ﬁlia
631 3283 784 3337 Sion.
816 3304 839 3333 ν
866 3282 1045 3350 Hujus
1061 3282 1161 3335 ﬁlii
1180 3288 1313 3335 sunt
1332 3282 1529 3339 Judzei.
1564 3282 1657 3352 qui
1678 3298 1776 3352 pu-

186 3382 485 3443 guaverunt
502 3380 709 3426 contra
724 3370 1021 3425 Ecclesiam
1064 3369 1656 3442 primitivamquando
1684 3388 1773 3424 ex-

180 3463 483 3516 citaverunt
503 3460 954 3532 persecutionem
977 3467 1173 3513 contra
1185 3460 1559 3525 credentes,et
1577 3476 1771 3514 omnes

182 3549 398 3620 dispersi
429 3556 577 3605 sunt
604 3565 704 3619 per
726 3548 981 3618 regiones
1002 3548 1273 3602 Samaria:
1305 3570 1326 3599 ι
1353 3550 1666 3603 Posuerunt
1682 3565 1771 3602 me

180 3641 452 3693 custodem
490 3640 556 3693 in
580 3637 777 3691 vineis.
804 3662 823 3685 υ
850 3637 1027 3691 Vinea
1060 3654 1168 3690 una
1184 3637 1289 3691 fuit
1324 3636 1564 3707 primum
1583 3638 1770 3691 Eccle-

181 3727 256 3779 sia
278 3727 710 3798 Hierosolymis,
746 3726 840 3779 sed
889 3725 958 3780 ob
993 3726 1283 3780 Judaicam
1323 3727 1769 3796 persecutionem

178 3817 431 3887 dispersis
477 3815 845 3870 credentibus
874 3814 1157 3875 omnibus,
1192 3816 1379 3868 multae
1412 3814 1583 3869 vineae
1613 3816 1771 3870 factae

180 3915 314 3969 sunt,
347 3908 405 3961 id
439 3914 538 3960 est
569 3906 760 3959 multae
785 3904 1036 3959 Ecclesia:
1066 3910 1397 3959 constructae
1430 3922 1529 3976 per
1557 3906 1773 3959 univer-

178 4010 286 4048 sum
320 3996 609 4050 mundum
667 3993 814 4047 Dicit
842 4010 975 4063 ergo
1006 3994 1259 4048 Ecclesia
1288 3994 1569 4065 primitiva
1598 4013 1641 4047 ευ
1674 3996 1774 4048 Ρο-

179 4090 401 4137 suerunt
424 4100 521 4137 me
545 4080 781 4145 (scilicet
801 4082 1038 4151 apostoli
1060 4088 1116 4135 et
1134 4082 1767 4150 doctores)custodein.s

177 4168 226 4224 id
253 4184 334 4226 est
356 4180 422 4226 ut
441 4187 633 4225 essem
663 4177 850 4223 custos
871 4170 1417 4225 ecclesiarum.Unde
1439 4177 1495 4224 et
1514 4171 1566 4223 in
1579 4171 1772 4225 Gnaeo

1926 1887 1940 1909 ι
1976 1861 2033 1916 Si
2063 1862 2291 1932 ignoras
2313 1871 2387 1927 te,
2413 1881 2444 1918 ο
2465 1864 2698 1935 pulchra
2719 1864 2865 1918 inter
2882 1864 3438 1934 mulieres,egredere

1846 1955 1904 2003 et
1930 1950 2021 2003 abi
2051 1957 2179 2022 post
2207 1952 2438 2022 vestigia
2470 1968 2726 2023 gregum.
2765 1973 2789 2003 »
2821 1952 2932 2005 Vox
2961 1951 3151 2021 sponsi
3180 1952 3251 2006 ad
3271 1968 3438 2022 spon-

1846 2055 1965 2093 sam
1998 2056 2156 2093 suam
2193 2041 2491 2095 Ecclesiam
2526 2043 2640 2095 :Ac
2661 2042 2707 2094 si
2738 2042 2978 2095 diceret:
3002 2042 3085 2095 Tu
3113 2041 3364 2112 quereris
3386 2046 3440 2096 te

1849 2129 2007 2199 quasi
2030 2145 2062 2181 a
2093 2146 2181 2183 me
2202 2129 2545 2189 derelictam.
2572 2136 2625 2184 et
2657 2130 3104 2200 persecutionum
3132 2129 3442 2184 fervoribus

1849 2217 2200 2287 denigratam
2256 2234 2357 2272 nec
2388 2219 2707 2272 consideras
2751 2219 2898 2290 quod
2932 2219 3161 2287 pulchra
3190 2219 3266 2273 sis
3295 2218 3445 2273 inter

1852 2306 2136 2362 mulieres.
2171 2307 2224 2359 id
2257 2312 2342 2361 est
2370 2323 2479 2360 non
2504 2308 2747 2361 attendis
2769 2308 3038 2362 virtutum
3063 2308 3444 2378 spiritualium

1851 2394 2467 2466 pulchritudinem,qua
2487 2413 2599 2466 pra)
2620 2397 2835 2450 caeteris
2858 2396 3160 2461 decoraris,
3177 2397 3307 2450 licet
3319 2402 3445 2450 ten-

1850 2483 2158 2537 tationibus
2197 2483 2530 2553 denigreris.
2578 2484 2635 2538 Si
2678 2485 2904 2555 ignoras
2923 2502 3056 2555 ergo
3085 2491 3161 2548 te,
3192 2484 3247 2538 id
3283 2490 3366 2539 est
3397 2484 3444 2539 si

1853 2572 1994 2625 hanc
2015 2572 2344 2642 dignitatem
2368 2580 2423 2627 et
2449 2573 2854 2627 formositatem
2879 2580 3031 2627 tuam
3052 2590 3161 2627 non
3184 2589 3449 2643 recogno-

1852 2661 1980 2724 scis,
2012 2662 2278 2731 egredere
2307 2662 2529 2715 devmeo
2554 2663 2854 2722 consortio,
2884 2668 2941 2715 et
2958 2662 3048 2714 abi
3070 2662 3446 2732 postvestigia

1851 2766 2085 2820 gregum
2113 2769 2124 2817 ;
2159 2751 2263 2804 hoc
2290 2756 2395 2813 est,
2419 2767 2654 2821 sequere
2683 2760 2740 2804 et
2770 2750 2989 2805 imitare
3019 2750 3332 2803 doctrinam
3362 2766 3447 2804 er—
3492 2776 3499 2781 ’

1854 2840 2099 2892 rantium
2132 2839 2539 2894 haereticorum.
2570 2839 2665 2910 qui
2711 2846 3030 2909 contempto
3062 2855 3192 2892 vero
3224 2844 3446 2909 pastore

1855 2928 2021 2981 unius
2047 2928 2466 2998 gregis,multos
2487 2928 3067 2985 sibicoacervaverunt
3085 2944 3311 2998 greges.
3328 2946 3351 2979 α
3378 2928 3449 2982 Et

1854 3032 2018 3085 pasce
2042 3016 2237 3091 haedos
2267 3024 2414 3072 tuos.
2451 3035 2476 3069 υ
2529 3016 2584 3070 id
2634 3023 2722 3071 est
2758 3023 3075 3087 peccatores
3098 3023 3155 3070 et
3184 3031 3448 3070 erroneos

1855 3104 2140 3159 auditores
2153 3105 2317 3175 juxta
2340 3104 2700 3159 tabernacula
2717 3112 3025 3176 pastorum,
3050 3104 3107 3158 id
3136 3111 3222 3158 est
3250 3120 3446 3159 secun-

1856 3192 1988 3245 dum
2023 3193 2291 3264 dogmata
2320 3194 2727 3248 haereticorum.
2769 3194 2919 3248 Unus
2958 3194 3108 3247 enim
3142 3198 3335 3265 pastor
3363 3199 3450 3248 est

1859 3281 2134 3344 Christus,
2169 3283 2263 3353 qui
2294 3299 2467 3337 unum
2502 3283 2673 3336 habet
2697 3299 2945 3353 gregem,
2978 3282 3031 3335 id
3059 3290 3144 3336 est
3172 3282 3450 3336 unitatem

1855 3371 2142 3425 catholicae
2173 3372 2447 3426 Ecclesiae.
2484 3372 2746 3425 Pastores
2776 3388 2902 3425 vero
2934 3371 3094 3425 multi
3125 3377 3261 3425 sunt
3278 3371 3452 3425 haere-

1852 3460 2309 3530 tici.quigregcm
2332 3462 2692 3530 deceptorum
2714 3461 3002 3514 hominum
3022 3459 3123 3513 sibi
3138 3464 3451 3529 aggregant

1855 3564 1996 3617 quas
2017 3549 2239 3603 diabolo
2264 3558 2533 3620 pascunt:
2559 3548 2850 3619 de‘quibus
2880 3557 2934 3601 et
2956 3547 3252 3602 Psalmista
3279 3548 3446 3601 πεδίου

1855 3643 1919 3689 ut
1948 3654 2077 3690 oves
2109 3638 2164 3691 in
2214 3637 2428 3691 inferno
2468 3638 2634 3708 positi
2678 3644 2824 3691 sunt.
2861 3655 2886 3688 ι
2921 3638 3062 3691 Oves
3091 3642 3362 3690 vocantur
3386 3636 3446 3689 in

1853 3725 1957 3778 hoc
1984 3726 2103 3780 loco
2137 3727 2291 3789 mali,
2320 3743 2429 3780 non
2465 3733 2694 3797 propter
2721 3726 3133 3795 simplicitatem
3162 3725 3247 3778 vel
3278 3724 3445 3778 inno-

1854 3814 2117 3877 centiam,
2151 3815 2245 3867 sed
2278 3821 2506 3884 propter
2551 3814 2967 3876 hebetudinem,
3020 3815 3155 3886 quia
3188 3813 3448 3868 nesciunt

1854 3902 2116 3956 resistere
2158 3918 2337 3972 pravae
2384 3903 2668 3963 doctrinae,
2700 3903 2799 3955 sed
2832 3902 3022 3956 omnia
3051 3919 3174 3974 quae
3205 3901 3311 3955 sibi
3339 3901 3444 3955 im-

1856 3997 2143 4059 ponuntur
2172 4006 2206 4042 a
2232 3989 2414 4059 pravis
2440 3989 2781 4055 doctoribus,
2816 3990 3097 4043 sustinent
3139 4006 3251 4043 non
3300 3988 3447 4043 bona.

1854 4080 2146 4149 patientia.

1931 4188 1953 4218 ι
1987 4167 2272 4238 Equitatui
2304 4184 2429 4223 meo
2450 4166 2749 4222 assimilavi
2772 4174 2847 4233 te,
2876 4166 3057 4223 amica
3080 4185 3226 4232 mea,
3247 4168 3305 4222 in
3325 4183 3447 4222 cur-

178 4256 308 4313 bene
325 4260 549 4313 dicitur
582 4276 627 4310 ει
654 4257 1012 4311 Disseminati
1035 4265 1185 4322 sunt,
1212 4258 1349 4312 nubi
1381 4275 1482 4313 nos
1513 4259 1769 4328 legimus,
1793 4257 2013 4351 Dribus
2044 4259 2371 4313 Pharaonis.
2412 4284 2431 4305 -
2469 4258 2792 4329 Equitatum
2817 4275 2981 4313 suum
3020 4260 3268 4331 appellat
3299 4275 3451 4314 exer-

182 4364 203 4397 (
225 4347 462 4419 dispersi
480 4352 643 4401 sunt.
669 4345 780 4399 nAd
803 4346 1066 4399 hocenim
1085 4346 1351 4400 divinitus
1365 4346 1597 4417 dispersi
1621 4359 1770 4413 sunt,
1797 4345 1831 4351 ⁷
1860 4350 2032 4401 citum
2064 4349 2310 4402 ﬁliorum
2338 4346 2532 4402 Israel.
2566 4347 2819 4402 videlicet
2847 4355 3107 4402 sexcenta
3135 4349 3331 4412 millia,
3355 4348 3452 4418 qui

178 4442 234 4489 ut
258 4438 450 4506 plures
488 4434 753 4491 Ecclesiae
784 4435 982 4488 ﬁerent
1012 4451 1110 4502 per
1128 4435 1447 4489 universum
1479 4436 1769 4490 mundum.

183 4542 203 4573 ι
230 4524 465 4580 Vineam
499 4540 710 4585 meam,
746 4523 798 4576 id
837 4530 923 4576 est
957 4540 1124 4577 unam
1154 4523 1303 4577 illam
1332 4525 1630 4579 Ecclesiam
1655 4542 1776 4597 quae

179 4610 228 4666 in
263 4612 688 4685 Hierosolymis
712 4611 830 4673 fuit,
869 4629 978 4665 non
1005 4612 1294 4666 custodivi.
1324 4613 1439 4666 lloc
1453 4630 1564 4667 non
1595 4614 1662 4667 ad
1682 4631 1775 4668 vo-

169 4709 278 4756 tum
306 4720 499 4774 neque
519 4703 591 4755 ad
610 4708 856 4755 mentem
877 4708 962 4754 est
980 4700 1352 4763 referendum,
1373 4704 1467 4756 sed
1483 4703 1552 4755 ad
1568 4705 1771 4756 locum.

173 4808 193 4835 ίέ
220 4791 343 4844 Non
375 4788 691 4852 custodivi,
731 4811 752 4836 ι
781 4788 1047 4843 subaudis
1079 4796 1140 4843 ut
1161 4799 1310 4845 easct
1348 4789 1420 4843 ibi
1449 4790 1539 4844 ubi
1572 4791 1763 4862 coepit.

242 4900 263 4929 ι
291 4879 497 4933 Indica
530 4879 669 4931 mihi
693 4894 857 4948 quem
881 4878 1068 4948 diligit
1081 4879 1269 4933 anima
1291 4879 1533 4941 mea,ubi
1561 4897 1772 4949 pascas,

174 4965 260 5021 ubi
290 4969 469 5023 cubes
492 4967 556 5020 in
582 4966 834 5020 meridie.
868 4967 1015 5020 rVox
1041 4967 1293 5021 Ecclesiae
1311 4975 1397 5022 est
1424 4968 1495 5021 ad
1511 4986 1775 5039 sponsum

177 5071 327 5109 suum
352 5056 660 5111 Christum
680 5054 746 5109 :0
761 5072 1155 5126 sponse.quem
1175 5056 1558 5126 diligitanima
1575 5058 1781 5121 mea,id

178 5152 255 5198 est
267 5163 441 5217 quem
464 5149 594 5198 tota
609 5144 811 5197 mentis
826 5145 1133 5198 intentione
1147 5144 1527 5215 diligo.indica
1543 5146 1672 5200 mihi
1691 5146 1783 5201 ubi

181 5248 388 5301 pascas.
437 5234 495 5286 id
529 5240 620 5286 est
636 5231 727 5285 ubi
751 5249 879 5285 oves
907 5239 1032 5287 tuas
1065 5250 1289 5304 pascere
1319 5234 1516 5300 facias;
1550 5235 1668 5305 ipse
1701 5242 1787 5290 est

182 5322 319 5376 enim
346 5328 565 5394 pastor
593 5320 790 5382 bonus,
842 5321 986 5375 sicut
1039 5322 1158 5392 ipse
1210 5323 1343 5377 dicit
1373 5324 1430 5376 in
1466 5324 1781 5394 Evangelio.

187 5429 207 5459 ι
226 5408 424 5464 Indica
448 5409 599 5464 mihi
621 5410 711 5463 ubi
734 5426 929 5478 pascas
948 5417 1005 5465 et
1021 5411 1115 5466 ubi
1135 5411 1321 5469 cubes,
1350 5432 1371 5462 ι
1397 5412 1449 5465 id
1473 5420 1559 5467 est
1573 5415 1789 5484 requie-

183 5515 320 5561 scas.
350 5509 412 5554 et
442 5498 565 5553 hoc
607 5499 661 5552 in
707 5499 959 5560 meridie,
1004 5500 1058 5555 id
1090 5507 1176 5555 est
1203 5501 1260 5555 in
1289 5501 1504 5557 fervore
1537 5518 1790 5573 persecu-

186 5587 351 5643 tionis
394 5588 492 5643 vel
549 5588 892 5643 tentationis.
948 5588 1231 5645 Laborans
1275 5590 1425 5645 enim
1461 5591 1704 5645 Ecclesia
1732 5590 1789 5645 in

430 5686 707 5748 ΡΑτιιοι.
745 5688 980 5751 CXVI].

1856 4438 2064 4507 egressi
2079 4437 2292 4491 suntdc
2307 4437 2626 4507 ZEgypto.et
2639 4438 2984 4492 transierunt
3003 4454 3156 4491 mare
3172 4436 3422 4492 Rubrum
3437 4478 3449 4490 .

1858 4527 2180 4596 Equitatum
2221 4534 2411 4579 autem
2452 4543 2613 4580 suum
2668 4526 2819 4579 illam
2852 4525 3269 4580 multitudinem
3293 4525 3447 4587 dicit,

1860 4614 1992 4684 quia
2020 4614 2165 4668 sicut
2192 4615 2388 4683 auriga
2406 4615 2595 4669 currui
2619 4621 2839 4686 praeest,
2862 4614 2942 4668 ita
2966 4615 3112 4667 Deus
3145 4611 3288 4683 plebi
3315 4629 3450 4683 pra:-

1859 4710 2309 4774 erat,protegens
2331 4704 2483 4757 illam
2502 4713 2556 4756 et
2576 4704 2899 4765 defendens,
2930 4709 2989 4756 et
3012 4702 3079 4755 ad
3113 4708 3322 4755 terram
3358 4717 3450 4754 re-

1857 4793 2245 4864 promissionis
2270 4792 2631 4847 introducens
2676 4791 2818 4845 liuic
2838 4806 3059 4844 summo
3072 4790 3347 4860 equitatui
3368 4807 3454 4845 as-

1860 4881 2127 4936 similavit
2151 4881 2387 4935 amicam
2418 4896 2600 4943 suam,
2628 4879 2893 4949 quoniam
2925 4878 3072 4933 sicut
3101 4879 3192 4932 ille
3213 4880 3457 4951 populus

1863 4987 1962 5041 per
1992 4986 2146 5023 mare
2177 4969 2429 5023 Rubrum
2463 4968 2709 5021 salvatus
2737 4973 2824 5021 est
2855 4967 3149 5022 Pharaone
3173 4968 3455 5038 demerso,

1866 5059 1943 5111 ita
1974 5058 2216 5112 Ecclesia
2243 5058 2495 5128 gentium
2524 5073 2626 5126 per
2645 5055 2986 5127 baptismum
3009 5056 3078 5112 de
3109 5057 3317 5113 diaboli
3346 5076 3460 5114 ser-

1865 5147 1997 5200 vitio
2027 5146 2280 5206 liberata,
2308 5155 2364 5199 et.
2386 5147 2453 5199 ad
2480 5162 2663 5198 veram
2690 5146 3140 5216 repromissionis
3167 5153 3373 5202 terram
3406 5154 3464 5203 et

1868 5235 2239 5305 evangelicam
2294 5235 2609 5287 libertatem
2638 5234 2960 5290 introducta
2983 5241 3086 5297 est.
3119 5236 3308 5308 sicque
3340 5255 3463 5309 qua:

1868 5337 1992 5379 erat
2012 5324 2216 5377 ancilla
2240 5322 2499 5376 vitiorum
2532 5323 2678 5377 facta
2707 5330 2792 5378 est
2812 5324 2993 5378 amica
3014 5325 3244 5388 Christi,
3264 5342 3462 5380 emun-

1869 5415 2002 5468 data
2033 5421 2090 5468 et
2111 5412 2302 5465 abluta
2330 5428 2431 5482 per
2462 5410 2802 5482 baptismum
2824 5430 2870 5487 _a
2915 5414 3173 5468 sordibus
3206 5420 3464 5485 peccato-

1870 5518 1997 5558 rum
2006 5541 2018 5555 .

1950 5610 1972 5643 ι
2002 5588 2254 5649 Pulchrae
2274 5595 2408 5645 sunt
2423 5606 2582 5662 gena
2596 5596 2706 5646 tuae
2730 5592 2876 5648 sicut
2890 5589 3145 5646 turturis.
3166 5610 3187 5637 ι
3206 5587 3467 5643 Turturis

3154 5688 3230 5746 10
