3970 6150
536 338 643 420 2‘9§
982 356 1361 413 HAYMONIS
1405 352 1894 410 HALBERSTAT.
1931 350 2070 407 EPIE

2192 347 2350 403 OPP.
2378 346 2562 404 PARS
2590 350 2636 405 1.
2669 380 2735 391 —
2766 351 3145 411 COMMENT.
3181 355 3369 414 BIBL.
3681 344 3773 420 300

532 472 737 544 natura
764 491 869 543 est.
902 488 970 538 ut
1004 483 1049 537 si
1079 497 1210 536 casu
1243 465 1537 550 chnjugem
1587 477 1911 551 perdiderit.
1946 476 2120 530 alium
2140 473 2323 534 ADei.
2358 471 2465 527 Sed
2498 468 2651 528 sicut
2671 475 2881 531 dictum
2925 484 3028 543 est,
3060 482 3334 536 sanctitas
3378 484 3553 554 magis
3580 502 3612 539 a
3638 491 3770 541 tem-

532 564 812 630 ultranon
829 569 1477 643 requirat.Turturiergo
1498 565 1841 620 assimilatur
1860 564 2122 629 Ecclesia,
2207 577 2343 631 pore
2374 562 2777 618 incarnationis
2827 566 3033 620 Chiisti
3081 562 3339 633 excrevit,
3391 578 3446 626 et
3483 579 3610 627 tunc
3646 590 3770 646 quo-

572 662 666 719 uia
696 679 761 718 ex
792 678 901 733 quo
928 659 1184 713 Christus
1214 657 1484 710 mundum
1518 658 1815 726 prasentia
1847 652 2126 723 corporali
2208 649 2507 703 dammodo
2532 653 2742 705 nardus
2761 654 3037 721 Ecclesia,
3060 657 3115 710 id
3139 663 3225 711 est
3245 656 3381 712 odor
3396 662 3648 716 virtutum
3670 665 3770 717 for-

792 684 901 733 quo
928 684 1184 713 υΙιΓΙδιυδ
1217 684 1484 710 ΙΙΙυΙΙυυΙΙΙ
1520 684 1815 726 μινωδυιιιιηι
1847 684 1927 707 Ευι
1948 684 2035 723 μυι
2051 684 2126 706 “ll
2208 684 2507 703 ua'uuluuu
2532 684 2742 705 ιιαιυυθ
2761 684 3037 721 numnunc,
3060 684 3115 710 lu
3139 684 3225 711 csl.
3245 684 3648 716 υυυΓνΙΓῐυιυῐΠ
3670 684 3769 717 Ior-

531 684 798 815 deseruit,
836 756 893 805 et
912 748 1079 802 caelos
1101 744 1282 817 petiit,
1316 744 1558 799 Ecclesia
1581 744 1638 796 in
1669 744 1793 813 ejus
1822 758 2015 795 amore
2045 748 2125 795 te-
2207 737 2321 791 tius
2356 739 2513 793 dedit
2558 742 2785 796 odorem
2842 761 3026 797 suum.
3065 746 3231 799 Juxta
3287 748 3549 810 litteram,
3582 751 3769 806 nardus

530 822 827 898 nééiss’fm'e
848 842 1297 909 perseveratmec
1319 832 1519 903 recipit
1540 832 1717 886 ullum
1746 830 2123 885 adulterinum
2208 826 2378 881 herba
2412 836 2495 881 est
2518 831 2845 897 aromatica,
2876 849 3065 887 crassa
3094 842 3150 888 et
3176 835 3360 905 fragili
3392 838 3588 899 radice,
3628 841 3770 894 folio-

528 916 996 998 é'ina‘toremquia
1022 922 1332 979 contemnit
1358 921 1725 983 mundum,et
1745 918 1919 973 solius
1933 918 2123 989 sponsi
2207 932 2314 986 que
2347 933 2513 986 parvo
2549 924 2606 972 et
2654 919 2850 985 denso,
2890 923 3051 992 cujus
3099 925 3390 979 cacumina
3416 927 3474 980 in
3502 928 3692 989 aristas
3717 946 3769 983 se

527 1015 611 1075 alii
636 1015 1108 1090 pulchritudinem
1136 1017 1323 1065 mente
1352 1009 1787 1078 contemplatur.
1818 1007 1989 1062 Genis
2018 1024 2123 1061 au-
2205 1012 2494 1075 spargunt.
2528 1008 2643 1062 Hoc
2670 1017 2959 1079 unguento
2988 1010 3165 1065 Maria
3192 1014 3517 1083 Magdalene
3548 1017 3701 1086 pedes
3722 1024 3771 1072 et

522 1106 637 1163 teni
669 1103 910 1160 turturis
926 1102 1101 1172 genas
1119 1094 1375 1154 Ecclesia
1404 1103 1709 1167 comparat,
1727 1096 1855 1167 quia
1880 1096 1937 1149 in
1959 1094 2119 1165 genis
2203 1101 2371 1164 caput
2407 1096 2630 1149 Domini
2669 1099 2997 1168 perunxisse
3048 1100 3104 1153 in
3154 1098 3455 1173 Evangelia
3501 1105 3697 1175 legitur
3718 1106 3769 1160 in

526 1192 767 1252 maxilla
796 1186 1131 1246 vere‘c‘undia
1154 1193 1406 1257 apparet;
1434 1191 1488 1239 et
1508 1200 1606 1255 per
1628 1186 1733 1239 hoc
1754 1185 1932 1255 pudor
1958 1190 2013 1237 et
2031 1202 2118 1238 ve-
2199 1182 2366 1235 domo
2397 1184 2657 1238 Simonis.

520 1268 788 1342 facundia
814 1276 1072 1335 Ecclesia
1097 1274 1431 1337 ostenditur,
1459 1274 1591 1344 quia
1604 1273 1882 1327 erubescit
1902 1273 2112 1343 aliquid
2273 1291 2295 1322 ‹
2311 1272 2632 1328 Fasciculus
2646 1275 2885 1345 myrrha
2901 1275 3137 1331 dilectus
3161 1295 3320 1333 meus
3337 1281 3474 1335 mihi
3493 1294 3504 1328 ε
3530 1283 3768 1355 »Μγιτιιει

518 1368 729 1429 {cadum
752 1375 809 1425 et
840 1368 989 1435 quod
1015 1381 1218 1436 sponso
1251 1380 1351 1417 suo
1366 1363 1659 1433 diapliceat
1678 1369 2020 1433 perpetrare.
2047 1362 2115 1415 Et
2196 1360 2408 1429 species
2437 1368 2523 1416 est
2550 1364 2877 1427 aromatica,
2907 1380 3015 1434 qua
3034 1372 3383 1445 mortuorum
3406 1384 3631 1439 corpora
3650 1388 3767 1426 con-

517 1454 604 1517 egt
624 1466 822 1515 sensus
856 1476 867 1511 ε
896 1454 1023 1511 Non
1049 1454 1249 1508 timere
1277 1468 1348 1506 ne
1377 1451 1594 1521 vageris
1618 1468 1715 1521 per
1727 1467 1927 1521 greges
1948 1451 2112 1504 soda-
2196 1447 2448 1503 diuntur.
2483 1451 2600 1504 Hoc
2631 1452 2750 1505 loco
2781 1453 2966 1522 passio
2996 1454 3202 1508 Christi
3234 1462 3291 1509 et
3319 1458 3605 1527 sepultura
3632 1459 3766 1514 desi-

515 1546 657 1606 liam
686 1556 961 1609 meorum,
995 1542 1127 1613 quia
1156 1546 1314 1594 tanto
1334 1546 1391 1593 te
1414 1539 1622 1593 amoris
1649 1539 1756 1591 mei
1790 1538 2022 1609 pudore,
2055 1550 2113 1591 et
2191 1549 2471 1607 gnantur:
2505 1556 2634 1593 nam
2661 1540 2975 1611 depositum
3010 1559 3211 1614 corpus
3231 1545 3453 1599 Domini
3478 1547 3546 1601 de
3570 1564 3766 1603 cruces

516 1632 675 1696 {alita
713 1622 1056 1689 verecundia
1094 1627 1319 1693 donavi,
1351 1634 1417 1682 ut
1443 1624 1629 1681 Certus
1661 1629 1763 1680 sim
1790 1634 1846 1681 te
1878 1644 1966 1680 me
1996 1641 2107 1680 non
2193 1626 2494 1681 Nicodemo
2525 1635 2582 1681 et
2610 1630 2838 1699 Joseph,
2873 1632 3102 1700 myrrha
3133 1640 3189 1686 et
3218 1634 3342 1687 aloe
3370 1635 3648 1690 conditum
3669 1643 3763 1703 est,

514 1722 679 1799 pdsse
708 1714 985 1782 deserere,
1021 1719 1105 1773 vel
1135 1714 1202 1771 ad
1238 1706 1458 1771 alienos.
1483 1715 1801 1769 deﬂectere.
1832 1733 1858 1765 α
1889 1715 2105 1768 Collum
2191 1719 2248 1767 et
2268 1715 2578 1769 involutum
2604 1717 2793 1770 linteis
2822 1734 2947 1771 cum
2977 1720 3342 1782 aromatibus,
3376 1738 3444 1775 ac
3484 1725 3765 1794 sepultura

509 1822 670 1871 tuum
699 1813 845 1866 sicut
865 1807 1114 1862 monilia.
1142 1826 1163 1857 ›
1182 1807 1288 1859 Per
1314 1804 1516 1858 collum
1560 1804 1814 1857 Ecclesia
1843 1803 2102 1857 doctores
2120 1799 2166 1858 B
2184 1804 2475 1857 traditum.
2498 1806 2644 1859 Dicit
2662 1822 2794 1876 ergo
2810 1806 3056 1861 Ecclesia
3070 1826 3276 1879 sponsa
3299 1811 3423 1880 ejus
3453 1827 3496 1863 ει
3522 1812 3760 1867 Fascicu.

506 1895 686 1961 sancti
715 1900 1101 1969 designantur,
1129 1911 1258 1949 nam
1290 1910 1391 1964 per
1427 1893 1633 1946 collum
1664 1892 1771 1946 cibi
1799 1892 2100 1946 reﬁciendo
2186 1891 2273 1945 lus
2303 1894 2544 1963 myrrha
2570 1894 2807 1947 dilectus
2839 1912 2997 1949 meus
3034 1897 3171 1950 mihi
3206 1920 3232 1945 ι»
3283 1899 3466 1954 factus
3507 1905 3607 1961 est.
3638 1903 3755 1972 quia

505 1988 723 2062 (ἑοῖ-ρονί
753 1986 1169 2059 ministrantur.
1221 1984 1521 2037 Sermones
1553 1982 1746 2044 etiam,
1782 1981 1984 2051 quibus
2014 1998 2103 2035 ar-

504 2074 645 2137 éan‘a
675 2079 946 2134 mentium
974 2076 1364 2144 designantur.
1401 2090 1499 2143 per
1523 2074 1650 2126 colli
1668 2073 1914 2126 ﬁstulam
1944 2090 2101 2143 egre-

500 2160 755 2226 diuntur.
792 2148 883 2223 Sic
915 2160 1169 2221 doctores
1195 2161 1377 2217 sancti
1402 2168 1460 2215 et
1490 2161 1675 2214 cibum
1708 2161 1869 2215 nobis
1893 2164 2099 2217 saluta-

499 2254 577 2316 ris
608 2247 875 2313 doctrina
902 2254 1316 2315 ministrant,et
1354 2250 1525 2303 etiam
1557 2256 1770 2303 secreta
1784 2249 2098 2320 Scriptura-

496 2346 624 2403 rum
652 2346 815 2400 nobis
839 2341 1219 2399 manifestam.
1277 2338 1395 2392 Hoc
1438 2353 1572 2407 ergo
1602 2337 1804 2390 collum
1836 2338 2094 2393 Ecclesia

494 2424 671 2529 quasi.
686 2430 893 2490 monile
909 2438 1011 2497 eSt,
1038 2429 1167 2500 quia
1181 2432 1347 2481 casta
1368 2426 1635 2480 doctrina
1656 2426 1899 2495 gemmis
1914 2433 1972 2480 et
1986 2428 2095 2481 vir-

492 2513 680 2581 tlitum
712 2519 1059 2578 ornamentis
1079 2513 1546 2571 sancti'doctores
1571 2515 1855 2569 decorant.
1883 2514 2092 2570 Monile

494 2612 644 2669 enim
675 2617 1070 2668 ornamentum
1103 2612 1187 2660 est
1218 2605 1497 2674 virginum
1530 2604 1616 2656 vel
1651 2610 2060 2657 matronarum.

566 2721 593 2756 α
624 2700 951 2757 Murenulas
1000 2713 1202 2751 aureas
1244 2695 1516 2749 faciemus
1543 2693 1662 2758 tibi,
1692 2693 2089 2747 vermiculatas

488 2792 743 2863 argento.
791 2776 823 2841 ι’
859 2786 1171 2843 Murenula
1208 2786 1370 2859 juxta
1409 2784 1657 2837 litteram
1690 2786 2087 2835 ornamentum

487 2886 619 2937 sunt
650 2877 777 2934 colli
797 2877 1087 2949 virginalis
1106 2880 1162 2928 et
1181 2871 1733 2944 puellaris,videlicet
1752 2871 1980 2940 virgula
1994 2886 2089 2924 au-

495 2956 1203 3041 i‘i‘perplexaﬁntermixtis
1227 2976 1633 3030 nonnunquam
1654 2960 1885 3041 pulchra
1907 2961 2088 3012 varic-

2182 1988 2410 2051 prOpter
2434 1998 2522 2035 me
2554 1989 2810 2037 mortuus
2831 1990 2917 2038 est
2935 1991 2992 2038 et
3007 1988 3264 2055 sepultus
3287 1995 3390 2043 est.
3420 2008 3446 2041 α
3470 1988 3622 2044 Inter
3645 1991 3761 2046 ube-

2181 2084 2245 2122 ra
2276 2086 2398 2122 mea
2429 2071 2887 2126 commorabitur.
2928 2093 2950 2120 ι
2986 2075 3166 2127 Nemo
3186 2076 3409 2130 dubitat
3438 2079 3618 2132 locum
3642 2095 3754 2132 cor-

2179 2158 2266 2211 dis
2296 2158 2444 2212 inter
2473 2159 2646 2213 ubera
2676 2161 2972 2215 esse.Dicit
2999 2179 3169 2231 ergo:
3204 2188 3223 2211 ι
3250 2163 3410 2219 Inter
3440 2167 3611 2221 ubera
3646 2185 3758 2222 mea

2178 2247 2635 2302 commorabitur.
2667 2269 2689 2299 ι
2716 2249 2778 2303 Id
2796 2256 2884 2303 est
2904 2251 3087 2305 cordis
3118 2253 3225 2306 mei
3254 2255 3528 2309 memoria
3541 2262 3755 2310 aeterna-

2176 2334 2305 2389 liter
2342 2336 2662 2400 habebitur,
2696 2343 2751 2391 et
2772 2355 3062 2409 nunquam
3094 2346 3380 2396 tantorum
3406 2345 3527 2414 ejus
3557 2344 3752 2399 benefi-

2174 2424 2388 2478 ciorum
2418 2425 2713 2479 obliviscar
2759 2427 2856 2481 sed
2895 2428 3010 2481 sive
3039 2427 3091 2481 in
3122 2420 3404 2499 prosperis
3444 2430 3556 2485 sive
3584 2432 3636 2484 in
3663 2430 3753 2486 ad-

2176 2514 2716 2573 versis,recordabor
2735 2516 2965 2585 ejusqui
2988 2532 3077 2569 me
3106 2518 3381 2577 dilexit.et
3394 2527 3644 2574 mortuus
3658 2525 3749 2574 est.

2249 2620 2276 2654 c
2312 2602 2510 2657 Botrus
2541 2604 2709 2675 Cypri
2740 2605 2973 2658 dilectus
3004 2622 3162 2659 meus
3193 2606 3329 2660 mihi
3360 2608 3419 2661 in
3453 2609 3622 2662 vineis
3652 2609 3752 2663 En-

2169 2690 2356 2760 gaddi.
2396 2711 2417 2742 ι
2449 2692 2667 2763 Cyprus
2689 2693 2873 2747 insula
2901 2700 2987 2747 est
3025 2693 3120 2747 ubi
3151 2695 3288 2749 vites
3312 2696 3527 2750 nobiles
3548 2714 3662 2751 esse
3685 2697 3753 2751 fe-

2174 2785 2396 2841 runtur,
2430 2781 2703 2835 maximos
2731 2781 2920 2835 botros
2945 2785 3595 2855 procreantes.Engaddi
3610 2788 3749 2841 locus

2171 2867 2431 2922 similiter
2476 2886 2598 2923 esse
2653 2870 2851 2938 fertur,
2883 2871 3096 2925 habens
3136 2872 3461 2927 arbusculas
3492 2875 3749 2946 liquorem

2170 2956 2405 3010 balsami
2426 2958 2782 3012 desudantes.
2800 2959 3073 3029 Loquitur
3092 2977 3225 3031 ergo
3239 2977 3449 3030 sponsa
3477 2962 3546 3015 de
3575 2977 3747 3016 resur-

487 3034 1007 3113 tate'subtilissimis
1033 3050 1251 3119 argenti
1279 3050 1405 3111 ﬁlis,
1441 3054 1498 3102 et
1516 3049 1619 3102 hoc
1649 3054 1734 3101 est
1754 3034 2083 3117 quod.dicit,
2111 3114 2142 3122 Α
2169 3038 2415 3100 rectione
2447 3046 2657 3101 Christi
2677 3047 2761 3101 sui
2792 3048 2983 3118 sponsi
3015 3066 3067 3100 εκ
3100 3050 3301 3103 Botrus
3330 3051 3503 3122 Cypri
3528 3034 3745 3105 dilectus

489 3130 932 3200 (vermiculatas
949 3144 1204 3209 argento,
1239 3154 1266 3188 ι
1294 3136 1347 3189 id
1371 3136 1533 3189 estin
1560 3136 1789 3188 modum
1810 3114 2144 3188 vermiumC
2168 3150 2326 3188 meus
2374 3135 2532 3189 mihi.
2574 3158 2593 3186 ι
2628 3138 2707 3190 Ac
2753 3136 2800 3190 si
2849 3137 3060 3190 diceret
3097 3155 3108 3189 :
3162 3137 3410 3208 Sponsus
3457 3156 3631 3202 meus,
3659 3138 3745 3209 qui

486 3240 865 3297 terrenorum,
895 3244 1035 3301 quos
1059 3225 1363 3281 lumbricos
1391 3224 1605 3309 dicunt,
1636 3224 1946 3277 distinctas.
1969 3224 2084 3277 Mu-

491 3314 1211 3389 renula‘a'utem‘dicuntur
1233 3331 1267 3367 a
1286 3311 1653 3366 similitudine
1669 3312 1832 3383 piscis
1853 3311 2077 3380 marini,

484 3412 581 3491 qu‘i
626 3422 862 3465 murena
889 3394 1135 3460 vocatur.
1173 3401 1427 3474 Mystice,
1460 3400 1770 3455 murenula
1799 3407 1931 3455 sunt
1959 3418 2080 3471 per-

479 3490 642 3573 plexa
670 3496 1088 3569 Scripturarum
1109 3493 1393 3564 dogmata,
1417 3495 1475 3544 et
1498 3490 1732 3543 diversis
1752 3497 2077 3543 sanctorum

481 3592 712 3645 Patrum
729 3580 1024 3640 sententiis
1050 3582 1194 3634 inter
1219 3595 1280 3633 se
1305 3579 1842 3647 conjuncta.Aurum
1869 3578 2076 3648 quippe

478 3666 792 3733 claritatem
815 3672 1095 3743 signiﬁcat
1108 3683 1305 3723 sensus
1324 3666 1610 3736 spiritalis,
1628 3670 1922 3735 argentum
1945 3683 2074 3720 vero

478 3744 720 3823 nitorem
764 3760 968 3832 eloquii
1014 3758 1291 3829 designat.
1326 3755 1652 3809 Murenulas
1690 3771 1823 3824 ergo
1871 3771 2072 3809 aureas

477 3840 715 3928 sponsus
744 3867 960 3923 sponsa
989 3865 1103 3903 sua
1129 3846 1278 3909 facit,
1314 3860 1437 3898 cum
1479 3843 1737 3897 Christus
1764 3842 2069 3898 Ecclesiam

477 3944 636 4000 suam
669 3930 938 3996 doctrinis
966 3941 1291 4015 sanctorum
1320 3933 1548 4015 Patrum
1580 3949 1747 3985 sensu
1767 3937 1824 3985 et
1849 3932 2071 4003 eloquio

474 4031 818 4104 fulgentibus
844 4027 1095 4092 instruit,
1127 4008 1297 4093 atque
1326 4021 1399 4076 ad
1430 4008 1654 4075 illorum
1680 4021 1846 4074 ﬁdem
1870 4027 1927 4074 et
1957 4021 2067 4074 vir-

473 4128 652 4177 tutem
674 4117 1004 4173 imitandam
1022 4112 1293 4167 accendit.
1319 4110 1639 4164 Notandum
1674 4109 1819 4179 quod
1842 4109 2069 4179 plurali-

474 4212 564 4266 ter
590 4208 726 4262 dicit
755 4221 803 4257 τοι
830 4201 1123 4258 Faciemus
1151 4200 1271 4261 tibi,
1300 4217 1325 4249 ι
1353 4198 1514 4268 quasi
1543 4197 1689 4250 enim
1714 4198 1971 4251 Christus
2007 4214 2066 4252 se

473 4296 728 4370 personis
747 4294 1037 4346 doctorum
1061 4286 1371 4357 conjungit,
1406 4301 1506 4355 per
1535 4301 1675 4354 quos
1704 4285 1840 4355 ipsa
1877 4302 2065 4340 mure-

471 4387 619 4441 nula
640 4385 1099 4439 concatenantur,
1144 4380 1208 4430 ut
1227 4374 1377 4428 illius
1406 4373 1652 4427 Ecclesia
1689 4380 2007 4429 exornetur.

547 4493 572 4527 «
597 4475 740 4529 Dum
790 4474 939 4524 esset
978 4482 1072 4521 rex
1100 4466 1159 4519 in
1199 4462 1458 4517 accubitu
1478 4478 1606 4519 suo.
1642 4482 1665 4513 ι
1700 4463 1818 4516 Vox
1846 4480 2063 4534 sponsa

467 4572 657 4636 regem
691 4573 957 4633 sponsum
988 4571 1152 4610 suum
1180 4553 1464 4608 Christum
1486 4551 1638 4611 dicit,
1664 4552 1759 4621 qui
1789 4568 1889 4622 per
1917 4541 2059 4607 divi-

463 4654 697 4710 nitatem
728 4662 887 4705 suam
916 4644 1107 4701 omnia
1128 4642 1292 4713 regit,
1335 4642 1390 4694 et
1418 4640 1584 4694 etiam
1609 4640 1915 4694 secundum
1950 4641 2059 4695 hu-

464 4734 793 4797 manitatem
825 4723 893 4791 de
914 4733 1069 4805 regia
1097 4730 1321 4787 Davidis
1348 4728 1522 4800 stirpe
1550 4735 1717 4782 natus
1742 4735 1846 4782 est.
1878 4730 2057 4784 Accu-

463 4824 615 4885 bitus
642 4813 792 4898 regis
822 4820 1250 4897 fuitincarnatio
1268 4808 1392 4889 ejus
1442 4815 1789 4871 Accumbere
1802 4818 1950 4871 enim
1973 4823 2059 4873 est

462 4912 731 4973 recubare
760 4915 847 4967 vel
874 4908 1291 4966 rediscumbere
1340 4907 1409 4960 Et
1434 4912 1570 4960 tunc
1600 4906 1857 4959 Christus
1887 4922 2056 4961 accu-

458 5006 601 5070 buit,
646 5000 869 5076 quando
917 5016 1018 5071 pro
1051 5003 1246 5052 nostra
1273 4995 1655 5065 redemptione
1685 5011 1744 5047 se
1773 5012 1952 5065 usque
1980 4996 2051 5050 ad

458 5078 1161 5165 suscipien‘dam‘naturam
1189 5090 1436 5139 nostram
1454 5082 1760 5136 inclinavit.
1796 5084 1864 5136 Et
1894 5089 2044 5149 tunc,

455 5170 731 5238 (martius
760 5194 886 5232 mea
906 5173 1134 5230 odorem
1155 5189 1320 5227 suum
1338 5172 1513 5236 dedit,
1543 5190 1565 5220 ι
1590 5171 1720 5242 quia
1740 5171 1918 5225 virtus
1944 5172 2047 5226 Ec-

452 5266 634 5327 clesia
661 5265 839 5338 magis
860 5263 1230 5321 enituit.Cum
1253 5262 1399 5317 enim
1417 5260 1738 5315 considerat
1750 5260 1924 5314 Deum
1944 5277 2045 5331 pro

450 5364 512 5416 se
540 5357 824 5414 hominem
851 5354 1080 5413 factum.
1107 5342 1349 5422 amplius
1371 5350 1437 5403 ad
1468 5349 1845 5420 spiritualium
1873 5349 2043 5404 virtu-

446 5457 568 5507 tum
601 5444 849 5502 studium
872 5449 929 5498 et
950 5457 1196 5498 amorem
1219 5441 1314 5495 ‘sui
1345 5437 1663 5494 Conditoris
1692 5438 2034 5496 accenditur.

2167 3222 2366 3276 mortis
2390 3224 2827 3277 amaritudinem
2851 3241 2950 3294 pro
2972 3241 3062 3277 me
3084 3214 3351 3295 gustavit.
3383 3231 3444 3280 et
3465 3226 3745 3281 fasciculus

2168 3310 2303 3365 mihi
2335 3312 2493 3381 quasi
2518 3313 2760 3384 myrrha
2789 3312 2984 3375 fuit,in
3012 3313 3426 3368 resurrectione
3451 3332 3553 3369 sua
3578 3315 3742 3369 factus

2163 3405 2249 3453 est
2275 3401 2410 3454 mihi
2436 3400 2627 3454 botrus
2657 3400 2828 3471 Cypri
2856 3402 3079 3471 quando
3101 3403 3407 3471 megaudio
3428 3420 3543 3458 sua
3567 3419 3743 3457 resur-

2159 3488 2424 3542 rectionis
2456 3488 2769 3543 latiﬁcavit.
2802 3489 3004 3542 Vinum
3036 3489 3184 3542 enim
3223 3490 3475 3545 latiﬁcat
3512 3508 3606 3545 cor
3647 3492 3740 3545 ho-

2158 3576 2326 3631 minis
2356 3595 2368 3642 ;
2402 3583 2459 3631 et
2485 3578 2590 3631 hoc
2619 3578 2676 3631 in
2702 3577 2878 3631 vineis
2901 3577 3172 3647 Engaddi,
3200 3579 3332 3648 quia
3355 3595 3421 3633 ex
3442 3597 3544 3635 sua
3572 3595 3739 3634 resur-

2157 3665 2405 3719 rectione
2428 3667 2587 3735 quasi
2616 3666 2945 3720 suavissimo
2964 3665 3201 3721 balsami
3218 3668 3389 3721 odore
3414 3686 3518 3740 per
3536 3669 3740 3722 univcr-

2156 3769 2280 3806 sum
2312 3752 2584 3806 mundum
2607 3754 2871 3812 redoluit.
2894 3759 2951 3807 et
2978 3754 3344 3823 fragrantiam
3368 3772 3486 3810 sua
3498 3748 3736 3811 ﬁdei-late

2156 3839 2432 3911 dispersit.
2462 3841 2719 3911 Engaddi
2749 3850 2936 3896 autem
2978 3843 3102 3896 fons
3144 3843 3283 3897 hadi
3316 3844 3731 3912 interpretatur,

2153 3945 2254 4000 per
2281 3930 2425 3999 quod
2476 3931 2829 4001 signiﬁcatur
2859 3932 3156 4002 baptisma,
3212 3937 3267 3985 et
3296 3933 3631 3987 sacrificium
3680 3934 3733 3987 in

2152 4034 2264 4088 quo
2286 4025 2513 4088 peccata
2536 4021 2726 4073 omnia
2756 4020 3101 4087 abluuntur;
3134 4020 3327 4074 hadus
3349 4037 3594 4093 namque
3621 4038 3736 4093 pec-
3814 4010 3827 4021 ”

2148 4114 2365 4161 catores
2416 4107 2713 4178 signiﬁcat.
2764 4109 3083 4179 Baptismus
3121 4126 3254 4179 ergo
3302 4110 3427 4164 fons
3462 4120 3548 4166 est
3578 4111 3731 4177 hadi,

2150 4195 2284 4265 quia
2307 4204 2626 4266 peccatores
2670 4198 2913 4267 suscepit
2942 4198 3036 4251 sed
3071 4199 3465 4254 immaculatos
3491 4205 3549 4253 et
3576 4215 3730 4254 mun-

2146 4284 2307 4338 datos
2337 4285 2407 4338 ab
2430 4286 2691 4340 omnibus
2723 4286 2964 4356 peccatis
2998 4288 3201 4341 reddit.

2222 4391 2249 4426 α
2301 4374 2437 4427 Ecce
2463 4379 2526 4428 tu
2562 4376 2793 4444 pulchra
2821 4392 2900 4439 es,
2933 4375 3114 4429 amica
3152 4392 3296 4430 mea.
3344 4394 3372 4430 ι
3405 4376 3527 4433 Vox
3555 4377 3735 4450 sponsi

2150 4461 2355 4515 Christi
2386 4463 2455 4516 ad
2502 4480 2763 4533 sponsam
2796 4480 2953 4518 suam
2997 4465 3317 4518 Ecclesiam.
3353 4465 3494 4521 Ecce
3524 4474 3585 4521 tu
3617 4467 3734 4538 pul-

2142 4550 2279 4605 chra
2307 4568 2367 4605 es
2401 4570 2412 4605 :
2446 4569 2474 4603 ι
2506 4552 2596 4605 Bis
2633 4568 2758 4606 eam
2791 4553 3142 4623 repetitesse
3185 4554 3477 4624 pulchram
3511 4562 3731 4627 propter

2142 4640 2539 4709 perfectionem
2561 4641 2743 4710 operis
2764 4649 2821 4695 et
2847 4642 3178 4696 munditiam
3204 4642 3428 4697 mentis.
3458 4662 3485 4695 α
3515 4645 3649 4699 Ecce
3672 4652 3730 4698 tu

2141 4729 2374 4798 pulchra
2401 4744 2480 4791 es,
2512 4748 2539 4783 ι»
2580 4729 2636 4783 id
2666 4737 2753 4783 est
2788 4730 2845 4783 in
2875 4730 3035 4784 bonis
3064 4730 3327 4800 operibus
3366 4732 3619 4802 perfecta
3650 4750 3722 4797 es,

2142 4822 2332 4871 sancte
2354 4824 2409 4871 et
2426 4818 2514 4889 pie
2530 4822 2586 4872 et
2598 4819 2750 4887 juste
2772 4819 3020 4873 vivendo.
3044 4820 3351 4874 secundum
3376 4823 3723 4891 Apostolum.

2141 4922 2168 4958 α
2197 4905 2331 4960 Ecce
2356 4914 2417 4960 tu
2446 4907 2678 4976 pulchra
2694 4924 2772 4972 es,
2791 4928 2818 4958 ι)
2841 4907 3110 4961 mundum
3125 4916 3182 4961 et
3209 4908 3523 4979 simplicem
3549 4910 3724 4964 cordis

2134 4992 2348 5047 habens
2377 4994 2771 5056 intentionem.
2790 4995 2921 5065 quia
2944 5011 3054 5048 non
3077 5002 3310 5066 propter
3322 4996 3552 5073 terrena
3574 5014 3723 5052 com-

2133 5082 2302 5135 moda
2331 5083 2415 5136 vel
2446 5084 2640 5138 mundi
2665 5084 2923 5154 gloriam,
2950 5084 3302 5138 solummodo
3335 5085 3598 5139 Ecclesiis
3630 5084 3723 5140 Dei

2130 5160 2359 5240 placens
2387 5170 2531 5225 bona
2561 5173 2831 5243 operaris.
2867 5191 2893 5224 «
2934 5172 3094 5227 Oculi
3120 5173 3203 5226 tui
3231 5173 3622 5229 columbarum
3648 5193 3660 5229 :
3692 5192 3717 5226 »

2130 5259 2401 5315 Columba
2419 5261 2839 5330 simplicisSima
2864 5261 2981 5315 avis
3001 5267 3171 5325 est,et
3199 5277 3299 5333 per
3327 5262 3491 5327 hanc,
3516 5262 3722 5334 simpli-

2125 5348 2266 5402 citas
2317 5355 2486 5420 atque
2542 5350 2863 5405 innocentia
2917 5351 3172 5405 Ecclesia
3218 5352 3528 5421 ﬁguratur:
3564 5350 3719 5423 quasi

2123 5437 2270 5491 enim
2310 5438 2497 5492 oculos
2540 5438 2924 5493 columbarum
2956 5438 3145 5503 habet,
3178 5440 3311 5510 quia
3339 5440 3407 5493 ab
3455 5442 3615 5495 omni
3654 5441 3717 5495 ﬁ-

443 5537 670 5593 Nardus
690 5533 838 5613 enim
864 5531 1230 5602 fragrantiam
1254 5529 1525 5582 virtutum
1547 5526 1922 5597 spiritualium
1944 5528 2038 5581 de—
2120 5526 2307 5580 ctione
2358 5532 2416 5609 et
2454 5527 2812 5607 simulatione
2866 5545 2927 5582 se
2972 5528 3283 5613 immunem
3317 5528 3587 5611 custodit.
3618 5526 3715 5581 Vel

441 5606 644 5698 εῖέηαίζ
705 5599 879 5679 Erant
927 5599 1158 5692 quidam
1199 5622 1333 5673 ante
1377 5615 1825 5670 incarnationem
1854 5616 2034 5670 sancti
2118 5615 2285 5671 etiam
2309 5606 2500 5671 oculos
2519 5604 2908 5672 columbarum
2930 5602 3564 5691 hdbet,quiascientiam
3583 5616 3715 5672 divi-
