3970 6150
194 384 277 445 801

1096 387 1512 444 ENARRATIO
1551 391 1629 444 IN
1666 388 1981 443 CANTICA
2022 383 2512 440 CANTICORUM.

3336 354 3441 443 εἱόῖ

196 524 371 564 narum
393 511 812 581 Scripturarum
843 514 996 564 casto
1026 516 1083 564 et
1102 509 1340 585 simplici
1366 512 1574 566 intuitu
1596 512 1762 566 intel-
1782 514 1826 571 A
1846 511 1987 564 dixit
2014 534 2025 569 ;
2060 530 2082 561 ι
2135 509 2342 564 Discite
2371 525 2407 561 a
2436 524 2523 562 me
2569 509 2703 578 quia
2752 506 2903 561 mitis
2943 523 3071 581 sum
3112 512 3170 562 et
3213 507 3444 583 humilis

194 586 318 667 ligit,
356 597 677 671 spirituales
707 605 757 651 et
791 597 1008 651 divinos
1033 614 1230 651 sensus
1257 600 1313 652 in
1353 616 1419 653 ea
1441 601 1764 671 requirens;

194 702 307 740 nam
337 669 598 755 quoniam
639 686 880 759 Spiritus
918 692 1145 740 sanctus
1181 687 1239 741 in
1278 689 1461 759 specie
1500 688 1769 742 columbae

126 798 131 803 ν
194 768 453 844 apparuit,
490 780 642 828 recte
670 773 924 829 doctrina
967 775 1284 829 caelestisin
1298 777 1474 830 oculis
1501 776 1771 831 columbae

195 862 525 932 intelligitur.

260 970 281 1000 ι
313 951 446 1005 Ecce
466 957 525 1005 tu
548 951 783 1023 pulcher
802 968 879 1015 es,
908 950 1110 1006 dilecte
1132 952 1226 1018 mi,
1265 958 1321 1007 et
1350 954 1607 1008 decorus.
1645 974 1669 1007 ι
1695 956 1774 1009 Ac

194 1040 235 1092 si
256 1039 484 1093 diceret:
506 1041 587 1094 Tu
610 1040 834 1110 quidem
877 1057 967 1093 me
998 1040 1285 1110 pulchram
1318 1042 1372 1095 in
1400 1058 1567 1112 Opere
1596 1050 1651 1097 et
1678 1060 1773 1097 ro-

192 1128 446 1198 gitatione
476 1145 598 1181 esse
627 1129 783 1186 dicis.
809 1129 906 1182 aed
923 1146 1026 1198 ego
1057 1146 1279 1183 omnem
1309 1131 1453 1184 hanc
1470 1132 1773 1201 pulchritu-

194 1216 364 1269 dinem
396 1232 433 1269 a
460 1223 518 1270 te
548 1234 636 1270 me
666 1217 831 1271 credo
855 1217 1059 1271 habere
1098 1224 1156 1271 et
1184 1235 1474 1288 Cognosco.
1507 1220 1589 1273 Tu
1623 1201 1769 1275 enim

196 1319 248 1357 es
274 1305 501 1373 pulcher
545 1310 603 1358 et
652 1305 907 1368 decorus,
954 1313 1013 1359 tu
1058 1322 1117 1359 es
1161 1307 1285 1360 fons
1314 1308 1488 1362 totius
1532 1308 1682 1367 boni,
1717 1314 1775 1361 et

196 1382 451 1464 quidquid
481 1392 612 1446 boni
653 1393 845 1447 habeo.
871 1401 970 1447 tua
989 1395 1175 1463 gratia
1208 1394 1652 1450 habeo.Pulcher
1680 1414 1777 1450 au-

197 1486 294 1534 tem
326 1486 380 1534 et
408 1482 645 1551 decorus
690 1480 911 1551 dicitur,
958 1480 1091 1555 quia
1136 1488 1193 1535 et
1234 1483 1544 1537 divinitatis
1585 1501 1778 1555 perpe-

195 1570 401 1630 tuitate,
426 1575 485 1624 et
498 1571 666 1624 etiam
689 1577 961 1641 suscepta:
981 1572 1345 1625 humanitatis
1373 1573 1647 1643 dignitate
1678 1573 1778 1626 mi-

196 1657 372 1713 rabilis
392 1663 497 1711 est.
528 1678 549 1709 ι
575 1658 836 1713 Lectulus
873 1665 1063 1713 noster
1081 1654 1329 1714 ﬂoridus.
1360 1679 1381 1711 ι
1408 1661 1669 1715 Lectulus
1692 1666 1778 1715 est

1850 600 2034 657 corde.
2070 618 2091 649 ι
2120 598 2309 651 Potest
2348 604 2406 653 et
2444 597 2548 649 hoc
2587 597 2733 667 quod
2773 596 2926 659 dicit,
2965 614 2991 648 α
3038 597 3152 671 Ego
3185 614 3310 667 sum
3341 598 3445 650 ﬂos

1851 686 2054 757 campi,
2106 706 2126 736 ι
2155 686 2224 741 ad
2266 684 2708 739 incarnationem
2749 683 2961 738 referri.
3000 682 3244 757 campus
3296 685 3448 759 enim

1852 791 1965 829 non
1996 781 2209 841 aratur,
2242 790 2353 827 non
2379 773 2672 836 scinditur,
2702 790 2813 841 non
2837 773 2950 827 ullo
2978 791 3199 828 vomere
3224 774 3450 847 prosul-

1854 870 2016 921 catur
2060 863 2204 916 Dicit
2232 879 2365 933 ergo
2390 880 2401 914 :
2431 881 2455 913 ι
2484 863 2596 939 Ego
2616 879 2738 915 sum
2768 862 2870 918 ﬂos
2898 862 3115 934 campi:
3144 881 3171 914 ι
3204 863 3257 916 id
3276 871 3362 917 est

1856 952 1965 1007 lius
1993 950 2241 1021 virginis.
2278 951 2399 1004 Non
2432 968 2564 1020 ergo
2595 950 2760 1004 ruris.
2794 951 2888 1007 sed
2937 951 3123 1023 campi
3164 952 3363 1026 ﬂorem
3390 969 3451 1006 se

1856 1046 2033 1096 vocat.
2055 1038 2187 1111 quia
2205 1038 2465 1106 virginea:
2478 1039 2662 1092 carnis
2678 1038 2889 1111 fructus
2904 1045 3008 1097 est.
3026 1040 3337 1113 secundum
3363 1058 3454 1113 va-

1856 1128 2112 1187 ticinium
2134 1126 2291 1181 Isaiae
2315 1141 2357 1174 τίς
2381 1127 2709 1196 Egredietur
2728 1128 2893 1195 Virga
2917 1128 2991 1185 de.
3011 1129 3194 1185 radice
3224 1130 3251 1183 J
3257 1146 3398 1185 esse.
3420 1148 3449 1201 ξ)

1856 1216 2060 1270 Lilium
2088 1215 2423 1270 convallium
2453 1225 2539 1269 est
2568 1216 2713 1269 idem
2746 1217 3019 1274 Christus.
3038 1219 3143 1271 hoc
3171 1223 3271 1287 est,
3300 1219 3451 1291 filius

1855 1305 2154 1359 humilium
2187 1311 2504 1375 parentum.
2538 1305 2829 1373 Convalles
2844 1306 2993 1375 enim
3015 1307 3253 1367 humiles
3273 1315 3331 1360 et
3356 1324 3454 1381 pa-

1856 1399 2046 1449 rentes
2076 1393 2199 1461 ejus
2232 1391 2568 1467 signiﬁcant.
2596 1391 2837 1445 Veniens
2862 1393 3009 1445 enim
3044 1394 3142 1447 Dei
3174 1394 3347 1449 Filius
3392 1394 3454 1457 in

1859 1480 2153 1545 mundum,
2182 1496 2295 1551 non
2323 1480 2508 1533 solum
2538 1480 2705 1535 homo
2751 1482 2879 1553 ﬁeri.
2915 1482 3179 1548 dignatus
3218 1488 3321 1547 est,
3354 1482 3457 1558 sed

1859 1567 2029 1620 etiam
2080 1584 2292 1637 pauper
2337 1568 2503 1635 homo
2561 1586 2661 1643 pro
2711 1569 2871 1623 nobis
2902 1589 2913 1623 :
2944 1587 3046 1645 nec
3087 1570 3458 1645 divites,sed

1859 1671 2132 1726 pauperes
2162 1656 2331 1729 elegit
2365 1656 2572 1712 habere
2589 1664 2870 1728 parentes,
2890 1664 2954 1712 ut
2976 1660 3256 1731 particeps
3278 1660 3464 1733 factus

196 1736 589 1817 qualiscunque
645 1748 1044 1818 tranquillitas,
1085 1749 1173 1817 vel
1217 1749 1439 1817 requies
1485 1748 1832 1822 praesentis_
1858 1744 2207 1817 paupertatis
2258 1752 2480 1819 nostrae,
2512 1745 2835 1817 divitiarum
2865 1752 2923 1800 et
2950 1747 3145 1817 gloriae
3185 1740 3300 1821 sua
3350 1765 3456 1822 nos

196 1835 324 1888 vitae.
354 1835 505 1888 Nam
556 1836 717 1904 quasi
772 1836 832 1889 in
884 1835 1028 1889 bello
1067 1842 1153 1889 est
1199 1836 1462 1907 Ecclesia,
1486 1818 1630 1889 idum
1679 1818 2161 1907 pronarticipes
2181 1818 2408 1901 faceret.

196 1911 399 1978 Christo
443 1924 666 1977 diversa
710 1924 913 1997 tolerat
958 1925 1286 1997 certamina,
1337 1924 1496 1995 quasi
1549 1940 1677 1977 vero
1724 1924 1782 1977 in

194 2010 383 2065 lectulo
412 2012 739 2082 requiescit,
771 2029 895 2066 cum
927 2012 1279 2083 aliquantula
1324 2030 1462 2083 pace
1508 2012 1612 2066 sibi
1654 2028 1783 2065 con-

195 2116 334 2154 cessa
358 2101 592 2153 fruitur.
626 2084 745 2154 Sed
769 2101 860 2153 hic
882 2102 1118 2155 lectulus
1146 2101 1378 2155 ﬂoridus
1406 2107 1508 2161 est,
1540 2101 1646 2153 hoc
1674 2106 1779 2166 est,

195 2180 451 2242 varietate
496 2188 768 2241 virtutum
812 2189 973 2258 quasi
1018 2189 1378 2262 vernantibus
1418 2188 1648 2242 ﬂoribus
1676 2188 1785 2242 dis-

194 2268 350 2329 tincta
373 2281 467 2331 est
495 2276 720 2347 requies
748 2276 1020 2330 Ecclesiae.
1052 2277 1210 2331 Tunc
1230 2277 1376 2329 enim
1408 2277 1643 2345 liberius
1658 2292 1784 2330 con-

194 2365 539 2435 templationi
570 2365 768 2418 divinae
804 2365 1035 2437 insistit,
1066 2370 1203 2419 tunc
1224 2356 1459 2435 jejunia,
1490 2365 1708 2436 vigilias
1729 2370 1786 2419 et

197 2460 374 2507 cetera
402 2440 952 2527 bonorum'operum
985 2453 1214 2523 liberius
1243 2455 1585 2524 exsequitur.

259 2556 283 2591 α
317 2526 507 2612 Tigna
534 2526 833 2596 domorum
864 2526 1187 2595 nostrarum
1218 2542 1464 2611 cedrina,
1497 2542 1787 2612 laquearia

198 2635 367 2683 nostra
410 2630 767 2702 cypressina.
801 2650 825 2683 ιν
856 2629 1069 2685 Domus
1107 2630 1365 2697 Ecclesia:
1394 2635 1528 2684 sunt
1553 2647 1787 2684 conven-

197 2706 348 2772 ticula
377 2712 487 2789 per
513 2725 698 2773 totum
730 2719 923 2772 orbem
969 2719 1188 2773 diffusa.
1238 2719 1419 2790 Tigna
1462 2736 1593 2773 vero
1625 2726 1682 2774 et
1712 2719 1789 2773 la-

200 2808 409 2876 quearia
443 2813 589 2861 sunt
607 2807 741 2878 ipsa:
771 2824 1021 2877 personae
1048 2807 1319 2869 fidelium,
1355 2825 1420 2862 ex
1449 2807 1651 2880 quibus
1679 2806 1790 2866 Ec-,

197 2893 350 2948 clesia
397 2900 646 2949 constat.
704 2895 812 2949 Sed
862 2896 1266 2949 attendendum
1316 2896 1463 2967 quod
1516 2897 1673 2967 tigna
1718 2896 1789 2949 ad

199 2984 610 3037 munimentum
649 2994 783 3037 sunt
812 2984 1030 3047 domus,
1084 2985 1374 3055 laquearia
1403 2987 1474 3039 ad
1503 2993 1785 3057 ornatum.

198 3068 425 3138 Ideoque
486 3088 590 3142 per
641 3072 802 3141 tigna
847 3072 1216 3145 designantur
1241 3074 1515 3139 doctores,
1550 3090 1789 3145 quorum

1938 1938 1963 1971 ι
2006 1920 2162 1974 Sicut
2191 1920 2371 1974 lilium
2402 1921 2551 1974 inter
2594 1922 2805 1992 spinas,
2837 1922 2916 1977 sic
2943 1923 3124 1997 amica
3153 1941 3280 1979 mea
3307 1924 3457 2001 inter

1862 2007 2025 2062 tilias.
2054 2029 2079 2059 »
2102 2009 2311 2083 Videas
2326 2026 2588 2081 sponsam
2614 2028 2773 2065 suam
2795 2013 2865 2083 ad
2893 2013 3143 2086 requiem
3168 2013 3457 2089 festinare,

1866 2102 1923 2150 et
1942 2095 2160 2161 labores
2177 2096 2388 2171 fugere,
2404 2114 2467 2151 ac
2481 2115 2582 2168 per
2596 2098 2839 2175 quietem
2869 2096 3158 2175 praesentis
3187 2101 3460 2175 temporis

1865 2184 1935 2247 ad
1957 2190 2222 2239 aeternam
2255 2172 2655 2257 beatitudinem
2685 2187 2939 2261 tendere,
2968 2206 3028 2243 se
3059 2172 3463 2263 per

1866 2278 1923 2326 et
1937 2272 2156 2332 labores
2168 2274 2335 2353 hujus
2352 2275 2541 2328 saeculi
2559 2275 2690 2328 illuc
2707 2277 2996 2346 pervenire
3011 2278 3214 2351 debere
3232 2297 3279 2331 ε(
3304 2278 3463 2353 Sicut

1869 2359 2086 2430 (inquit)
2130 2361 2308 2415 lilium
2357 2361 2507 2415 inter
2552 2363 2761 2433 spinas,
2798 2364 2877 2418 sic
2918 2365 3105 2439 amica,
3144 2382 3268 2442 mea
3313 2366 3463 2440 inter

1867 2448 2030 2501 ﬁlias.
2063 2468 2085 2499 ι
2114 2450 2318 2518 Spinaz,
2343 2467 2466 2521 quae
2490 2457 2749 2522 pungunt
2776 2458 2833 2506 et
2862 2453 3126 2529 lacerant,
3143 2455 3464 2529 signiﬁpant

1866 2550 2154 2605 perversos
2184 2554 2435 2610 quosque
2484 2540 2565 2592 vel
2610 2538 2762 2595 intra
2802 2541 3128 2617 Ecclesiamp
3174 2543 3255 2597 vel
3300 2549 3461 2613 extra,

1868 2623 2193 2678 Ecclesiam.
2228 2627 2297 2681 Et
2326 2632 2412 2680 est
2438 2643 2635 2680 sensus
2664 2645 2675 2679 :
2713 2628 2800 2683 Sic
2830 2627 2932 2695 tibi
2961 2630 3259 2699 vivendum
3281 2637 3385 2697 est,
3404 2637 3463 2705 et

1869 2712 1947 2765 sic
1979 2720 2176 2783 parata
2201 2731 2321 2768 esse
2353 2714 2521 2769 debes
2562 2722 2758 2785 contra
2804 2718 3003 2789 omnia,
3039 2718 3465 2799 ad_versa,1sicut

1868 2801 2048 2855 lilium
2080 2803 2228 2857 inter
2252 2802 2444 2874 spinas
2470 2808 2557 2859 est
2601 2809 2659 2879 et
2697 2810 2891 2875 tamen
2917 2807 3117 2869 ﬂorere
3145 2802 3202 2859 et
3223 2813 3459 2880 gratum,

1871 2890 2097 2952 odorem
2130 2907 2195 2943 ex
2223 2908 2283 2947 se
2312 2892 2571 2945 emittere
2600 2908 2711 2946 non
2747 2900 2945 2954 cessat,
2992 2894 3072 2949 sic
3116 2894 3294 2951 amica
3334 2912 3465 2967 mea

1872 2978 2020 3050 inter
2049 2980 2191 3032 tilias
2215 2998 2228 3046 ;
2264 2980 2397 3050 quia
2425 2996 2536 3033 non
2566 2981 2743 3035 solum
2772 2982 2842 3049 ab
2870 2982 2960 3065 his
2974 2982 3246 3055 quiextra
3271 2984 3461 3058 Ecclef-

1871 3068 2011 3120 siam
2044 3073 2195 3129 sunt,
2230 3068 2376 3121 mala
2408 3069 2642 3137 pateris,
2688 3086 2881 3123 verum
2921 3071 3091 3125 etiam
3121 3072 3192 3126 ab
3222 3072 3333 3145 illis
3363 3073 3468 3146 qui,

204 3159 440 3213 doctrina
492 3160 727 3213 fulcitur
765 3166 824 3214 et
862 3167 1214 3215 sustentatur
1247 3160 1496 3216 Ecclesia
1531 3180 1542 3215 :
1578 3179 1676 3234 per
1706 3162 1849 3229 la-C
1871 3156 2187 3227 regenemti
2220 3173 2318 3227 per
2339 3155 2678 3226 baptismum
2701 3158 2759 3231 in
2782 3159 3108 3229 ﬁliationem
3126 3162 3228 3227 Dei
3248 3160 3471 3235 venisse

202 3248 413 3317 quearia
438 3264 601 3311 vero,
624 3249 802 3302 sancti
819 3249 1177 3319 simplicitate
1193 3252 1522 3320 gaudentes,
1556 3252 1650 3322 qui
1671 3252 1789 3321 suis

202 3336 491 3391 virtutibus
520 3343 796 3391 exornant
830 3336 1157 3401 Ecclesiam,
1184 3354 1294 3391 non
1318 3348 1505 3393 autem
1536 3341 1791 3405 doctrina

200 3424 445 3477 muniunt
490 3423 566 3478 Et
583 3424 687 3477 hoc
703 3424 1106 3477 attendendum
1126 3426 1277 3495 quod.
1304 3426 1590 3497 laquearia
1620 3427 1789 3499 tignis

201 3510 348 3564 afﬁxa
375 3519 537 3575 sunt,
570 3512 650 3566 sic
673 3518 730 3566 et
756 3512 871 3565 vita
894 3514 1143 3567 ﬁdelium
1172 3514 1228 3567 in
1255 3515 1498 3569 Ecclesia
1530 3532 1559 3569 e
1588 3516 1790 3569 docto-

201 3599 339 3652 ribus
388 3601 624 3670 pendet,
657 3601 791 3672 quia
832 3601 1058 3655 illorum
1107 3602 1360 3657 doctrina
1410 3604 1709 3676 instruitur
1737 3610 1794 3658 et

202 3688 506 3743 roboratur.
546 3690 697 3742 Bene
727 3696 916 3743 autem
958 3690 1117 3761 tigna
1162 3691 1391 3745 cedrina
1423 3699 1479 3746 et
1508 3693 1795 3761 laquearia

204 3780 518 3845 cypressina
543 3779 826 3832 dicuntur.
846 3781 986 3833 Nam
1010 3788 1263 3850 utraeque
1284 3782 1512 3835 arbores
1543 3782 1796 3852 imputri-

207 3861 314 3918 bilis
340 3874 565 3921 naturae
594 3875 746 3929 'sunt,
781 3876 1001 3922 sanctos
1031 3869 1408 3939 designantes,
1437 3870 1532 3940 qui
1562 3870 1797 3923 immar-

205 3954 433 4007 cescibili
454 3955 747 4009 desiderio
768 3956 1017 4029 flagrant.
1038 3973 1231 4010 amore
1257 3958 1344 4011 sui
1375 3957 1713 4021 Conditoris,
1744 3963 1801 4012 et

208 4045 536 4115 contemptis
568 4043 913 4098 transitoriis
944 4045 1011 4098 ad
1044 4052 1254 4099 aeterna
1277 4047 1563 4113 festinant.
1585 4048 1799 4101 Cedrus

209 4132 357 4185 etiam
388 4140 692 4203 serpentes
714 4133 885 4186 odore
910 4150 1011 4187 suo
1041 4133 1219 4205 fugat.
1250 4134 1328 4187 sic
1347 4135 1523 4188 sancti
1544 4142 1800 4187 doctores

209 4217 475 4276 (immanes
500 4208 595 4275 vel
610 4220 905 4275 haereticos
931 4222 1244 4291 fragrantia
1271 4223 1537 4277 doctrinae
1566 4239 1680 4276 sua:
1709 4238 1800 4275 re-

211 4307 429 4374 pellunt.

832 4453 1066 4513 CAPUT
1102 4416 1178 4509 II.

279 4591 304 4625 ι
321 4573 433 4645 Ego
455 4577 564 4630 ﬂos
588 4575 776 4647 campi
805 4582 861 4631 et
878 4577 1055 4632 lilium
1082 4577 1440 4641 convallium.
1475 4578 1808 4648 nPostquam

217 4675 406 4731 sponsa
437 4665 668 4734 qualem
702 4666 928 4721 domum
952 4668 1074 4738 ipsa
1091 4674 1146 4722 et
1166 4686 1403 4740 sponsus
1424 4669 1544 4739 ejus
1565 4666 1811 4733 habeant

218 4752 596 4823 ostemlit,ipse
618 4769 841 4824 quoque
861 4773 1098 4827 sponsus
1129 4758 1198 4811 de
1232 4774 1292 4811 se
1318 4757 1499 4828 qualis
1520 4758 1595 4810 sit
1619 4764 1807 4811 osten-

217 4831 291 4888 dit
315 4837 505 4893 dicens
540 4858 552 4892 :
594 4860 617 4890 ε
656 4840 769 4911 Ego
798 4841 900 4895 flos
938 4844 1138 4913 campi,
1176 4862 1200 4895 ›)
1230 4851 1360 4903 etc.,
1392 4844 1648 4898 videlicet
1676 4845 1811 4914 quia

218 4923 429 4981 OdOrem
460 4945 607 4983 meae
636 4929 861 4984 virtutis
891 4948 989 5004 per
1017 4932 1376 4986 latitudinem
1413 4932 1586 4987 totius
1612 4932 1808 4986 mundi

218 5010 472 5070 dil’undo.
513 5017 632 5087 Ego
675 5018 797 5083 ﬂos,
829 5018 887 5073 id
916 5026 1003 5073 est
1041 5020 1187 5074 Deus
1223 5021 1433 5077 mundi.
1478 5021 1631 5087 Sicut
1660 5020 1809 5073 enim

220 5106 693 5183 campusﬂoribus
711 5108 1020 5179 adornatur
1046 5116 1102 5162 et
1130 5116 1342 5173 vernat,
1375 5109 1455 5163 ita
1483 5115 1635 5163 totus
1654 5125 1811 5173 mun:

222 5186 313 5243 dus
337 5182 557 5247 Christi
594 5195 704 5249 fida
748 5202 803 5250 et
846 5197 1047 5250 notitia
1096 5197 1407 5263 decoratur.
1459 5198 1595 5252 Sum
1639 5198 1808 5251 etiam

225 5268 385 5359 lilium
396 5283 904 5354 convallium,quia
922 5284 1030 5338 illis
1045 5285 1323 5340 mentibus
1342 5287 1614 5357 praecipita
1632 5303 1811 5340 meam

224 5368 449 5433 gratiam
480 5370 695 5433 tribuo,
728 5390 851 5447 quia
874 5375 1087 5427 nullam
1120 5374 1177 5428 in
1226 5392 1286 5429 se
1333 5392 1488 5447 spem
1518 5376 1807 5439 habentes,

225 5454 350 5509 Mihi
389 5474 450 5511 se
502 5460 706 5514 humili
755 5462 1049 5517 devotione
1103 5463 1443 5535 submittunt
1521 5463 1813 5525 Convalles

228 5536 534 5625 Signiﬁcant
571 5560 784 5621 mentes
804 5552 1065 5623 humiles,
1095 5570 1330 5624 quarum
1350 5553 1528 5607 lilium
1559 5553 1814 5623 Christus

230 5616 324 5699 ἀπ’
337 5618 847 5709 ῥῖὰῖέὴτίιιιᾶο
863 5616 1160 5698 humilium
1182 5643 1457 5697 mentium
1474 5642 1595 5714 ipse
1615 5647 1697 5697 est
1720 5616 1821 5713 qui

1870 3244 2148 3300 videntur.
2174 3245 2243 3299 Et
2265 3250 2397 3298 nota
2426 3245 2575 3316 quod
2620 3262 2679 3307 se
2720 3247 2979 3317 superius
3008 3266 3248 3320 sponsus
3278 3250 3473 3323 lilium_

1871 3333 2172 3403 appellavit
2214 3333 2568 3399 convallium,
2609 3351 2759 3389 nunc
2805 3353 3070 3407 sponsam
3125 3355 3283 3392 suam
3333 3337 3471 3411 dicit

1872 3422 2031 3493 quasi
2060 3423 2240 3477 lilium
2286 3423 2434 3476 inter
2472 3423 2689 3493 spinas,
2735 3426 2871 3496 quia
2909 3426 3027 3497 ipse
3073 3427 3169 3498 qui
3217 3433 3471 3501 vereest

1872 3506 2072 3571 lilium,
2098 3528 2197 3584 per
2207 3508 2449 3582 gratiam
2470 3511 2603 3565 facit
2627 3513 3100 3585 Ecclesiamsuam
3123 3532 3243 3570 esse
3260 3515 3464 3588 lilium,

1874 3600 2170 3662 candidam
2198 3600 2454 3653 videlicet
2481 3599 2801 3667 virtutibus,
2825 3603 2909 3657 vel
2929 3602 3007 3667 ab,
3021 3603 3175 3675 omni
3206 3603 3470 3677 vitiorum

1876 3688 1999 3742 labe
2029 3689 2355 3743 immunem.

1955 3796 1976 3825 ι
2022 3778 2178 3835 Sicut
2211 3778 2392 3830 malus
2423 3778 2573 3832 inter
2607 3778 2761 3851 ligna
2804 3780 3089 3844 silvarum,
3122 3782 3203 3837 sic
3231 3783 3475 3855 dilectus,

1881 3881 2038 3918 meus
2067 3865 2216 3919 inter
2245 3867 2407 3919 tilios.
2446 3886 2471 3918 »
2504 3867 2667 3921 Nunc
2694 3885 2899 3938 sponsa
2927 3870 3153 3943 laudata
3182 3888 3221 3941 a
3244 3888 3472 3945 sponse,

1878 3953 2053 4006 vicem
2101 3953 2152 4007 ei
2192 3954 2394 4018 reddit,
2438 3960 2495 4008 et
2539 3955 2675 4008 dicit
2720 3958 2903 4026 qualis
2952 3974 3175 4028 quoque
3228 3946 3345 4029 ipse
3375 3960 3467 4029 sit.

1886 4060 1908 4091 ι
1955 4042 2111 4095 Sicut
2135 4042 2332 4103 malus,
2365 4061 2391 4094 υ
2416 4043 2617 4113 inquit,
2645 4049 2750 4096 etc.
2780 4045 2936 4111 Sicut
2966 4047 3145 4099 malus
3167 4047 3475 4117 pulchritu-

1882 4129 2069 4183 dinem
2120 4131 2287 4184 habet
2332 4148 2648 4202 pomorum,
2702 4139 2759 4185 et
2794 4139 3020 4213 gratum
3054 4135 3282 4189 odorem
3327 4135 3477 4203 inter

1884 4220 2130 4290 agrestia
2160 4220 2311 4291 ligna
2355 4219 2643 4281 silvarum,
2674 4219 2753 4274 ita
2778 4228 2835 4275 et
2864 4223 3141 4285 mediator
3171 4222 3271 4277 Dei
3297 4230 3353 4278 et
3380 4224 3485 4293 ἢ,οῆ

1885 4309 2099 4362 minum
2126 4311 2290 4363 homo
2312 4309 2568 4364 Christus
2588 4310 2614 4363 J
2622 4326 2751 4363 esus
2785 4310 3008 4381 speciali
3039 4311 3276 4382 refulget
3293 4312 3482 4384 gratia

1886 4396 2035 4451 inter
2064 4398 2227 4461 filios,
2246 4398 2301 4451 id
2323 4404 2407 4452 est
2429 4397 2578 4452 inter
2599 4398 2821 4467 electos.
2848 4400 2973 4471 Ipse
2996 4399 3145 4454 enim
3173 4390 3279 4463 Dei.
3303 4401 3478 4457 Filius

1822 4482 1870 4541 D
1892 4503 1993 4557 per
2022 4493 2307 4559 naturam,
2321 4487 2520 4558 reliqui
2544 4486 2705 4541 electi
2727 4505 2823 4556 per
2840 4488 3082 4557 gratiam
3113 4495 3388 4559 potestate
3412 4488 3481 4544 ab

1893 4576 2058 4629 unico
2087 4575 2226 4629 Filio
2258 4576 2353 4628 Dei
2375 4582 2436 4641 ut
2454 4575 2560 4628 sint
2585 4575 2683 4628 filii
2714 4576 2827 4629 Dei.
2865 4577 3007 4632 Hinc
3043 4578 3315 4649 Joannes:
3339 4597 3370 4649 ᾳ
3393 4578 3483 4635 Vi:

1892 4665 2323 4739 dimusgloriam
2344 4665 2465 4736 ejus
2482 4662 2720 4735 gloriam
2743 4665 2903 4736 quasi
2918 4665 3242 4735 Unigenitia
3257 4666 3479 4725 Patre»,

1889 4754 2013 4807 Non
2029 4753 2606 4825 qualemcunque.sed|
2616 4752 2773 4823 quasi
2790 4752 3075 4823 Unigeniti
3091 4769 3123 4805 a
3136 4753 3482 4825 Patre._~Sub

1891 4841 2090 4895 umbra
2112 4842 2263 4897 illius
2282 4858 2448 4912 quem
2465 4840 2851 4896 desiderabam
2874 4840 3026 4912 sedi;
3060 4859 3085 4893 ν
3109 4841 3242 4911 quia
3270 4841 3331 4915 in,
3358 4843 3489 4914 ejus

1892 4930 2239 5003 protectione
2261 4930 2497 4994 conﬁdo,
2512 4936 2569 4983 et
2584 4928 2654 4981 ab
2675 4946 2740 4982 eo
2761 4929 2909 4982 inter
2923 4927 3157 4991 adversa
3178 4930 3486 5005 gubernari

1891 5036 2054 5091 spero
2100 5018 2313 5073 Umbra
2328 5018 2475 5072 enim
2495 5016 2698 5071 Christi
2729 5017 3000 5087 protectio
3032 5026 3119 5072 est
3147 5020 3489 5099 divinitatis,

1893 5108 2026 5179 quia
2066 5108 2271 5161 electos
2313 5112 2506 5160 tuetur
2529 5112 2588 5173 et,
2610 5104 2935 5177 defendit.«
2985 5108 3054 5162 Et
3102 5110 3319 5183 fructus
3361 5111 3497 5182 ejus,

1893 5197 2072 5251 dulcis
2098 5195 2317 5269 gutturi
2348 5212 2499 5260 meo;
2533 5195 2588 5248 id
2619 5201 2705 5248 est
2733 5194 3042 5251 divinitatis
3062 5200 3485 5273 contemplatio,

1896 5304 2007 5357 qua
2039 5303 2125 5339 me
2156 5283 2350 5338 satiari
2393 5282 2610 5337 confido
2650 5301 2661 5336 :
2707 5283 2811 5337 hoc
2849 5290 2933 5339 est
2981 5286 3128 5357 enim
3162 5293 3494 5361 sanctorum.

1895 5364 2252 5445 exspectatio.
2286 5373 2390 5426 hoc
2418 5371 2707 5443 premium
2724 5379 2781 5443 et
2800 5374 3052 5439 satietas,
3068 5375 3209 5445 visio
3230 5377 3492 5443 Condito-

1896 5463 1974 5515 ris
1995 5464 2101 5515 sui.
2126 5461 2415 5515 Desiderat
2431 5478 2564 5532 ergo
2581 5461 2839 5516 umbram
2863 5463 3179 5518 Conditoris
3200 5464 3285 5537 sui
3308 5464 3491 5537 Ecclee

1896 5551 2001 5617 sia,
2034 5550 2165 5622 quia
2182 5550 2584 5639 protectionem
2605 5551 3001 5625 illius‘ex0ptgt
3018 5552 3483 5635 inter,pijm§erqis

1896 5634 2021 5695 vitae
2037 5628 2328 5695 adversa.(
2348 5639 2586 5695 Fructus
2607 5638 2759 5695 illius
2778 5640 2955 5696 dulcis
2963 5639 3183 5711 gutturi
3202 5628 3327 5693 meo
3343 5632 3447 5709 est,
3460 5657 3483 5692 ι
