3970 6150
510 352 613 410 303

934 349 1314 405 HAYMONIS
1352 345 1839 402 HALBERSTAT.
1882 342 2106 397 EPISC.
2149 339 2307 396 OPP.
2348 342 2532 396 PARS
2571 342 2616 396 1.
2659 370 2721 381 -
2758 341 3128 397 COMMENT.
3174 342 3352 397 BIBL.

3653 350 3739 408 30’!

509 475 642 547 quia
670 478 928 545 exspecto
952 472 1162 544 perfrui
1193 470 1376 542 specie
1396 469 1627 524 visionis
1644 468 1812 530 illius.
1837 465 2097 521 etsatiari
2117 469 2162 524 A
2187 482 2391 537 vosque
2421 483 2768 537 camporum,
2795 483 2865 521 ne
2891 467 3173 521 suscitatis
3194 484 3373 538 neque
3411 471 3651 540 evigilare
3671 475 3736 529 fa-

508 563 808 618 dulcedine
837 562 1128 616 charitatis
1159 561 1330 613 illius.

586 672 608 702 ι
643 648 960 705 Introduxit
986 665 1075 701 me
1092 665 1184 701 rex
1207 647 1262 700 in
1286 647 1481 701 cellam
1508 645 1803 710 vinariam,
1827 642 2104 698 ordinavit

509 740 568 794 in
598 756 687 793 me
723 738 1074 791 charitatem.
1119 755 1140 786 ι
1176 736 1329 789 Cella
1376 734 1591 787 vinaria
1619 740 1705 787 est
1739 733 2001 791 Ecclesia.
2046 732 2102 785 in

510 845 621 900 qua
649 835 735 882 est
765 827 956 880 vinum
1006 824 1338 893 evangelicae
1383 822 1669 876 doctrinae.
1704 820 1767 875 In
1801 822 1944 875 hanc
1971 836 2104 889 ergo

508 917 704 971 cellam
718 916 895 970 amica
918 912 1106 984 sponsi
1122 910 1744 981 introducitur.quando
1760 927 1825 962 ex
1843 909 2104 963 omnibus

508 1003 769 1077 gentibus
800 1005 852 1056 in
883 1018 1054 1056 unam
1086 1000 1383 1055 Ecclesiam
1418 1000 1610 1053 fideles
1634 999 1975 1052 adunantur.
1996 997 2103 1052 Or-

509 1093 724 1148 dinavit
755 1091 1056 1162 (inquit)in
1081 1106 1169 1142 me
1198 1089 1550 1142 charitatem.
1591 1086 1743 1141 Inter
1768 1103 1961 1139 omnes
1991 1085 2106 1155 pri-

508 1188 725 1236 matum
751 1185 907 1234 tenet
920 1176 1327 1246 churitas.quia
1346 1176 1400 1229 in
1419 1176 1539 1245 ipsa
1561 1174 1817 1228 subsistit
1840 1174 2101 1228 Ecclesia.

509 1270 769 1326 Charitas
790 1284 924 1337 ergo
944 1266 1000 1319 in
1023 1265 1264 1319 Ecclesia
1288 1264 1599 1323 ordinatur.
1616 1263 1745 1333 quia
1769 1269 2102 1316 nontemere

508 1374 616 1412 nec
633 1357 880 1416 confuse.
929 1354 1026 1408 sed
1076 1353 1332 1406 ordinate
1361 1352 1607 1405 tenenda
1635 1357 1738 1404 est.
1774 1351 1923 1404 Deus
1952 1350 2097 1404 enim

508 1444 828 1515 diligendus
855 1450 940 1495 est
970 1457 1139 1511 super
1167 1441 1356 1494 omnia
1385 1447 1503 1493 toto
1531 1439 1717 1499 corde.
1750 1445 1870 1492 tota
1889 1438 2100 1503 anima,

506 1533 644 1587 totis
673 1533 902 1591 viribus.
935 1530 1087 1584 omni
1110 1535 1311 1582 mente
1349 1529 1647 1581 Proximus
1675 1527 1996 1596 diligendus
2017 1533 2102 1580 est

508 1621 751 1692 denique
778 1622 923 1673 sicut
949 1636 1009 1672 se
1039 1617 1425 1688 unusquisque
1463 1616 1665 1687 diligit.
1698 1616 1840 1669 Nam
1869 1614 2102 1668 confun-

508 1709 643 1763 dere
671 1708 789 1761 vult
816 1706 1167 1767 charitatem.
1204 1721 1327 1775 quae
1355 1704 1591 1773 proximi
1636 1703 1968 1756 charitatem
2002 1702 2100 1756 Dei

2188 554 2349 608 ciatis
2378 555 2661 613 dilectam.
2687 555 2863 610 donec
2892 556 3014 626 ipsa
3041 557 3189 611 velit.
3226 576 3253 610 ι
3274 557 3384 610 Vox
3402 561 3575 627 sponsi
3606 563 3741 632 adju-

2187 644 2365 697 rantis
2396 643 2540 697 ﬁlias
2576 644 2946 703 Hierusalem.
2977 644 3030 697 id
3058 652 3146 698 est
3164 645 3371 698 amicas
3390 648 3597 701 aeternis
3614 650 3737 704 desi-

2187 730 2357 785 deriis
2395 732 2660 794 intentas,
2696 739 2752 786 et
2779 732 3050 786 visionem
3104 733 3254 803 pacis
3301 734 3646 803 requirentes.
3681 754 3741 792 ne

2187 820 2565 890 quiescentem
2595 837 2751 873 suam
2787 820 3029 874 animam
3062 822 3329 875 suscitent
3359 828 3415 876 et
3441 823 3736 893 inquietent.

2193 932 2211 958 ι
2254 909 2467 977 Adjuro
2501 925 2612 971 vos.
2654 929 2673 958 ι
2706 915 2847 976 etc.;
2881 909 2985 962 hoc
3012 915 3116 971 est.
3149 909 3397 962 animam
3423 909 3609 964 divinae
3632 928 3741 966 con-

2188 996 2540 1066 templationi
2586 997 2856 1057 deditam.
2912 996 3262 1052 orationibus
3314 998 3398 1051 vel
3443 998 3741 1054 lectionibus

2187 1085 2390 1138 divinis
2422 1086 3097 1157 occupatam.inquietare
3126 1093 3181 1140 et
3207 1086 3275 1140 ad
3308 1087 3572 1141 exteriora
3595 1104 3744 1158 Opera

2188 1173 2458 1227 suscitare
2488 1191 2557 1228 ne
2586 1175 2800 1237 velitis;
2838 1193 2863 1225 α
2896 1175 3072 1228 donec.
3113 1175 3235 1245 ipsa
3277 1175 3422 1235 velit.
3478 1195 3501 1226 ιι
3532 1176 3629 1230 hoc
3666 1183 3743 1231 est

2185 1261 2383 1321 donec.
2408 1264 2625 1331 exlileto
2647 1264 3137 1334 contemplationis
3155 1266 3743 1335 tempore.admonente

2184 1351 2433 1420 corporis
2458 1352 2782 1420 fragilitate.
2813 1352 2933 1422 ipsa
2963 1353 3095 1406 velit
3113 1354 3370 1407 suscitari
3401 1370 3433 1406 a
3459 1370 3641 1407 somno
3667 1354 3744 1407 in-

2184 1444 2359 1492 ternae
2390 1440 2592 1510 quietis
2620 1448 2676 1494 et
2701 1442 2771 1494 ad
2820 1443 3154 1510 temporalia
3198 1443 3415 1509 agenda
3451 1443 3740 1512 procedere.

2184 1528 2490 1582 Videamus
2511 1536 2697 1582 autem
2720 1546 2817 1596 per
2833 1530 2965 1600 quid
2995 1531 3225 1599 adjuret
3246 1531 3389 1584 tilias
3404 1510 3742 1597 Hierusalem,

2185 1633 2284 1686 per
2311 1634 2542 1686 capreas
2572 1618 2826 1671 videlicet
2851 1635 3154 1688 cervosque
3177 1636 3517 1689 camporum.
3545 1620 3745 1689 Caprea

2186 1711 2241 1758 et
2260 1706 2403 1758 cervi
2430 1707 2637 1759 munda
2660 1707 2923 1760 animalia
2939 1708 3451 1778 sunt,serpentibus
3474 1714 3528 1762 et
3546 1709 3747 1761 venenis

508 1795 796 1851 dilectioni
822 1794 1115 1866 praeponit.
1143 1769 1453 1863 De-quibus
1484 1792 1754 1847 Dominus
1776 1791 1830 1844 in
1855 1791 2100 1859 Evange-
2123 1769 2163 1827 Β
2183 1793 2427 1847 inimica.
2460 1795 2788 1864 Signiﬁcant
2820 1796 3053 1849 virtutes
3077 1769 3423 1852 sanctorum.
3456 1814 3574 1867 quae
3601 1812 3746 1850 mun-

504 1885 580 1939 lio
607 1903 664 1938 τι
700 1883 807 1949 Qui
835 1892 993 1937 amat
1020 1890 1236 1953 patrem
1271 1889 1371 1935 aut
1400 1886 1635 1934 matrem
1660 1881 1783 1951 plus
1800 1896 1967 1950 quam
1986 1896 2093 1943 me,

504 1989 618 2029 non
648 1980 734 2028 est
766 1989 852 2026 me
882 1972 1104 2042 dignus.
1153 1992 1173 2020 ι
1201 1971 1297 2023 Vel
1347 1970 1516 2024 etiam
1545 1989 1568 2019 «
1613 1968 1893 2022 ordinavit
1922 1968 1974 2021 in
2011 1984 2099 2021 me

504 2063 862 2120 charitatem.
888 2080 908 2111 ι
929 2060 1102 2113 idest.
1128 2059 1245 2129 ipse
1260 2059 1411 2130 prior
1425 2076 1511 2111 me
1526 2057 1946 2113 dilexit.deinde
1968 2073 2100 2127 qua-

503 2150 638 2204 liter
664 2166 793 2203 eum
816 2148 1048 2218 diligere
1076 2147 1336 2200 deberem
1360 2146 1567 2199 docuit.
1601 2145 1759 2199 Unde
1776 2144 1894 2214 ipse
1922 2143 2059 2197 dicit
2082 2161 2093 2196 :

509 2255 537 2291 ι
577 2239 701 2292 Νοη
748 2253 845 2290 vos
895 2252 985 2289 me
1028 2234 1293 2304 elegistis,
1342 2234 1435 2287 sed
1485 2249 1588 2302 ego
1633 2232 1774 2302 elegi
1823 2249 1935 2284 vos.
1974 2251 1998 2283 Io
2034 2232 2103 2285 Et

506 2326 751 2381 Joannes
795 2324 978 2379 dicit:
1021 2346 1041 2371 ι
1075 2323 1388 2393 Diligamus
1436 2322 1630 2386 Deum,
1675 2320 1939 2391 quoniam
1981 2320 2099 2390 ipse

505 2415 661 2487 prior
687 2414 881 2468 dilexit
908 2429 1011 2467 nos
1079 2431 1101 2461 ι

582 2523 605 2554 σ
623 2503 837 2558 Fulcite
859 2518 949 2556 me
969 2499 1216 2556 ﬁoribus.
1235 2498 1439 2568 stipate
1451 2515 1539 2551 me
1555 2498 1736 2557 malis.
1755 2497 1887 2568 quia
1906 2513 2099 2551 amore

503 2593 764 2663 langueo.
799 2608 826 2643 ι
854 2591 1154 2660 Postquam
1180 2588 1423 2641 Ecclesia
1438 2587 1520 2641 vel
1552 2587 1742 2640 anima
1766 2587 1877 2639 Deo
1892 2586 2099 2640 dilecta

501 2681 558 2735 in
582 2698 643 2736 Sc
670 2679 1001 2734 charitatem
1029 2678 1344 2731 ordinatam
1372 2676 1529 2735 dixit.
1574 2675 1817 2746 qualiter
1846 2675 1977 2728 velit
2010 2691 2099 2729 re-

504 2770 814 2842 quiescere,
847 2768 929 2822 vel
961 2768 1018 2821 in
1050 2783 1160 2837 quo
1191 2765 1332 2818 lecto
1369 2782 1494 2818 cum
1522 2764 1725 2817 dilecto
1766 2780 1971 2833 sponso
1992 2780 2094 2817 suo

500 2874 763 2930 pausare.
796 2856 1041 2911 ostendit
1055 2855 1244 2908 dicens
1262 2871 1308 2906 τα
1333 2853 1546 2907 Fulcite
1570 2869 1656 2905 me
1680 2852 1909 2905 ﬁoribus
1950 2858 2092 2908 netc.

502 2946 833 3017 Alloquitur
857 2944 1076 2997 animas
1101 2944 1219 3012 jam
1252 2944 1493 3013 pel-lecte
1516 2941 1702 2994 divino
1723 2940 1901 2993 amori
1930 2936 2099 2994 i'nhte-

499 3040 709 3089 rentes.
738 3033 848 3086 Per
865 3032 1049 3097 ﬂores,
1067 3030 1229 3083 initia
1247 3036 1451 3082 sanctae
1475 3028 1913 3082 conversationis
1936 3028 2096 3081 intel-

499 3121 758 3192 liguntur
789 3135 800 3169 :
836 3136 938 3190 per
967 3118 1116 3171 mala
1137 3134 1282 3171 vero.
1303 3119 1540 3187 perfecta
1564 3117 1837 3170 bonorum
1862 3133 2093 3186 operum

501 3210 777 3280 exempla.
800 3210 867 3262 Et
883 3214 969 3262 est
988 3222 1187 3261 sensus
1210 3213 1223 3258 ':
1250 3206 1295 3260 Ο
1317 3213 1521 3259 sanctae
1554 3204 1775 3269 ani'nae.
1810 3222 1932 3275 quae
1963 3205 2097 3258 dile-

501 3298 675 3353 ctioni
706 3295 1023 3352 Conditoris
1042 3295 1213 3348 vestri
1240 3294 1525 3347 inhazretis
1570 3294 1760 3347 fulcite
1803 3310 1891 3347 me
1920 3292 2096 3347 bono-

499 3403 628 3441 rum
643 3402 876 3458 operum
891 3384 1245 3455 exemplis.et
1260 3383 1503 3453 qualiter
1515 3383 1567 3434 in
1584 3382 2031 3436 exordiovirtutu
2043 3399 2094 3435 m

500 3476 588 3532 vel
617 3476 676 3530 in
704 3473 973 3546 profectu.
998 3472 1085 3525 vcl
1104 3472 1161 3525 in
1185 3470 1523 3542 perfectione
1555 3470 1823 3523 bonorum
1863 3486 2096 3540 operum

500 3564 750 3620 vixeritis
778 3560 1075 3621 ostendite.
1104 3560 1236 3631 quia
1265 3575 1457 3613 amore
1482 3558 1911 3628 langueo.Tunc
1944 3559 2093 3611 enim

503 3653 696 3708 anima
742 3666 935 3706 amore
964 3649 1063 3704 Dei
1094 3650 1342 3719 languet,
1377 3647 1601 3718 quando
1649 3648 1771 3717 ejus
1812 3646 2096 3700 dilectioni

502 3742 648 3798 nihil
676 3739 967 3812 praaponit.
1002 3738 1116 3791 imo
1147 3737 1309 3807 quasi
1339 3737 1409 3789 ad
1440 3736 1728 3788 szecularia
1767 3752 1934 3806 opera
1982 3736 2097 3789 lan-

501 3830 677 3903 guida
700 3834 755 3883 et
786 3827 1079 3882 imbecillis
1110 3825 1368 3889 efﬁcitur,
1406 3824 1657 3893 nihilque
1688 3841 1811 3878 eam
1856 3824 2099 3879 delectat

503 3919 614 3973 nisi
646 3916 938 3972 meditatio
957 3914 1266 3970 caelestium
1285 3922 1341 3968 et
1356 3912 1754 3983 contemplatio
1782 3912 2099 3966 Conditoris

502 4008 611 4063 sui.

580 4114 607 4148 α
636 4097 795 4152 Laeva
825 4096 948 4165 ejus
977 4093 1081 4147 sub
1108 4092 1291 4163 capite
1312 4106 1457 4154 meo,
1488 4095 1543 4144 et
1573 4089 1802 4144 dextera
1818 4089 1967 4143 illius
1985 4105 2102 4143 am-

504 4183 822 4256 plexabitur
850 4199 959 4236 me.
997 4201 1019 4232 ι
1045 4182 1184 4235 Cum
1215 4179 1444 4249 (inquit)
1476 4179 1530 4231 in
1552 4178 1647 4231 tali
1682 4179 1823 4231 lecto
1847 4178 2096 4247 jacuero.

502 4272 643 4326 laeva
666 4272 807 4340 ejus.
837 4269 895 4323 id
926 4274 1010 4322 est
1040 4266 1249 4338 sponsi.
1291 4266 1402 4320 erit
1438 4265 1541 4319 sub
1589 4265 1772 4335 capite
1818 4283 1960 4319 meo.
1994 4267 2102 4319 Per

2180 1880 2319 1935 ditia
2342 1882 2617 1952 spirituali
2650 1883 3240 1947 refulgentctvenena
3264 1883 3748 1938 fraudisdiabolicze

2183 1985 2291 2023 non
2322 1970 2501 2023 solum
2532 1978 2746 2035 cavent,
2779 1972 2872 2024 sed
2905 1973 3073 2025 etiam
3115 1973 3483 2037 insectantur,
3515 1978 3570 2027 et
3594 1971 3655 2025 ad
3681 1971 3750 2025 ni-

2181 2058 2358 2110 hilum
2410 2058 2687 2128 rediguut.
2725 2060 2794 2113 Et
2822 2066 2908 2113 est
2945 2078 3142 2115 sensus
3175 2080 3187 2115 :
3234 2061 3453 2131 Adjuro
3492 2078 3602 2115 vos.
3639 2060 3750 2113 ﬁlia:

2186 2146 2554 2208 Hierusalem.
2583 2164 2682 2217 per
2709 2148 2945 2202 virtutes
2974 2156 3205 2211 vestras.
3230 2166 3368 2219 quas
3391 2149 3573 2203 divina
3587 2148 3753 2218 gratia

2184 2233 2336 2288 vobis
2366 2236 2596 2288 collatas
2615 2236 2897 2306 gaudetis,
2927 2242 2991 2290 ut
3018 2238 3264 2291 animam
3314 2236 3752 2308 contemplationi

2181 2339 2319 2377 meae
2349 2323 2594 2376 deditam
2618 2341 2728 2377 non
2761 2325 3103 2395 inquietetis.
3151 2326 3329 2380 donec
3355 2324 3757 2397 contemplatio-

2182 2410 2269 2463 nis
2294 2410 2431 2463 hora
2466 2411 2643 2467 ﬁnita.
2675 2411 2797 2482 ipsa
2819 2412 2972 2466 aliud
2996 2412 3128 2483 quid
3161 2429 3329 2483 agere
3358 2414 3510 2470 velit.

2258 2516 2282 2549 «
2317 2498 2432 2551 Vox
2464 2499 2651 2553 dilecti
2680 2500 2808 2561 mei,
2848 2518 2873 2552 »
2915 2517 3016 2554 vox
3060 2500 3335 2557 Ecclesiae.
3373 2520 3403 2555 α
3435 2502 3551 2555 Vox
3586 2499 3755 2555 dilecti

2181 2586 2310 2650 mei,
2348 2606 2367 2634 ι
2393 2586 2662 2640 subaudis
2690 2587 2809 2642 haec
2833 2594 2938 2641 est.
2973 2587 3313 2643 Lzetabunda
3341 2591 3495 2645 enim
3533 2588 3756 2644 Ecclesia

2183 2674 2329 2743 quod
2362 2679 2581 2728 tantum
2609 2675 2881 2741 diligatur
2905 2694 2939 2730 a
2956 2694 3182 2747 sponso,
3207 2685 3270 2732 ut
3288 2679 3460 2733 etiam
3483 2678 3622 2732 ﬁlias
3647 2676 3758 2730 Hie-

2177 2762 2419 2816 rusalem
2448 2780 2545 2832 pro
2568 2763 2660 2816 illa
2696 2763 2938 2832 adjuret.
2966 2773 3027 2817 ut
3044 2782 3155 2819 non
3176 2782 3299 2819 eam
3326 2767 3755 2838 requiescenlem

2177 2850 2693 2920 inquietent,dicit:
2725 2852 2852 2906 Haec
2882 2859 2969 2905 est
2989 2870 3089 2906 vox
3108 2853 3291 2907 dilecti
3325 2855 3437 2908 mei
3468 2871 3567 2924 pro
3589 2868 3669 2905 me
3689 2851 3756 2904 lo-

2179 2939 2421 3008 quentis.
2455 2940 2631 3003 Quem
2664 2940 2991 2995 desiderans
3024 2941 3209 2995 videre
3231 2942 3520 3005 dilectum.
3543 2941 3635 2995 sed
3658 2954 3756 2992 non

2178 3027 2657 3085 valens.annectit
2679 3044 2723 3080 τα
2752 3029 2889 3083 Ecce
2919 3029 3024 3083 iste
3062 3030 3211 3083 venit
3240 3030 3450 3084 saliens
3482 3031 3536 3083 in
3568 3027 3756 3083 monti-

2178 3115 2302 3178 bus.
2327 3116 2650 3169 transiliens
2673 3117 2860 3170 colles.
2898 3136 2922 3169 υ
2946 3119 3162 3171 Montes
3174 3125 3230 3171 et
3250 3119 3422 3173 colles
3447 3118 3758 3187 intelligun-

2180 3211 2273 3257 tur
2284 3204 2510 3273 perfecti
2529 3205 2737 3275 quique
2754 3213 2959 3261 sanctae
2979 3207 3437 3265 conversationis.
3461 3205 3759 3261 sublimiter

2179 3311 2213 3347 a
2227 3295 2466 3348 terrenis
2484 3294 3008 3367 sublevati.etquasi
3022 3314 3346 3367 camporum
3362 3299 3647 3368 planitiem
3663 3310 3763 3349 me-

2181 3382 2335 3435 lioris
2352 3384 2474 3436 vitae
2497 3384 2709 3437 meritis
2728 3385 3075 3439 excedentes.
3100 3387 3176 3439 De
3192 3387 3278 3440 his
3295 3388 3583 3441 montibus
3603 3385 3761 3439 Isaias

2179 3470 2329 3525 dicit:
2342 3493 2360 3519 ι
2377 3472 2493 3524 Erit
2510 3489 2669 3526 mons
2681 3472 2880 3527 domus
2894 3474 3110 3528 Domini
3128 3482 3475 3546 praeparatus
3492 3475 3549 3529 in
3569 3473 3761 3528 vertice

2181 3560 2477 3617 montium.
2501 3561 2883 3616 etelevabitur
2900 3579 3069 3632 super
3088 3564 3274 3616 colles.
3306 3564 3615 3634 oLoquitur
3636 3575 3762 3630 ergo

2180 3664 2383 3717 sponsa
2411 3648 2480 3701 de
2506 3648 2710 3702 dilecto
2739 3666 2841 3704 suo
2876 3673 2887 3708 :
2916 3670 2939 3699 ιι
2984 3651 3118 3705 Ecce
3149 3651 3252 3705 iste
3297 3652 3449 3706 venit
3477 3652 3684 3706 saliens
3711 3648 3766 3702 in

2180 3736 2485 3799 montibus.
2511 3744 2567 3791 et
2596 3739 2917 3792 transiliens
2946 3740 3116 3792 colles
3150 3786 3159 3797 .
3197 3760 3217 3789 ι
3243 3737 3351 3794 hoc
3371 3749 3479 3797 est.
3511 3741 3673 3793 etiam
3696 3753 3770 3790 sc-

2180 3824 2423 3878 cundum
2452 3827 2857 3880 humanitatem
2882 3828 3133 3880 omnium
3156 3835 3481 3882 sanctorum
3514 3828 3772 3882 excellen-

2182 3913 2434 3973 tiam.om
2445 3931 2568 3967 nem
2587 3916 3079 3985 contemplationis
3091 3916 3291 3970 divinas
3314 3918 3617 3986 puritatem
3631 3929 3776 3968 exce-

2182 4001 2338 4055 dens.
2374 4004 2488 4056 Nec
2517 4011 2667 4057 stare
2697 4004 2751 4057 in
2784 4003 3084 4065 montibus.
3109 4005 3202 4057 sed
3238 4006 3528 4059 transilire
3551 4004 3768 4065 dicitur,

2184 4089 2315 4161 quia
2341 4090 2445 4144 etsi
2474 4091 2544 4143 ad
2577 4093 2768 4145 horam
2795 4109 2894 4163 per
2922 4092 3199 4146 internam
3232 4093 3662 4164 inspirationem
3685 4106 3775 4145 cor

2183 4185 2504 4232 sanctorum
2536 4179 2744 4243 visitat.
2778 4179 2963 4235 subito
2995 4188 3183 4235 tamen
3215 4182 3446 4244 recedit.
3492 4188 3559 4237 ut
3604 4198 3698 4236 eos
3721 4179 3774 4233 in

2181 4267 2269 4320 sui
2303 4266 2655 4320 dilectionem
2680 4268 2967 4322 aecendat.
3004 4268 3197 4322 Potest
3225 4269 3395 4323 etiam
3428 4270 3499 4323 ad
3532 4270 3780 4333 incarna-

504 4359 723 4422 ltevam.
752 4356 1041 4427 praesentis
1068 4355 1339 4425 temporis
1390 4354 1751 4425 prosperitas.
1795 4356 1880 4407 vel
1928 4355 2097 4408 etiam
2119 4354 2391 4441 Dtionem
2424 4356 2630 4410 Christi
2664 4357 2880 4419 referri.
2914 4358 3009 4428 qui
3041 4358 3269 4411 veniens
3295 4359 3574 4429 quosdam
3604 4357 3773 4411 saltus

506 4446 653 4501 dona
677 4446 778 4501 Dei
808 4445 1219 4515 intelliguntur,
1244 4460 1367 4514 quae
1382 4444 1589 4497 sanctis
1610 4444 1664 4497 in
1690 4444 1945 4514 praesenti
1964 4461 2097 4497 con-

503 4534 765 4589 feruntur
789 4553 801 4601 ;
835 4550 935 4605 per
970 4533 1255 4587 dexteram
1280 4550 1429 4591 vero.
1453 4531 1694 4586 cmlestis
1716 4531 1909 4602 patria:
1925 4531 2097 4586 beati-

502 4625 642 4680 tudo
672 4622 944 4695 accipitur
986 4623 1145 4677 Lteva
1158 4638 1291 4691 ergo
1304 4620 1494 4692 sponsi
1526 4620 1630 4674 sub
1654 4621 1835 4691 capite
1855 4637 2093 4690 sponsae,

505 4699 638 4785 quia
668 4713 785 4767 haec
812 4712 1002 4766 Omnia
1032 4712 1178 4764 dona
1219 4710 1289 4763 ad
1343 4711 1446 4762 hoc
1473 4708 1712 4779 percipit
1742 4709 2005 4772 Ecclesia.
2036 4713 2100 4763 ut

504 4818 608 4872 per
641 4801 758 4857 hazc
785 4801 961 4855 discat
1001 4799 1286 4869 suspirare
1331 4798 1397 4851 ad
1440 4803 1669 4854 aeterna.
1702 4797 1939 4850 Dextera
1968 4813 2098 4851 vero

505 4890 694 4962 sponsi
728 4906 849 4943 eam
877 4889 1245 4958 amplexatur.
1266 4885 1398 4956 quia
1428 4890 1550 4938 tota
1580 4885 1818 4938 intentio
1844 4885 2097 4939 Ecclesiae

504 4979 591 5032 vel
610 4979 811 5032 anima:
832 4976 1015 5030 ﬁdelis
1044 4976 1159 5029 haec
1186 4980 1289 5035 est.
1314 4981 1379 5027 ut
1415 4973 1482 5027 ad
1510 4980 1776 5028 aeternam
1800 4973 2099 5029 beatitudi-

503 5082 630 5122 nem
655 5066 992 5138 quandoque
1013 5063 1317 5135 perveniat.
1332 5068 1389 5118 et
1404 5080 1502 5134 spe
1518 5062 1604 5116 sui
1627 5062 1946 5117 Conditoris
1964 5081 2100 5134 gau-

502 5156 650 5211 deat.
695 5154 765 5209 Et
804 5152 948 5207 bene
992 5152 1126 5206 laeva
1156 5152 1312 5223 prius
1355 5152 1457 5206 sub
1508 5151 1707 5222 capite.
1744 5158 1871 5221 post
1907 5151 2098 5222 Sponsi

502 5245 732 5298 dextera
761 5257 884 5297 eam
916 5241 1294 5312 amplectitur,
1314 5241 1441 5311 quia
1465 5242 1532 5294 ad
1555 5240 1846 5309 amplexus
1877 5247 2099 5295 aeternae

503 5330 872 5385 beatitudinis
901 5345 1011 5383 non
1032 5330 1236 5400 poterit
1247 5329 1555 5399 pervenire.
1574 5329 1679 5382 nisi
1700 5328 1789 5382 hic
1807 5330 2099 5400 mysterio-

502 5435 629 5475 rum
659 5418 969 5473 coelestium
998 5423 1057 5472 et
1082 5418 1358 5473 donorum
1388 5416 1703 5472 divinorum
1724 5418 1950 5473 studeat
1972 5434 2095 5473 esse

500 5508 800 5583 particeps.

572 5614 604 5653 α
641 5597 856 5669 Adiuro
879 5612 996 5664 vos,
1024 5594 1153 5653 ﬁlia
1181 5596 1552 5663 Hierusalem.
1581 5613 1683 5668 per
1709 5611 1941 5668 capreas
1969 5611 2092 5651 cer-

2179 4444 2354 4506 dedit.
2389 4445 2520 4515 quia
2548 4445 2618 4498 de
2666 4446 2804 4499 cmlo
2851 4447 3004 4500 venit
3043 4446 3099 4499 in
3150 4454 3375 4501 uterum
3408 4447 3681 4517 Virginis.
3710 4444 3774 4498 de

2179 4541 2341 4588 utero
2357 4532 2608 4601 Virginis
2628 4534 2683 4586 in
2716 4550 2979 4604 praesepe.
2995 4534 3065 4588 de
3084 4535 3318 4605 praesepi
3340 4535 3394 4587 in
3419 4534 3781 4607 baptismum,

2179 4622 2249 4675 de
2290 4621 2570 4691 baptismo
2601 4622 2659 4675 in
2689 4638 2931 4683 crucem.
2978 4623 3048 4677 de
3096 4639 3259 4676 cruce
3310 4622 3379 4676 ad
3438 4624 3779 4694 sepulcrum,

2179 4710 2250 4765 de
2288 4710 2541 4780 sepulcro
2570 4709 2636 4763 ad
2671 4711 2892 4765 ccelum.
2929 4711 3070 4764 Hinc
3104 4711 3402 4765 Psalmista
3436 4730 3499 4765 ζα
3541 4712 3782 4766 Exsulta-

2181 4799 2257 4853 vit
2282 4805 2347 4853 ut
2371 4799 2531 4868 gigas
2564 4798 2631 4852 ad
2658 4799 3021 4861 currendum.
3048 4823 3073 4848 ιι
3107 4807 3211 4854 etc.

2257 4908 2278 4937 ε
2326 4888 2535 4941 Similis
2575 4893 2662 4941 est
2708 4887 2945 4941 dilectus
2993 4905 3151 4942 meus
3189 4905 3406 4959 caprea:
3434 4889 3785 4958 hinnuloque

2178 4992 2483 5031 cervorum.
2515 4994 2538 5026 ι
2564 4976 2792 5047 Capreae
2823 4984 2883 5042 et
2905 4977 3070 5037 cervi.
3105 4978 3357 5047 quamvis
3381 4979 3433 5032 in
3448 4996 3563 5032 sua
3585 4984 3788 5031 natura

2180 5065 2357 5118 multa
2382 5063 2480 5117 hat
2496 5072 2627 5117 eant
2648 5082 2773 5135 qua)
2795 5066 3108 5135 allegoricis
3130 5067 3389 5120 sensibus
3418 5067 3781 5128 conveniant,

2180 5152 2283 5207 hoc
2302 5151 2508 5206 habent
2528 5158 2715 5207 tamen
2732 5153 3192 5224 singulare.quod
3218 5154 3271 5207 in
3297 5154 3655 5224 planioribus
3677 5166 3785 5208 non

2180 5247 2493 5301 morantur,
2545 5240 2638 5295 sed
2672 5242 2728 5294 in
2762 5241 2953 5295 arduis
2984 5246 3041 5294 et
3069 5241 3300 5295 excelsis
3346 5241 3479 5295 locis
3513 5241 3789 5312 quosdam

2178 5331 2355 5384 saltus
2383 5329 2517 5383 dare
2539 5330 2739 5384 Solent.
2760 5331 2931 5384 Recte
2961 5346 3093 5399 ergo
3121 5330 3209 5382 his
3241 5330 3602 5383 assimilatur
3632 5327 3787 5384 Chri-

2176 5426 2316 5482 stus.
2352 5427 2579 5488 proliter
2621 5418 2884 5472 subtilem
2938 5417 3489 5488 contemplationem.
3540 5424 3603 5472 et
3656 5416 3787 5487 quia

2175 5506 2330 5562 nullo
2344 5506 2625 5561 intellectu
2638 5505 2942 5559 divinitatis
2961 5507 3081 5573 ejus
3100 5523 3186 5559 ma
3187 5507 3365 5575 jestas
3377 5503 3787 5575 comprehendi

2173 5601 2377 5667 potest.
2400 5595 2525 5650 Non
2541 5604 2730 5650 autem
2744 5597 2939 5663 cervis,
2953 5594 3052 5650 sed
3066 5593 3283 5667 capreis
3297 5592 3786 5661 assimilatur,mi-
