3970 6150
230 256 321 314 305

1142 264 1557 329 ENARRATIO
1601 268 1679 322 ΙΝ
1718 267 2036 322 ΟΑΝΤΙΟΑ
2075 268 2565 327 CANTICORUM.

3398 271 3503 332 306

226 380 449 436 naribus
476 384 735 440 videlicet
761 387 1159 444 animantibus.
1196 397 1425 460 prepter
1450 392 1888 451 humilitatemA
1910 397 2161 461 tempore
2207 391 2413 447 debent
2450 394 2625 448 sancti
2674 395 3067 479 praedicatores
3110 395 3308 450 divinae
3373 412 3504 452 con-

226 471 627 526 incarnationis
655 492 790 536 sua).
825 477 956 546 quia
990 494 1100 530 non
1132 479 1311 532 solum
1355 480 1523 532 homo
1551 480 1692 544 fieri,
1723 479 1817 533 sed

225 559 447 614 humilis
476 562 644 616 homo
660 564 783 617 ﬁeri
815 565 1081 635 dignatus
1096 573 1198 622 est.
1225 567 1471 621 Hinnulo
1497 576 1685 623 autem
1707 584 1822 621 cer-

226 664 405 701 vorum
438 650 642 703 similis
672 652 894 717 dicitur,
927 654 1059 724 quia
1082 656 1387 709 secundum
1410 657 1821 709 humanitatem

223 735 283 789 de
309 737 507 797 cervis.
536 738 641 791 hoc
673 747 776 800 est,
812 741 880 794 de
901 742 1235 812 patriarchis
1256 744 1416 798 duxit
1435 744 1820 815 originem;vel

223 823 381 877 etiam
409 836 642 897 prepter
672 829 997 885 varietatem
1027 832 1296 887 virtutum
1338 841 1395 887 et
1417 833 1812 899 innocentiam,

225 912 452 967 hinnulo
477 931 768 971 cervorum
801 927 1178 989 comparatur.
1217 944 1240 972 α
1274 922 1350 975 En
1391 922 1510 992 ipse
1540 928 1653 975 stat
1697 928 1820 992 post

221 1001 485 1070 parietem
516 1012 826 1058 nostrum.»
860 1007 1071 1072 Paries,
1095 1010 1345 1062 mortalis
1364 1016 1555 1062 nostra
1572 1010 1818 1064 conditio

221 1091 550 1158 appellatur,
586 1093 719 1163 quia
748 1096 1164 1164 quodammodo
1196 1099 1340 1151 inter
1385 1116 1485 1151 nos
1539 1105 1597 1153 et
1638 1100 1816 1153 Deum

222 1180 368 1249 quasi
409 1198 632 1236 crassus
660 1184 889 1254 quidam
922 1186 1105 1254 paries
1132 1188 1491 1251 constitutus,
1516 1205 1624 1243 non
1684 1206 1811 1259 per-

219 1266 378 1320 mittit
396 1286 498 1323 nos
530 1273 652 1339 ejus
679 1274 1152 1344 contemplatione
1176 1276 1403 1345 perfrui.
1433 1278 1686 1347 Namque
1703 1278 1812 1348 pri-

220 1371 334 1408 mus
366 1356 536 1411 homo
562 1357 637 1411 ita
670 1361 925 1414 conditus
946 1368 1049 1415 est.
1076 1372 1138 1415 ut
1161 1362 1370 1416 visione
1385 1365 1693 1434 etallo‘quio
1714 1364 1809 1419 Dei

217 1442 510 1511 frueretur;
545 1448 639 1501 sed
665 1458 959 1520 postquam
977 1451 1239 1521 peccavit,
1273 1453 1565 1523 appositus
1589 1460 1676 1506 est
1695 1453 1814 1523 qui-

216 1531 332 1584 dam
371 1536 576 1603 paries,
603 1536 725 1606 ipsa
743 1536 996 1592 videlicet
1024 1540 1352 1602 mortalitas,
1372 1558 1482 1610 qua
1506 1558 1813 1611 praegrava-

216 1635 351 1674 mur.
381 1622 524 1676 Nam
556 1629 646 1689 (ut
675 1626 908 1697 Sapiens
937 1628 1087 1695 dicit)
1116 1647 1139 1679 α
1174 1645 1373 1699 corpus
1395 1630 1541 1700 quod
1565 1646 1813 1688 corrum-

1903 485 2014 532 tem
2023 480 2255 549 plationi
2274 481 2550 539 insistere.
2571 487 2629 536 et
2646 489 2888 537 mentem
2902 500 3062 537 suam
3078 484 3290 538 rtelesti
3311 485 3500 555 quiete

1904 565 2169 621 oblectari
2195 586 2207 628 ;
2243 569 2354 623 alio
2374 586 2503 624 vero
2534 577 2786 641 tempore
2817 587 2916 638 per
2943 571 3275 625 charitatem
3294 572 3500 627 debent

1903 671 2095 710 curam
2130 657 2509 726 proximorum
2542 675 2728 727 agere,
2763 665 2821 712 et
2842 657 2923 711 eis
2954 658 3223 714 bonorum
3266 675 3498 731 operum

1903 744 2153 812 exempla
2185 744 2449 814 praebere,
2471 762 2536 800 ac
2554 746 2752 801 divinae
2778 746 3268 817 contemplationis
3296 747 3501 802 doctri-

1902 846 2035 884 nam
2070 831 2413 903 impendere.

1976 937 2004 971 c
2034 921 2158 974 Jam
2189 922 2336 975 enim
2363 922 2541 976 hiems
2570 924 2814 986 transiit,
2849 922 3030 977 imber
3056 922 3197 978 abiit
3224 931 3282 978 et
3318 941 3497 981 reces-

1901 1006 1991 1061 sit.
2033 1028 2055 1058 ι
2086 1008 2302 1063 Hiemis
2331 1016 2387 1063 et
2417 1011 2612 1065 imbris
2644 1012 2888 1074 nomine,
2922 1013 3198 1082 asperitas
3244 1013 3496 1068 inﬁdeli-

1898 1097 2032 1151 tatis
2056 1098 2407 1168 exprimitur,
2437 1116 2559 1169 qua?
2578 1106 2762 1154 totum
2784 1101 3054 1154 mundum
3074 1100 3304 1155 tenebat
3315 1119 3496 1174 usque

1894 1186 1963 1239 ad
1992 1186 2290 1240 adventum
2314 1187 2539 1242 Christi.
2567 1188 2715 1242 Dicit
2745 1205 2877 1258 ergo
2908 1205 3147 1259 sponsus
3176 1209 3187 1243 :
3232 1209 3253 1241 ι
3290 1192 3493 1261 Surge,

1893 1274 2074 1327 amica
2101 1291 2241 1339 mea,
2265 1280 2322 1345 et
2350 1276 2492 1338 veni,
2516 1277 2646 1346 quia
2669 1277 2847 1330 hiems
2865 1276 3111 1341 transiit,
3141 1297 3163 1327 ι
3188 1278 3304 1332 sole
3318 1280 3492 1348 justi-

1893 1362 1985 1416 tiae
2008 1372 2335 1434 apparente,
2369 1370 2426 1418 et
2446 1364 2628 1418 imber
2655 1365 3004 1418 infidelitatis
3033 1365 3282 1429 recessit,
3306 1383 3370 1420 ac
3398 1383 3491 1421 se-

1893 1451 2105 1505 renitas
2135 1468 2275 1506 verae
2296 1452 2422 1506 fidei
2455 1453 2511 1506 in
2545 1453 2816 1507 mundum
2850 1453 3215 1522 resplenduit.
3246 1454 3380 1509 Tale
3403 1459 3491 1510 est

1895 1538 2041 1609 quod
2070 1538 2375 1609 Apostolus
2394 1540 2501 1595 ait:
2548 1560 2569 1592 ι
2622 1541 2744 1595 Nox
2788 1540 3087 1611 praecessit,
3138 1541 3258 1597 dies
3298 1548 3491 1598 autem

1893 1628 2381 1698 appropinquavit.
2417 1651 2438 1676 ι

215 1710 360 1778 pitur
382 1719 655 1781 aggravat
682 1714 952 1774 animam,
985 1723 1043 1769 et
1064 1717 1329 1788 deprimit
1344 1726 1566 1772 terrena
1590 1705 1867 1772 inhabi-B
1966 1737 1986 1765 ι
2014 1716 2204 1770 Flores
2231 1724 2616 1788 apparuerunt
2642 1719 2699 1772 in
2721 1725 2875 1773 terra
2905 1724 3118 1783 nostra,
3136 1724 3362 1789 tempus
3382 1736 3490 1792 pu-

213 1798 339 1851 tatio
372 1816 603 1856 sensum
640 1803 818 1856 multa
864 1804 1224 1873 cogitantem.
1260 1825 1286 1855 ii
1346 1808 1626 1877 Sponsum
1675 1824 1808 1877 ergo

214 1902 387 1945 suum.
426 1905 595 1958 quem
626 1891 885 1960 superius
904 1893 1119 1962 capreis
1145 1894 1229 1946 vel
1257 1894 1503 1948 hinnulis
1518 1911 1807 1948 cervorum

215 1977 574 2045 comparavit,
605 1994 753 2031 nunc
778 1978 907 2032 dicit
943 1987 1068 2049 post
1116 1997 1278 2034 suum
1327 1983 1598 2052 parietem
1635 1990 1804 2049 stare,

213 2063 330 2131 quia
355 2064 942 2137 Christus'aliquando
962 2070 1174 2124 vicinus
1202 2073 1282 2131 ﬁt.
1299 2088 1427 2124 cum
1452 2088 1510 2125 se
1533 2081 1808 2141 quantum

211 2150 450 2206 humana
485 2170 643 2208 mens
664 2172 863 2225 capere
893 2164 1093 2228 potest.
1113 2160 1478 2230 contemplari
1510 2161 1803 2231 permittit;

212 2240 509 2313 aliquando
540 2260 670 2297 vero
695 2245 1006 2316 elongatur.
1033 2255 1090 2300 et
1112 2250 1268 2318 quasi
1291 2265 1493 2319 caprea
1513 2249 1596 2302 vel
1612 2265 1806 2303 cervus

214 2332 537 2400 quibusdam
569 2332 802 2387 saltibus
831 2334 1192 2405 elfugit.Quia
1213 2354 1345 2407 ergo
1367 2338 1552 2407 paries
1579 2338 1808 2408 opposi-

213 2426 291 2472 tus
319 2427 446 2473 erat
474 2421 626 2474 inter
652 2438 753 2475 nos
774 2430 828 2476 et
853 2441 1053 2494 ipsum,
1080 2441 1181 2478 nec
1201 2425 1385 2480 videre
1406 2426 1561 2479 illum
1589 2435 1805 2496 potera-

1890 1805 2392 1860 tationis’advenit.
2431 1826 2456 1859 ι
2492 1807 2676 1861 Finita
2706 1808 2889 1862 hieme
2914 1814 2972 1862 et
3000 1807 3180 1862 imbre
3202 1808 3368 1861 ﬂores
3392 1824 3490 1879 ap-

1892 1900 2217 1962 paruerunt,
2251 1896 2419 1949 decor
2446 1896 2701 1950 videlicet
2724 1897 2993 1950 virtutum
3022 1903 3078 1951 et
3110 1898 3410 1967 pudicitiae.
3432 1902 3493 1953 et

1891 1988 2220 2036 transeunte
2246 1984 2548 2054 asperitate
2577 1984 2947 2050 inﬁdelitatis,
2980 2001 3151 2040 verna
3192 1986 3323 2039 ﬁdei
3355 2002 3488 2041 suc-

1890 2071 2057 2124 cessit
2084 2073 2401 2143 temperies.
2438 2090 2465 2123 «
2514 2072 2754 2143 Tempas
2789 2073 3096 2144 putationis
3122 2074 3293 2139 venit,
3328 2093 3351 2125 ι
3382 2075 3489 2130 hoc

1890 2166 1977 2213 est
2005 2160 2710 2231 purgationis‘sanctorum
2764 2163 2988 2216 Putatio
3016 2162 3165 2216 enim
3196 2162 3488 2219 vinearum

1888 2256 2210 2303 sanctorum
2240 2248 2517 2318 signiﬁcat
2549 2250 2957 2319 purgationem,
2992 2265 3116 2321 quae
3162 2250 3221 2303 in
3261 2251 3484 2305 Christo

1888 2342 1946 2390 et
1977 2354 2076 2406 per
2103 2337 2384 2391 Christum
2414 2343 2525 2403 est;
2548 2337 2617 2391 de
2648 2354 2758 2407 quo
2787 2338 2903 2409 ipse
2928 2357 2939 2392 :
2971 2359 2992 2388 ι
3029 2339 3145 2409 Ego
3164 2356 3289 2393 sum
3330 2339 3479 2406 vitis,

1886 2442 1981 2479 vos
2009 2425 2287 2495 palmites.
2316 2445 2340 2476 ιι
2377 2445 2403 2476 ι
2433 2426 2550 2479 Vox
2574 2427 2814 2481 turturis
2853 2427 3048 2481 audita
3092 2433 3179 2482 est
3217 2428 3276 2482 in
3326 2433 3487 2483 terra

213 2524 339 2571 mus,
372 2509 648 2579 dignatus
678 2518 766 2564 est
791 2513 847 2564 in
877 2512 999 2581 ipso
1014 2513 1226 2583 pariete
1246 2513 1426 2568 facere
1446 2514 1722 2568 fenestras
1744 2521 1801 2568 et
1883 2520 2093 2566 nostra.
2133 2533 2156 2564 ι)
2191 2514 2307 2567 Hoc
2343 2520 2429 2568 est
2459 2531 2559 2567 vox
2601 2515 3022 2584 prmdicantium
3071 2516 3475 2586 apostolorum.

207 2598 490 2661 cancellos,
526 2615 627 2669 per
656 2616 794 2669 quos
824 2606 1109 2671 utcunque
1138 2603 1331 2656 sentiri
1363 2609 1647 2674 utcunque
1674 2619 1796 2674 per—
1878 2602 2091 2655 Turtur
2118 2602 2266 2655 enim
2296 2602 2507 2656 avisest
2534 2604 2898 2672 :etquoniam
2918 2604 2977 2658 in
2999 2603 3230 2657 excelsis
3253 2619 3477 2674 semper

204 2684 321 2755 spici
348 2685 556 2755 possit.
596 2686 754 2740 Unde
782 2694 838 2741 et
866 2689 1152 2758 sequitur:
1195 2707 1220 2741 α
1255 2690 1557 2759 respiciens
1590 2707 1687 2760 per
1712 2692 1792 2745 fe-
1874 2689 2169 2744 arboribus
2196 2692 2402 2744 morari
2432 2691 2573 2744 solet
2605 2699 2662 2744 et
2708 2691 3014 2756 nidiﬁcare,
3066 2692 3350 2761 apostolos
3386 2692 3473 2746 vel

203 2779 422 2834 uestras,
451 2775 804 2846 prospiciens
828 2792 926 2845 per
961 2778 1254 2831 cancellos.
1290 2795 1315 2829 υ
1349 2778 1521 2840 Quasi
1550 2779 1700 2832 enim
1718 2779 1792 2832 fe-
1873 2789 2103 2833 caeteros
2122 2779 2376 2833 doctores
2391 2779 2687 2849 signiﬁcat,
2707 2780 2801 2850 qui
2826 2785 3060 2850 possunt
3078 2779 3293 2834 dicere:
3316 2797 3343 2832 α
3363 2780 3476 2834 Νο-

201 2870 383 2918 uestrae
415 2871 481 2918 et
519 2864 752 2917 cancelli
804 2864 861 2917 in
917 2866 1129 2935 pariete
1159 2866 1319 2925 ﬁunt,
1356 2883 1481 2920 cum
1530 2867 1647 2937 ipse
1688 2884 1791 2922 sua
1872 2873 1987 2921 stra
2017 2867 2437 2920 conversatioin
2457 2867 2610 2920 caelis
2629 2875 2730 2921 est.
2760 2886 2784 2919 ii
2811 2867 2971 2932 Quod
2995 2869 3167 2922 etiam
3185 2869 3466 2938 gemitum

201 2953 366 3019 gratia
395 2969 462 3007 se
498 2953 869 3022 contemplari
897 2954 1191 3024 permittit.
1235 2954 1367 3009 licet
1394 2956 1451 3009 in
1480 2957 1703 3026 Speculo
1733 2964 1790 3011 et
1810 3014 1849 3028 ﬂ
1874 2973 1973 3026 pro
2001 2962 2169 3010 cantu
2190 2955 2375 3015 habet.
2410 2963 2731 3010 sanctorum
2756 2956 3035 3027 ploratum
3060 2956 3489 3028 signiﬁcatquir

199 3014 505 3110 aenigmate.
540 3014 745 3096 Potest
764 3048 821 3096 et
842 3014 943 3095 hoc
972 3044 1118 3113 quod
1141 3044 1293 3104 dicit,
1327 3062 1351 3095 ι
1380 3014 1637 3115 Ιρδέειδι
1663 3053 1788 3115 post
1807 3014 1850 3072 δ
1869 3014 2001 3098 suos
2049 3044 2116 3098 ad
2182 3045 2374 3098 ﬂetum
2425 3052 2484 3098 et
2546 3014 2793 3099 lamenta
2822 3014 3146 3107 hortantur:
3174 3014 3461 3100 dicentes:

202 3130 457 3197 parietem
494 3138 774 3193 nostrum,
810 3150 835 3183 »
868 3132 934 3184 ad
971 3131 1377 3185 humanitatem
1410 3133 1530 3201 ejus
1559 3132 1780 3198 referri;

199 3219 338 3287 quasi
367 3221 522 3273 enim
550 3226 678 3290 post
708 3220 978 3289 parietem
1010 3230 1263 3274 nostrum
1296 3220 1470 3283 stetit,
1503 3237 1629 3274 cum
1657 3238 1783 3274 car-

196 3321 309 3360 nem
335 3316 596 3362 nostram
627 3308 735 3361 sibi
773 3309 1050 3379 apposuit,
1086 3311 1143 3361 in
1190 3325 1299 3379 qua
1343 3309 1609 3362 divinitas
1659 3311 1782 3377 ejus

195 3393 361 3451 latuit.
395 3397 564 3460 Quod
598 3402 727 3450 vero
755 3398 1036 3468 sequitur:
1071 3418 1092 3448 ι
1117 3398 1420 3467 respiciens
1478 3414 1575 3467 per
1628 3398 1783 3451 fene-

196 3489 343 3543 stras.
375 3486 733 3557 prospiciens
754 3502 851 3556 per
867 3486 1160 3549 cancellos,
1185 3507 1203 3534 ι
1222 3487 1325 3539 hoc
1343 3487 1414 3539 ad
1436 3486 1784 3540 divinitatem

196 3571 301 3639 ejus
324 3574 593 3628 refertur.
616 3573 721 3627 Ille
750 3575 898 3627 enim
925 3575 1019 3645 qui
1049 3592 1148 3645 per
1170 3574 1445 3628 fenestras
1467 3576 1549 3628 vel
1574 3576 1788 3628 cancel-

194 3659 266 3713 los
290 3662 570 3722 intuetur.
598 3670 799 3717 cuncta
827 3680 950 3733 qua:
977 3664 1112 3716 foris
1133 3670 1381 3733 aguntur
1410 3663 1575 3723 videt.
1596 3664 1787 3734 etipse

198 3762 226 3800 a
250 3754 469 3806 nemine
506 3752 745 3811 videtur,
781 3758 837 3806 et
867 3752 1055 3806 omnia
1084 3760 1385 3816 scrutatur,
1422 3753 1785 3823 ipseinvesti-

195 3840 298 3905 gari
327 3848 383 3895 et
408 3841 818 3911 comprehendi
847 3857 955 3894 non
991 3848 1187 3909 potest.

260 3951 279 3974 ι
311 3929 377 3983 Et
395 3930 644 3983 dilectus
676 3946 833 3983 meus
863 3930 1112 3999 loquitur
1135 3930 1292 3993 mihi,
1320 3948 1346 3983 ιο
1380 3931 1448 3984 ad
1481 3931 1784 4002 praedican-

192 4015 307 4070 dum
335 4019 606 4072 hortatur
635 4035 742 4082 me,
776 4018 968 4072 dicens
993 4038 1006 4072 :
1034 4039 1056 4069 ι
1094 4020 1291 4089 Surge,
1327 4020 1781 4090 propera,amica

194 4119 323 4164 mea.
352 4108 623 4161 columba
662 4124 805 4171 mea,
845 4108 1093 4161 formosa
1126 4124 1269 4165 mea.
1303 4115 1360 4162 et
1397 4109 1539 4162 veni.
1576 4127 1603 4161 vo
1668 4109 1779 4162 Vox

192 4196 365 4261 sponsi
395 4198 467 4249 ad
503 4196 743 4268 publieae
768 4197 1112 4267 Operationis
1163 4196 1350 4251 studia
1402 4198 1774 4267 provocantis.

197 4297 219 4329 α
238 4282 427 4353 Surge,
444 4302 711 4355 prapera,
734 4284 915 4338 amica
933 4302 1074 4347 mea,
1101 4307 1123 4335 ››
1148 4302 1247 4355 per
1274 4286 1437 4338 fidem
1452 4293 1509 4338 et
1527 4285 1778 4339 dilectio-

1872 3152 1895 3182 α
1927 3133 2109 3186 Miseri
2141 3139 2318 3186 estote
2348 3140 2404 3186 et
2429 3134 2632 3204 lugete,
2668 3152 2693 3185 ι
2726 3134 2828 3191 vel.
2886 3153 2908 3184 α
2957 3134 3139 3188 luctus
3188 3139 3372 3188 vester
3406 3133 3469 3190 in

1863 3222 2132 3290 gaudium
2155 3227 2525 3275 convertetur.
2554 3241 2580 3273 ι
2624 3223 2738 3276 Vox
2766 3222 3006 3277 turturis
3035 3222 3230 3277 audita
3276 3230 3363 3276 est
3403 3222 3467 3277 in

1865 3317 2014 3363 terra
2040 3317 2268 3375 nostra;
2296 3310 2349 3363 id
2382 3317 2468 3363 est
2496 3326 2594 3363 vox
2625 3311 3047 3381 praedicantium
3076 3311 3466 3379 apostolorum

1870 3399 1926 3452 in
1948 3407 2098 3452 terra
2113 3399 2436 3463 nostra,hoc
2455 3405 2539 3452 est
2561 3399 2617 3453 in
2641 3399 2897 3454 Ecclesia.
2910 3400 2987 3454 De
3010 3416 3123 3471 qua
3141 3399 3462 3456 Psalmista:

1872 3503 1899 3539 α
1934 3487 2257 3541 Dominiest
2283 3493 2437 3541 terra
2463 3494 2520 3540 et
2549 3487 2840 3557 plenitudo
2878 3490 3019 3558 ejus.
3058 3508 3082 3541 ι

1944 3596 1966 3626 ι
2002 3576 2164 3629 Ficus
2203 3576 2435 3646 protulit
2453 3592 2678 3645 grossos
2707 3593 2856 3630 suos.
2873 3596 2893 3627 ι
2919 3577 3081 3631 Ficus
3102 3577 3459 3649 Synagogam

1867 3663 2163 3734 significat.
2192 3665 2372 3734 grossi
2398 3672 2585 3718 autem
2628 3665 2895 3719 dicuntur
2935 3665 3227 3736 primitivae
3255 3672 3313 3719 et
3357 3666 3462 3721 im-

1870 3760 2102 3806 maturae
2129 3753 2285 3818 ficus,
2319 3753 2597 3807 inhabiles
2625 3754 2694 3807 ad
2724 3753 3212 3825 edendum,quiad
3236 3755 3461 3825 pulsum

1867 3843 2014 3895 venti
2050 3842 2207 3894 facile
2236 3842 2460 3895 cadunt.
2501 3841 2646 3895 Voce
2688 3843 2928 3896 turturis
2971 3842 3285 3903 insonante.
3320 3844 3461 3899 ﬁcus

1868 3930 2100 4000 protulit
2125 3946 2349 3999 grossos
2378 3946 2529 3993 suos,
2564 3931 2697 3999 quia
2718 3930 2986 4000 apostolis
3027 3930 3460 4000 praedicantibus

1864 4025 2215 4072 emerserunt
2253 4018 2415 4071 multi
2440 4017 2509 4070 de
2536 4020 2832 4088 Synagoga
2873 4016 3222 4082 Judteorum,
3265 4019 3361 4090 qui
3401 4019 3461 4073 in

1862 4107 2147 4161 Christum
2179 4106 2491 4165 crederent.
2522 4114 2580 4160 et
2608 4114 2794 4160 tamen
2818 4107 2997 4177 legem
3028 4096 3331 4161 carnaliter
3356 4108 3460 4162 ob-

1861 4212 2081 4250 servare
2112 4196 2334 4258 vellent,
2361 4196 2651 4266 magisque
2680 4196 3014 4249 auctoritate
3036 4194 3177 4265 legis
3208 4195 3455 4251 delecta-

1863 4293 2058 4339 rentur
2085 4301 2252 4355 quam
2283 4284 2576 4338 dulcedine
2608 4284 2913 4355 Evangelii.
2948 4284 3194 4339 volentes
3222 4285 3457 4341 circum-

195 4385 337 4435 nem;
369 4393 395 4423 α
424 4374 693 4427 columba
716 4390 858 4431 mea,
890 4394 910 4423 ι
946 4392 1048 4444 per
1073 4374 1448 4428 innocentiam
1486 4384 1541 4427 et
1557 4375 1777 4444 simpli-
1798 4363 2143 4435 Dcisionem,
2174 4373 2467 4426 sabbatum
2494 4379 2551 4426 et
2587 4372 2699 4426 alia
2729 4373 2867 4443 legis
2887 4379 3160 4444 prtecepta
3177 4375 3339 4444 juxta
3359 4374 3457 4429 lit-

194 4459 402 4515 citatem
429 4481 445 4525 ;
484 4481 513 4515 α
546 4463 836 4516 formosa:
866 4480 963 4533 per
981 4463 1246 4517 virtutum
1286 4463 1776 4533 pulchritudinem,

192 4546 380 4604 festina
411 4571 437 4601 α
472 4559 534 4606 et
568 4552 745 4605 veni.»
770 4554 849 4605 Ac
870 4552 917 4605 si
937 4552 1148 4605 diceret
1171 4569 1181 4599 :
1202 4553 1382 4621 Surge
1402 4551 1471 4605 de
1492 4559 1669 4606 strato
1683 4561 1780 4606 tuo

193 4634 277 4691 illo
303 4641 656 4703 dulcissimo,
692 4641 794 4695 hoc
825 4646 909 4694 est
936 4641 1005 4694 de
1037 4640 1243 4711 quiete,
1280 4641 1335 4694 in
1367 4657 1480 4712 qua
1515 4641 1616 4695 soli
1644 4641 1779 4694 mihi

190 4726 393 4793 placere
422 4731 482 4782 in
511 4729 1000 4800 psalmis,hymnis
1022 4736 1079 4783 et
1097 4729 1442 4782 orationibus
1472 4729 1776 4791 desideras,

190 4813 375 4869 festina
409 4838 431 4869 ι
473 4826 536 4871 et
552 4818 696 4877 veni,
741 4838 768 4869 ι)
801 4818 855 4871 id
895 4825 981 4871 est
1006 4818 1211 4871 festina
1240 4819 1541 4871 utilitatem
1594 4818 1779 4888 proxi-

193 4918 416 4969 morum,
451 4914 521 4960 ut
550 4907 674 4960 illos
704 4923 926 4977 quoque
959 4924 1057 4977 per
1088 4907 1500 4977 praedicationis
1534 4907 1777 4961 officium

189 5000 237 5044 et
257 4992 533 5049 honorum
564 5013 794 5066 operum
827 4997 1078 5067 exemplo
1101 4996 1183 5049 tui
1235 4996 1541 5049 imitatores
1582 4996 1773 5059 facias,

189 5087 236 5133 et
261 5083 324 5136 ad
355 5085 604 5138 salutem
632 5085 918 5154 perducas.
934 5086 995 5139 Et
1020 5085 1327 5139 notandum
1351 5085 1499 5156 quod
1520 5085 1778 5156 superius

191 5170 319 5224 ﬁlias
351 5173 709 5226 Hierusalem
721 5174 787 5226 ad
790 5174 1020 5239 jurabat
1034 5190 1104 5227 ne
1128 5174 1443 5228 excitarent
1463 5191 1642 5245 neque
1663 5175 1778 5228 evi-

192 5258 351 5326 gilare
373 5263 633 5315 tacerent
658 5262 918 5315 dilectam
943 5276 955 5310 :
989 5262 1073 5316 hic
1098 5279 1227 5316 vero
1251 5263 1368 5333 ipse
1394 5280 1517 5316 eam
1546 5263 1779 5316 suscitat

1862 4469 2043 4517 teram
2073 4462 2387 4516 observare.
2408 4462 2485 4515 De
2506 4462 2709 4532 quibus
2725 4463 3025 4533 Apostolus
3044 4462 3212 4516 dicit:
3246 4462 3460 4518 Emu-

1865 4551 2054 4604 lantur
2075 4567 2166 4603 vos
2192 4565 2300 4603 non
2334 4549 2472 4603 bene
2525 4550 2622 4603 sed
2667 4550 2863 4604 volunt
2893 4566 2986 4603 vos
3016 4550 3360 4614 circumcidi,
3393 4555 3459 4604 ut

1863 4638 1920 4693 in
1949 4655 2118 4693 carne
2144 4644 2328 4692 vestra
2359 4637 2698 4708 glorientur.
2737 4657 2764 4690 α
2812 4638 3003 4691 Vineae
3048 4638 3313 4691 ﬂorentes
3362 4638 3458 4691 de-

1863 4727 2069 4781 derunt
2094 4728 2341 4781 odorem.
2378 4749 2399 4777 ι
2440 4726 2744 4797 Postquam
2762 4741 2863 4779 vox
2876 4724 3117 4779 turturis
3135 4724 3328 4778 audita
3349 4731 3453 4791 est,

1863 4823 2158 4887 postquam
2182 4817 2319 4870 ficus
2348 4815 2581 4887 protulit
2599 4830 2823 4882 grossos
2840 4813 3171 4870 suos.vineze
3192 4814 3456 4868 ﬂorentes

1862 4906 2139 4959 dederunt
2158 4906 2386 4958 odorem
2415 4922 2428 4969 ;
2457 4903 2591 4971 quia
2621 4902 2923 4956 multitudo
2957 4902 3325 4956 Ecclesiarum
3357 4918 3459 4974 per

1857 4994 2212 5048 latitudinem
2242 4992 2393 5046 orbis
2421 4991 2623 5045 ditiusa
2643 4997 2746 5047 est.
2773 5006 2896 5061 quae
2914 4992 3081 5045 flores
3110 4991 3380 5046 virtutum
3401 4996 3461 5046 et

1860 5084 2086 5137 odorem
2140 5082 2297 5135 bona)
2352 5079 2630 5150 opinionis
2684 5079 2795 5133 late
2867 5079 2937 5133 de
2994 5096 3053 5134 se
3107 5087 3457 5151 spargerent,

1863 5190 1889 5224 α
1926 5173 2122 5241 Surge,
2157 5186 2412 5241 propera,
2445 5168 2627 5222 amica
2661 5185 2802 5229 mea,
2840 5169 3091 5239 speciosa
3114 5186 3259 5234 mea,
3294 5177 3353 5225 et
3375 5187 3465 5225 ve-

1859 5262 1935 5314 ni.
1976 5280 1997 5310 ι
2036 5261 2161 5314 Noli
2186 5258 2653 5329 (inquit),sponsa
2681 5273 2999 5328 mea,quam
3021 5258 3157 5312 mihi
3177 5275 3277 5330 per
3292 5259 3463 5314 ﬁdem

196 5354 242 5400 et
273 5366 503 5419 surgere
536 5351 608 5402 ad
637 5350 882 5404 laborem
908 5351 1181 5405 hortatur.
1203 5351 1334 5421 quia
1353 5352 1541 5405 omnia
1562 5358 1784 5421 tempus
1867 5358 1924 5402 et
1951 5349 2307 5403 dilectionem
2351 5347 2589 5400 amicam
2619 5346 2744 5407 feci,
2778 5346 2956 5401 otioso
2991 5351 3246 5417 tempore
3282 5347 3465 5401 lente-

196 5434 406 5492 habent.
430 5444 489 5491 et
532 5440 688 5493 omni
725 5439 807 5493 rei
838 5451 1061 5510 tempus
1104 5447 1189 5493 est
1227 5438 1330 5494 sub
1372 5440 1530 5501 ctrio,
1566 5448 1785 5510 tempus
1868 5454 2039 5497 scere,
2074 5436 2169 5489 sed
2202 5451 2370 5505 surge
2398 5442 2456 5489 et
2485 5434 2630 5500 veni,
2660 5441 2718 5489 et
2754 5435 3011 5506 exempla
3039 5434 3309 5490 virtutum
3329 5432 3464 5493 toris

200 5528 704 5602 contemplationis,
736 5534 959 5601 tempus
989 5529 1161 5584 etiam
1191 5527 1448 5583 actionis.
1493 5528 1610 5582 Alio
1636 5527 1786 5582 enim
1869 5524 2136 5596 proximis
2164 5524 2415 5580 ostende.
