3926 6164
442 217 550 305 307

861 221 1244 277 HAYMONIS
1282 222 1773 313 HALBE'ESTAT.
1815 224 2049 283 EPISC.
2091 224 2251 295 OPP.
2295 228 2482 289 PARS
2517 228 2559 284 Ι.
2605 258 2671 271 -
2711 229 3084 289 COMMENT.
3121 230 3306 291 BIBL.

3615 230 3719 291 308

522 365 550 401 α
584 345 857 402 Columba
886 364 1033 413 mea,
1065 347 1122 402 in
1152 348 1524 429 foraminibus
1545 356 1736 430 petra.
1760 352 1858 407 nSi
1886 355 2103 423 petraA
2122 354 2286 408 modo
2314 354 2449 409 dicit
2490 354 2872 425 singulariter.
2906 370 2932 405 ι
2990 354 3150 431 vinea
3191 361 3386 431 nostra
3441 356 3659 425 floruit,
3691 375 3715 406 ι

450 445 542 495 est
568 440 841 497 Christus.
869 441 1030 510 juxta
1060 422 1215 515 quod.
1237 422 1662 515 Apostolusait,
1701 465 1723 496 ι
1750 422 1917 498 Petra
1937 461 2039 499 au-

446 534 565 584 tem
595 526 717 584 erat
746 529 1019 588 Christus.
1055 549 1081 582 ν
1118 529 1393 585 foramina
1420 538 1592 602 petra
1634 540 1767 587 sunt
1796 534 2043 587 vulnera

452 635 576 693 qua
598 635 699 690 pro
730 618 911 691 salute
939 624 1134 673 nostra
1164 619 1222 672 in
1252 636 1414 675 cruce
1444 622 1707 693 suscepit.
1740 623 1928 675 ﬁxura
1961 621 2040 674 vi-

450 704 653 769 delicet
672 708 953 762 clavorum
988 714 1045 762 et
1073 708 1279 764 lancea
1306 726 1657 781 peri-assure;
1689 712 1752 766 In
1779 702 1866 765 his
1910 727 2043 781 ergo

444 795 815 852 foraminibus
842 796 1117 862 columba,
1142 798 1198 850 id
1228 804 1312 851 est
1339 799 1601 855 Ecclesia.
1636 800 2047 869 moratur,quia

448 890 628 961 totam
654 900 810 957 spem
841 885 1039 938 salutis
1063 902 1178 939 sua
1201 886 1258 939 in
1278 887 1633 959 passionesui
1654 888 2044 958 Redemptoris

450 974 745 1047 constituit
802 973 885 1029 Ibi
936 973 1005 1027 ab
1041 974 1262 1028 insidiis
1311 975 1687 1046 malignorum
1740 977 2042 1048 spirituum

452 1063 613 1136 quasi
640 1079 674 1116 a
702 1069 869 1133 raptu
899 1063 1178 1133 accipitris
1209 1079 1407 1117 secura
1435 1064 1715 1118 delitescit
1745 1106 1757 1132 ,
1791 1064 1865 1118 ibi
1895 1065 2043 1118 nidi-

349 1171 359 1181 ·
447 1154 598 1225 ficat,
628 1152 683 1206 id
715 1160 802 1205 est
831 1152 977 1205 fetus
1001 1151 1281 1204 bonorum
1300 1148 1532 1222 operum
1574 1153 1843 1223 congerit.
1898 1170 1924 1203 α
1974 1154 2039 1207 In

446 1258 686 1297 caverna
715 1241 987 1295 maceria.
1024 1260 1046 1291 ι
1092 1239 1350 1294 Maceria
1380 1258 1443 1295 ex
1476 1242 1633 1295 siccis
1671 1242 1949 1313 lapidibus
1970 1243 2040 1296 ad

446 1331 805 1385 munimenta
832 1328 1122 1397 vinearum
1161 1328 1340 1382 solent
1409 1330 1549 1394 ﬁeri,
1585 1331 1652 1401 ad
1695 1330 2041 1401 repellendas

448 1419 646 1487 vulpes
668 1418 749 1470 vel
778 1423 1007 1470 cateras
1036 1416 1257 1470 nocivas
1291 1417 1573 1472 bestiolas.
1609 1420 1716 1473 Per
1745 1421 2040 1474 maceriam

2124 443 2255 517 quia
2284 460 2350 496 ex
2377 444 2568 497 multis
2601 444 2856 496 Ecclesiis
2885 459 2999 497 una
3025 451 3111 497 est
3134 428 3316 519 electa
3346 428 3612 500 Ecclesia.

2197 550 2221 584 α
2256 532 2503 586 Dilectus
2530 548 2686 585 meus
2709 531 2866 593 mihi,
2900 538 2955 585 et
2988 548 3093 603 ego
3117 532 3220 609 illi.
3246 532 3341 607 qui
3365 533 3617 605 pascitur
3646 534 3727 587 in-

2124 625 2211 675 ter
2240 620 2559 685 lilia,donec
2587 620 2797 691 aspiret
2829 620 2970 685 dies,
2996 620 3410 675 etinclinentur
3428 620 3664 695 umbrae.
3689 639 3717 675 ι

2124 710 2240 762 Vox
2263 726 2503 780 sponsa,
2532 729 2556 759 α
2581 709 2818 763 dilectus
2848 725 3005 762 meus
3035 710 3193 775 mihi,
3232 730 3254 760 ι
3288 709 3530 781 subaudi
3548 711 3727 765 socie-

2124 803 2221 851 tur
2247 798 2468 851 vinculo
2488 798 2777 851 charitatis
2792 804 2848 851 et
2866 798 3159 874 amoris.et
3173 815 3277 867 ego
3304 798 3384 852 illi
3410 800 3729 869 conjungar

2128 896 2184 941 et
2202 887 2488 940 consocier
2521 886 2897 940 vicissitudine
2910 894 3118 940 mutua
3138 882 3476 941 dilectionis.
3506 885 3576 943 Et
3600 888 3730 942 edi-

2125 970 2303 1049 lectus
2333 991 2509 1038 meus,
2545 992 2570 1027 »
2601 974 2869 1029 subaudis
2892 974 2989 1028 det
3014 970 3187 1029 verba
3215 976 3638 1030 exhortationis
3676 984 3733 1031 et

2124 1062 2321 1116 divina
2349 1062 2753 1133 promissionis,
2780 1082 2805 1115 α
2839 1069 2894 1116 et
2925 1080 3048 1134 ego,
3084 1083 3105 1115 ι
3133 1063 3399 1117 subaudis
3430 1065 3736 1119 ostendam

2121 1151 2201 1204 illi
2229 1151 2424 1204 faciem
2456 1168 2657 1204 meam.
2696 1152 2792 1204 Vel
2818 1152 2986 1204 etiam
3010 1152 3247 1206 dilectus
3270 1169 3431 1206 meus
3456 1141 3740 1223 dignetur

2123 1239 2260 1292 mihi
2288 1240 2548 1311 conjungi
2578 1240 2797 1311 glutino
2826 1241 3134 1301 charitatis,
3162 1247 3218 1293 et
3247 1258 3351 1310 ego
3383 1241 3463 1294 illi
3489 1242 3734 1310 conjun-

2120 1344 2225 1397 gar
2243 1328 2463 1381 vinculo
2475 1329 2656 1398 digna
2673 1328 3424 1399 obedientia,obtemperans
3436 1328 3741 1401 praeeptis

2124 1416 2243 1486 ejus
2273 1418 2365 1488 qui
2399 1416 2643 1487 pascitur
2672 1417 2818 1470 inter
2847 1417 2983 1477 lilia,
3017 1417 3122 1471 hoc
3174 1424 3259 1472 est
3314 1417 3643 1471 delectatur
3686 1423 3743 1472 et

451 1523 587 1576 ergo
607 1506 956 1575 significatur
969 1506 1276 1560 caelestium
1292 1507 1546 1561 custodia
1567 1508 1853 1569 virtutum,
1878 1525 2045 1578 ange-
2118 1506 2461 1574 jucundatur
2490 1506 2637 1559 inter
2654 1506 2921 1559 candidas
2941 1513 2997 1559 et
3020 1506 3328 1559 odoriferas
3345 1506 3594 1561 virtutes
3616 1522 3742 1560 san~

448 1595 618 1649 licum
651 1595 903 1647 videlicet
931 1595 1273 1664 prasidium.
1326 1596 1468 1649 sicut
1499 1597 1671 1650 Isaias
1704 1596 1773 1650 de
1820 1597 2043 1651 Domini

2126 1599 2364 1647 ctorum.
2400 1592 2465 1648 Et
2496 1595 2802 1648 notandum
2826 1595 2972 1664 quod
2999 1595 3257 1664 snperius
3290 1613 3315 1646 ι
3348 1594 3539 1648 lilium
3568 1613 3601 1647 ι
3628 1595 3742 1647 sin-

449 1683 611 1738 vinea
630 1682 743 1736 ait:
771 1699 796 1733 α
817 1683 884 1736 Et
910 1683 1207 1737 maceriam
1229 1668 2397 1752 circumdeditetcircumfoditBgulariter
2422 1682 2645 1748 dicitur,
2677 1682 2769 1737 hic
2796 1699 2925 1736 vero
2953 1683 3245 1754 pluraliter
3295 1700 3321 1735 α
3360 1683 3503 1747 lilia,
3544 1707 3565 1729 ι
3603 1682 3743 1755 quia

448 1772 689 1826 vineam.
719 1790 744 1841 in
768 1772 831 1826 In
860 1788 1096 1825 caverna
1128 1788 1261 1841 ergo
1308 1774 1561 1827 maceria
1608 1782 1880 1837 moratur,
1913 1774 2045 1845 quia

448 1856 1067 1932 prasidio'angelorum
1091 1861 1762 1932 undique-circumdatur,
1791 1869 1890 1916 eta
1917 1869 2044 1917 ten-

449 1949 762 2007 tationibus
791 1944 994 2003 diaboli
1024 1951 1392 2005 custoditum:
1418 1951 1663 2006 Ostende
1679 1953 1813 2006 mihi
1844 1952 2042 2006 faciem

450 2042 629 2099 tuam.
663 2047 826 2092 sonet
856 2055 956 2093 vox
986 2048 1081 2092 tua
1113 2040 1167 2092 in
1197 2039 1433 2094 auribus
1456 2040 1615 2106 meis,
1652 2042 1784 2110 quia
1818 2058 1918 2095 vox
1945 2049 2044 2095 tua

450 2127 650 2200 dulcis,
681 2134 737 2181 et
775 2127 941 2181 facies
974 2134 1070 2181 tua
1114 2128 1389 2196 decora.»
1431 2129 1514 2182 Tu
1559 2129 1794 2199 (inquit)
1839 2130 2044 2183 dilecta

448 2231 599 2285 mea,
634 2232 757 2286 qua
777 2216 843 2268 in
862 2215 1004 2269 lecto
1033 2216 1521 2287 contemplationis
1540 2217 1863 2271 dulcissime
1884 2218 2044 2288 quie-

446 2305 578 2370 scis,
611 2305 736 2359 veni
765 2312 822 2359 et
840 2304 1071 2358 ostende
1103 2304 1240 2358 mihi
1266 2303 1462 2357 faciem
1487 2313 1640 2359 tuam
1673 2325 1684 2359 :
1709 2306 1765 2359 id
1796 2313 1881 2360 est
1899 2324 1933 2359 a
1954 2323 2041 2360 se-

448 2399 603 2449 creto
632 2393 837 2464 quietis
866 2393 1132 2464 egredere
1153 2393 1222 2459 ad
1244 2392 1520 2464 publicam
1544 2395 1905 2458 actionem,et
1927 2396 2045 2465 pul-

449 2482 827 2538 chritudinem
844 2482 1118 2536 bonorum
1132 2499 1363 2553 operum
1389 2488 1614 2536 tuorum
1634 2483 1757 2537 aliis
1778 2484 1846 2536 ad
1864 2500 2044 2537 exem-

448 2571 607 2644 plum
629 2572 972 2627 demonstra.
1002 2592 1025 2619 ι
1050 2572 1296 2626 Ostende
1310 2572 1445 2625 mihi
1473 2593 1499 2623 υ
1524 2572 1683 2626 dicit:
1710 2574 1868 2642 quasi
1892 2572 2041 2626 enim

449 2660 567 2716 Deo
595 2661 792 2715 faciem
823 2676 985 2714 suam
1027 2661 1276 2715 ostendit
1323 2660 1585 2723 Ecclesia,
1609 2678 1735 2715 cum
1776 2661 2043 2731 proximis

451 2750 523 2807 ad
536 2742 839 2805 utilitatem
860 2756 920 2803 et
937 2750 1246 2820 profectum
1268 2765 1368 2820 per
1383 2749 1652 2803 virtutum
1672 2766 2044 2820 opera,quan-

447 2843 566 2907 tam
585 2839 927 2893 intrinsecus
948 2838 1152 2892 habeat
1170 2837 2037 2907 pulchritudinem.demonstrat.

449 2928 573 2995 Hoc
598 2934 684 2981 est
703 2926 853 2993 quod
888 2927 1157 2980 Dominus
1172 2926 1374 2979 dicitin
1397 2926 1711 2996 Evangelia,
1738 2945 1763 2979 ι
1794 2924 2043 2979 Videant

452 3031 627 3087 opera
654 3013 1080 3075 vestrabona,et
1094 3013 1409 3083 glorificent
1430 3014 1652 3067 Patrem
1677 3019 1922 3067 vestrum
1946 3013 2042 3084 qui

450 3102 691 3158 incalis
723 3108 828 3157 est.
861 3121 885 3153 ι
913 3119 937 3153 σ
973 3105 1147 3165 Sonet
1176 3118 1274 3155 vox
1304 3110 1403 3154 tua
1446 3101 1505 3155 in
1545 3102 1777 3155 auribus
1823 3102 1978 3154 meis.
2012 3120 2040 3152 ι

447 3190 570 3245 Vox
618 3188 874 3243 videlicet
902 3188 1315 3259 pradicationis
1340 3189 1428 3241 vel
1458 3189 1655 3242 divinae
1701 3189 1902 3251 laudis,
1937 3205 2048 3259 qua

448 3279 594 3334 alios
621 3278 793 3333 facias
821 3278 1110 3348 proficere.
1144 3278 1207 3331 In
1241 3277 1470 3331 auribus
1495 3277 1647 3329 enim
1695 3278 1916 3331 Domini
1946 3295 2047 3332 vox

450 3366 716 3423 Ecclesia
735 3370 1051 3431 sonat,cum
1072 3381 1172 3435 per
1190 3364 1641 3435 praedicationem
1659 3380 1724 3417 ex
1743 3365 2046 3420 multorum

447 3455 811 3511 conversione
835 3454 1146 3507 delectatur
1192 3453 1365 3507 Deus.
1407 3451 1560 3505 Bene
1616 3458 1806 3506 autem
1863 3453 2042 3509 dicit:

456 3563 481 3597 ι
516 3544 764 3600 Ostende
793 3544 930 3597 mihi
952 3543 1153 3599 faciem
1183 3548 1397 3605 tuam,»
1421 3547 1589 3609 etvox
1607 3546 1702 3595 tua
1718 3558 1827 3595 non
1840 3541 2042 3604 aliena;

449 3637 611 3701 tuam
641 3614 900 3686 videlicet
935 3630 1131 3684 faciem
1168 3629 1308 3683 mihi
1338 3628 1591 3689 ostende,
1623 3646 1792 3699 quam
1839 3630 1896 3683 in
1944 3629 2043 3683 ba-

447 3720 657 3792 ptismo
680 3718 783 3792 tibi
812 3719 960 3785 dedi,
993 3712 1218 3789 quando
1249 3717 1515 3772 mundavi
1539 3723 1595 3772 te
1634 3716 1704 3771 ab
1734 3718 1885 3772 omni
1915 3734 2045 3790 pec-

450 3789 597 3867 cato.
633 3829 661 3863 ι
695 3789 812 3877 Vox
841 3802 958 3869 tua,
994 3808 1146 3877 dicit,
1179 3808 1238 3862 in
1267 3807 1496 3861 auribus
1526 3808 1666 3861 meis
1692 3813 1871 3862 sonet.
1909 3789 1933 3859 ἰ
1984 3814 2049 3863 ut

449 3915 519 3965 ex
540 3899 761 3967 sincera
780 3898 1097 3953 intentione
1133 3897 1450 3951 dilectionis
1480 3913 1615 3952 mea
1662 3896 1946 3968 procedat,
1984 3902 2050 3951 ut

447 3993 837 4061 noni'propter
862 3974 1017 4043 aliud
1046 3980 1317 4059 pradices
1348 3986 1458 4041 nisi
1480 3992 1714 4058 propter
1742 4002 1858 4043 me.

526 4187 553 4219 ι
586 4167 785 4237 Capite
812 4165 974 4220 nobis
994 4166 1187 4234 vulpes
1216 4165 1493 4235 parvulas,
1525 4181 1648 4235 qua
1664 4166 2047 4222 demoliuntur

448 4255 663 4319 vineas,
679 4270 813 4308 nam
842 4253 1007 4307 vinea
1032 4259 1223 4306 nostra
1251 4240 1465 4309 ﬂoruit;
1482 4254 1629 4306 uVox
1648 4254 1834 4324 sponsi
1857 4256 2047 4325 praci-

2126 1772 2315 1825 multa
2343 1778 2477 1825 sunt
2506 1772 2737 1825 virtutes
2763 1766 3227 1837 sanctorum,una
3255 1777 3446 1825 tamen
3483 1762 3637 1825 fides
3656 1778 3742 1827 est

2127 1874 2183 1915 et
2214 1876 2323 1913 una
2352 1860 2617 1919 charitas.
2642 1859 2843 1931 quibus
2869 1859 3148 1930 pracipue
3176 1860 3326 1914 Deus
3386 1859 3735 1931 delectatur.

2126 1950 2252 2004 Sive
2275 1948 2499 2012 etiam,c
2530 1948 2773 2018 pascitur
2802 1948 2951 2001 inter
2974 1946 3257 2010 lilia,»hoc
3280 1953 3366 2001 est
3382 1949 3731 2019 suavissime

2124 2039 2435 2093 delectatur
2461 2034 2619 2091 inter
2640 2037 2916 2106 virgineos
2937 2037 3135 2090 choros
3162 2037 3386 2090 Candor
3407 2037 3564 2090 enim
3592 2038 3739 2091 lilio-

2125 2144 2251 2181 rum
2287 2122 2436 2180 recte
2459 2125 2748 2179 munditia
2780 2126 3033 2195 virginali
3055 2134 3432 2195 comparatur.
3472 2146 3495 2176 ι
3545 2127 3740 2180 Donec

2125 2216 2332 2287 aspiret
2361 2216 2499 2285 dies,
2537 2233 2562 2266 ι
2595 2214 2697 2268 hoc
2725 2224 2808 2267 est
2829 2215 3005 2267 donec
3034 2220 3326 2268 transeant
3357 2214 3556 2269 nubila
3582 2233 3731 2286 pra.

2124 2305 2301 2360 Sentis
2332 2305 2472 2364 vita.
2492 2310 2548 2357 et
2576 2308 2848 2373 appareat
2874 2304 3013 2366 dies,
3039 2303 3141 2357 hoc
3170 2308 3255 2357 est
3272 2306 3465 2357 veniat
3498 2298 3737 2358 claritas

2126 2386 2482 2463 sempiterna
2533 2390 2913 2445 beatitudinis.
2966 2391 3029 2445 Et
3074 2398 3160 2445 est
3213 2408 3433 2456 sensus,
3476 2391 3736 2447 Dilectus

2125 2498 2285 2535 meus
2316 2481 2453 2534 mihi
2483 2486 2713 2550 prastat
2730 2479 3083 2543 auxilium,et
3112 2495 3214 2549 ego
3229 2478 3310 2531 illi
3333 2479 3572 2549 dignam
3595 2496 3739 2549 pra-

2124 2570 2227 2624 beo
2248 2569 2643 2631 obedientiam,
2674 2568 2773 2640 qui
2803 2564 3101 2622 virtutibus
3128 2574 3450 2621 sanctorum
3476 2567 3733 2623 delecta-

2125 2666 2237 2725 tur,
2266 2675 2556 2730 quousque
2579 2664 2903 2711 trauscursa
2932 2664 3093 2711 nocte
3136 2650 3430 2727 praesentis
3481 2658 3641 2725 vita,
3683 2660 3739 2714 in

2126 2765 2237 2819 qua
2268 2766 2367 2819 per
2393 2747 2681 2818 speculum
2696 2752 2751 2799 et
2768 2746 3008 2817 anigma
3033 2738 3597 2817 cernitur,appareat
3610 2744 3734 2803 dies

2123 2854 2378 2908 superna
2406 2835 2699 2897 claritatis,
2742 2841 2806 2888 ut
2833 2834 2973 2888 facie
3004 2834 3074 2886 ad
3104 2833 3301 2888 faciem
3334 2826 3620 2890 videatur.

2198 2945 2219 2974 ι
2254 2925 2567 2987 Revertere,
2596 2922 2799 2977 similis
2819 2929 2957 2987 esto,
2986 2914 3187 2976 dilecte
3216 2922 3311 2985 mi,
3360 2940 3587 2993 caprea
3631 2930 3731 2980 aut

2125 3013 2356 3067 hinnulo
2375 3028 2664 3066 cervorum
2685 3027 2854 3082 super
2878 3018 3097 3067 montes
3111 3010 3357 3064 Bethela
3389 3011 3511 3065 Vox
3536 3012 3731 3087 Eccles-

2126 3100 2222 3154 sia
2242 3101 2429 3172 sponsi
2461 3092 2546 3156 sui
2578 3101 2819 3172 speciem
2852 3099 3247 3169 desiderantis.
3282 3101 3327 3155 O
3368 3101 3580 3157 dilecte
3634 3092 3731 3170 mi,

2129 3190 2222 3260 qui
2254 3190 2321 3243 de
2351 3190 2494 3244 lecto
2524 3206 2646 3243 meo
2677 3206 2767 3243 me
2795 3205 3025 3260 surgere
3054 3189 3404 3259 pracipis.et
3420 3190 3615 3245 ut-tibi
3647 3191 3733 3245 fa-

2129 3279 2270 3333 ciem
2298 3295 2480 3331 meam
2510 3278 2800 3349 ostendam
2838 3278 3101 3339 hortaris,
3149 3268 3451 3339 revertere,
3490 3279 3599 3333 hoc
3647 3286 3733 3355 est

2129 3367 2440 3421 claritatem
2472 3356 2782 3420 divinitatis
2801 3373 2911 3420 tua
2939 3383 3027 3419 me
3058 3360 3335 3437 speculari
3366 3369 3661 3437 permitte,
3682 3376 3741 3441 et

2128 3457 2234 3510 hoc
2254 3456 2403 3526 quod
2429 3454 2563 3508 mihi
2594 3455 2836 3526 perfecte
2873 3455 3156 3527 promittis
3179 3456 3236 3508 in
3258 3455 3379 3509 alia
3392 3457 3524 3518 vita,
3550 3456 3737 3511 beati-

2127 3545 2382 3599 tudinem
2403 3543 2660 3597 videlicet
2674 3548 2852 3608 tuam',
2877 3544 2932 3597 in
2949 3544 3055 3615 bac
3068 3536 3252 3598 adhuc
3272 3532 3737 3616 peregrinatione

2129 3651 2218 3688 me
2229 3634 2425 3688 saltem
2441 3633 2496 3686 in
2518 3634 2699 3703 figura
2713 3642 2767 3686 et
2785 3632 3081 3702 anigmate
3094 3631 3300 3687 habere
3321 3635 3608 3704 permitte.
3620 3635 3737 3689 «Si-

2128 3722 2276 3776 milis
2291 3728 2409 3776 esto
2424 3738 2639 3791 caprea
2658 3728 2756 3775 aut
2768 3721 3000 3775 liinnulo
3010 3738 3302 3775 cervorum
3314 3738 3488 3793 super
3505 3730 3728 3793 montes

2129 3812 2380 3866 Bethel.»
2411 3810 2439 3864 J
2446 3826 2535 3863 am
2557 3810 2769 3863 dictum
2792 3816 2878 3864 est
2895 3810 3157 3880 superius
3172 3810 3319 3883 quod
3341 3827 3558 3880 caprea
3580 3828 3736 3866 cam-

2129 3917 2228 3972 pos
2258 3900 2589 3970 despiciunt,
2623 3905 2681 3952 et
2695 3899 2765 3952 ad
2788 3899 2901 3952 alta
2926 3898 3199 3953 montium
3231 3888 3543 3953 enituntur.
3562 3900 3733 3954 Chri-

2128 3995 2248 4043 stus
2263 4005 2396 4058 ergo
2411 3978 3478 4058 capreiscomparatur,quiasecundum
3497 4004 3731 4043 carnem

2127 4094 2427 4147 resurgens
2445 4094 2480 4130 a
2502 4066 2758 4139 mortuis,
2791 4076 3057 4130 caelorum
3083 4076 3198 4129 alta
3230 4075 3428 4147 petiit;
3463 4076 3733 4131 hinnulus

2128 4183 2258 4220 vero
2286 4182 2574 4219 cervorum
2618 4170 2866 4231 vocatur,
2899 4165 3003 4218 hoc
3034 4171 3120 4218 est
3159 4165 3308 4218 filius
3350 4165 3724 4235 antiquorum

2126 4261 2370 4326 patrum.
2405 4254 2563 4308 Cervi
2596 4253 2744 4307 enim
2776 4259 2908 4307 sunt
2946 4253 3277 4324 patriarcha
3317 4259 3374 4307 et
3414 4256 3723 4324 prOpbeta,

449 4342 663 4416 pientis
688 4357 907 4417 sponsa
937 4356 1051 4395 sua
1079 4347 1137 4393 et
1164 4340 1386 4393 ﬁliabus
1438 4340 1811 4406 Hierusalem,
1834 4343 2042 4398 sanctis
2065 4328 2195 4398 Dde
2226 4342 2427 4413 quibus
2466 4342 2724 4414 Cbristus
2759 4342 2942 4395 carnis
2988 4341 3148 4395 duxit
3194 4342 3487 4412 originem.
3521 4343 3727 4418 Fertur

450 4430 713 4487 videlicet
741 4428 1061 4484 doctoribus
1079 4428 1164 4482 vel
1190 4428 1483 4483 animabus
1510 4430 1792 4487 ﬁdelibus.
1809 4449 1834 4483 α
1852 4433 2044 4502 Capite

452 4520 679 4593 (inquit)
704 4518 865 4581 nobis
897 4518 1091 4587 vulpes
1118 4517 1432 4587 parvulas.»
1457 4518 1666 4588 Vulpes
1687 4524 1772 4571 est.
1790 4519 2045 4574 dolosum

454 4610 666 4671 aninml
685 4617 743 4664 et
769 4607 1210 4673 fraudulentum,
1228 4606 1286 4658 in
1306 4606 1556 4660 cavernis
1586 4613 1643 4660 et
1661 4607 1935 4676 specubus
1952 4609 2047 4662 ha-

452 4699 799 4773 bitans,‘nec
824 4702 997 4761 recto,
1030 4694 1131 4749 sed
1179 4700 1431 4748 tortuoso
1487 4694 1751 4749 incedens
1799 4695 1998 4751 itinere
2031 4713 2041 4746 :

447 4790 688 4859 ideoque
715 4787 977 4856 designat
1003 4784 1407 4857 hareticos‘vel
1428 4783 1929 4855 schismaticos.qui
1953 4786 2044 4839 de-

451 4877 767 4954 metiuntur
785 4875 992 4937 vineas.
1026 4875 1130 4929 hoc
1149 4880 1234 4929 est
1265 4872 1566 4954 Ecclesiam
1596 4872 1936 4945 Dei,plebem
1964 4874 2044 4928 vi-

450 4946 656 5021 delicet
676 4962 948 5027 fidelium,
985 4963 1232 5018 lacerare
1262 4970 1320 5017 et
1355 4946 1613 5034 decipere
1642 4979 1753 5019 non
1800 4970 2040 5019 cessant.

448 5052 715 5121 Praecipit
733 5067 866 5131 ergo
886 5055 952 5105 ut
998 5053 1254 5121 parvulas
1276 5054 1468 5124 vulpes
1491 5054 1735 5124 capiant.
1761 5052 1815 5106 id
1853 5060 1958 5107 est.
1982 5059 2046 5108 ut.

451 5139 775 5203 hareticam
806 5138 1137 5210 pravitatem
1167 5141 1223 5194 in
1245 5142 1365 5211 ipso
1385 5141 1547 5197 initio
1585 5140 1868 5196 debellare
1882 5148 1938 5196 et
1953 5142 2043 5197 de-

450 5234 672 5287 struere
699 5242 813 5308 non
852 5235 1088 5292 cessent,
1116 5245 1188 5283 ne
1218 5230 1448 5286 robusta
1474 5232 1622 5286 facta
1645 5231 2042 5302 fortiusimpu;

444 5323 599 5391 gnat.
640 5329 667 5375 α
697 5317 842 5372 Nam
871 5316 1031 5370 vinea
1054 5324 1248 5370 nostra
1288 5318 1495 5383 floruit,
1528 5340 1550 5370 ι
1586 5320 1641 5374 id
1677 5326 1764 5374 est
1799 5320 2043 5386 Ecclesia

441 5420 546 5480 per
580 5407 904 5467 universum
943 5406 1213 5461 mundum
1244 5406 1411 5461 flores
1441 5407 1706 5463 virtutum
1741 5410 1947 5465 emisit.
1974 5410 2043 5464 Et

2127 4422 2392 4486 hinn‘ulus
2422 4432 2563 4501 hanc
2614 4430 2819 4485 habere
2871 4437 3150 4492 naturam,
3187 4436 3250 4483 ut
3298 4430 3549 4485 fervente
3604 4433 3722 4486 sole

2126 4537 2302 4591 opaca
2330 4527 2384 4575 et
2408 4510 2673 4574 umbrosa
2698 4521 2816 4573 loca
2839 4519 3107 4589 requirat,
3143 4519 3199 4573 in
3241 4518 3445 4590 quibus
3482 4519 3553 4573 ab
3584 4528 3726 4576 astu

2129 4616 2488 4681 protegatur;
2516 4610 2595 4662 sic
2624 4615 2679 4661 et
2709 4608 2963 4663 Christus
2995 4607 3051 4661 in
3074 4623 3267 4661 eorum
3312 4608 3601 4663 mentibus
3640 4626 3733 4664 re-

2128 4698 2383 4769 quiescit,
2419 4697 2513 4768 qui
2545 4688 2671 4751 rore
2703 4684 2945 4767 Spiritus
2975 4697 3154 4749 sancti
3184 4696 3254 4749 ab
3280 4696 3509 4751 astibus
3533 4715 3729 4753 carna-

2126 4787 2263 4841 lium
2284 4787 2631 4857 voluptatum
2660 4790 3051 4855 temperantur
3099 4782 3177 4839 Ac
3207 4784 3255 4838 si
3275 4785 3491 4839 diceret
3511 4827 3523 4840 .
3563 4787 3613 4849 Ο
3642 4788 3729 4841 di-

2123 4876 2284 4937 lecte,
2319 4881 2617 4942 revertere,
2658 4874 2763 4928 hoc
2791 4881 2875 4928 est
2904 4874 3105 4943 sapius
3136 4890 3224 4927 me
3266 4880 3365 4927 tua
3405 4875 3731 4931 visitatione

2125 4964 2720 5025 illustrandolatifica,
2753 4963 2847 5033 qui
2882 4979 2979 5033 per
3023 4979 3249 5017 carnem
3293 4979 3463 5035 quam
3510 4980 3727 5029 assum-

2127 5055 2304 5127 psisti.
2342 5055 2459 5125 jam
2505 5053 2772 5107 calorum
2821 5051 3085 5106 sublimia
3125 5052 3453 5127 penetrasti.
3508 5040 3728 5110 Montes

2126 5150 2315 5198 autem
2347 5142 2540 5196 Bethel
2571 5147 2788 5195 mentes
2824 5145 3144 5194 sanctorum
3166 5139 3505 5211 signiﬁcant.
3538 5158 3577 5219 β
3608 5151 3722 5215 terg

2126 5232 2275 5286 renis
2306 5222 2406 5302 per
2432 5246 2676 5300 superna
2705 5229 2985 5284 desideria
3025 5218 3290 5303 elevatas.
3324 5230 3470 5284 Nam
3524 5218 3727 5303 Bethel

2125 5320 2326 5374 domus
2355 5316 2718 5389 consurgens,
2752 5318 2835 5371 vel
2884 5318 3087 5371 domus
3144 5317 3484 5388 vigiliarum,
3529 5320 3727 5390 vigiles

2122 5416 2339 5464 mentes
2388 5416 2710 5462 sanctorum
2748 5407 3049 5477 signiﬁcat,
3079 5423 3201 5478 qua
3241 5408 3312 5483 ad
3350 5390 3725 5483 desideranda

439 5478 577 5554 nota
597 5499 731 5571 quia
757 5512 889 5552 cum
934 5494 1195 5566 superius
1236 5495 1427 5550 vineas
1472 5498 1767 5568 pluraliter
1811 5499 2033 5567 dixerit,
2121 5509 2747 5573 supernaconsurgunt,
2765 5495 2909 5551 etad
2939 5492 3007 5552 ea
3022 5478 3720 5569 percipiendainvigilaut,
