3970 6150
236 251 346 331 30,9

1196 259 1616 319 ENARRATIO
1646 261 1724 316 IN
1751 261 2066 319 CANTICA
2096 263 2592 320 CANTICOBUM.

3399 214 3509 337 “me

244 376 515 433 habentes
534 379 665 451 inse
684 380 863 450 Deum
882 381 1278 445 habitatorem.
1298 386 1393 457 qui
1423 386 1560 441 dicit
1588 403 1688 458 per
1700 387 1839 442 Pro-
1855 388 1905 447 A
1924 404 2076 453 eum,
2095 406 2197 444 nec
2208 390 2490 445 dimittam
2520 389 2698 443 donec
2720 386 3087 463 introducam
3137 386 3296 447 illum
3326 387 3386 440 in
3406 386 3509 463 (ιο-ο

241 466 466 537 phetam
494 487 507 522 :
536 492 553 516 ι
582 470 914 525 lnhabitabo
945 471 1001 525 in
1028 473 1140 527 illis
1176 480 1233 529 et
1261 475 1640 530 inambulabo.
1673 498 1695 525 ι
1731 477 1833 531 Su-

240 570 338 626 per
366 573 500 626 ergo
528 564 748 612 montes
774 560 967 614 Bethel
998 561 1235 616 dilectus
1265 564 1462 618 similis
1502 571 1588 619 est
1617 582 1830 636 capreae

1913 494 2068 531 mum
2095 479 2293 533 matris
2325 495 2463 533 mete
2483 483 2540 532 et
2559 478 2618 531 in
2647 475 2964 531 cubiculum
2982 474 3269 547 genitricis
3300 490 3503 551 mean!

1913 567 2017 620 hoc
2046 572 2148 631 est,
2177 567 2575 622 ardentissima
2607 566 2717 620 fide
2747 554 2804 619 et
2850 564 3144 621 devotione
3183 562 3263 618 illi
3288 564 3502 631 inhaesi.

238 645 320 698 vel
348 644 585 717 hinnulo
614 664 921 721 cervorum.
948 640 1080 720 quia
1123 652 1255 725 illas
1310 652 1532 725 visitare
1561 654 1831 726 dignatur
1916 674 1937 705 ι
1959 655 2075 710 Nec
2095 655 2429 720 dimittam,»
2448 655 2546 710 sed
2570 655 2627 708 in
2656 656 2779 725 ejus
2806 670 2997 710 amore
3026 662 3082 729 et
3109 651 3220 729 (ide
3250 669 3508 729 perseve-

234 749 355 805 quae
383 734 600 805 Domus
618 735 721 792 Dei
751 753 871 809 esse
890 734 1137 814 student.

834 881 1070 937 CAPUT
1093 880 1204 943 ΙΠ.

306 1022 329 1053 ι
360 1003 428 1071 In
458 1004 661 1059 lectulo
681 1021 806 1059 meo
835 1023 936 1076 per
962 1013 1154 1061 noctes
1182 1008 1408 1078 quaesivi
1448 1026 1613 1080 quem
1643 1011 1827 1082 diligit

224 1090 415 1160 anima
450 1109 593 1156 mea,
625 1094 851 1164 quaesivi
881 1096 1060 1169 illum,
1086 1103 1143 1150 et
1166 1114 1276 1150 non
1310 1098 1510 1153 inveni.
1541 1119 1561 1148 ι
1587 1100 1704 1154 Vox
1729 1101 1825 1157 Ec-

229 1180 409 1245 clesia
433 1182 504 1236 de
521 1183 1146 1255 gentibuscongregatae
1173 1187 1236 1241 In
1262 1187 1825 1259 lectulolinquitlmeo

227 1284 352 1325 cum
382 1270 568 1324 adhuc
590 1272 645 1325 in
669 1270 1016 1326 inﬁdelitatis
1042 1279 1097 1326 et
1117 1274 1443 1347 ignorantiae
1462 1276 1707 1331 tenebris
1730 1296 1823 1349 po-

225 1357 331 1423 sita
356 1350 557 1427 essem,
595 1361 821 1431 quaesivi
841 1378 1006 1432 quem
1046 1362 1226 1434 diligit
1253 1364 1437 1418 anima
1469 1382 1620 1422 mea.
1659 1367 1819 1423 Multi

224 1446 370 1500 enim
389 1448 848 1519 phiIOSOphorum
865 1451 1039 1505 Deum
1058 1451 1399 1521 ignorantes,
1423 1455 1609 1510 studio
1627 1463 1815 1514 tamen

221 1551 440 1591 summo
461 1536 618 1591 illum
634 1538 1015 1608 requirebant,
1031 1557 1130 1611 per
1146 1547 1461 1595 creaturam
1489 1543 1812 1601 Creatorem

1909 742 2066 808 rabo,
2103 764 2127 796 »
2159 745 2337 818 donec
2362 744 2713 825 introducam
2764 754 2890 798 eum
2947 742 3006 799 in
3037 742 3268 818 domum
3306 741 3503 825 matris

1910 847 2069 891 mea},
2102 816 2247 887 etin
2277 816 2594 888 cubiculum
2619 831 2911 903 genitricis
2930 847 3104 904 meae;
3138 831 3242 885 hoc
3262 836 3365 906 est,
3403 822 3505 886 do-

1909 936 2012 975 nec
2041 921 2200 977 illum
2232 922 2561 993 Synagogaa,
2596 938 2719 992 quae
2751 925 2836 995 est
2866 925 3048 993 mater
3071 935 3198 977 mea
3232 917 3504 995 spiritual-

1907 1008 2057 1075 liter,
2090 1011 2405 1082 praedicem,
2430 1016 2486 1073 et
2514 1027 2639 1071 eam
2670 1025 2894 1080 quoque
2932 1008 3001 1063 ad
3033 1008 3151 1078 eius
3182 1007 3348 1083 fidem
3370 1022 3501 1081 vper-

1907 1098 2129 1155 ducam.
2164 1101 2278 1154 Hoc
2309 1100 2406 1154 ﬁet
2430 1100 2486 1153 in
2516 1086 2607 1152 die
2621 1098 2840 1167 judicii,
2886 1095 3110 1168 quando
3145 1098 3227 1163 (ut
3253 1095 3337 1169 ait
3355 1096 3501 1168 Apo-

1908 1191 2102 1257 stolusl
2130 1209 2156 1244 α
2182 1188 2469 1262 plenitudo
2523 1189 2779 1259 gentium
2820 1188 3119 1261 introierit,
3148 1193 3286 1253 tunc
3316 1184 3500 1261 omnis

1906 1279 2079 1334 Israel
2110 1281 2296 1337 salvus
2325 1281 2438 1333 fiet.
2472 1302 2491 1327 ι
2515 1279 2760 1332 Tantum
2791 1293 2923 1349 ergo
2954 1276 3060 1349 sibi
3105 1276 3175 1335 de
3227 1276 3500 1346 charitate

1903 1369 2093 1439 sponsi
2121 1369 2209 1424 sui
2243 1368 2486 1423 Ecclesia
2524 1365 2823 1438 promittit,
2859 1371 2924 1420 ut
2971 1364 3144 1447 etiam
3182 1380 3251 1441 3e
3303 1364 3497 1438 credat

1897 1458 2251 1528 Synagogam
2299 1474 2461 1528 posse
2507 1461 2849 1515 convertere.
2907 1453 3069 1518 Quod
3115 1458 3305 1527 autem
3335 1452 3491 1527 dicit.

1900 1563 1926 1597 α
1940 1546 2129 1601 Donec
2148 1546 2501 1601 introducam
2524 1544 2706 1607 illum,
2725 1564 2747 1595 ι
2764 1559 2872 1633 non
2892 1547 2981 1601 est
2996 1540 3312 1633 putandum
3343 1541 3492 1633 quod

216 1637 556 1695 cognoscere
607 1628 887 1693 volentes;
934 1629 1080 1683 sicut
1133 1630 1334 1696 Pilato,
1367 1632 1462 1703 qui
1520 1632 1575 1687 in
1604 1634 1861 1705 Timaaog
1896 1639 2027 1688 tunc
2053 1635 2318 1690 relictura
2349 1635 2422 1688 sit
2449 1633 2628 1697 illum,
2674 1648 2800 1685 cum
2858 1631 2915 1683 in
2946 1628 3263 1705 cubiculum
3292 1629 3490 1701 matris

217 1713 391 1767 multa
420 1715 491 1785 de
516 1715 704 1770 anima
729 1717 1053 1788 disputavit,
1086 1724 1141 1773 et
1170 1719 1314 1774 sicut
1329 1702 1672 1779 Aristoteles.
1702 1702 2285 1795 So-Bintroduxerit,
2309 1724 2407 1778 sed
2444 1724 2620 1779 Donec
2640 1736 2740 1792 pro
2780 1702 3124 1793 sempiterno
3142 1717 3388 1793 ponitur,
3428 1717 3487 1779 id

216 1808 394 1857 crates
414 1806 692 1867 etcaateri,
722 1807 817 1876 qui
835 1824 1003 1861 omne
1016 1808 1141 1862 vita:
1160 1825 1274 1863 sua:
1295 1823 1519 1880 tempus
1540 1811 1807 1869 instudiis

216 1892 567 1967 exquirendae
588 1895 837 1956 veritatis
856 1896 1262 1973 expendebant.
1300 1916 1324 1948 ‹‹
1358 1894 1594 1962 Quaesivi
1624 1901 1800 1968 illum,

213 1982 261 2047 et
275 1994 391 2033 non
411 1983 617 2038 inveni.
649 2002 669 2033 ι
686 1983 808 2037 Non
824 1984 972 2037 enim
994 2001 1095 2054 per
1110 1986 1453 2041 mundanam
1470 1987 1804 2059 sapientiam

209 2064 351 2120 Deus
373 2071 631 2138 cognosci
663 2072 862 2141 potuit.

273 2175 295 2205 σ
331 2156 578 2228 Surgam
610 2167 667 2213 et
695 2161 941 2215 circuibo
963 2162 1269 2226 civitatem,
1293 2181 1393 2234 per
1421 2166 1567 2222 vicos
1597 2174 1655 2223 et
1684 2171 1803 2241 pla-

204 2248 311 2312 teas
344 2262 596 2315 quaeram
631 2266 797 2318 quem
828 2250 1011 2321 diligit
1056 2252 1247 2306 anima
1295 2269 1438 2307 mea.
1473 2255 1710 2319 Quaesivi
1741 2260 1804 2314 il-

204 2332 399 2407 lum,et
419 2352 531 2388 non
549 2337 753 2391 inveni.
768 2339 1105 2409 rExsurgam
1120 2340 1252 2394 inde
1272 2340 1341 2395 de
1353 2348 1530 2398 strato
1551 2348 1801 2417 corporis

206 2410 254 2474 et
270 2424 516 2503 carnalis
537 2425 942 2489 delectationis.
970 2436 1026 2483 et
1053 2429 1295 2483 circuibo
1326 2430 1608 2487 civitatem
1631 2410 1797 2507 hujus

203 2500 411 2587 mundi,
443 2515 626 2568 maria
652 2532 717 2569 ac
742 2522 925 2571 terras
955 2519 1326 2588 peragrando.
1365 2541 1383 2570 ι
1418 2520 1527 2574 Per
1564 2523 1713 2578 vicos
1740 2531 1799 2580 et

200 2586 409 2669 plateas
441 2620 693 2673 quaeram
727 2622 892 2676 quem
927 2586 1320 2676 diligitanima
1350 2626 1495 2675 mea,
1533 2612 1667 2667 nhoc
1689 2620 1792 2681 est,

196 2705 288 2760 per
312 2691 438 2744 lata
472 2693 674 2746 itinera
690 2696 1014 2765 gradientes
1037 2696 1205 2765 hujus
1234 2699 1443 2764 saeculi,
1476 2706 1533 2754 et
1562 2703 1679 2756 suis
1708 2721 1797 2757 vo-

198 2778 505 2849 luptatibus
536 2782 756 2837 deditos
785 2784 1074 2855 aspiciam,
1096 2785 1142 2839 si
1173 2786 1315 2840 forte
1354 2787 1411 2841 in
1450 2788 1559 2843 illis
1605 2791 1795 2847 dilecti

194 2869 293 2922 mei
320 2871 567 2942 vestigia
598 2872 885 2943 aspiciam.
920 2874 1036 2927 Hoc
1064 2891 1191 2929 cum
1214 2876 1281 2929 de
1313 2877 1505 2931 multis
1533 2878 1795 2952 dici'pos-

193 2957 274 3021 sit,
304 2961 590 3031 praecipue
620 2969 809 3016 tamen
839 2962 898 3017 in
953 2963 1048 3016 illo
1090 2965 1348 3019 eunucho
1389 2966 1679 3041 impletum
1711 2976 1799 3027 est

194 3047 278 3118 qui
306 3065 339 3102 a
363 3050 578 3103 finibus
606 3056 773 3105 terrae
800 3040 949 3106 venit
979 3053 1155 3107 Deum
1208 3056 1331 3108 caeli
1385 3056 1788 3130 Hierosolymis

192 3134 436 3200 adorare,
460 3155 629 3208 quem
664 3139 954 3211 Philippus
974 3139 1204 3199 invenit,
1226 3142 1391 3212 eique
1420 3144 1704 3200 Christum
1730 3148 1786 3202 in

189 3225 479 3294 prophetia
510 3227 673 3281 Isaiae
700 3228 963 3309 ostendit.
1012 3228 1135 3284 Hoc
1167 3248 1388 3301 quoque
1430 3233 1487 3286 in
1528 3236 1786 3311 Cornelio

187 3311 551 3383 adimpletum
583 3328 688 3381 est,
738 3318 833 3387 qui
878 3306 1071 3372 adhuc
1123 3337 1375 3389 paganus
1419 3328 1476 3375 et
1520 3307 1783 3393 ignorans

183 3398 372 3467 Deum,
393 3404 791 3476 eleemosynas
813 3407 1135 3469 faciebat,et
1153 3410 1500 3464 orationibus
1528 3413 1777 3479 vacabat,

185 3504 337 3558 quem
368 3492 580 3546 Petrus
606 3510 732 3547 cum
765 3495 929 3549 domo
959 3513 1064 3551 sua
1093 3497 1409 3567 baptizavit.
1444 3500 1512 3553 Et
1540 3508 1662 3555 erat
1689 3504 1783 3558 ad-

182 3576 279 3654 huc
305 3566 618 3636 difﬁcultas
648 3583 1007 3651 inventionis,
1054 3590 1106 3640 et
1154 3566 1291 3641 dicit
1324 3606 1334 3641 :
1369 3604 1395 3636 α
1428 3588 1682 3654 Quaesivi,
1726 3578 1780 3647 et

178 3652 282 3723 non
315 3671 530 3725 inveni.
570 3691 591 3718 ο

244 3757 650 3814 ιΙηνθηθι-αηι
696 3778 785 3815 me
836 3764 1051 3833 vigiles,
1091 3764 1188 3835 qui
1244 3767 1568 3822 custodiunt
1590 3770 1779 3826 civita-

1817 3016 1860 3077 Ο

1888 1818 2209 1885 estsemper
2228 1812 2307 1866 illi
2325 1811 2625 1874 inhaerebo,
2650 1822 2875 1879 semper
2888 1807 2946 1861 in
2968 1808 3087 1875 ejus
3128 1806 3238 1862 ﬁde
3266 1812 3324 1879 et
3349 1805 3487 1879 dile-

1888 1900 2071 1955 ctione
2101 1900 2486 1972 perseverabo.
2510 1898 2647 1957 Tale
2672 1905 2757 1952 est
2787 1897 2843 1951 in
2882 1896 3134 1971 psalmo:
3160 1896 3246 1969 Ita
3278 1915 3301 1945 ι
3335 1891 3482 1971 oculi

1887 1989 2064 2043 nostri
2090 1990 2158 2044 ad
2188 1989 2488 2043 Dominum
2507 1987 2684 2043 Deum
2725 1990 2978 2040 nostrum
3010 1984 3188 2045 donec
3206 1983 3483 2065 miserea-

1883 2081 1980 2132 tur
2006 2078 2239 2132 nostri.»
2274 2076 2540 2147 Nunquid
2561 2082 2855 2146 postquam
2884 2072 3063 2128 nostri
3088 2071 3484 2145 misertusqu-

1885 2166 1979 2229 rit,
2012 2184 2123 2241 non
2152 2160 2319 2222 erunt
2342 2166 2487 2220 oruli
2518 2166 2587 2219 ad
2610 2163 2774 2219 eum?
2799 2162 3005 2233 Utique
3035 2165 3217 2245 erunt;

1960 2238 2203 2325 «Adiuro
2221 2272 2337 2310 vos.
2354 2255 2481 2309 ﬁliae
2506 2251 2878 2313 Hierusalem,
2911 2238 3251 2325 percapreas
3269 2263 3484 2325 cervos.-

1883 2360 1991 2413 que
2014 2361 2361 2415 camporum,
2385 2360 2455 2397 ne
2472 2340 2753 2396 suscitetis
2779 2355 2960 2410 neque
2981 2338 3247 2413 evigilarc
3264 2336 3481 2414 faciatis

1881 2431 2165 2494 dilectam,
2195 2432 2561 2503 quoadusque
2590 2430 2713 2501 ipsa
2739 2428 2923 2503 velit.»
2942 2427 3037 2489 Bis
3067 2425 3344 2501 repetitur

1880 2504 2185 2575 versiculus
2218 2537 2383 2575 :nam
2410 2522 2528 2592 jam
2552 2517 2810 2588 superius
2838 2516 3047 2593 dictum
3080 2514 3286 2583 est,sed
3306 2531 3479 2589 supra

1878 2609 1946 2663 ad
1978 2608 2283 2664 Ecclesiam
2313 2608 2655 2680 primitivam
2690 2609 2758 2660 de
2787 2606 2996 2659 Judaeis
3026 2605 3322 2681 collectam
3344 2621 3476 2679 per-

1877 2699 2038 2759 tinet,
2073 2700 2163 2752 hic
2182 2715 2311 2752 vero
2337 2698 2407 2752 ad
2435 2696 2734 2752 Ecclesiam
2765 2694 2833 2748 de
2875 2692 3138 2765 gentibus
3166 2708 3474 2767 congrega-

1876 2768 2016 2855 tam,
2048 2794 2105 2841 et
2161 2787 2369 2842 amoris
2436 2787 2654 2841 vinculo
2708 2782 2932 2838 Christo
2985 2782 3474 2855 copulatam.Una

1878 2876 2025 2929 enim
2056 2876 2365 2947 eademque
2392 2893 2530 2949 cura
2554 2881 2639 2930 est
2675 2875 2791 2930 Deo
2819 2874 2888 2929 de
2918 2870 3142 2937 sanctis,
3176 2871 3271 2944 qui
3296 2870 3381 2945 vel
3409 2870 3469 2933 in

1879 2964 2322 3039 circumcisione,
2350 2965 2432 3019 vel
2456 2960 2624 3029 etiam
2654 2970 2909 3035 tempore
2937 2960 3472 3034 baptismatis,coru-

1878 3061 2069 3108 scante
2087 3055 2274 3125 gratia
2321 3055 2624 3125 Evangelii,
2670 3053 2751 3109 illi
2784 3053 3131 3124 placuerunt.
3165 3049 3309 3123 Quia
3338 3063 3469 3123 vero

1869 3141 1973 3194 iste
1994 3143 2299 3197 versiculus
2311 3144 2569 3215 superius
2590 3143 2875 3214 expositus
2895 3147 2998 3203 est,
3018 3141 3134 3210 jam
3165 3137 3466 3213 videndum

1869 3236 1952 3283 est
1974 3248 2149 3305 quare
2199 3232 2366 3297 veluti
2423 3231 2800 3303 dormientem
2848 3229 3078 3301 inducat
3133 3227 3462 3299 Ecclesiam,

1867 3314 2016 3373 unde
2046 3328 2103 3374 et
2129 3321 2356 3392 adjurat
2380 3322 2527 3375 ﬁlias
2556 3320 2929 3391 Hierusalem,
2960 3333 3031 3371 ne
3047 3332 3170 3381 eam
3201 3315 3462 3387 excitent,

1865 3424 1991 3462 cum
2009 3410 2173 3479 paulo
2188 3410 2445 3477 superius
2459 3425 2570 3463 non
2586 3408 2957 3479 dormientem
2974 3406 3059 3477 vel
3082 3406 3462 3477 quiescentem

1863 3498 1961 3553 sed
1991 3498 2176 3553 studio
2205 3497 2661 3561 laboriosissimae
2678 3494 3061 3566 inquisitionis
3082 3493 3456 3568 insistentem,

1864 3586 1997 3657 quia
2022 3603 2290 3658 sponsum
2311 3585 2651 3658 inquirebat,
2684 3582 3092 3655 introducat.Si
3114 3599 3247 3671 ergo
3275 3583 3459 3671 requi-

1862 3674 2019 3741 rebat
2034 3692 2323 3746 sponsum,
2343 3674 2621 3745 quomodo
2661 3671 3090 3745 requiescebat?
3120 3670 3228 3727 Sed
3252 3670 3458 3743 dulcis-

1861 3763 2034 3829 simus
2050 3764 2482 3819 etsuavissimus
2501 3779 2731 3837 somnus
2759 3767 2844 3817 est
2873 3761 3158 3833 Christum
3179 3775 3454 3831 quaerere,

173 3850 296 3901 tem.
323 3868 351 3899 ι
378 3848 606 3920 Vigiles
626 3857 760 3903 sunt
778 3852 956 3905 sancti
978 3861 1035 3906 et
1075 3855 1261 3908 caeteri
1292 3856 1547 3911 doctores
1586 3860 1775 3915 Eccle-
1858 3851 2079 3915 Dormit
2095 3868 2226 3947 erga
2257 3851 2519 3947 Εξιξῖίθὲξδν
2576 3857 2634 3905 et
2662 3850 2952 3947 (ἷξπίεῖξιῐη
2985 3848 3207 3947 ςζξιεθνίιθ
3242 3847 3455 3947 “Emit

170 3933 386 4007 siae,qui
408 3939 796 4000 civitatem,id
835 3947 919 3994 est
951 3950 1205 3997 sanctam
1230 3944 1552 4011 Ecclesiam,
1585 3960 1773 4004 custo-
1856 3940 2113 3993 videlicet
2142 3956 2176 3992 a
2196 3939 2489 4017 desideriis
2519 3939 2781 4004 terrenis,
2814 3937 2885 3993 ab
2914 3937 3132 3993 actibus
3159 3937 3451 4009 seaculi,vi-

170 4020 340 4093 diunt,
364 4035 424 4081 et
456 4027 533 4081 ab
562 4027 782 4082 insidiis
816 4029 1124 4084 inﬁdelium
1160 4018 1408 4087 hostium
1440 4034 1765 4097 detendunt.
1850 4027 1990 4099 gilat
2018 4034 2207 4083 autem
2238 4034 2293 4085 et
2316 4027 2557 4097 requirit
2580 4037 2866 4098 sponsum,
2893 4026 3026 4098 quia
3056 4026 3179 4100 ejus;
3205 4030 3449 4099 conteri}:

167 4110 303 4179 Quos
328 4115 653 4187 interrogat
708 4136 734 4168 (ί
767 4117 913 4172 Num
974 4135 1137 4188 quem
1190 4119 1375 4190 diligit
1426 4124 1618 4177 anima
1644 4142 1771 4181 mea
1851 4118 2085 4187 Ριξηίοηί
2112 4118 2367 4183 inhaeret,
2407 4134 2542 4212 filim
2570 4116 2783 4212 _$?_lum_
2822 4115 3125 4179 ἀεδίάετθί»
3159 4113 3232 4171 ad

165 4199 404 4256 vidistis?
442 4225 466 4254 ι
506 4204 680 4268 Quasi
734 4205 927 4276 vigiles
976 4207 1224 4263 Ecclesia
1275 4208 1606 4281 interrogat,
1639 4229 1765 4268 cum
1850 4207 2139 4283 pervenire
2186 4206 2490 4261 contendit
2553 4206 2795 4276 Adjurat
2848 4221 2981 4277 ergo
3005 4219 3244 4278 Sponsus
3303 4202 3451 4289 ωξτξξ

161 4282 368 4344 intenta
393 4307 542 4346 aure
573 4310 770 4347 eorum
801 4295 1253 4365 praedicationem
1282 4298 1538 4370 percipit.
1848 4282 2453 4357 Hierusalenuanimae
2471 4295 2726 4350 videlicet
2744 4293 3039 4353 desideriis
3067 4308 3323 4369 superna
3343 4309 3446 4365 pa-

225 4398 245 4425 εί
267 4377 574 4434 Paululum
606 4399 733 4435 cum
766 4384 1193 4455 pertransissem
1234 4403 1346 4451 eos,
1379 4388 1566 4443 inveni
1595 4406 1760 4461 quem
1781 4370 1967 4441 Dtriae
1998 4385 2349 4463 inhaerentem
2383 4401 2453 4438 ne
2504 4384 2660 4439 illam
2714 4383 2958 4439 ΘΧοίίθηι
2994 4381 3065 4439 ab
3102 4383 3207 4449 11.00
3243 4397 3443 4453 δοωηο

159 4463 330 4536 diligit
359 4471 564 4523 anima
597 4487 739 4524 mea.
776 4490 800 4522 ι»
836 4473 1187 4529 Pertransire
1216 4476 1407 4545 vigiles
1454 4485 1539 4531 est
1567 4464 1760 4533 eorum
1843 4474 2186 4529 SuaVissimm
2215 4474 2420 4547 quietis
2460 4480 2515 4527 et
2569 4472 3055 4557 contemplationis
3104 4472 3284 4543 donec
3319 4471 3445 4543 ipsa

157 4544 292 4627 dicta
320 4564 381 4613 et
406 4559 731 4613 doctrinam
762 4560 1063 4631 diligenter
1105 4544 1463 4635 perscrutari.
1500 4565 1759 4622 Solemus
1841 4562 1975 4615 Velit
2004 4544 2444 4617 Somnusvautem
2477 4562 2677 4616 merito
2708 4578 2859 4616 mOI‘S
2913 4544 3253 4647 ερρθιιξιιᾳςς
3304 4560 3438 4631 quia

154 4657 388 4717 namque
406 4648 604 4702 dicere
644 4668 653 4701 :
678 4648 1010 4705 Transcurri
1034 4652 1237 4706 librum
1270 4654 1478 4724 legens,
1513 4656 1597 4708 vel
1630 4673 1759 4725 per.
1839 4649 1986 4703 sicut
2006 4651 2338 4709 dormiensa
2361 4650 2669 4705 visibilibus
2698 4650 2888 4705 oculos
2917 4650 3145 4712 claudit,
3165 4656 3223 4704 et
3242 4648 3433 4722 invisi-

152 4733 391 4788 transivi.
446 4736 595 4790 Cum
668 4735 874 4807 inquit)
924 4741 1357 4808 pertransissem
1403 4758 1517 4802 eos,
1569 4743 1752 4799 inveni
1838 4738 1971 4817 bilia
1992 4741 2528 4817 ϐοηῐυιηριειῐιινςὶῒτὸ
2552 4740 2599 4819 is
2629 4739 2723 4815 qui
2745 4738 2944 4809 divinae
2974 4737 3437 4810 contmnpiaﬁoni

153 4835 304 4889 Quem
331 4824 528 4894 diligit
549 4824 742 4877 anima
760 4842 888 4880 mea
928 4827 1073 4891 Quia
1102 4845 1225 4883 cum
1254 4829 1492 4883 sollicita
1522 4831 1756 4886 medita-
1836 4826 2061 4889 insistit,
2081 4829 2242 4898 quasi
2256 4829 2474 4887 alienus
2490 4834 2576 4882 est
2591 4835 2647 4882 et
2665 4826 2874 4881 dormit
2902 4825 3293 4893 exterioribus,
3313 4826 3439 4899 sola

152 4908 287 4965 tione
314 4910 468 4967 dicta
492 4915 579 4967 vel
610 4915 818 4985 scripta
850 4908 1171 4971 sanctorum
1194 4919 1753 4989 requirimus,statim
1836 4917 2151 4988 spiritualia
2192 4924 2250 4973 et
2288 4916 2536 4973 caelestia
2584 4916 2747 4969 videt.
2785 4915 2900 4970 Nec
2949 4914 3154 4973 mirum
3192 4916 3243 4975 si
3271 4932 3432 4979 amor

151 4997 402 5056 dilectum
437 5003 785 5085 invenimus,
822 5006 956 5076 quia
986 5006 1285 5060 Dominum
1319 5007 1375 5061 in
1425 5025 1617 5063 eorum
1650 5010 1753 5063 do-
1835 5023 2067 5061 somnus
2087 5014 2332 5067 vocatur,
2373 5022 2500 5059 cum
2523 5005 2579 5058 in
2602 5004 2967 5074 sequentibus
2987 5021 3310 5075 morsamor
3328 5022 3431 5091 ap;

150 5099 321 5157 gmate
354 5092 703 5163 reperimus.
745 5074 934 5148 Potest
966 5102 1023 5148 et
1044 5095 1119 5149 sir
1153 5097 1389 5166 intelligi
1416 5115 1427 5150 :
1462 5098 1600 5152 Cum
1632 5115 1752 5169 per—
1832 5097 2072 5168 pelletur
2095 5119 2105 5150 ;
2132 5114 2157 5147 «
2184 5096 2225 5149 F
2229 5094 2366 5149 ortis
2391 5100 2478 5147 est
2496 5103 2556 5148 ut
2587 5109 2737 5147 mors
2756 5093 3004 5149 dilectio.
3030 5113 3053 5143 ι
3079 5094 3222 5161 Cum
3236 5074 3429 5179 autem:

150 5178 466 5232 transissem
487 5195 606 5243 eos,
639 5179 823 5234 inveni
847 5198 1012 5251 quem
1040 5183 1227 5253 diligit
1251 5185 1440 5239 anima
1470 5202 1612 5250 mea,
1648 5187 1751 5239 hoc
1830 5185 1969 5238 dicit
2000 5202 2010 5237 :
2052 5204 2072 5234 ι
2110 5184 2295 5237 Donec
2326 5182 2446 5254 ipsa
2476 5181 2626 5245 velit,
2672 5200 2694 5232 ι
2736 5180 2986 5239 ostendit
3015 5182 3321 5254 Ecclesiam
3360 5178 3433 5251 de

151 5272 381 5327 est,cum
416 5267 811 5323 intellixissem
857 5271 1143 5326 Christum
1174 5290 1394 5327 omnem
1435 5274 1747 5328 sublimita-
1827 5272 2088 5344 gentibus
2106 5270 2419 5326 voluntarie
2459 5288 2517 5325 se
2549 5277 2993 5341 prseparaturam
3032 5267 3429 5346 etadlabores

151 5360 251 5406 tem
280 5364 335 5408 et
359 5358 612 5426 gratiam
640 5374 925 5428 superare,
958 5366 1094 5414 tunc
1125 5361 1307 5415 inveni
1342 5378 1507 5432 quem
1563 5362 1746 5433 diligit
1776 5398 1791 5403 -
1831 5371 1886 5415 et
1904 5361 2320 5435 persecutiones
2341 5377 2440 5431 pro
2470 5358 2691 5415 Christo
2713 5360 3096 5435 perferendas.

153 5443 331 5497 anima
365 5461 519 5508 mea,
560 5444 658 5499 hoc
685 5454 788 5511 est,
819 5455 956 5502 tunc
988 5466 1116 5503 vere
1171 5450 1419 5531 intellexi
1475 5462 1747 5523 quantum
1905 5470 1929 5502 α
1954 5452 2088 5514 Quae
2118 5456 2203 5525 est
2231 5449 2340 5537 ista
2365 5466 2488 5537 qua;
2514 5450 2763 5509 ascendit
2821 5466 2922 5522 per
2968 5448 3254 5519 desertum
3285 5450 3445 5537 sich

154 5529 260 5620 ipse
280 5550 313 5587 a
341 5540 685 5602 caeterorum
712 5545 1036 5605 sanctorum
1067 5532 1284 5596 meritis
1309 5526 1499 5621 distet.
1519 5560 1541 5592 ι
1571 5538 1749 5621 Tenui
1832 5538 2046 5619 virgula
2061 5538 2203 5615 fumi
2217 5554 2283 5598 ex
2303 5526 2649 5616 armantibus
2664 5537 2910 5613 myrrha;
2936 5543 2993 5612 et
3216 5543 3273 5609 et
3300 5536 3431 5609 uni-

1851 4118 2085 4187 plationi
2112 4118 2367 4183 inhaeret,
2413 4134 2542 4171 cum
2585 4116 2768 4171 solum
2822 4115 3125 4179 desiderat,
3159 4113 3232 4171 ad
3284 4113 3447 4187 illum
