3970 6150
239 277 340 337 313

1185 278 1599 343 ENARRATIO
1639 286 1714 342 IN
1755 285 2067 339 CANTICA
2105 278 2594 341 CANTICORUM.

2234 178 2262 198 ο

3397 284 3499 342 314

240 414 384 459 nunc
432 407 765 478 designatur
820 427 923 480 per
975 411 1269 475 ferculum,
1330 420 1527 467 sancta
1573 409 2029 469 videlicetAVox
2062 411 2319 464 Ecrlesiae
2351 410 2639 465 invitantis
2665 411 2882 464 animas
2909 411 3155 465 ﬁdelium
3182 411 3250 465 ad
3274 408 3500 465 intuend-

242 493 506 561 Ecclesia,
564 498 619 549 in
650 515 755 567 qua
791 500 939 553 velut
968 500 1021 553 in
1064 501 1207 554 lecto
1262 504 1617 572 requicstmut
1649 501 1825 553 sancti

241 582 357 646 Dei,
388 592 445 636 et
471 586 698 640 velutin
731 588 872 641 lecto
904 587 1262 643 discumbunt
1286 591 1353 644 ad
1384 591 1576 662 epulas
1606 596 1827 644 interna)

241 672 540 729 satietatis.
558 675 635 729 De
661 675 828 745 lignis
855 675 1043 730 Libani
1068 678 1200 732 fecit
1227 679 1490 733 Salon.on
1529 676 1822 733 ferculum.

242 761 481 816 Libanus
506 780 665 817 mons
699 771 783 817 est
805 764 1102 829 Phaenicis,
1127 768 1288 838 cujus
1309 764 1535 821 arbores
1566 774 1621 820 et
1646 784 1833 838 prore-

243 850 403 904 ritate
436 859 494 905 et
526 850 943 923 pulchritudine
973 864 1030 907 et
1059 856 1420 911 durabilitate
1452 856 1666 911 caeteris
1698 873 1831 929 prae-

245 937 513 1005 eminent,
546 941 783 1011 ideoque
810 942 1123 1013 signiﬁcant
1175 954 1396 1000 sanctos
1422 946 1690 1000 virtutum
1734 958 1832 1017 spe

243 1025 514 1095 fulgentes
544 1037 601 1082 et
628 1029 697 1083 ad
738 1036 947 1085 aeterna
984 1033 1331 1088 festinantes.
1388 1034 1631 1089 Libanus
1683 1036 1829 1089 enim

243 1114 555 1169 candidatio
585 1118 1007 1189 interpretatur,
1057 1130 1120 1177 ut
1145 1123 1440 1178 dealbatio.
1489 1125 1668 1191 Ligna
1700 1141 1832 1194 ergo

244 1198 583 1260 Libanisunt
610 1210 788 1262 sancti
810 1210 1089 1265 candidati
1113 1220 1169 1266 et
1187 1213 1427 1267 dealbati
1456 1214 1509 1267 in
1537 1213 1832 1285 baptismo,

196 1312 203 1329 -
244 1296 297 1344 et
321 1296 571 1350 exornati
601 1298 753 1351 omni
787 1299 1054 1353 virtutum
1091 1302 1529 1372 pulchritudine.

312 1400 337 1433 α
368 1382 672 1440 Columnas
700 1391 821 1457 ejus
852 1386 976 1443 fecit
1003 1400 1313 1460 argenteas.
1352 1414 1376 1441 υ
1410 1393 1517 1446 Per
1545 1392 1835 1446 columnas

245 1464 494 1527 doctores
542 1470 795 1547 ejusdem
826 1478 1088 1535 Ecclesiae
1119 1482 1530 1554 signiﬁcantur,
1563 1483 1659 1555 qui
1710 1499 1831 1538 eam

244 1562 406 1616 Verbo
418 1572 475 1616 et
491 1566 742 1638 exemplo
763 1568 1042 1625 sustinent
1063 1588 1125 1626 ac
1147 1574 1597 1630 roborant.Unde
1618 1574 1672 1629 in
1689 1575 1835 1630 Acti-

243 1648 345 1703 bus
375 1655 756 1724 apostolorum
792 1679 803 1713 :
828 1686 851 1708 ιι
880 1662 1212 1729 Jocobus,et
1235 1664 1497 1728 Joannes,
1525 1672 1579 1719 et
1595 1662 1831 1735 Cephas,

1908 498 2039 551 dum
2075 516 2239 568 quam
2276 499 2544 552 mirabilis
2576 508 2632 552 et
2659 500 2945 569 speciosus
2975 500 3048 552 sit
3089 517 3327 570 sponsus
3358 501 3497 569 ejus.

1910 587 2062 641 Filiae
2081 604 2323 657 namque
2354 588 2486 642 Sion
2520 589 2773 643 Ecclesiae
2801 596 2952 649 sunt,
2985 606 3106 659 quae
3131 597 3186 643 et
3216 589 3343 643 ﬁlire
3371 592 3506 643 sunt

1915 673 2285 737 Hierusalem.
2320 688 2527 732 sanctae
2558 674 2812 732 videlicet
2841 677 3041 732 anima:
3062 695 3317 749 supernae
3353 678 3505 733 illius

1913 764 2153 819 civitatis
2197 767 2361 831 cives,
2398 762 2519 839 quae
2562 774 2619 821 et
2665 772 2937 839 perpetua
2966 784 3091 821 cum
3125 768 3342 838 angelis
3370 784 3507 839 pace

1913 852 2196 917 fruuntur,
2238 863 2291 909 et
2321 873 2420 927 per
2456 854 2985 927 contemplationem
3015 856 3252 925 gloriam
3284 854 3506 911 Domini

1915 940 2293 1014 speculantur.
2351 942 2688 1015 Egredimini
2733 943 2948 1016 linquitl
2974 962 3006 999 ο
3053 942 3183 1000 ﬁlize
3218 944 3371 1008 Sion,
3402 939 3507 1000 hoc

1915 1041 1998 1087 est
2028 1034 2170 1088 exite
2200 1035 2269 1088 de
2298 1034 2621 1089 turbulenta
2652 1036 2820 1103 hujus
2852 1036 3038 1089 saeculi
3062 1035 3507 1100 conversatione,

1915 1135 1974 1175 ut
2011 1132 2196 1178 mente
2222 1124 2480 1195 expedita
2513 1141 2639 1178 eum
2672 1140 2837 1195 quem
2870 1124 3104 1194 diligitis
3138 1123 3508 1195 contemplari

1919 1213 2160 1282 possitis.
2202 1214 2263 1266 Et
2296 1213 2476 1266 videte
2504 1212 2720 1283 linquit)
2761 1230 2947 1283 regem
2982 1212 3362 1275 Salomonem,
3406 1214 3510 1266 hoc

1919 1300 2022 1366 est,
2056 1318 2246 1355 verum
2278 1296 2565 1372 paciﬁcum
2582 1298 2888 1361 Christum,
2916 1322 2937 1350 α
2975 1301 3031 1355 ἰη
3061 1299 3374 1355 diademate
3398 1318 3509 1372 quo

1919 1392 2204 1446 coronavit
2233 1408 2359 1445 eum
2392 1400 2571 1445 mater
2600 1408 2719 1445 sua.
2749 1392 2857 1443 »Λα
2888 1390 2932 1444 si
2965 1390 3178 1444 diceret
3207 1404 3218 1438 :
3250 1389 3513 1444 Conside-

1920 1489 2039 1537 rate.
2068 1481 2351 1537 Christum
2387 1500 2485 1554 pro
2509 1482 2659 1535 vobis
2680 1498 2849 1536 carne
2878 1480 3160 1535 indutum.
3196 1495 3363 1549 quam
3387 1494 3513 1531 cac-

1919 1591 2045 1629 nem
2078 1573 2146 1627 de
2170 1589 2335 1627 carne
2370 1572 2616 1643 Virginis
2656 1571 2852 1625 matris
2883 1588 2997 1626 sua:
3034 1568 3356 1639 assumpsit.
3381 1567 3513 1621 Dia-

1919 1657 2081 1717 dema
2113 1678 2353 1734 namque
2385 1667 2541 1716 vocat
2564 1677 2993 1730 carnemquam
3028 1658 3282 1713 Christus
3302 1671 3516 1710 assum-

246 1742 338 1813 qui
361 1742 693 1801 videbantur
709 1747 983 1805 columna}
998 1769 1175 1805 esse.»
1204 1753 1732 1808 Hazeolumnaasunt
1752 1771 1837 1808 ar-
1858 1771 1905 1831 Β
1924 1754 2034 1823 psit
2064 1768 2163 1823 pro
2193 1751 2372 1807 nobis.
2398 1751 2454 1806 in
2480 1769 2589 1823 qua
2622 1760 2877 1805 mortuus
2905 1746 3181 1804 destruxit
3213 1744 3512 1815 imperium

241 1836 616 1909 genteaa.quia
648 1837 826 1893 nitore
855 1841 1099 1895 ccelestis
1129 1841 1334 1913 eloquii
1359 1842 1650 1914 refulgent.
1669 1864 1690 1893 ι
1722 1844 1839 1899 Elo-

245 1925 373 1995 quia
403 1925 554 1980 enim
581 1927 798 1983 Domini
834 1936 1006 1991 casta,
1032 1949 1057 1982 ν
1087 1937 1192 1984 etc.
1227 1952 1249 1982 α
1278 1931 1716 1986 Reelinatorium
1739 1950 1840 1986 au-

244 2030 423 2080 reum,
458 2032 754 2071 ascensum
800 2034 1143 2089 purpureum
1210 2044 1225 2067 ο
1270 2021 1375 2075 Per
1418 2022 1840 2076 reclinatorium

243 2118 498 2167 aureum,
525 2108 746 2175 requies
776 2114 986 2162 mterna
1026 2109 1317 2180 accipitur,
1365 2128 1488 2181 quae
1529 2112 1737 2165 sanctis
1782 2111 1839 2165 in

250 2193 492 2247 Ecclesia
523 2196 808 2267 repromitl
821 2198 952 2263 itur,
977 2198 1045 2251 ad
1077 2215 1245 2269 quam
1274 2206 1461 2253 tamen
1480 2217 1743 2254 ascensus
1757 2204 1843 2253 est

248 2298 583 2352 purpureus.
633 2285 952 2356 Purpureus
983 2304 1246 2341 ascensus
1277 2294 1363 2342 est
1393 2289 1577 2358 passio
1608 2288 1839 2350 Christi,

255 2372 375 2440 quia
406 2390 656 2443 purpura
686 2375 927 2428 colorem
956 2377 1249 2447 sanguinis
1289 2376 1561 2431 imitatur.
1594 2380 1842 2431 Ascensu

256 2477 378 2529 ergo
400 2479 686 2533 purpureo
702 2465 769 2517 ad
798 2466 1214 2520 rcclinatorium
1240 2467 1578 2536 pervcnitur,
1603 2466 1733 2537 quia
1762 2466 1840 2519 illi

258 2549 320 2600 ad
349 2541 687 2604 aeternarum
708 2552 1001 2621 epularum
1034 2552 1371 2607 discubitum
1404 2561 1461 2607 et
1487 2553 1554 2607 ad
1587 2570 1841 2624 supernae

260 2638 453 2707 quietis
483 2639 733 2709 requiem
766 2640 1118 2711 \‘etiiunt.qui
1153 2643 1209 2696 in
1233 2644 1491 2713 pumsenti
1524 2644 1836 2713 passionem

262 2725 642 2797 Redemptoris
668 2729 754 2781 sui
775 2729 939 2799 digne
959 2731 1211 2784 venerari
1234 2739 1290 2784 et
1319 2731 1529 2784 imitari
1553 2737 1838 2800 satagunt.

268 2832 288 2863 ι
321 2814 498 2868 Media
528 2816 803 2870 charitate
845 2819 1151 2872 constravit
1185 2827 1414 2889 propter
1444 2820 1587 2874 ﬁlias
1634 2819 1829 2875 Hieru-

263 2903 446 2956 salem.
481 2923 503 2954 ι
543 2906 729 2959 Media
757 2906 1030 2961 charitate
1058 2908 1384 2973 constravit,
1424 2909 1555 2980 quia
1588 2896 1847 2964 omnibus

264 2990 509 3047 ﬁdelibus
558 3011 719 3049 suam
751 2996 1082 3051 charitatem
1114 2997 1370 3051 Christus
1412 2998 1842 3061 commendavit,

1923 1843 2139 1904 mortis,
2161 1842 2216 1895 in
2233 1859 2338 1912 qua
2359 1842 2527 1896 etiam
2552 1840 2877 1911 resurgendi
2902 1839 3060 1893 nobis
3078 1855 3232 1909 spem
3254 1830 3512 1890 contulit.

1923 1930 2001 1983 De
2044 1929 2147 1984 hoc
2183 1926 2501 1983 diademate
2541 1929 2841 2001 Apostolus
2866 1928 2948 1981 ait
2981 1948 2993 1981 :
3025 1926 3294 1982 Videmus
3323 1926 3515 1982 Jesum

1923 2035 2024 2089 per
2054 2019 2368 2089 passionem
2399 2020 2579 2090 gloria
2605 2025 2663 2073 et
2691 2019 2903 2073 honore
2932 2024 3282 2073 coronatum.
3332 2018 3516 2073 Mater

1924 2124 2052 2161 vero
2084 2124 2186 2162 sua
2227 2124 2356 2161 eum
2388 2124 2685 2161 coronasse
2715 2107 2941 2167 dicitur,
2972 2108 3100 2178 quia
3141 2108 3297 2177 virgo
3341 2105 3518 2162 Maria

1924 2196 2005 2250 illi
2043 2196 2113 2250 de
2169 2212 2270 2250 sua
2328 2196 2514 2250 carnis
2572 2196 2862 2249 materiem.
2909 2195 3174 2265 praebuit.
3233 2213 3259 2248 α
3310 2196 3372 2250 ln
3427 2196 3519 2251 die

1925 2286 2312 2356 desponsionis
2340 2286 2478 2355 ejus.
2501 2304 2527 2337 »
2553 2285 2655 2338 hoc
2685 2292 2787 2347 est,
2822 2284 2877 2337 in
2904 2291 3156 2356 tempore
3185 2285 3521 2339 incarnatio-

1924 2375 2270 2445 nis,quan«lo
2293 2374 2398 2427 sibi
2425 2375 2723 2427 Ecclesium
2754 2360 3046 2444 conjunxit
3076 2391 3186 2428 non
3218 2374 3519 2429 habentem

1926 2464 2201 2517 maculam
2234 2469 2333 2516 aut
2365 2479 2584 2531 rugam,
2609 2466 2689 2516 vel
2723 2464 2946 2533 quando
2977 2464 3124 2517 Deus
3157 2464 3370 2518 homini
3396 2479 3523 2518 con-

1918 2554 2147 2622 junctus
2173 2558 2275 2606 est.
2312 2574 2331 2601 ι
2372 2553 2438 2606 Et
2460 2554 2512 2605 in
2547 2553 2637 2606 die
2660 2553 2864 2606 laetitia:
2895 2553 3079 2606 cordis
3093 2554 3234 2621 ejus.
3259 2573 3279 2601 ι
3307 2552 3523 2607 Laetitia

1924 2641 2071 2695 enim
2096 2649 2151 2693 et
2170 2640 2440 2709 gaudium
2465 2641 2690 2702 Christi.
2715 2642 2867 2694 salus
2889 2652 2946 2694 et
2967 2642 3277 2710 redemptio
3291 2639 3519 2694 humani

1923 2729 2148 2799 gent-ris
2166 2736 2269 2785 est.
2287 2729 2448 2798 juxta
2470 2729 2616 2799 quod
2644 2729 2697 2782 in
2718 2729 3016 2798 Evangelio
3037 2730 3242 2782 multos
3263 2728 3333 2782 ad
3352 2728 3519 2781 ﬁdem

1928 2834 2088 2871 suam
2114 2833 2352 2871 cernens
2382 2819 2682 2881 confluere,
2711 2818 2768 2871 in
2799 2818 2893 2871 illa
2926 2817 3129 2888 (inquit
3158 2816 3525 2887 evangelista)

1929 2907 2070 2960 hora
2118 2905 2433 2969 exsultavit,
2485 2911 2543 2960 et
2579 2906 2720 2961 dixit
2763 2924 2775 2962 :
2812 2926 2838 2958 ct
2874 2906 3157 2961 Conﬁteor
3197 2905 3320 2969 tibi,
3356 2905 3524 2959 Pater

1930 2995 2052 3049 coeli
2084 3000 2140 3049 et
2169 2999 2353 3051 terrae.
2383 2996 2515 3067 quia
2535 2994 2877 3050 abscondisti
2896 2995 3013 3049 haec
3033 3012 3067 3048 a
3095 2993 3440 3066 sapientibus
3468 2999 3525 3049 et

266 3082 515 3151 patiendo
546 3101 648 3155 pro
681 3084 860 3150 nobis,
892 3092 950 3139 et
978 3085 1228 3157 requiem
1262 3086 1423 3141 nobis
1457 3088 1841 3157 prmparando,
1866 3090 1907 3148 C
1933 3083 2322 3156 prudentibus.
2357 3091 2413 3139 et
2444 3085 2699 3137 rcvelasti
2727 3101 2793 3138 ea
2820 3084 3067 3154 parvulis
3114 3102 3140 3136 ι)
3159 3084 3228 3138 Et
3256 3083 3311 3137 in
3341 3084 3523 3138 Evan-

261 3170 405 3239 juxta
423 3173 568 3242 quod
584 3175 884 3244 Apostolus
908 3175 1045 3229 dicit
1070 3194 1079 3226 :
1107 3175 1479 3229 Commendat
1495 3188 1681 3229 autem
1705 3178 1852 3231 Deus

266 3273 411 3312 suam
432 3261 764 3315 charitatem
788 3264 842 3317 in
861 3262 1043 3320 nobis.
1070 3264 1335 3332 quoniam
1367 3280 1491 3317 cum
1523 3265 1705 3318 adhuc
1726 3282 1852 3331 pec-

266 3354 469 3403 catores
491 3368 763 3411 essemus.
799 3370 899 3424 pro
922 3352 1082 3406 nobis
1112 3353 1311 3407 Filium
1341 3370 1504 3407 suum
1529 3353 1581 3405 in
1616 3362 1852 3407 mortem

270 3438 503 3493 tradidit.
534 3440 740 3495 Aliter:
769 3441 874 3495 Pro
896 3443 1188 3496 columnas
1208 3442 1855 3512 argenteas,.apostoliet

273 3530 544 3595 apostolici
578 3530 675 3583 viri
706 3531 1114 3602 designantur;
1165 3548 1265 3602 per
1296 3531 1716 3584 reclinatorium
1749 3547 1852 3584 au-

276 3630 436 3679 reum,
469 3618 762 3673 doctorum
808 3622 965 3684 ordo,
998 3622 1093 3692 qui
1124 3638 1247 3675 cum
1298 3620 1598 3674 ineffabilia
1630 3627 1851 3675 aeterna:

274 3702 390 3756 vitae
411 3709 826 3776 repromittunt,
863 3719 1055 3780 utique
1087 3727 1188 3764 nos
1216 3710 1464 3763 suaviter
1502 3710 1854 3779 requiescere

277 3792 486 3847 iaciunt.
517 3796 580 3850 Et
614 3797 716 3850 hoc
745 3799 1159 3853 reclinatorium
1191 3798 1330 3852 bene
1360 3815 1592 3852 aureum
1626 3798 1848 3863 dicitur,

278 3881 397 3948 quia
415 3883 691 3939 ineffabile
710 3896 795 3939 est
818 3887 949 3941 illud
977 3888 1266 3957 praemium
1292 3888 1435 3957 quod
1454 3889 1633 3940 sancti
1658 3904 1855 3959 exspe-

280 3976 433 4023 ctant.
452 3972 510 4025 ln
532 3973 701 4026 rebus
721 3975 869 4027 enim
888 3975 1111 4027 caducis
1133 3975 1270 4028 nihil
1286 3975 1582 4044 pretiosius
1599 3982 1832 4028 estauro

282 4056 376 4111 Per
392 4076 677 4116 ascensum
712 4080 838 4117 vero
871 4081 1236 4134 purpureum,
1254 4064 1392 4117 ordo
1420 4064 1679 4133 signatur
1709 4080 1861 4115 mar~

1932 3175 2113 3245 gelica
2159 3173 2426 3244 parabola
2480 3174 2707 3227 inventa
2757 3189 2874 3236 ove,
2918 3174 3241 3227 convocavit
3296 3172 3522 3236 amicos,

1934 3263 2125 3315 dicens
2158 3280 2208 3315 ει
2228 3260 2717 3332 Congratulamini
2750 3262 2906 3319 mihi.
2928 3284 2953 3314 ν
2981 3263 3172 3317 Potest
3191 3263 3296 3316 hoc
3318 3268 3375 3316 et
3398 3262 3529 3316 sim-

1934 3351 2154 3422 pliciter
2170 3359 2348 3405 totum
2364 3352 2430 3405 ad
2455 3352 2771 3422 passionem
2793 3353 3001 3407 tLhristi
3037 3352 3233 3407 referri
3249 3353 3412 3422 juxta
3434 3351 3528 3405 lit-

1934 3448 2135 3496 teram.
2171 3440 2484 3494 Prtevidens
2514 3441 2681 3494 etiam
2707 3442 2971 3495 Salomon
2997 3442 3054 3494 in
3086 3441 3291 3511 spiritu
3320 3440 3532 3511 passio-

1936 3546 2062 3582 nem
2110 3530 2337 3593 Christi,
2388 3531 2551 3598 longe
2594 3538 2724 3582 ante
2755 3529 3135 3600 praemonebat
3168 3529 3338 3582 ﬁliam
3373 3529 3526 3594 Sion,

1936 3618 1990 3671 id
2022 3624 2105 3671 est
2131 3618 2345 3686 plebem
2373 3618 2789 3677 Israeliticam.«
2812 3617 3171 3687 Egredimini,
3196 3637 3224 3668 ι)
3247 3616 3526 3686 inquiens,

1942 3727 1961 3757 ι
1999 3714 2055 3759 et
2079 3706 2259 3759 videte
2296 3723 2484 3776 regem
2526 3707 2904 3769 Salomonem,
2938 3726 2962 3760 ν
2995 3707 3052 3761 id
3082 3713 3172 3761 est
3214 3705 3525 3768 Christum,

1941 3814 1966 3848 α
2000 3795 2055 3848 in
2087 3795 2421 3860 diademate,
2475 3813 2499 3847 ο
2546 3796 2601 3849 id
2633 3802 2718 3849 est
2752 3795 2809 3849 in
2854 3796 3050 3867 spinea
3087 3808 3313 3859 c0rona,
3346 3813 3371 3847 κ
3423 3810 3533 3864 quo

1937 3884 2223 3937 coronavit
2274 3900 2403 3937 eum
2456 3894 2638 3939 mater
2675 3901 2799 3947 sua,
2861 3903 2884 3935 ι
2929 3886 3245 3956 Synagoga,
3297 3903 3321 3935 α
3357 3883 3414 3937 in
3444 3882 3534 3936 die

1940 3973 2330 4043 desponsionls
2355 3974 2494 4042 ejus,
2524 3991 2549 4023 ι
2580 3973 2804 4043 quando
2831 3973 3084 4026 videlicet
3112 3972 3218 4026 sibi
3248 3971 3538 4041 conjunxit

1943 4062 2271 4128 Ecelesiam;
2318 4079 2341 4111 (ι
2374 4069 2431 4115 et
2460 4061 2514 4115 in
2563 4061 2653 4115 die
2685 4062 2891 4116 laetitiae
2937 4061 3123 4115 cordis
3154 4062 3295 4131 ejus,
3347 4080 3370 4111 ι
3414 4076 3525 4131 quo

280 4152 473 4215 tyrum,
506 4151 598 4222 qui
629 4152 942 4217 passionem
972 4152 1179 4206 Christi
1200 4152 1423 4212 imitati,
1450 4168 1550 4222 pro
1579 4152 1672 4204 illo
1693 4168 1858 4204 suum
1943 4149 2227 4220 gaudebat
2249 4167 2348 4220 per
2378 4167 2537 4204 suam
2568 4151 2883 4221 passionem
2931 4151 3131 4205 redimi
3168 4150 3438 4205 mundum
3468 4148 3557 4203 de”

283 4239 590 4306 sanguinem
624 4241 908 4295 fuderunt.
949 4241 1059 4296 Sed
1088 4241 1218 4311 quid
1270 4257 1371 4293 nos
1402 4240 1690 4302 faciemus,
1729 4240 1864 4293 dicit
1945 4237 2216 4291 diabolica
2250 4244 2545 4309 potestate.
2581 4239 3089 4310 Egrediminiergo.
3127 4240 3231 4294 hoc
3254 4244 3358 4299 est,
3393 4238 3540 4291 exite

284 4322 465 4381 beatus
487 4329 814 4399 Gregorius,
857 4330 951 4401 qui
984 4330 1191 4384 nullius
1222 4328 1410 4381 meriti
1456 4328 1691 4382 smnus?
1739 4329 1861 4381 Non
1884 4370 1927 4426 Β
1947 4326 2015 4380 de
2038 4327 2287 4405 teni-bris
2339 4328 2710 4394 inﬁdelitatis,
2740 4335 2798 4381 et
2827 4329 3027 4391 videte,
3060 4330 3187 4386 thoc
3216 4334 3320 4391 est,
3356 4333 3541 4381 mente

287 4412 416 4467 inter
443 4417 843 4481 doctores,non
867 4420 1014 4473 inter
1033 4426 1309 4489 martyres
1330 4418 1511 4471 locum
1532 4434 1632 4470 nos
1656 4416 1864 4470 habere
1886 4412 1926 4426 ν
1948 4416 2263 4485 intelligite)
2295 4417 2424 4486 quia
2453 4417 2545 4470 ille
2575 4417 2670 4487 qui
2712 4424 2777 4470 ut
2804 4417 2972 4470 homo
3000 4418 3232 4487 patitur.
3264 4432 3427 4469 verus
3457 4421 3543 4469 est

292 4502 545 4561 videmur.
581 4509 886 4578 Sequitur:
924 4525 949 4558 α
978 4508 1158 4562 Media
1188 4507 1461 4560 charitate
1482 4505 1801 4559 constravit.
1836 4523 1861 4556 ν
1948 4504 2097 4557 Deus
2126 4522 2136 4556 :
2175 4506 2259 4557 vel
2296 4506 2465 4559 etiam
2498 4506 2831 4575 egredimini
2861 4516 3019 4560 extra
3051 4514 3268 4577 portam
3302 4503 3542 4557 civitatis

290 4590 588 4649 Habeamus
617 4596 1258 4666 ergocharitatemquia
1279 4595 1464 4648 media
1484 4596 1654 4665 hujus
1671 4594 1863 4649 ferculi
1951 4600 2165 4658 vestra},
2199 4600 2262 4647 ut
2307 4610 2436 4648 cum
2465 4594 2525 4648 in
2555 4594 2835 4665 Golgotha
2864 4601 3052 4649 monte
3095 4593 3419 4648 cruciﬁxum
3460 4592 3541 4645 vi—

289 4688 549 4737 constrata
580 4693 864 4755 suntquae
890 4692 945 4738 et
976 4684 1179 4737 idcirco
1197 4683 1373 4736 latum
1408 4684 1736 4737 mandatum
1770 4700 1862 4737 νο·
1950 4682 2152 4736 deatis.

292 4776 453 4835 catur,
477 4774 610 4843 quia
639 4774 900 4827 omnibus
928 4773 1045 4826 suis
1095 4772 1548 4826 observatoribus
1595 4778 1862 4827 aeternam

292 4856 506 4913 salutem
540 4870 720 4932 parat.
776 4863 929 4915 llanc
967 4860 1270 4915 efﬁcaciter
1309 4868 1621 4917 teneamus.
1673 4867 1729 4915 et.
1769 4878 1869 4932 per

292 4945 423 5002 hanc
443 4951 802 5004 salvabimur.
837 4951 903 5005 Et
924 4950 1029 5005 hoc
1059 4957 1290 5022 propter
1319 4950 1461 5003 ﬁlias
1494 4950 1863 5016 Hierusalem,
2026 4970 2052 5003 α
2104 4951 2285 5015 Quam
2318 4950 2549 5021 pulchra
2578 4966 2655 5003 es.
2686 4948 2864 5003 amica
2906 4965 3049 5010 mea,
3101 4965 3271 5020 quam
3311 4949 3548 5021 pulchra

294 5034 391 5088 hoc
416 5044 510 5099 est,
553 5047 784 5111 propter
830 5041 1050 5093 animas
1082 5040 1386 5110 simplices,
1421 5046 1478 5091 et
1522 5039 1731 5092 nullius
1759 5038 1864 5093 sibi
1950 5057 2010 5094 es
2038 5045 2096 5093 et
2121 5039 2339 5094 decora.
2375 5060 2399 5092 υ
2428 5038 2545 5092 Vox
2572 5034 2799 5093 Christi.
2836 5039 2927 5092 Bis
2960 5039 3395 5109 repetit,¢quam
3428 5040 3550 5110 pul-

296 5123 498 5181 virtutis
524 5129 796 5193 conscias,
829 5145 951 5199 qua:
974 5140 1185 5199 quanto
1220 5128 1398 5197 magis
1416 5127 1736 5197 tragilitatis
1760 5127 1864 5181 sibi
1946 5130 2083 5183 chra
2110 5118 2197 5195 es,
2249 5149 2271 5179 ι
2320 5128 2376 5182 in
2411 5144 2579 5199 opere
2630 5129 2890 5183 videlicet
2919 5135 2975 5182 et
3016 5128 3429 5199 praedicatione.
3484 5130 3549 5183 In

297 5222 421 5267 sunt
439 5218 684 5272 consciae.
717 5224 874 5271 tanto
903 5217 1147 5286 amplius
1178 5217 1525 5271 Salvatorem
1551 5222 1607 5269 et
1635 5216 1885 5270 Redem-’
1951 5235 2137 5288 opere.
2159 5217 2292 5289 quia
2316 5218 2452 5271 nihil
2474 5217 2682 5271 foedum
2730 5218 2867 5271 nihil
2889 5218 3066 5271 oculis
3091 5217 3230 5271 meis
3255 5218 3549 5287 indignum

298 5306 496 5369 ptorem
525 5323 685 5360 suum
709 5306 942 5376 diligere
966 5312 1258 5376 satagunt.
1954 5308 2102 5376 agis;
2130 5307 2188 5360 in
2213 5306 2768 5377 praedicatione,quia
2788 5306 2853 5360 ad
2880 5307 3348 5360 considerandum
3366 5306 3549 5359 incar-

381 5409 400 5440 ι
424 5390 753 5463 Egredimini
784 5402 837 5449 et
868 5396 1069 5459 videte,
1095 5396 1221 5450 ﬁliae
1238 5396 1596 5464 Sion.re.gem
1620 5394 1873 5449 Salomo-
1956 5395 2201 5449 nationis
2221 5412 2357 5449 mea:
2386 5396 2740 5466 mysterium,
2766 5396 2935 5449 etiam
2966 5394 3186 5449 sodales
3206 5401 3332 5449 tuas
3357 5394 3552 5448 Hieru-

305 5493 427 5531 nem
446 5480 494 5535 in
516 5483 965 5554 diademate.quo
997 5485 1286 5539 coronavit
1315 5501 1444 5538 eum
1480 5492 1660 5538 mater
1682 5500 1787 5537 sua
1816 5485 1870 5538 in
1956 5484 2128 5537 salem
2148 5484 2384 5538 invitare
2415 5502 2525 5539 non
2551 5502 2787 5539 cessas:
2808 5484 2966 5539 Oculi
2988 5484 3071 5538 tui
3090 5482 3496 5537 columbarum.
3520 5500 3545 5531 ι

1956 5573 2063 5627 Per
2074 5574 2264 5628 oculos
2276 5574 2511 5645 intelligi
2520 5583 2611 5629 tur
2620 5590 2856 5629 acumen
2871 5588 3134 5626 sensuum
3145 5567 3522 5640 spiritualium
3531 5607 3544 5631 ,

2567 4807 2802 4863 CAPUT
2826 4805 2922 4861 IV.

306 5563 399 5617 die
421 5567 785 5642 desponsionis
812 5572 962 5627 illius
992 5578 1047 5627 et
1076 5573 1135 5628 in
1163 5574 1253 5628 die
1282 5574 1489 5629 laetitia:
1517 5573 1700 5627 cordis
1729 5574 1867 5644 ejus.
