3970 6150
449 201 553 297 ξιξ»

857 209 1167 268 HAYMON
1171 212 1236 267 IS
1805 214 2031 283 EPISC.

2139 213 2233 269 PP.
2274 212 2459 291 PARS
2488 210 2543 287 ,1.
2586 242 2650 252 -
2688 209 3060 279 coMMENT.
3104 210 3285 268 BIBL.

3595 208 3693 287 eis

685 330 875 423 divina
903 339 961 387 et
987 336 1329 423 sempiterna
1351 339 1764 423 contemplatur
1780 338 2049 423 Ecclesia.
2073 336 2310 413 Aablu‘i,
2340 353 2410 390 ne
2441 337 2629 389 illotus
2656 335 2829 389 sudor
2864 335 3083 407 corpori
3119 334 3476 407 adhzerescat,
3506 341 3695 409 et

451 406 735 472 Cbluiﬁbée
749 412 934 475 autem
959 422 1108 477 oculi
1132 418 1383 479 Ecclesiae
1406 406 1805 497 comparantur
1823 412 2052 498 propter

449 504 800 575 spiritualem
830 513 1094 581 gratiam,
1113 515 1242 583 quia
1275 514 1518 584 Spiritus
1541 525 1768 570 sanctus
1790 516 1844 569 in
1866 516 2051 586 specie

448 588 721 671 Holume
749 594 1027 669 apparuit.
1053 601 1319 673 Sequitur
1347 617 1359 652 :
1392 628 1413 650 σι
1448 603 1672 675 Absque
1696 622 1760 658 eo
1790 605 1936 675 quod
1968 604 2051 658 in-

445 680 727 738 ti‘inSecii's
754 686 925 753 latet;
958 686 972 734 '-
1000 688 1055 743 id
1087 698 1172 743 est
1200 690 1412 760 absque
1433 684 1688 763 supernae
1712 692 1860 747 illius
1892 690 2051 746 retri-

445 769 703 858 butionis
730 769 912 857 gloria
951 768 1119 858 quam
1153 782 1208 833 in
1238 782 1350 858 line
1380 784 1565 836 szeculi
1598 800 1658 836 es
1698 772 2046 855 perceptura,

452 860 621 928 quam
649 856 754 915 etsi
777 863 831 918 in
871 854 1133 945 praesenti
1163 854 1263 940 per
1287 869 1451 923 tidem
1479 854 2051 945 contempleris.latet

446 948 643 1002 tamen
668 946 1004 1008 intrinsecus
1028 965 1039 1007 ξ
1083 944 1183 1010 nec
1203 946 1351 1010 enim
1383 958 1441 1012 in
1465 940 1723 1029 praesenti
1757 947 1924 1014 videri
1950 976 2047 1031 po-

451 1038 579 1123 test,
606 1036 707 1129 'sed
732 1038 783 1091 in
807 1039 996 1095 futuro
1016 1032 1389 1113 pen-ﬁeieturJ
1419 1045 1617 1116 Capilli
1646 1047 1730 1101 tui
1761 1048 1904 1101 sicut
1928 1067 2046 1113 gr.»

448 1129 550 1192 ’ge's
579 1126 896 1196 caprarum,
931 1130 1053 1200 qua:
1082 1133 1456 1187 ascenderunt
1475 1126 1749 1190 demonte
1772 1137 1999 1191 Gala-ad.
2026 1160 2046 1187 υ

454 1212 563 1265 Per
590 1213 818 1285 capillos
850 1217 1119 1282 Ecclesiae,
1142 1208 1375 1275 subtiles
1410 1216 1660 1277 Ecclesiae
1682 1226 2051 1295 cogitationes

453 1302 1032 1385 accipiuntur,quibus
1051 1311 1383 1380 temporalia
1411 1312 2053 1385 plerumquedisponun-

2132 408 2278 478 biem
2311 431 2560 494 generet.
2607 416 2777 477 Tonsi
2810 423 2957 477 enim
2990 428 3124 478 sunt
3160 422 3339 476 sancti
3384 423 3624 479 doctores
3640 428 3698 476 et

2134 513 2391 585 magistri
2434 512 2707 576 Ecclesiae,
2741 512 2837 583 qui
2880 520 2938 567 et
2973 512 3194 565 lavacro
3242 511 3498 584 baptismi
3541 510 3698 585 abluti

2133 584 2293 668 sunt;
2347 609 2405 681 et
2450 584 2672 668 vellera,
2716 601 2774 657 id
2818 606 2904 655 est
2946 601 3243 683 facultates
3288 605 3345 654 et
3378 598 3699 669 substantias

2133 708 2264 767 suas
2291 678 2392 763 pro
2413 686 2636 745 Christo
2651 676 2983 744 amiserunt.
3009 676 3285 747 Omnibus
3303 689 3523 767 quidem
3540 687 3700 743 ﬁdeli-

2134 780 2238 834 bus
2264 779 2523 834 convenit
2551 779 2698 851 quod
2718 778 2888 833 dicit:
2917 798 2943 831 ι
2977 779 3112 844 Quze
3141 778 3514 853 ascenderunt
3539 777 3601 851 de
3629 776 3701 847 la-

2132 887 2314 935 vacro,
2350 889 2376 922 »
2409 870 2597 923 nullus
2629 868 2779 922 enim
2811 867 2933 922 sine
2973 868 3191 921 lavacro
3237 849 3497 936 baptismi
3541 849 3702 921 ﬁdelis

2136 954 2259 1013 esse
2304 966 2506 1029 potest.
2554 958 2679 1012 Non
2719 964 2907 1011 autem
2947 946 3207 1010 omnibus
3227 955 3410 1008 tonsio
3448 952 3700 1027 convenit,

2137 1046 2267 1118 quia
2292 1064 2401 1102 non
2423 1064 2618 1101 omnes
2641 1047 2721 1101 ita
2748 1051 2881 1100 sunt
2911 1032 3157 1116 perfecti.
3174 1050 3239 1098 ut
3256 1060 3361 1099 sua
3382 1058 3480 1114 pro
3502 1040 3703 1113 Christo

2137 1137 2357 1190 valeant
2392 1138 2673 1200 amittere,
2706 1135 2803 1188 sed
2834 1124 2953 1187 illis.
2982 1133 3301 1204 specialiter
3331 1132 3434 1185 hoc
3469 1128 3705 1201 congruit

2135 1212 2228 1296 qui
2262 1225 2568 1279 secundum
2596 1223 2823 1279 verbum
2855 1208 3079 1277 Domini
3110 1222 3359 1276 vendunt
3382 1219 3565 1295 omnia
3594 1234 3701 1289 sua,

2135 1321 2193 1367 et
2220 1315 2357 1367 dant
2385 1312 2748 1384 pauperibus,
2774 1320 2831 1365 et
2859 1311 2994 1365 nudi
3019 1318 3187 1380 atque
3216 1308 3460 1380 expediti
3485 1321 3705 1377 sequun-

452 1384 567 1443 tu'r.
593 1391 1005 1462 Comparantur
1023 1394 1151 1450 vero
1179 1400 1443 1469 gregibus
1467 1384 1922 1473 caprarum,quia
1938 1403 2053 1456 haec
2138 1409 2234 1457 tur
2258 1403 2564 1457 Christum.
2597 1401 2759 1457 Tales
2782 1417 2915 1470 ergo
2944 1405 3074 1453 sunt
3093 1400 3291 1452 dentes
3323 1395 3574 1452 Ecclesiae
3595 1410 3706 1447 san-

456 1478 726 1532 anima‘lia
754 1484 963 1536 munda
985 1493 1135 1545 sunt,
1170 1494 1226 1539 et
1249 1488 1307 1540 in
1334 1488 1566 1558 rupibus
1596 1490 1709 1543 sive
1740 1491 1795 1543 in
1827 1491 2057 1543 excelsis
2139 1499 2261 1551 ctte,
2295 1488 2348 1545 id
2381 1499 2469 1544 est
2497 1491 2890 1564 praedicatores
2922 1495 2979 1542 et
3008 1486 3265 1558 magistri
3299 1487 3443 1555 ejus,
3474 1500 3596 1538 oves
3622 1499 3708 1553 per

456 1565 593 1620 iccis
607 1569 869 1640 resupina
886 1570 2054 1648 pascuntur.quiacogitationessanctorum
2140 1580 2514 1634 innocentiam
2549 1578 2723 1633 abluti
2747 1578 3040 1649 baptismo,
3058 1565 3373 1651 voluntaria
3403 1577 3709 1651 paupertate

457 1655 561 1748 etsi
596 1673 693 1726 pro
716 1656 993 1748 corporali
1017 1663 1349 1719 necessitate.
1378 1664 1434 1720 in
1466 1668 1870 1737 temporalibus
1893 1670 2113 1748 tiunt,B
2140 1675 2197 1723 et
2226 1686 2412 1722 rerum
2451 1667 2750 1739 sponsione
2772 1667 3100 1737 gaudentes.
3134 1650 3402 1737 Sequitur
3435 1680 3445 1714 ε
3476 1662 3710 1717 «Omnes

453 1746 645 1833 tamen
676 1747 746 1799 ab
766 1746 1101 1804 aeternorum
1120 1752 1431 1808 intentione
1454 1772 1564 1809 non
1585 1757 1900 1823 discedunt,
1924 1764 1981 1811 et
1999 1757 2054 1811 in
2073 1744 2106 1748 -
2136 1758 2392 1829 gemellis
2425 1746 2643 1817 fetibus.
2679 1746 2736 1810 et
2762 1754 2974 1809 sterilis
3002 1771 3111 1809 non
3135 1760 3220 1807 est
3244 1753 3396 1806 inter
3421 1768 3565 1805 eas.»
3586 1744 3713 1833 Quia

453 1832 578 1902 ips-a.
606 1834 773 1887 etiam
802 1840 954 1900 cura,
989 1842 1154 1909 quam
1180 1843 1499 1898 necessitati
1531 1861 1809 1915 corporeae
1832 1846 2056 1917 impen-
2136 1828 2362 1917 gemina
2386 1845 2661 1901 charitate
2692 1852 2748 1899 et
2775 1834 3073 1903 dilectione
3106 1843 3202 1896 Dei
3230 1831 3289 1913 et
3309 1831 3542 1912 proximi
3561 1828 3711 1908 prase-

456 1921 617 2009 dunt,
662 1925 822 1992 quasi
863 1928 1061 1981 caelum
1116 1945 1338 2001 semper
1381 1931 1691 1987 intuentur.
1757 1935 2056 1989 Possumus
2143 1936 2377 1996 minent,
2402 1939 2458 1989 et
2480 1936 2621 2009 hanc
2646 1932 2929 1988 observari
2959 1929 3283 1991 docent,vel
3314 1930 3482 1984 etiam
3515 1926 3637 1997 quia
3654 1924 3711 1983 ﬁ-

455 2005 625 2101 etiam
658 2030 758 2083 per
785 2014 993 2077 oculos,
1019 2018 1273 2073 doctores
1296 2020 1551 2077 Ecclesia;
1582 2028 1638 2075 et
1668 2025 2059 2094 praedicatores

454 2099 728 2169 accipere,
779 2104 874 2172 qui
916 2104 973 2158 in
1025 2123 1274 2178 corpore,
1309 2111 1398 2163 cui
1446 2119 1614 2181 caput
1663 2111 1920 2166 Christus
1951 2118 2054 2177 est,

456 2199 741 2242 summum
763 2191 943 2246 locum
967 2201 1242 2261 tenent,et
1263 2200 1507 2252 ccelestia
1525 2217 1589 2253 ac
1607 2196 1924 2271 spiritualia
1944 2219 2056 2272 prae

458 2276 675 2329 caeteris
704 2280 970 2335 membris
1000 2284 1209 2338 vident.
1236 2287 1343 2340 Per
1364 2289 1595 2357 capillos
1625 2286 1773 2352 vero,
1792 2290 2054 2343 innume-

457 2370 579 2416 ram
604 2366 1024 2425 multitudinem
1046 2374 1382 2445 simplicium
1406 2378 1742 2437 fidelium,in
1767 2380 1948 2434 laicali
1971 2398 2056 2433 or-

459 2450 1073 2540 dine'constitutorum,
1110 2462 1200 2533 qui
1232 2467 1332 2519 etsi
1362 2456 1546 2521 minus
1570 2468 1760 2523 vident
1787 2470 2053 2540 spiritua-

456 2539 555 2635 lia,
574 2542 675 2597 sua
702 2552 889 2600 tamen
910 2551 1270 2635 multitudine
1293 2563 1348 2608 et
1360 2558 1761 2612 numerositate
1788 2539 2054 2627 magnum

457 2629 629 2685 'decus
658 2629 929 2702 praestant
952 2639 1224 2696 Ecclesia}.
1270 2644 1337 2697 Et
1368 2645 1507 2698 bene
1535 2647 1798 2716 gregibus
1828 2665 1946 2700 com
1957 2664 2055 2717 pa-

457 2718 991 2794 ranturraprarum.
1026 2729 1205 2800 Capra
1234 2734 1616 2802 peccatoribus
1646 2736 1922 2799 convenit,
1958 2751 2057 2806 per

2142 2025 2268 2078 dem
2299 2016 2355 2078 et
2382 2025 2765 2094 operationem
2799 2021 3121 2093 praedicant.
3148 2022 3215 2074 Et
3242 2019 3451 2091 sterilis
3484 2032 3591 2070 non
3635 2017 3711 2068 est

2140 2110 2198 2167 in
2229 2114 2328 2178 eis,
2363 2114 2550 2167 nullus
2582 2112 2838 2166 videlicet
2866 2106 3082 2165 alienus
3105 2102 3264 2163 bonis
3294 2100 3570 2177 cperibus.
3674 2094 3677 2097 ’

2216 2223 2236 2253 α
2265 2202 2421 2258 Sicut
2444 2202 2583 2254 vitta
2600 2201 2857 2254 coccinea
2874 2199 3037 2272 .labia
3056 2206 3171 2259 tua,
3193 2203 3249 2250 et
3269 2192 3549 2266 elbquium
3567 2198 3707 2246 tuum

2139 2292 2320 2346 dulce.
2358 2312 2383 2343 »
2420 2291 2522 2344 Per
2560 2289 2711 2343 labia
2741 2288 2999 2343 Ecclesiae
3026 2287 3211 2341 sancti
3233 2274 3620 2358 praedicatores
3634 2276 3711 2333 ac-

2138 2382 2424 2452 cipiuntur
2465 2379 2561 2450 qui
2613 2385 2671 2431 et
2716 2395 2817 2450 per
2871 2377 3070 2432 dentes
3125 2376 3463 2445 ﬁgurantur.
3520 2370 3708 2426 COCCUS

2138 2476 2329 2523 autem
2386 2466 2677 2536 Sanguinis
2726 2465 2811 2519 vel
2870 2465 3015 2535 ignis
3044 2462 3214 2517 habet
3262 2463 3522 2533 speciem.
3558 2454 3711 2512 Labia

2139 2575 2272 2628 ergo
2330 2557 2589 2611 Ecclesiae
2643 2553 2715 2623 (id
2765 2559 2851 2608 est
2901 2553 3082 2606 sancti
3124 2551 3533 2623 praedicatores,
3574 2546 3707 2599 vittze

2138 2647 2407 2701 coccinea:
2455 2650 2873 2715 comparantur,
2940 2643 3076 2713 quia
3133 2640 3456 2713 passionem
3519 2634 3708 2703 Christi

2138 2737 2360 2790 assidue
2382 2733 2807 2807 prwdicant,qui
2833 2749 2932 2804 pro
2954 2736 3149 2784 nostra
3185 2728 3569 2800 redemptione
3598 2738 3708 2777 san-

459 2806 611 2879 quod
640 2812 829 2881 plebes
851 2815 1100 2871 fidelium
1125 2820 1438 2875 actionibus
1467 2823 1653 2876 saeculi
1692 2820 1911 2889 deditae,
1934 2842 2055 2895 quae
2134 2816 2363 2895 guinem
2383 2806 2546 2877 suum
2570 2814 2851 2885 tudit,sive
2873 2812 3021 2874 vittae
3038 2819 3313 2873 coccineae
3327 2815 3707 2877 assimilantur,

459 2897 580 2951 sine
612 2909 838 2968 peccato
869 2904 959 2974 agi
989 2906 1101 2960 non
1139 2910 1393 2977 possunt,
1442 2909 1855 2980 intelliguntur.
1908 2913 2113 2986 Benen
2138 2908 2270 2986 quia
2292 2913 2683 2984 praedicatores
2713 2907 2914 2985 ardent
2955 2908 3273 2973 dilectione,
3318 2906 3606 2975 diligentes
3628 2916 3711 2985 eos

460 2986 648 3075 autem
673 2992 964 3060 sequitur:
1012 3002 1034 3044 ἃ
1065 2996 1199 3059 Quae
1218 2994 1595 3053 ascenderunt
1620 2993 1689 3053 de
1712 3008 1902 3055 monte
1943 2984 2116 3055 Ga-b
2142 2984 2340 3075 quibus
2387 3001 2555 3054 verba
2588 2992 2940 3071 impendunt,
2973 3004 3029 3052 et
3059 2993 3227 3050 etiam
3263 3012 3297 3049 a
3327 2994 3527 3067 quibus
3578 2984 3710 3043 mala

618 3094 643 3127 υ
670 3076 881 3170 Galaad
906 3097 1135 3137 acervus
1155 3082 1887 3160 testimoniiinterpretatur
1895 3092 2059 3161 juxta
2139 3072 2454 3164 patiuntur.
2489 3089 2579 3143 Ad
2626 3086 2726 3142 hoc
2755 3088 2923 3141 etiam
2976 3084 3238 3158 pertinet,
3290 3084 3439 3155 quod
3487 3078 3705 3165 Spiritus

456 3160 724 3260 litteram,
749 3167 876 3222 ideo
906 3172 1039 3240 quia
1065 3176 1190 3228 cum
1214 3176 1384 3230 Jacob
1413 3178 1622 3260 rediret
1650 3179 1718 3233 de
1748 3180 2057 3250 Mesopota-
2138 3160 2364 3234 sanctus
2393 3179 2451 3231 in
2483 3174 2688 3249 linguis
2717 3175 2897 3247 igneis
2916 3172 3634 3260 apparuit,quialoquentes
3657 3160 3707 3235 et

460 3252 593 3314 mia,
623 3263 950 3322 persecutus
971 3267 1056 3314 est
1084 3278 1210 3317 eum
1236 3264 1443 3327 Laban,
1473 3254 1529 3320 et
1549 3268 1639 3322 die
1661 3266 1829 3322 tertia
1849 3269 2058 3339 reperit
2141 3270 2403 3323 ardentes
2443 3268 2575 3322 fecit
2610 3265 2911 3337 apostolos,
2954 3252 3218 3318 ardentes
3276 3260 3591 3317 dilectione,
3636 3255 3711 3338 lo-

644 3340 834 3413 iblque
862 3342 919 3399 in
940 3349 1321 3407 testimonium
1356 3356 1533 3409 mutui
1557 3346 1779 3409 fmileris
1799 3335 2055 3409 acervum
2141 3348 2378 3429 quentes
2427 3335 2839 3426 praedicatione.
2878 3354 2944 3407 Et
2972 3352 3113 3406 bene
3141 3352 3278 3406 vitta
3316 3350 3571 3405 coccinea
3597 3335 3712 3398 dici-

458 3423 710 3521 l‘lPldtIm
733 3436 1551 3510 erexerunt.Mystice,acervus
1571 3444 1877 3499 testimonii
1902 3445 2054 3499 Chri-
2138 3423 2254 3499 t-ur.
2313 3423 2463 3497 Vitta
2523 3438 2670 3496 enim
2727 3442 2957 3513 capillos
3010 3441 3149 3510 ligat
3196 3446 3250 3494 et
3291 3432 3634 3504 constringit,
3663 3436 3712 3483 et

458 3519 712 3585 stusest,
738 3522 802 3576 in
835 3526 944 3594 q‘uo
968 3528 1269 3584 multitudo
1290 3528 1810 3587 consistitomnium
1831 3540 2055 3587 sancto-
2139 3534 2316 3589 sancti
2343 3535 2600 3588 doctores
2630 3526 2731 3586 sua
2759 3528 3153 3601 praedicatione
3183 3530 3249 3582 ad
3283 3530 3557 3582 unitatem
3586 3519 3702 3605 lidei

635 3610 737 3705 qui
769 3618 901 3667 sunt
931 3615 1145 3687 lapides
1168 3619 1291 3686 vivi,
1325 3622 1675 3676 adhaerentes
1706 3622 1787 3676 illi
1816 3639 1943 3676 vero
1972 3623 2055 3675 la-
2139 3629 2196 3677 et
2239 3622 2551 3676 dilectionis
2598 3620 3016 3674 multitudinem
3074 3612 3322 3672 ﬁdelium
3382 3617 3439 3671 in
3492 3608 3713 3705 Ecclesia

617 3694 687 3751 de
717 3706 828 3793 Quo'
860 3704 1056 3759 Petrus
1076 3707 1245 3761 dicit:
1268 3728 1292 3761 α
1323 3711 1408 3764 Ad
1434 3727 1599 3793 quem
1622 3712 1951 3793 accedentes
1980 3711 2056 3763 la—
2140 3717 2392 3776 nectunt,
2427 3714 2483 3764 et
2512 3711 2570 3764 in
2622 3726 2795 3764 unum
2841 3708 3101 3763 decorem
3150 3707 3438 3778 redigunt.
3492 3697 3711 3757 Possunt

459 3783 649 3871 pidem
682 3788 887 3851 vivum,
912 3798 969 3846 et
996 3794 1115 3865 ipse
1146 3794 1418 3868 tanquam
1445 3792 1659 3869 lapides
1684 3792 1786 3851 vivi
1811 3815 2059 3869 superae-
2142 3801 2311 3855 etiam
2327 3800 2664 3871 percapillos
2677 3798 2914 3853 subtiles
2933 3797 3303 3868 cogitationes
3319 3792 3521 3850 mentis
3536 3786 3709 3859 accipi.

459 3870 765 3969 diﬁcamini
804 3880 1046 3953 nGreges
1067 3900 1199 3956 ergo
1222 3903 1516 3957 caprarum
1540 3888 1608 3941 de
1631 3890 1819 3941 monte
1843 3880 2055 3941 Galaad
2138 3890 2289 3943 Vitta
2335 3907 2466 3960 ergo
2491 3870 2750 3943 coccinea
2769 3887 2950 3941 crines
2970 3882 3230 3958 ligamus,
3270 3885 3493 3956 quando
3517 3879 3712 3950 cogita-

459 3960 989 4061 a'scenderunt,quia
1006 3974 1327 4029 sanetordm
1349 3976 1737 4031 multitudines
1752 3975 1821 4029 ad
1844 3977 2058 4031 excelsa
2139 3980 2321 4032 tiones
2352 3986 2574 4033 nostras
2604 3976 2899 4048 disciplina
2923 3976 3146 4029 timoris
3181 3960 3712 4047 Dci'constringimus

459 4055 728 4110 virtutum
755 4064 1155 4127 conscendunt,
1180 4073 1236 4119 et
1253 4064 1461 4119 Christi
1490 4062 1805 4119 doctrinam
1826 4082 1891 4118 ac
1912 4081 2055 4135 prze-
2139 4075 2195 4120 et
2225 4084 2565 4122 coercemus.
2604 4088 2625 4115 α
2671 4067 2739 4121 Et
2766 4058 3053 4136 eloquium
3085 4072 3245 4118 tuum
3284 4063 3467 4117 dulce.
3506 4079 3528 4113 »
3560 4055 3712 4113 Dulce

459 4140 621 4213 ebpta
640 4145 699 4198 in
729 4150 988 4204 omnibus
1017 4152 1176 4221 sequi
1202 4158 1486 4223 satagunt.
2141 4162 2226 4209 est
2251 4154 2535 4224 eloquium
2563 4138 2835 4217 Ecclesize,
2865 4170 2990 4207 cum
3018 4148 3193 4207 sancti
3224 4152 3479 4206 doctores
3500 4148 3578 4201 vel
3606 4158 3713 4217 pas-

460 4243 465 4247 ’
537 4243 559 4280 α
593 4231 801 4288 Dentes
829 4238 910 4290 tui
943 4239 1088 4292 sicut
1124 4257 1324 4311 greges
1346 4249 1647 4295 'tonsarum
1677 4241 1885 4303 ovium,
1931 4259 2054 4312 quae
2139 4245 2353 4297 sionem
2402 4244 2488 4297 sui
2536 4242 2927 4313 Redemptoris
2957 4242 3025 4294 ad
3067 4256 3397 4295 memoriam
3442 4237 3711 4292 reducunt,

460 4323 837 4377 ascenderunt
867 4325 935 4379 de
956 4328 1192 4382 lavacro.
1241 4350 1263 4380 ι
1295 4331 1451 4385 Sicut
1472 4346 1570 4401 per
1604 4330 1833 4401 capillos
1874 4321 2120 4384 Eccle—D
2139 4340 2196 4386 et
2230 4332 2533 4402 praedicant
2560 4338 2833 4401 quantum
2865 4331 3011 4383 Deus
3035 4328 3323 4383 hominem
3352 4324 3619 4383 dilexerit,
3639 4318 3714 4372 vel

461 4407 559 4461 site
576 4410 1003 4469 innumerabilis
1028 4418 1328 4473 multitudo
1349 4420 1451 4472 sim
1460 4419 1685 4490 plicium
1705 4420 1952 4474 fidelium
1977 4421 2059 4475 in-
2140 4421 2309 4475 etiam
2332 4438 2458 4477 cum
2480 4420 2727 4475 cmlestia
2754 4412 2981 4491 préemia
2998 4417 3350 4472 auditoribus
3371 4412 3711 4493 annuntiant.

459 4497 813 4569 telliguutur,
845 4503 925 4558 ita
955 4510 1013 4559 et
1039 4523 1137 4577 per
1167 4508 1363 4562 dentes
1398 4508 1656 4562 Ecclesiae
1688 4509 1944 4563 doctores
1970 4510 2056 4563 in-
2146 4533 2167 4557 ιι
2199 4510 2356 4564 Sicut
2381 4511 2633 4579 fragmen
2668 4508 2797 4562 mali
2830 4508 3044 4573 Punici,
3084 4507 3166 4579 ita
3184 4522 3342 4577 gente
3371 4510 3500 4563 tuae,
3522 4501 3713 4569 absque

461 4587 837 4659 telliguntUr:
872 4576 1133 4649 dentibus
1163 4596 1311 4650 en'iin
1358 4597 1508 4650 cibos
1539 4594 1946 4651 commolinius.
1994 4596 2061 4651 Et
2141 4616 2206 4653 eo
2251 4599 2398 4669 quod
2448 4576 2783 4652 intrinsecus
2834 4580 2989 4650 latet.
3031 4617 3055 4649 »
3106 4576 3213 4650 Per
3255 4610 3429 4665 genas
3476 4588 3714 4662 superius

462 4679 641 4732 sancti
667 4682 924 4739 doctores
967 4684 1105 4739 bene
1143 4685 1406 4741 dentibus
1441 4688 1886 4751 conformantur,
1923 4686 2055 4757 quia
2138 4678 2380 4741 diximus
2412 4687 2715 4740 Ecclesiam
2750 4684 3002 4756 ﬁgurari.
3037 4685 3181 4739 Nam
3225 4700 3351 4736 cum
3398 4675 3713 4735 verecunda-

461 4767 784 4837 spirituales
819 4775 990 4839 cibos,
1032 4790 1172 4845 quos
1202 4776 1485 4846 simplices
1515 4793 1715 4847 capere
1745 4783 2054 4846 nequeunt,

461 4858 570 4930 ipsi
590 4861 1002 4930 quodammodo
1019 4866 1345 4935 exponendo
1366 4866 1936 4919 comminuunt.Deus
1959 4866 2057 4917 Ec-

462 4949 646 5002 clesia:
675 4951 954 5021 praecipue
993 4962 1113 5005 erat
1144 4954 1342 5008 Petrus
1395 4955 1485 5008 cui
1525 4955 1735 5008 dictum
1771 4946 1855 5008 est
1884 4955 1943 5007 in
1979 4956 2056 5008 vi-

461 5037 618 5091 sione
638 5057 687 5091 εα
703 5040 898 5110 Surge.
925 5040 1112 5096 occide
1126 5049 1181 5096 et
1204 5044 1479 5098 manduca
1523 5063 1548 5097 io
1572 5046 1652 5098 Ac
1674 5042 2015 5098 sidiceretur
2037 5062 2049 5097 :

460 5123 574 5181 Eos
620 5136 759 5198 quos
799 5130 867 5181 ad
908 5130 1073 5184 fiderit
1106 5126 1399 5196 convertis,
1450 5131 1635 5187 occide
1686 5132 1757 5185 ab
1797 5128 1867 5187 eo
1906 5124 2054 5203 quod

460 5218 611 5279 Sunt,
638 5225 701 5270 ut
722 5216 983 5272 desinant
1012 5236 1138 5273 eese
1165 5229 1482 5291 peccatores
1505 5240 1517 5289 ;
1546 5229 1603 5276 et
1632 5222 1928 5285 manduca,
1953 5222 2054 5274 hoc

459 5306 915 5362 est‘transforma
952 5308 1009 5361 in
1035 5324 1236 5380 corpus
1273 5310 1544 5368 Ecclesize.
1585 5302 1731 5365 Bene
1763 5318 1952 5364 autem
1994 5309 2051 5363 hi

462 5397 659 5452 dentes
686 5394 878 5450 dvibus
913 5396 1090 5451 tonsis
1133 5406 1191 5453 et
1216 5400 1436 5454 lavacro
1469 5401 1597 5454 lotis
1629 5405 2046 5471 comparantur.

468 5486 667 5541 Solent
712 5484 861 5539 enim
920 5502 1048 5540 oves
1094 5486 1220 5559 post
1260 5488 1576 5543 tonsionem
1620 5489 1867 5544 currenti
1904 5504 2052 5560 aqua

2140 4794 2287 4839 mur,
2327 4777 2502 4830 rubor
2545 4776 2836 4846 sanguinis
2867 4773 2922 4827 in
2950 4774 3110 4843 genis
3156 4771 3481 4827 effunditur.
3522 4765 3710 4822 Malum

2138 4856 2327 4920 autem
2368 4864 2636 4918 Punicum
2668 4862 3043 4917 rubicundum
3081 4854 3250 4915 habet
3278 4856 3557 4923 corticem,
3583 4855 3714 4907 inte—

2138 4940 2254 5008 rius
2285 4954 2411 5006 vero
2441 4952 2799 5006 multitudine
2823 4960 3129 5021 granorum
3159 4950 3385 5021 plenum
3418 4953 3503 5001 est
3530 4964 3541 4996 :
3578 4939 3711 5021 unde

2138 5040 2195 5097 et
2247 5043 2458 5095 malum
2511 5049 2811 5112 granatum
2844 5047 3090 5093 vocatur.
3142 5038 3250 5092 Per
3297 5037 3549 5112 fragmen
3593 5043 3713 5098 ergo

2138 5122 2270 5184 mali
2296 5130 2506 5192 Punici,
2536 5129 2808 5184 memoria
2836 5129 3089 5199 ejusdem
3122 5126 3398 5196 passionis
3433 5108 3710 5178 Dominice

2136 5212 2428 5289 accipitur,
2463 5236 2584 5289 quae
2625 5225 2680 5273 et
2704 5219 2760 5272 in
2791 5234 2952 5271 cocco
2975 5204 3540 5289 superiusfiguratur.
3573 5207 3710 5263 Solet

2134 5309 2284 5363 enim
2317 5324 2427 5362 una
2459 5325 2547 5362 res
2584 5306 2818 5361 diversis
2869 5306 3105 5377 exprimi
3137 5304 3347 5377 ﬁguris.
3401 5287 3564 5358 denae
3588 5307 3707 5364 ergo

2133 5392 2395 5451 Ecclesiae
2427 5396 2693 5468 fragmini
2727 5396 2862 5449 mali
2894 5395 3089 5449 Punici
3131 5402 3546 5465 comparantur,
3589 5382 3708 5473 quia

2131 5479 2308 5541 sancti
2343 5484 2599 5541 doctores
2628 5478 3026 5539 venerabiliter
3054 5478 3228 5559 agunt
3252 5480 3575 5561 memoriam
3598 5487 3712 5554 p88-
