3926 6164
211 230 303 312 ψ
1081 228 1498 315 ξΝΑΒΒᾼΤιφ
1535 233 1616 314 in
1652 234 1764 290 CA1

1849 234 1966 290 lCA
2005 230 2497 323 CANTIcoaUM.
3336 225 3442 320 ξω

204 357 360 427 sionis
383 356 766 433 Redemptoris
784 355 1007 433 sui,nec
1023 353 1364 433 erubescunt
1378 372 1602 433 crucem
1630 360 1828 430 ejus,A
1844 359 2264 420 demonstrant;
2312 357 2509 409 dentes
2555 358 2706 419 sunt,
2760 353 2893 424 quia
2934 353 3086 407 cibos
3124 353 3441 419 divinarum

204 434 305 500 inid
327 426 650 516 gloriantur.
685 426 937 499 dicentes
964 434 1089 497 cu'm
1120 428 1419 516 Apostolo:
1445 465 1473 497 α
1510 426 1770 515 Βίἰίιίὶωέ
1855 434 2270 515 Scripturarum
2305 442 2525 495 molunt
2553 447 2609 494 et
2628 434 3018 494 comminuunt
3036 446 3100 494 ut
3118 437 3304 492 mandi
3320 433 3445 509 pos-

204 463 303 500 imo
327 461 650 516 gloriantur.
685 461 937 499 dicentes
964 461 1089 497 cum
1120 461 1166 497 Λ
1196 461 1419 515 ηοειοιοε
1445 465 1473 497 α
1510 461 1644 515 Mm!
1669 464 1770 500 au-
1855 461 2270 515 Scripturarum
2305 461 2525 495 malum.
2553 461 2609 494 et
2628 461 3018 494 comminuunt
3037 461 3100 494 ut
3118 461 3304 492 manui
3320 461 3445 509 pos-

203 541 302 589 tem
322 520 458 588 absit
484 534 716 605 gloriari
747 533 851 587 nisi
882 533 938 587 in
969 520 1133 609 cruce
1168 461 1391 586 Bomini
1427 528 1600 588 nostri
1639 524 1771 589 Jesu
1853 534 2001 603 sint;
2030 533 2234 587 collum
2265 537 2414 593 sunt,
2452 529 2585 601 quia
2613 535 2781 599 caput
2818 536 2874 584 et
2901 528 3171 609 membra,
3213 527 3318 581 hoc
3360 522 3446 580 est

206 608 426 689 Christi;
464 604 505 673 ιθ
534 630 590 699 et
637 622 770 699 alibi
795 604 1098 697 Apostolus
1127 621 1197 674 ad
1228 612 1564 692 discipulum
1604 640 1769 676 suum
1852 620 2136 677 Christum
2169 629 2225 676 et
2244 618 2570 685 Ecclesiam,
2589 604 3074 689 conjungunt.ipsi
3099 620 3232 687 ergo
3261 614 3450 670 docto-

202 700 426 765 scribens
456 728 467 761 :
498 730 522 761 ι
544 694 668 765 Noli
690 709 907 780 (inquit)
942 694 1268 763 erubescere
1290 726 1510 764 crucem
1540 711 1769 776 Christi,
1853 706 1942 764 res
1971 717 2104 787 sunt
2131 716 2188 764 et
2216 707 2389 765 ubera
2412 708 2683 773 Ecclesia,
2717 707 2848 778 quia
2867 706 3125 787 parvulos
3150 702 3208 759 et
3238 702 3451 787 simpli-

200 790 359 869 neque
385 814 467 852 me
496 799 741 853 vinctum
764 800 902 868 ejus.
924 818 951 852 ι
980 797 1131 851 Bene
1146 805 1333 852 autem
1355 800 1512 869 gena
1546 817 1656 854 non
1685 800 1772 854 in-
1853 800 1944 853 ces
1970 784 2160 853 ﬁdeles
2188 800 2331 853 lacte
2356 794 2507 851 verbi
2524 798 2618 851 Dei
2646 782 2924 863 nutriunt,
2932 796 3093 867 juxta
3114 782 3450 865 quodApos-

197 894 335 956 ωεΓο
358 887 499 940 malo
533 878 762 945 PuniCO.
788 885 886 940 86d
913 876 1175 957 fragmini
1195 884 1616 955 comparantur.
1647 888 1771 941 Ma-
1851 876 2002 941 tulus
2024 878 2455 959 simplicioribus
2483 887 2737 956 loquens,
2768 878 2931 938 dicit:
2955 906 2976 935 ι
3014 876 3137 937 Non
3171 872 3327 961 potui
3350 880 3445 959 vo;-

196 964 297 1029 lum
328 976 471 1029 enim
503 962 775 1029 Punicum
806 992 931 1029 cum
966 966 1264 1045 frangitur,
1296 977 1540 1031 exterius
1579 968 1768 1042 rubor,
1856 976 1939 1029 bis
1967 976 2120 1046 loqui
2143 984 2410 1047 tanquam
2437 966 2943 1045 spiritualibus,sed
2958 960 3446 1043 quasicarnalibus

193 1063 408 1119 interius
437 1054 646 1117 candor
673 1069 926 1134 apparet.
964 1064 1053 1124 Sic
1082 1055 1139 1118 et
1167 1050 1345 1117 sancti
1376 1064 1773 1135 praedicatores
1855 1073 1907 1117 et
1934 1064 2178 1133 parvulis
2208 1058 2264 1117 in
2287 1063 2508 1117 Christo
2538 1062 2622 1115 lac
2651 1062 2802 1114 vobis
2824 1067 3012 1132 potum
3037 1052 3183 1123 dedi,
3224 1076 3334 1112 non
3357 1075 3447 1137 es-

194 1168 303 1206 cum
334 1142 647 1222 passionem
679 1152 887 1207 Christi
921 1144 1281 1211 annuntiant.
1317 1153 1478 1223 quasi
1500 1153 1669 1207 rubor
1689 1163 1774 1207 est
1854 1172 1992 1206 Cum-
2024 1173 2047 1205 ο
2082 1153 2149 1205 Et
2171 1148 2311 1206 bene
2341 1168 2451 1205 non
2476 1138 2730 1204 absolute
2750 1144 3045 1227 ubera,sed
3075 1146 3200 1202 cum
3232 1139 3448 1201 addita-

194 1243 577 1308 exterius;cum
603 1259 728 1296 vero
754 1250 964 1312 quanta
986 1242 1418 1296 utilitasnostra
1432 1244 1772 1314 redemptio—
1853 1249 2043 1295 mento
2072 1241 2227 1305 dicit,
2264 1262 2284 1291 ι
2321 1241 2433 1293 duo
2465 1239 2655 1299 ubera,
2676 1256 2700 1289 »
2733 1256 2857 1291 cum
2891 1238 3099 1291 femina
3126 1226 3444 1308 nequeplus

193 1315 268 1385 nis
301 1332 425 1385 inde
473 1320 812 1403 provenerit,
849 1337 906 1384 et
935 1329 1080 1400 quod
1115 1331 1281 1384 homo
1323 1347 1422 1401 per
1450 1332 1768 1401 passionem
1854 1347 2034 1401 neque
2065 1329 2247 1383 minus
2275 1328 2479 1382 habeat
2521 1345 2687 1399 quam
2740 1327 2849 1380 duo
2901 1326 3093 1409 ubera,
3124 1324 3255 1395 quia
3276 1323 3445 1403 nimi-
3495 1373 3507 1385 κ

194 1421 379 1474 Christi
408 1436 518 1473 non
551 1420 732 1472 solum
779 1436 810 1473 a
852 1418 1094 1489 peccatis
1128 1419 1445 1487 justiﬁcari,
1474 1421 1569 1473 sed
1602 1420 1769 1474 etiam
1853 1435 1977 1471 rum
2010 1418 2185 1471 sancti
2209 1419 2464 1471 doctores
2481 1415 2737 1486 parvulos
2754 1430 2819 1469 ex
2840 1422 3077 1484 utroque
3105 1413 3330 1485 populo,
3354 1412 3447 1495 Ju-

193 1508 321 1578 quod
368 1508 621 1562 divinum
668 1507 1009 1562 consortium
1044 1508 1312 1561 meruerit
1360 1509 1767 1567 demonstrant.
1853 1505 2727 1575 daicovidelicetetgentiliJacte
2745 1500 3447 1573 verbiDeinutriunt.Nam

193 1597 330 1667 quasi
367 1597 669 1650 candidum
698 1596 950 1666 estquod
980 1596 1313 1649 intrinsecus
1346 1598 1499 1650 latet.
1531 1598 1772 1651 Possunt
1853 1602 1911 1649 et
1930 1582 2136 1649 Paulus
2157 1595 2225 1648 de
2250 1596 2431 1665 seipso
2462 1593 2599 1647 dicit
2634 1613 2644 1647 :
2686 1611 2711 1645 «
2734 1591 2840 1657 Qui
2872 1598 3139 1662 Operatus
3165 1595 3249 1643 est
3280 1589 3447 1641 Petro

190 1686 338 1749 etiam
372 1702 472 1755 per
496 1702 673 1756 genas
702 1684 956 1739 Ecclesia
989 1692 1264 1755 martyres
1285 1685 1539 1755 figurari,
1558 1686 1652 1756 qui
1684 1703 1772 1739 ru-
1793 1710 1834 1767 Β
1853 1683 1908 1736 in
1960 1682 2274 1753 apostolatu
2320 1672 2776 1740 Circumcisinnis,
2810 1685 3074 1750 Operatus
3101 1684 3186 1761 est
3212 1681 3268 1730 et
3307 1674 3446 1765 mihi

189 1772 389 1826 bicundi
419 1781 560 1827 sunt
587 1774 856 1826 elfusione
885 1774 1174 1842 sanguinis
1218 1772 1303 1827 sui
1342 1766 1518 1827 veluti
1559 1775 1766 1828 malum
1793 1760 1831 1767 ﬂ
1852 1773 1999 1826 inter
2024 1778 2237 1842 gentes.
2260 1790 2285 1822 ι
2318 1770 2386 1824 Et
2416 1776 2543 1840 apte
2566 1771 2676 1822 duo
2706 1768 2898 1847 ubera.
2923 1767 3069 1819 sicut
3096 1760 3205 1819 duo
3227 1760 3445 1818 hinnuli

188 1860 464 1915 Punicum.
503 1861 611 1916 Sed
644 1861 818 1914 fracto
832 1861 996 1914 ’malo
1028 1861 1256 1923 Punico,
1298 1862 1507 1915 candor
1534 1862 1770 1916 interius
1850 1859 2075 1930 gemelli
2104 1876 2317 1930 caprea
2347 1875 2466 1912 esse
2496 1857 2779 1918 dicuntur,
2830 1855 2963 1926 quia
2997 1854 3254 1906 videlicet
3300 1849 3445 1904 fetus

189 1951 572 2022 apparet,quia
610 1960 735 2020 post
765 1956 999 2003 mortem
1027 1950 1311 2003 miraculis
1342 1959 1657 2005 coruscant.

248 2059 272 2092 (ι
302 2040 455 2094 Sicut
485 2040 664 2093 turris
697 2040 800 2093 Dax
815 2039 867 2092 id
900 2039 1105 2093 collum
1147 2049 1328 2097 tuum.
1355 2056 1477 2109 qua
1501 2040 1773 2094 aediﬁcata

187 2135 255 2207 est
281 2145 400 2182 cum
428 2128 890 2199 propugnaculis.
946 2148 970 2179 ι
1019 2128 1235 2181 C‘ollum
1277 2137 1483 2182 sancta
1516 2129 1771 2183 Ecclesia

187 2217 466 2286 praedicat-0
475 2233 569 2270 res
585 2216 763 2270 sancti
786 2224 841 2269 et
870 2216 1126 2269 doctores
1139 2217 1257 2286 ejus
1270 2225 1413 2270 sunt.
1428 2216 1604 2271 Iidem
1618 2216 1707 2270 cni
1718 2234 1769 2271 m

188 2305 262 2358 hic
286 2306 659 2376 designantur
679 2321 779 2375 per
805 2304 1030 2367 collum,
1056 2305 1150 2375 qui
1172 2304 1427 2375 superius
1460 2323 1557 2376 per
1582 2306 1771 2359 oculos

189 2393 257 2446 vel
295 2409 391 2464 per
418 2394 665 2459 dentes;
710 2393 887 2446 sancti
936 2393 1191 2446 videlicet
1230 2393 1641 2463 praedicatores,
1673 2392 1769 2464 qui

189 2482 334 2535 veluti
375 2484 528 2535 Colla
556 2491 813 2552 acceptos
840 2478 989 2534 verbi
1018 2481 1169 2535 cibos
1209 2482 1509 2535 nutriendo
1548 2470 1768 2552 corpori

187 2571 586 2632 transmittunt,
616 2578 673 2624 et
716 2587 899 2624 vocem
938 2570 1347 2640 pradicationis
1378 2570 1575 2625 divina
1607 2564 1768 2624 audi-

183 2646 704 2730 toribusproferunt.
733 2659 833 2712 Vel
854 2660 1022 2713 etiam
1051 2659 1226 2712 sancti
1256 2659 1511 2713 doctores
1534 2676 1632 2730 per
1661 2659 1769 2713 col-

181 2746 280 2800 lum
315 2748 641 2818 signantur,
675 2740 806 2817 quia
835 2748 981 2801 sicut
1010 2765 1108 2818 per
1136 2748 1338 2802 collum
1370 2750 1547 2818 caput
1579 2756 1635 2802 et
1661 2765 1767 2803 ca-

178 2841 284 2888 tera
311 2824 569 2890 membra
596 2836 815 2907 corpori
839 2837 1363 2907 conjunguntur,ita
1388 2828 1562 2890 sancti
1580 2838 1767 2890 docto—

1853 1957 1985 2002 sunt
2014 1952 2070 2002 et
2092 1948 2190 2002 lilii
2224 1944 2526 2003 Salvatoris
2549 1945 2722 2000 n0stri
2745 1946 2875 1999 Jesu
2908 1940 3137 2005 Christi,
3160 1941 3253 2012 qui
3286 1938 3447 2011 supe-

1853 2034 1971 2091 rius
1992 2056 2092 2108 per
2121 2054 2351 2108 capreas
2369 2036 2696 2105 designatus
2725 2039 2808 2087 est
2837 2052 2847 2083 :
2879 2033 2996 2087 hac
3011 2030 3155 2084 enim
3179 2026 3447 2083 animalia

1855 2134 1912 2182 et
1940 2126 2261 2180 acutissime
2278 2120 2484 2186 vident,
2503 2130 2561 2177 'et
2587 2123 2762 2177 nimia
2784 2122 3076 2175 velocitate
3100 2116 3300 2173 altiora
3321 2114 3447 2172 con;

1854 2210 2145 2269 scendunt.
2185 2216 2275 2269 Sic
2306 2222 2362 2269 et
2392 2214 2597 2268 Christi
2627 2213 2882 2265 doctores
2911 2227 3033 2281 qua
3070 2202 3289 2279 agenda
3315 2213 3449 2261 sunt

1854 2311 1911 2358 et
1940 2293 2044 2375 ipsi
2080 2303 2284 2369 vident,
2320 2309 2377 2357 et
2396 2304 2521 2356 aliis
2548 2302 2883 2360 monstrant,
2902 2307 2958 2353 et
2976 2299 3251 2365 despectis
3275 2288 3446 2350 terre-

1852 2393 1939 2446 nis
1968 2393 2036 2447 ad
2068 2410 2311 2463 superna
2342 2392 2619 2446 nituntur.
2649 2414 2669 2441 α
2696 2390 2802 2454 Qui
2822 2384 3127 2460 pascuntur
3152 2380 3209 2441 in
3237 2381 3390 2448 liliis,
3419 2407 3440 2436 ι

1850 2480 1953 2535 hcc
1980 2478 2442 2549 est,delectantur
2473 2478 2787 2551 purissimis
2812 2483 2869 2531 et
2895 2470 3245 2532 nitidissimis
3272 2474 3447 2555 Sensi-

1853 2570 1954 2624 bus
1979 2571 2411 2641 Scripturarum.

1925 2678 1951 2711 (‹
1984 2659 2169 2713 Donec
2198 2658 2408 2729 aspiret
2433 2654 2572 2719 dies,
2598 2677 2617 2706 ι
2639 2658 2742 2709 hoc
2768 2655 2997 2718 est,dies
3016 2655 3110 2707 illa
3129 2658 3441 2707 aternave-

1850 2742 1993 2813 niat,
2025 2763 2190 2817 quam
2223 2746 2577 2799 desiderabat
2603 2742 2919 2807 Psalmista,
2943 2744 3131 2796 dicens
3163 2762 3218 2795 τε
3247 2741 3443 2796 Melior

1850 2842 1935 2890 est
1958 2834 2076 2889 dies
2100 2828 2214 2888 un'a
2232 2832 2290 2888 in
2311 2828 2470 2888 dtriis
2484 2836 2595 2888 tuis
2615 2850 2785 2904 super
2801 2833 3032 2896 milliap
3056 2853 3081 2882 α
3101 2838 3157 2886 et
3176 2824 3445 2885 inclinen-

177 2940 252 2989 res
294 2926 451 2994 quasi
504 2924 846 2978 mediatores
887 2933 1023 2978 sunt
1063 2925 1211 2979 inter
1240 2916 1523 2980 Christum
1555 2932 1612 2979 et
1640 2918 1820 2994 reli—n
1846 2930 1941 2978 tur
1970 2923 2235 2988 umbra,-
2270 2924 2374 2977 hoc
2393 2929 2497 2986 est,
2522 2926 2813 2976 transeant
2842 2936 3112 2974 maerores
3137 2920 3193 2973 et
3220 2911 3445 2991 pertur-

178 2983 464 3084 quos‘quos
492 3014 790 3083 instruunt
816 3014 1026 3074 ﬁdeles,
1052 3020 1109 3067 et
1131 3004 1291 3084 quasi
1323 3012 1612 3089 Christum
1646 2983 1821 3066 cor-C
1851 3010 2104 3065 bationes
2130 2983 2296 3084 hujus
2326 2983 2531 3066 saeuli.
2558 3031 2582 3063 α
2610 3013 2794 3065 Donec
2820 3006 3030 3079 aspiret
3050 3009 3189 3074 dies,
3222 2983 3238 3055 ξ
3271 3002 3329 3062 id
3360 3004 3446 3062 est

176 3100 280 3169 pori
322 3118 441 3163 suo,
499 3101 560 3155 id
610 3107 702 3175 est
746 3101 1003 3155 Ecclesia
1029 3098 1376 3171 conjungunt
1431 3100 1546 3155 Hoc
1573 3108 1763 3154 autem

176 3188 354 3244 collum
404 3178 558 3245 turri
600 3190 776 3245 David
821 3184 1198 3260 comparatur.
1238 3186 1433 3255 David,
1464 3190 1558 3261 qui
1589 3186 1764 3243 inter-

178 3262 407 3349 pretatur
438 3296 617 3332 manu
641 3279 798 3332 tortis
821 3279 904 3331 vel
926 3282 1043 3332 visu
1065 3278 1763 3341 desiderabilis,Christum

177 3363 449 3449 signiﬁcat.
488 3367 561 3420 Et
586 3354 707 3420 tota
736 3366 959 3437 quidem
984 3365 1248 3432 Ecclesia,
1267 3366 1460 3419 civitas
1492 3366 1682 3425 David.
1709 3367 1762 3420 id

179 3448 249 3509 est
290 3456 479 3526 magni
535 3455 683 3524 regis
730 3455 937 3509 Christi
988 3448 1093 3516 cst,
1134 3455 1229 3526 qui
1268 3462 1353 3508 est
1382 3471 1552 3509 manu
1582 3455 1764 3526 fortis,

179 3528 417 3612 quoniam
450 3544 748 3597 diabolum
792 3543 1010 3601 devicit.
1060 3545 1223 3613 juxta
1269 3544 1421 3613 quod
1465 3544 1765 3598 Psalmista

179 3628 326 3685 dicit:
352 3653 373 3683 ι
392 3633 676 3687 Dominus
698 3633 854 3685 fortis
882 3638 935 3685 et
961 3632 1456 3702 potens.Dominus
1478 3638 1674 3703 potens
1708 3633 1762 3687 in

176 3720 402 3788 pralio.»
422 3723 522 3776 Est
543 3728 601 3774 et
617 3721 737 3773 visu
760 3719 1164 3784 desiderabilis,
1198 3720 1327 3791 quia
1354 3726 1434 3780 (ut
1463 3722 1762 3791 Apostolus

177 3807 306 3875 dicit;
350 3812 406 3864 in
456 3804 593 3864 enni
636 3808 955 3862 desiderant
985 3806 1169 3878 angeli
1202 3808 1518 3880 prospicere
1568 3808 1762 3877 Turris

176 3905 342 3951 autem
373 3899 624 3953 civitatis
664 3896 829 3966 hujus
874 3895 953 3950 illi
984 3904 1117 3951 sunt
1156 3898 1249 3968 qui
1288 3897 1383 3950 vel'
1403 3897 1640 3952 scientia
1676 3900 1762 3952 vel

177 3989 506 4055 operationis
540 3976 876 4059 perfectione
896 3988 1112 4041 cateris
1147 3982 1529 4058 praeminent.
1566 3988 1595 4039 ei
1629 3989 1763 4053 Qua

178 4076 429 4149 adiﬁcata
482 4084 573 4130 est
608 4093 733 4130 cum
785 4077 1233 4149 propugnaculis.
1272 4094 1298 4128 ν
1338 4076 1764 4147 Propugnacula

176 4152 291 4218 sunt
316 4154 645 4220 sanctarum
680 4156 1093 4235 Scripturarum
1112 4164 1424 4218 divinarum
1448 4181 1763 4218 sacramen-

178 4254 311 4311 ta,de
331 4255 540 4324 quibus
565 4240 730 4306 veluti
739 4254 927 4323 jacula
942 4252 1481 4323 procedunt.quibus
1510 4254 1764 4306 advenia-

1847 3100 2064 3154 oi‘iatur
2093 3101 2232 3155 dies.
2280 3101 2585 3172 Apparebit
2631 3101 2778 3154 enim
2827 3098 2965 3161 dies,
3007 3090 3061 3176 id
3094 3102 3180 3151 est
3211 3098 3443 3164 orietur,

1848 3188 2070 3258 quando
2104 3182 2265 3242 verus
2293 3188 2386 3242 ille
2415 3191 2497 3242 sol
2523 3186 2839 3258 justitia,id
2865 3188 2949 3241 est
2968 3188 3244 3253 Christus,
3273 3205 3448 3260 appa-

1847 3276 2028 3343 rebit;
2058 3282 2114 3331 et
2136 3284 2270 3330 tunc
2295 3278 2713 3332 inclinabuntur
2743 3277 2971 3341 umbra,
2990 3279 3092 3330 hoc
3121 3272 3223 3339 est,
3258 3276 3448 3331 omnia

1846 3365 2041 3419 nubila
2065 3367 2318 3421 maeroris
2335 3374 2391 3421 et
2410 3360 2653 3422 tenebra
2675 3368 2963 3439 praesentis
2992 3366 3178 3420 saculi
3199 3364 3451 3437 pertran-

1848 3454 2059 3509 sibunt.
2093 3455 2201 3509 Sed
2229 3462 2284 3509 et
2334 3456 2379 3508 si
2430 3456 2607 3526 ipsam
2642 3456 2887 3508 litteram
2919 3456 3151 3509 velimus
3174 3457 3442 3526 aspicere,

1848 3543 2079 3615 pulchre
2133 3544 2403 3614 expressit
2448 3534 2634 3599 ortum
2684 3544 2790 3598 diei
2839 3548 2893 3598 et
2925 3542 3123 3598 noctis.
3166 3545 3308 3598 Nam
3338 3558 3445 3599 nox

1846 3632 1985 3685 nihil
2031 3640 2117 3686 est
2145 3633 2297 3687 aliud
2330 3634 2435 3687 nisi
2468 3634 2670 3688 umbra
2702 3642 2879 3699 terra,
2914 3651 3036 3704 qua
3064 3632 3181 3689 sole
3210 3635 3443 3689 descen-

1844 3721 2011 3774 dente
2041 3723 2329 3791 consurgit
2398 3722 2523 3776 Sole
2568 3729 2756 3776 autem
2808 3724 3015 3777 iterum
3063 3740 3232 3795 super
3260 3730 3442 3777 terras

1847 3810 2203 3871 ascendente,
2256 3811 2600 3864 inclinantur
2640 3811 2869 3877 umbra,
2914 3812 2968 3865 id
2999 3817 3084 3866 est
3127 3813 3277 3866 cadit
3314 3830 3439 3867 nox.

1844 3898 2160 3952 Pascuntur
2189 3915 2321 3968 ergo
2350 3900 2406 3952 in
2436 3900 2566 3952 liliis
2605 3898 2785 3953 donec
2814 3892 3025 3970 aspiret
3055 3900 3174 3954 dies
3199 3908 3256 3954 et
3285 3901 3442 3955 incli-

1845 3994 2051 4039 nentur
2080 3987 2310 4049 umbra,
2348 3987 2481 4056 quia
2509 3993 2833 4041 sanctorum
2863 3988 3153 4042 doctorum
3197 3984 3255 4042 in
3294 4006 3439 4060 pra-

1846 4075 1991 4128 senti
2036 4066 2254 4129 tantum
2289 4076 2399 4129 vita
2432 4070 2743 4129 necessaria
2771 4082 2857 4151 est
2886 4068 3205 4146 pradicatio
3236 4082 3293 4130 et
3336 4078 3437 4131 do-

1845 4162 2027 4216 ciri’na
2053 4181 2063 4215 :
2087 4160 2215 4217 nam
2238 4162 2295 4217 in
2322 4160 2434 4217 alia
2456 4165 2585 4224 vita.
2618 4158 2909 4236 postquam
2931 4158 3254 4236 apparuerit
3278 4170 3441 4219 ater-

1846 4268 1921 4305 na
1949 4252 2068 4305 dies
2098 4260 2155 4305 et
2198 4250 2358 4306 ﬁnita
2397 4253 2569 4307 fuerit
2611 4271 2717 4307 nox
2746 4254 3036 4324 prasentis
3067 4252 3275 4316 saculi,
3329 4270 3443 4307 non

176 4326 259 4423 ria
274 4343 629 4413 repelluntur
648 4348 966 4411 potestates.
1009 4341 1197 4394 «Mille
1211 4342 1389 4413 clypei
1423 4342 1667 4412 pendent
1697 4336 1826 4395 exD
1849 4354 2075 4395 necesse
2106 4341 2216 4394 erit
2261 4338 2447 4396 doceri
2493 4342 2759 4414 aliquem,
2793 4344 2925 4414 quia
2953 4336 3166 4407 omnes,
3201 4338 3445 4398 revelata

178 4422 251 4493 ea,
280 4432 459 4484 omnis
492 4438 786 4483 armatura
824 4430 1070 4483 fortium.
1106 4450 1129 4481 »
1169 4430 1317 4483 Mille
1342 4428 1523 4500 clypei
1555 4422 1762 4484 intelli-

176 4526 369 4587 guntur
395 4512 702 4573 innumera
733 4512 1069 4571 defensionis
1094 4518 1295 4570 divma
1325 4517 1601 4588 prasidia,
1645 4518 1765 4589 qui-

178 4603 268 4659 bus
294 4614 489 4662 sancta
520 4607 762 4660 vallatur
791 4613 847 4659 et
874 4592 1197 4659 defenditur
1228 4602 1490 4660 Ecclesia.
1526 4606 1765 4661 «Omnis

176 4703 444 4765 armatura
502 4682 755 4758 fortium,
799 4710 820 4743 ι
867 4694 922 4747 id
970 4700 1055 4748 est
1102 4692 1394 4748 instructio
1440 4694 1524 4747 vel
1556 4701 1762 4749 sancta

177 4783 503 4851 operationis
532 4782 620 4835 vel
651 4781 850 4836 divina
890 4778 1327 4852 praedicationis.
1373 4780 1439 4835 Et
1468 4781 1607 4835 bene
1646 4781 1762 4837 col-

172 4867 273 4944 lum
293 4871 569 4940 Ecclesia,
596 4870 699 4924 hoc
720 4878 822 4935 cst,
850 4870 1239 4941 pradicatores
1261 4876 1317 4923 et
1337 4870 1591 4924 doctores
1617 4871 1761 4924 turri

172 4946 326 5011 David
348 4959 912 5030 comparantur,quia
933 4974 1155 5028 semper
1166 4958 1324 5028 quasi
1354 4956 1409 5011 in
1439 4952 1584 5013 bello
1606 4956 1755 5026 sunt,

173 5059 259 5114 pro
284 5048 609 5103 defensione
641 5059 845 5103 sancta
876 5047 1133 5117 Ecclesia
1166 5055 1500 5119 pugnantes.

238 5138 407 5192 «Duo
439 5138 613 5193 ubera
661 5146 761 5192 tua
805 5138 953 5191 sicut
993 5124 1105 5190 duo
1158 5135 1375 5207 hinnuli
1418 5154 1632 5208 caprea
1659 5155 1759 5209 ge-

176 5223 331 5277 melli.
359 5245 385 5277 ι
416 5218 536 5280 Duo
562 5218 737 5280 ubera
760 5224 1014 5280 Ecclesia
1037 5224 1261 5278 eosdem
1293 5224 1608 5294 significant
1635 5243 1759 5279 san-

177 5315 280 5383 ctos
309 5314 585 5368 doctores.
626 5316 744 5369 Nec
774 5314 976 5368 mirum
1011 5314 1159 5384 quod
1188 5329 1301 5367 una
1330 5312 1637 5384 eadeque
1675 5308 1763 5368 res

181 5394 395 5473 diversis
435 5387 710 5474 ﬁguratur
732 5390 1128 5457 modis.Sancti
1160 5403 1309 5456 enim
1341 5398 1596 5457 doctores
1616 5406 1762 5458 oculi

178 5496 315 5556 sunt,
343 5491 479 5561 quia
504 5480 625 5548 vita
658 5492 770 5571 vias
797 5503 936 5564 quas
959 5490 1181 5563 ingredi
1207 5491 1468 5558 debeant,
1492 5488 1761 5562 subjectis

1845 4428 2001 4492 facie,
2025 4428 2263 4499 gloriam
2289 4431 2507 4485 Domini
2529 4428 3247 4503 contemplabuntur.Unde
3268 4438 3324 4487 et
3338 4430 3444 4487 Do-

1848 4516 2033 4571 minus
2058 4535 2155 4588 per
2177 4514 2513 4590 Prophetam
2537 4520 2669 4574 dicit
2696 4538 2706 4572 :
2728 4512 2851 4575 NOn
2869 4521 3090 4576 docebit
3115 4516 3197 4575 vir
3214 4516 3443 4575 fratrem

1847 4620 2009 4660 suum
2042 4607 2254 4671 dicens,
2290 4600 2573 4678 Cognosce
2605 4610 2933 4675 Dominum;
2968 4606 3162 4663 omnes
3183 4610 3332 4664 enim
3359 4626 3445 4663 co-

1843 4686 2116 4765 gnoscent
2146 4694 2233 4749 me
2265 4714 2300 4750 a
2332 4694 2563 4751 minimo
2592 4692 2768 4768 usque
2798 4698 2868 4750 ad
2907 4699 3232 4753 maximum.
3269 4720 3291 4747 ι
3329 4696 3441 4752 Va-

1845 4785 1973 4837 dam‘
2004 4781 2075 4837 ad
2104 4782 2350 4839 mon'tem
2387 4787 2623 4856 myrrha
2650 4792 2706 4838 et
2737 4784 2806 4839 ad
2835 4784 3032 4838 collem
3063 4787 3271 4843 thuris.
3318 4807 3341 4838 »
3378 4786 3443 4842 In

1846 4873 2094 4943 myrrha.
2155 4875 2339 4928 carnis
2392 4870 2765 4936 mortiﬁcatio,
2824 4873 2908 4926 vel
2958 4875 3283 4944 passionum
3338 4876 3438 4949 pro

1842 4962 2065 5016 Christo
2096 4961 2424 5017 tolerantia:
2446 4962 2500 5015 in
2528 4963 2692 5016 thure
2709 4958 3197 5026 vero,sanctaruin
3230 4960 3442 5019 oratio—

1841 5066 1975 5104 num
2003 5051 2222 5105 devotio
2254 5048 2541 5121 accipitur.
2588 5054 2741 5108 Mons
2767 5069 2899 5122 ergo
2932 5051 3174 5124 myrrha
3204 5059 3261 5108 et
3286 5052 3444 5110 collis

1842 5138 2025 5192 thuris
2077 5149 2292 5193 mentes
2340 5140 2662 5193 sanaturum
2711 5136 2862 5200 sunt.
2909 5143 3137 5199 ekcelsa
3184 5160 3286 5215 per
3308 5134 3443 5198 coii-

1841 5216 2581 5297 templationemPromittit
2601 5247 2734 5299 ergo
2749 5246 2986 5301 sponsus
3012 5249 3071 5285 se
3100 5232 3169 5286 ad
3196 5232 3442 5288 montem

1847 5318 2089 5387 myrrha
2120 5316 2435 5381 venturum,
2473 5320 2530 5372 et
2572 5320 2642 5373 ad
2676 5319 2874 5373 collem
2912 5306 3112 5386 thuris,
3155 5322 3290 5393 quia
3316 5322 3441 5376 illas

1845 5408 2062 5458 mentes
2091 5421 2192 5459 sua
2223 5406 2538 5461 visitatione
2567 5408 2791 5462 visitare
2814 5400 3100 5479 dignatur,
3126 5427 3249 5481 qua
3270 5414 3441 5464 mem-

1843 5492 1945 5546 bra
1967 5507 2075 5570 sua
2121 5510 2251 5549 cum
2292 5495 2442 5550 vitiis
2490 5494 2547 5551 et
2576 5490 3044 5568 cohcupiscentiis
3074 5488 3437 5568 mortiﬁcan‘t,
