3970 6150
489 253 595 312 319

904 262 1283 321 HAYMONIS
1321 267 1808 326 HALBERSTAT.
1854 266 2081 324 EPISC.
2126 266 2285 325 OPP.
2329 268 2532 323 PARS.
2574 269 2618 323 Ι.
2662 297 2720 308 -
2756 265 3126 322 COMMENT.
3167 266 3346 323 BIBL.

3619 267 3710 325 3‘20

487 400 610 455 quae
640 385 808 442 etiam
840 389 1051 461 seipsas
1079 409 1180 463 per
1205 399 1527 447 sanctarum
1550 395 1867 451 orationum
1896 397 2080 451 studia
2098 401 2145 458 A
2164 397 2391 468 Maligni
2422 397 2569 452 enim
2617 390 2847 467 spiritus
2890 393 3078 447 leones
3103 399 3366 446 vocantur
3387 398 3598 465 propter
3628 412 3713 451 su-

478 485 702 544 gratum
741 478 851 532 Deo
879 479 1210 534 sacriﬁcium
1242 481 1476 536 faciunt.

550 561 693 619 Tota
724 566 955 637 pulchra
975 586 1051 627 es.
1084 571 1260 624 amica
1288 588 1427 634 mea,
1453 580 1509 626 et
1540 574 1756 628 macula
1786 593 1897 630 non
1921 587 1998 630 est
2021 578 2077 632 in

484 656 558 707 te.
599 672 619 703 ι
654 655 771 708 Vox
799 658 985 727 sponsi
1003 658 1073 711 ad
1104 659 1336 713 amicam
1370 678 1527 715 suam
1560 680 1843 733 sponsam.
1881 684 1906 718 σ
1938 666 2080 721 Tota

480 742 715 811 pulchra
735 762 793 797 es
854 766 874 795 ii
912 746 1076 800 Omni
1099 748 1333 818 (inquit)
1361 766 1427 803 ex
1447 760 1603 821 parte
1633 754 1844 807 nullam
1878 757 2076 826 recipis

482 830 757 884 maculam
794 849 975 904 neque
1006 850 1224 905 rugam.
1255 838 1377 892 Non
1409 840 1556 893 enim
1582 842 1683 894 soli
1716 843 1971 897 doctores
1994 845 2074 899 vel

395 932 410 945 ⁸
479 918 709 987 perfecti
752 922 960 992 quique
1008 924 1223 994 pulchri
1267 934 1398 981 sunt
1437 934 1568 982 ante
1599 931 1786 985 oculos
1828 933 1945 994 Dei,
1981 933 2076 1003 qui

477 1021 701 1061 summa
724 1011 958 1064 scientia
985 1019 1038 1065 et
1064 1016 1537 1084 contemplatione
1561 1022 1941 1088 praeeminent,
1979 1022 2071 1073 sa-d

478 1095 646 1149 etiam
677 1098 958 1168 simplices
986 1101 1192 1171 quique
1223 1104 1541 1175 ﬁdeles,qui
1578 1114 1728 1169 recta
1764 1108 1869 1162 ﬁde
1903 1119 1955 1164 et
1978 1111 2075 1163 bo-

474 1183 562 1236 nis
591 1185 851 1255 operibus
872 1199 1233 1254 exornantur,
1262 1194 1475 1262 pulchri
1500 1196 1551 1249 in
1576 1198 1751 1250 oculis
1772 1201 1961 1268 sponsi
1980 1201 2070 1252 ha-

472 1270 843 1328 bentur.Nam
863 1286 924 1330 ut
949 1278 1241 1333 Psalmista
1264 1281 1417 1339 dicit.
1448 1306 1468 1331 ι
1505 1284 1786 1340 benedixit
1810 1288 2070 1343 omnibus

475 1361 570 1430 qui
593 1362 795 1416 timent
828 1366 1120 1420 Dominum
1154 1371 1369 1438 pusillis
1400 1390 1523 1426 cum
1551 1376 1874 1445 majoribus:
1900 1400 1922 1428 »
1948 1377 2071 1431 ideo

476 1448 613 1502 dicit
650 1468 660 1501 :
698 1469 721 1502 ς(
755 1453 892 1507 Tota
925 1457 1151 1524 pulchra
1179 1476 1257 1521 es,
1294 1479 1318 1513 ι›
1346 1478 1453 1516 non
1481 1480 1608 1534 pars
1639 1473 1755 1519 tua.
1795 1467 1910 1520 Hoc
1947 1467 2070 1520 ideo

476 1535 733 1604 dicimus,
766 1558 873 1621 non
894 1545 1039 1611 quod
1061 1546 1266 1617 aliquis
1288 1549 1341 1603 in
1362 1554 1620 1621 pnesenti
1653 1555 1765 1609 vita
1795 1556 1914 1610 sine
1943 1574 2075 1627 pec-

476 1632 602 1679 cato
631 1644 752 1682 esse
782 1631 974 1701 possit.
993 1652 1118 1689 rum
1136 1638 1406 1709 scriptum
1430 1641 1532 1695 sit:
1564 1663 1585 1692 ι
1614 1644 1789 1698 Nemo
1802 1652 1888 1699 est
1903 1662 2075 1718 super

2160 487 2431 557 perbiam,
2478 485 2634 556 pardi
2667 489 2892 554 propter
2919 481 3287 545 ferocitatem,
3315 482 3397 535 vel
3426 482 3581 536 etiam
3605 500 3713 554 pro-

2160 582 2284 646 pter
2310 575 2461 637 mille
2494 584 2645 628 artes
2676 571 2907 626 nocendi
2933 571 3065 642 quia
3088 571 3293 641 pardus
3306 569 3513 624 varium
3531 572 3714 626 animal

2160 665 2349 719 est.De
2371 664 2458 718 his
2477 680 2612 733 ergo
2636 660 2917 716 montibus
2948 668 3251 713 coronatur
3288 659 3533 720 Ecclesia.
3564 677 3715 730 quan-

2158 755 2228 807 do
2259 753 2537 825 principes
2575 751 2759 807 sazculi
2797 751 2864 804 ad
2900 749 3062 802 ﬁdem
3095 748 3299 801 Christi
3329 756 3712 813 convertuntur.

2159 850 2215 897 et
2243 860 2352 897 non
2379 842 2559 897 solum
2584 846 2813 912 propter
2833 854 2963 893 suas
2983 836 3233 901 virtutes,
3263 836 3358 889 sed
3381 836 3539 890 etiam
3570 854 3715 908 prop-

2159 944 2246 985 ter
2273 932 2467 984 talium
2496 928 2989 983 conversationem
3006 932 3062 979 et
3089 926 3325 978 salutem
3356 936 3718 980 remuneratur

2160 1019 2418 1072 Ecclesia.
2431 1019 2622 1072 Potest
2641 1021 2699 1069 et
2715 1016 2818 1068 hoc
2838 1015 2892 1068 in
2917 1013 3176 1084 praesenti
3196 1012 3372 1081 accipi
3402 1029 3413 1064 :
3436 1012 3568 1066 Nam
3585 1028 3718 1066 coro-

2158 1112 2327 1161 natur
2348 1106 2588 1161 Ecclesia
2627 1105 2697 1159 de
2728 1104 2929 1157 vertice
2958 1103 3156 1155 horum
3190 1101 3484 1167 montium,
3518 1101 3717 1169 quando

2153 1196 2419 1266 subjectis
2443 1193 2788 1267 principibus
2816 1192 3100 1246 catholicae
3129 1190 3278 1247 ﬁdei.
3328 1189 3578 1251 Ecclesia,
3611 1205 3719 1259 quae

2153 1293 2322 1339 antea
2338 1284 3023 1356 premebatur,coronatur
3042 1286 3098 1333 et
3116 1279 3393 1349 gloriatur
3411 1277 3466 1331 in
3496 1278 3715 1343 Christo,

2154 1374 2300 1428 sicut
2328 1374 2536 1427 factum
2573 1380 2659 1426 est
2695 1378 2949 1442 tempore
2981 1367 3354 1429 Constantini,
3389 1366 3599 1437 quando
3638 1365 3718 1418 illo

2154 1478 2418 1516 converso
2469 1460 2797 1514 mirabiliter
2824 1458 3138 1528 glorificata
3165 1462 3249 1509 est
3278 1453 3533 1509 Ecclesia.
3574 1452 3721 1504 Coro-

2154 1559 2324 1604 natur
2349 1558 2405 1603 et
2432 1550 2500 1603 de
2530 1548 2806 1603 cubilibus
2831 1547 3077 1607 leonum,
3122 1550 3178 1598 et
3227 1542 3505 1597 montibus
3539 1540 3721 1610 parda-

2156 1657 2299 1702 rum,
2341 1638 2565 1708 quando
2595 1636 2864 1708 superbos
2885 1642 2941 1689 et
2967 1650 3218 1705 quosque
3232 1648 3405 1685 saevos
3434 1647 3494 1684 ac
3523 1629 3720 1682 dolosos

474 1719 686 1770 terram
731 1719 849 1773 sine
895 1732 1137 1794 peccato,
1182 1743 1282 1781 nec
1321 1728 1507 1784 infans
1536 1733 1703 1787 unius
1731 1733 1871 1793 diei;
1906 1754 1927 1784 ι
1972 1736 2070 1789 sed
2096 1719 2448 1791 Bconvertit,
2482 1732 2539 1780 et
2572 1744 2668 1797 pro
2700 1727 2922 1780 illorum
2953 1740 3174 1795 quoque
3202 1719 3557 1775 conversione
3583 1722 3722 1771 aeter-

474 1802 600 1859 ideo
613 1806 740 1876 quia
760 1810 897 1866 fides
917 1816 1161 1884 perfecta
1177 1824 1229 1872 et
1245 1818 1467 1874 caeleste
1484 1820 1820 1877 desiderium
1844 1842 2068 1879 omnem

476 1892 752 1969 abstergit
799 1904 1073 1958 maculam
1123 1907 1341 1963 levioris
1386 1912 1636 1980 peccati:
1673 1929 1783 1965 non
1813 1913 1960 1966 enim
2002 1911 2070 1966 de

474 1988 738 2060 gravibus
768 2008 916 2048 nunc
946 1995 1087 2049 ratio
1118 2005 1222 2061 est,
1256 2016 1378 2069 qua;
1408 2000 1501 2070 qui
1543 2002 1922 2066 committunt,
1949 2003 2066 2071 jam

474 2095 681 2150 sponsa
710 2083 914 2137 Christi
946 2100 1055 2137 non
1082 2094 1234 2151 sunt,
1270 2104 1370 2141 nec
1392 2089 1560 2143 ullam
1593 2089 1801 2143 habent
1831 2091 2069 2161 particu-

475 2168 587 2222 lam
642 2170 809 2238 hujus
860 2180 1063 2227 sanctaz
1111 2176 1564 2244 pulchritudinis.
1621 2179 1760 2232 Hinc
1805 2187 1891 2232 est
1920 2180 2065 2249 quod

475 2258 718 2311 Joannes
744 2259 881 2313 dicit
912 2280 923 2313 :
955 2261 1061 2325 Qui
1091 2269 1432 2318 natusestex
1464 2266 1596 2327 Deo.
1624 2284 1732 2320 non
1762 2274 2072 2337 peccat.su-

476 2345 674 2401 baudis
705 2354 929 2418 peccato
957 2350 1025 2403 ad
1058 2359 1316 2415 mortem,
1367 2370 1477 2408 non
1510 2356 1655 2426 quod
1697 2357 1799 2410 levi
1842 2367 2070 2427 peccato

476 2435 601 2506 quis
653 2444 860 2499 careat.
912 2439 1031 2493 sine
1085 2457 1193 2510 quo
1240 2442 1351 2496 vita
1382 2444 1488 2497 ista
1518 2461 1624 2499 non
1655 2445 1897 2500 ducitur.
1930 2448 2071 2502 Tota

475 2538 608 2593 ergo
631 2525 860 2594 pulchra
885 2533 970 2580 est
998 2527 1265 2592 Ecclesia.
1292 2532 1348 2584 in
1377 2540 1648 2602 quantum
1675 2553 1734 2588 se
1762 2542 1973 2588 castam
2014 2542 2070 2590 et

473 2609 782 2666 immunem
814 2614 883 2668 ab
912 2617 1064 2670 omni
1105 2627 1328 2688 peccato
1358 2622 1619 2674 custodit.
1652 2624 1708 2676 Si
1732 2624 1953 2694 quando
1976 2639 2071 2676 au-

477 2704 590 2754 tem
646 2701 752 2756 levi
794 2711 1017 2772 peccato
1048 2706 1313 2773 fuscatur,
1347 2709 1458 2763 cita
1492 2711 1837 2780 paenitudine
1868 2720 1924 2764 et
1962 2712 2071 2765 ﬁde

473 2797 629 2843 recta
658 2792 726 2845 ad
765 2794 989 2850 cwleste
1034 2795 1373 2852 desiderium
1406 2798 1464 2852 in
1493 2815 1560 2853 ea
1602 2801 1785 2872 prisca
1823 2801 2070 2872 pulchri-

473 2877 613 2932 tudo
652 2889 963 2950 reparatur.

550 2985 575 3019 α
607 2968 743 3021 Veni
784 2971 854 3024 de
897 2973 1126 3040 Libano,
1159 2992 1363 3046 sponsa
1395 2995 1541 3045 mea,
1581 2980 1704 3033 veni
1734 2980 1803 3034 de
1833 2979 2065 3042 Libano,

477 3056 620 3109 veni.
652 3076 676 3110 υ
722 3058 965 3114 Libanus
1005 3080 1164 3117 mons
1199 3072 1285 3119 est
1322 3068 1612 3121 I’hmnicis.
1660 3066 2072 3139 Interpretatur

475 3150 664 3199 autem
689 3163 755 3200 ex
778 3148 1007 3204 Hebraeo
1030 3152 1307 3208 dealbatio
1329 3157 1412 3209 vel
1430 3157 1767 3220 candidatio,
1784 3174 1847 3211 ex
1878 3158 2070 3211 Graeco

475 3238 664 3286 autem
686 3236 815 3290 thus
838 3238 1261 3311 interpretatur.
1286 3244 1445 3298 Unde
1467 3253 1520 3298 et
1549 3263 1737 3316 supra.
1764 3246 1854 3299 ubi
1887 3247 2070 3316 loqui-

475 3326 600 3373 tur:
629 3344 650 3374 ε
686 3325 897 3380 Vadam
929 3329 997 3382 ad
1024 3339 1269 3386 montem
1297 3334 1536 3404 myrrhae
1565 3343 1621 3387 et
1648 3334 1718 3388 ad
1749 3334 1916 3388 colles
1945 3336 2073 3389 thu-

476 3409 572 3473 ris,
611 3429 634 3461 »
678 3413 834 3467 collis
891 3415 1131 3471 habetur
1174 3418 1389 3474 Libani.
1448 3421 1616 3475 Vocat
1656 3439 1788 3492 ergo
1828 3440 2071 3493 sponsus

475 3515 734 3569 sponsam
781 3520 938 3558 suam
965 3507 1318 3562 candidatam
1358 3509 1720 3580 baptismate,
1751 3511 2069 3565 dealbatam

476 3588 658 3643 nitore
679 3593 929 3647 omnium
953 3595 1241 3661 virtutum,
1277 3600 1606 3669 flagrantem
1630 3600 1816 3653 studio
1847 3607 2069 3654 sancta-

476 3694 601 3731 rum
633 3681 850 3734 oration
862 3684 1154 3739 um.Vocat
1166 3702 1288 3740 eam
1306 3693 1369 3740 ut
1388 3689 1651 3743 veniat.id
1673 3698 1756 3743 est
1780 3697 1842 3743 ut
1870 3690 1926 3742 in
1959 3690 2068 3743 vir-

475 3766 691 3822 tutibus
719 3771 994 3839 proficiat.
1047 3774 1171 3827 Non
1210 3775 1391 3829 solum
1434 3785 1592 3831 vocat
1623 3778 1770 3831 Deus
1797 3778 2066 3842 animam,

475 3857 698 3926 quando
724 3874 846 3913 eam
877 3876 911 3913 a
940 3861 1170 3917 vinculis
1212 3866 1396 3919 carnis
1444 3874 1669 3920 exutam
1713 3867 1780 3921 ad
1822 3867 2064 3921 cmlestia

474 3962 707 4015 praemia
726 3949 999 4012 ducit,sed
1022 3952 1191 4007 etiam
1216 3970 1314 4025 per
1331 3955 1607 4009 internam
1641 3956 2067 4027 inspirationem

474 4041 537 4088 ut
553 4034 612 4090 in
633 4037 935 4093 virtutibus
957 4043 1209 4111 proficiat
1230 4044 1503 4097 hortatur.
1542 4044 1691 4107 Quot
1709 4045 1856 4098 enim
1881 4046 1934 4098 in
1967 4046 2071 4098 vir-

471 4124 688 4178 tutibus
702 4128 880 4180 sancti
903 4130 1220 4197 proﬁciunt,
1252 4134 1411 4201 quasi
1429 4138 1515 4185 tot
1534 4133 1786 4202 passibus
1799 4134 1868 4186 ad
1893 4134 2067 4187 Deum

472 4213 731 4277 tendunt,
761 4221 818 4268 et
842 4216 1008 4269 tertio
1037 4218 1193 4286 dicit,
1226 4239 1247 4269 α
1282 4220 1426 4285 veni,
1456 4241 1480 4271 »
1515 4220 1646 4290 quia
1664 4222 1779 4274 vult
1801 4238 1923 4274 eam
1947 4239 2070 4292 per-

474 4299 675 4353 fectam
707 4318 826 4356 esse
857 4303 913 4356 in
943 4306 1299 4374 cogitatione,
1342 4308 1622 4363 locutione
1654 4314 1710 4362 et
1739 4326 1926 4379 Opere.
1975 4311 2069 4363 Vel

473 4394 634 4442 vocat
653 4406 776 4443 eam
805 4391 1002 4461 primo,
1037 4399 1101 4447 ut
1127 4394 1197 4447 ad
1228 4411 1287 4448 se
1316 4396 1503 4449 veniat
1533 4414 1632 4467 per
1661 4398 1826 4451 fidem
1857 4417 1868 4459 ;
1910 4407 2071 4453 vocat

473 4478 718 4532 secundo
772 4487 836 4533 ut
865 4480 1093 4550 dignam
1120 4484 1427 4539 caelestium
1445 4486 1800 4555 praemiorum
1832 4488 2071 4543 retribu-

472 4565 683 4620 tionem
701 4569 819 4637 jam
839 4570 1076 4625 liberata
1097 4589 1130 4625 a
1150 4589 1383 4643 corpore
1405 4574 1675 4645 accipiat;
1700 4583 1860 4631 vocat
1880 4577 2064 4643 tertio,

474 4662 538 4710 ut
580 4657 637 4711 in
666 4658 755 4712 die
784 4660 1063 4728 generalis
1095 4663 1518 4717 resurrectionis
1542 4666 1658 4734 jam
1688 4672 1912 4736 sumpto
1942 4682 2065 4718 cor-

407 4754 411 4759 ‘
472 4762 627 4815 pore,
659 4748 863 4819 duplici
890 4750 1033 4803 stola
1065 4758 1333 4822 perpetuo
1354 4759 1552 4807 ornata
1572 4754 1835 4824 gaudeat.
1860 4778 1880 4800 «
1903 4755 2068 4808 Coro-

471 4834 698 4889 naberis
726 4836 795 4890 de
824 4838 1005 4908 capite
1030 4840 1402 4905 Amanam,de
1436 4841 1635 4897 vertice
1662 4842 1891 4895 Saniret
1925 4841 2071 4896 Her-

477 4924 704 4979 mon.de
726 4925 1000 4980 cubilibus
1023 4928 1353 4992 leonum,de
1379 4930 1661 4983 montibus
1684 4931 2003 5000 pardorum.
2045 4956 2064 4977 -

475 5014 695 5065 Amana
722 5013 904 5082 ipsum
934 5015 1127 5069 dicunt
1139 5034 1258 5070 esse
1278 5024 1523 5071 montem
1545 5020 1752 5073 Ciliciae
1764 5021 2064 5083 Amanum,

474 5101 568 5171 qui
615 5107 671 5155 et
713 5102 932 5156 Taurus
975 5106 1311 5174 appellatur.
1346 5107 1510 5161 Sanir
1538 5124 1665 5161 vero
1711 5115 1769 5160 et
1824 5109 2068 5162 Hermon

476 5195 693 5244 montes
713 5200 846 5245 sunt
858 5190 891 5243 J
900 5191 1088 5253 udteaa.
1106 5193 1163 5245 in
1180 5194 1382 5264 quibus
1406 5196 1592 5250 leones
1614 5204 1671 5250 et
1689 5196 1847 5267 pardi
1877 5197 2069 5251 teruno

471 5286 567 5333 tur
591 5279 862 5333 habitare.
894 5279 995 5334 Per
1016 5281 1116 5334 hos
1129 5291 1315 5336 autem
1338 5292 1575 5345 montes.
1615 5285 1800 5340 saeculi
1830 5291 2072 5355 potesta-

471 5376 576 5427 tes,
609 5385 766 5438 reges
798 5368 1053 5423 videlicet
1081 5377 1139 5424 et
1178 5372 1475 5442 principes,
1520 5374 1927 5449 intelliguntur,
1973 5375 2068 5445 qui

473 5457 643 5512 veluti
698 5466 914 5513 montes
944 5459 1000 5512 in
1032 5461 1295 5531 superbia
1324 5464 1688 5527 extolluntur,
1721 5470 1779 5517 et
1809 5464 2070 5533 malignis

468 5545 756 5621 spiritibus
785 5547 944 5617 quasi
971 5548 1224 5603 leonibus
1253 5558 1311 5604 et
1331 5550 1523 5620 pardis
1553 5551 1759 5605 cubilia
1786 5552 2059 5623 praebent.

2152 1834 2223 1871 na
2245 1817 2475 1888 prmmia
2505 1816 2718 1887 recipit.

2228 1926 2249 1956 ι
2281 1905 2597 1959 Vulnerasti
2627 1922 2724 1959 cor
2752 1919 3128 1958 meum.soror
3148 1918 3270 1955 mea
3290 1915 3511 1971 sponsa,
3548 1895 3720 1948 vulne-

2152 1998 2289 2051 rasti
2309 2015 2404 2051 cor
2426 2012 2633 2049 meum.
2662 2014 2683 2044 ι
2719 1995 2989 2065 Sponsam
3021 2000 3077 2045 et
3105 2007 3354 2045 sororem
3392 2005 3566 2043 suam.
3606 2000 3721 2037 san-

2151 2095 2296 2140 ctam
2328 2086 2463 2140 dicit
2494 2085 2807 2143 Ecclesium,
2853 2100 2976 2153 quae
3006 2088 3061 2136 et
3086 2097 3292 2153 sponsa
3321 2086 3424 2141 est,
3468 2076 3591 2148 quia
3610 2088 3721 2128 eam

2150 2176 2253 2229 sibi
2269 2176 2524 2243 Christus
2538 2176 2861 2227 incarnatus
2873 2171 3190 2243 despondit.
3219 2185 3456 2238 eamque
3474 2163 3721 2219 emunda-

2149 2272 2263 2318 tam
2293 2242 2550 2317 sordibus
2574 2272 2951 2334 peccatorum,
2980 2242 3119 2314 dote
3157 2259 3403 2330 Spiritus
3432 2253 3602 2309 sancti
3630 2249 3722 2305 sibi

2150 2353 2635 2423 conjunxitSoror
2655 2368 2784 2405 vero
2814 2356 2917 2411 est,
2935 2350 3068 2421 quia
3096 2356 3325 2419 propter
3344 2362 3468 2400 eam
3493 2344 3722 2396 incarna-

2154 2450 2264 2501 tus.
2300 2444 2473 2495 frater
2503 2442 2625 2510 ejus
2649 2441 2767 2494 fieri
2789 2441 3052 2510 dignatus
3080 2445 3182 2495 est.
3212 2437 3360 2489 sicut
3386 2445 3667 2501 resurgens
3693 2444 3723 2481 a

2158 2531 2393 2585 mortuis
2425 2529 2564 2583 dixit
2595 2528 2924 2582 mulieribus
2951 2544 2961 2578 :
2999 2544 3024 2577 «
3066 2527 3170 2586 Ite.
3202 2524 3458 2578 nuntiate.
3478 2517 3723 2574 fratribus

2155 2618 2312 2671 meis.
2354 2640 2373 2666 ι
2412 2619 2551 2671 Cum
2584 2634 2716 2687 ergo
2747 2616 2882 2669 dicit
2909 2615 3262 2669 vulneratum
3303 2628 3364 2664 se
3394 2625 3488 2663 cor
3516 2606 3721 2663 habere.

2156 2707 2599 2777 magnitudinem
2630 2706 2838 2760 amoris
2864 2706 3153 2775 expressit,
3183 2718 3292 2772 quo
3313 2706 3561 2754 sanctam
3580 2708 3726 2792 suam

2153 2795 2338 2864 diligit
2368 2795 2693 2850 Ecclesiam.
2718 2795 2979 2848 Afﬁrmat
3005 2797 3190 2847 autem
3224 2791 3327 2843 hoc
3351 2790 3559 2843 iterans
3583 2789 3635 2836 et
3656 2789 3727 2835 in-

2153 2886 2396 2949 culcans,
2436 2906 2457 2936 ‹
2494 2885 2813 2938 Vulnerasti
2845 2899 2940 2936 cor
2968 2898 3171 2939 meum.
3193 2902 3214 2927 ο
3237 2886 3301 2933 ut
3321 2878 3420 2931 tali
3454 2873 3728 2930 iteratione

2151 2982 2421 3045 quantum
2458 2973 2755 3028 Ecclesiam
2783 2989 2940 3026 suam
2972 2967 3461 3039 diligitmstendat.
3494 2965 3609 3027 Qua
3636 2976 3727 3014 3‘1'

2090 3039 2264 3117 Ct-em
2298 3080 2357 3117 re
2382 3064 2733 3117 vulneratum
2778 3062 2871 3125 sit,
2921 3058 3311 3128 subjungendo
3350 3055 3724 3110 demonstrat:

2155 3171 2183 3204 ι
2206 3151 2269 3206 In
2294 3169 2407 3206 uno
2428 3153 2715 3206 oculorum
2731 3161 2976 3205 tuorum.
2993 3149 3116 3202 etin
3136 3164 3247 3201 uno
3262 3145 3419 3199 crine
3436 3144 3556 3197 colli
3582 3138 3674 3193 tui.
3703 3155 3726 3189 ι)

2154 3241 2261 3294 Per
2288 3243 2476 3295 Oculos
2511 3241 2785 3302 Ecclesiae,
2818 3238 3078 3308 superius
3098 3235 3423 3305 Spirituales
3445 3246 3636 3286 sensus
3658 3224 3733 3279 vel

2152 3331 2409 3384 doctores
2428 3337 2651 3383 sanctos
2676 3327 3027 3399 accipiendos
3057 3342 3178 3379 esse
3203 3324 3467 3377 diximus.
3504 3322 3605 3373 Per
3632 3330 3732 3369 crt-

2152 3436 2251 3473 nes
2280 3418 2824 3472 vero.multitudines
2852 3416 3229 3485 subjectarum
3251 3411 3516 3495 plebium,
3546 3405 3732 3477 quibus

2152 3519 2345 3561 sancta
2365 3508 2662 3560 decoratur
2692 3505 2954 3560 Ecclesia.
2988 3504 3054 3557 Et
3088 3510 3172 3555 est
3203 3518 3402 3554 sensus
3422 3519 3431 3556 ;
3455 3500 3589 3553 Cum
3627 3497 3732 3546 tota

2152 3597 2229 3650 sis
2254 3595 2826 3667 pulchra,oEcclesia,
2862 3601 2917 3647 et
2946 3609 3070 3646 cum
3102 3598 3158 3644 te
3184 3590 3253 3644 ob
3288 3590 3464 3642 multa
3493 3586 3728 3654 diligam,

2155 3686 2430 3757 praecipue
2442 3693 2630 3738 tamen
2646 3684 2796 3737 nitor
2815 3681 3193 3753 spiritualium
3208 3695 3476 3733 sensuum
3495 3684 3549 3729 ct
3561 3676 3734 3771 docto-

2150 3792 2274 3828 rum
2302 3782 2528 3828 tuorum
2543 3773 2836 3826 sinceritas
2849 3788 2936 3824 me
2957 3770 3217 3833 delectat;
3233 3765 3564 3837 simplicitas
3576 3765 3733 3816 etiam

2148 3864 2527 3933 subjectarum
2553 3862 2813 3932 plebium,
2842 3876 2964 3930 quae
2986 3858 3073 3930 pie
3088 3866 3142 3912 et
3163 3856 3407 3910 ﬁdeliter
3437 3853 3614 3908 verbis
3640 3851 3732 3949 do-

2151 3960 2366 4007 ctorum
2419 3951 2825 4021 obtemperant.
2882 3950 3031 4003 Bene
3078 3954 3264 4001 autem
3314 3961 3442 3998 cum
3493 3955 3734 4012 superius

2152 4041 2445 4111 pluraliter
2472 4040 2613 4093 dixit
2640 4040 2831 4092 oculos
2866 4044 2923 4090 et
2956 4036 3207 4106 capillos,
3256 4034 3344 4087 hic
3386 4030 3737 4101 singulariter

2152 4129 2286 4181 dicit
2311 4128 2367 4181 in
2386 4143 2496 4181 uno
2523 4128 2682 4181 oculo
2710 4134 2767 4179 et
2787 4127 2842 4179 in
2870 4141 2983 4178 uno
3003 4124 3179 4179 crine.
3210 4130 3275 4175 ut
3302 4138 3402 4192 per
3432 4123 3533 4174 h'oc
3562 4118 3736 4173 unitas

2151 4224 2471 4270 sanctorum
2504 4216 2793 4269 doctorum
2826 4214 3190 4284 exprimatur.
3228 4211 3429 4265 Unitas
3465 4218 3551 4263 est
3597 4206 3738 4260 enim

2152 4304 2864 4374 cmlestisdoctrinaequam
2886 4300 3523 4370 subjectisimpendunt.
3554 4316 3574 4345 ει
3592 4296 3737 4349 Unus

2151 4395 2299 4448 enim
2327 4394 2616 4455 Dominus,
2651 4400 2712 4446 ut
2744 4392 3045 4462 Apostolus
3073 4389 3227 4447 dicit,
3264 4404 3376 4441 una
3395 4388 3554 4447 fides,
3576 4398 3737 4438 unum

2150 4483 2448 4553 baptisma.
2486 4502 2507 4532 ι
2542 4497 2758 4535 necnon
2804 4488 2859 4534 et
2887 4496 2999 4532 una
3029 4477 3247 4532 devotio
3276 4476 3656 4546 subjectorum
3684 4471 3741 4524 ﬁ-

2151 4573 2380 4626 delium.
2419 4571 2613 4624 Potest
2664 4576 2720 4623 et
2759 4570 2863 4623 hoc
2891 4568 3036 4640 quod
3068 4566 3221 4629 dicit,
3261 4586 3281 4615 ι
3321 4561 3626 4617 vulnerasti
3654 4573 3742 4613 cor

2151 4660 2476 4725 meumgdo
2499 4660 2755 4730 passione
2778 4657 2986 4711 Christi
3009 4656 3183 4725 accipi
3217 4672 3228 4706 :
3262 4674 3283 4704 α
3313 4650 3635 4706 Vulnerasti
3654 4661 3741 4701 cor

2151 4766 2358 4808 meum,
2382 4748 2438 4802 id
2469 4756 2556 4802 est
2584 4754 2680 4801 tuo
2710 4744 2902 4800 amore
2928 4744 3101 4800 fecisti
3135 4752 3196 4797 ut
3228 4758 3330 4812 ego
3361 4742 3414 4794 in
3432 4756 3596 4794 cruce
3628 4736 3740 4791 vul-

2153 4854 2400 4893 nerarer.
2426 4836 2745 4891 Notandum
2776 4852 2904 4889 vero
2937 4833 3082 4905 quod
3113 4832 3266 4895 dicit,
3300 4851 3325 4883 a
3354 4829 3412 4884 in
3462 4846 3575 4882 uno
3598 4826 3741 4881 crine

2154 4928 2281 4982 colli
2309 4928 2389 4981 tui
2422 4946 2433 4980 :
2478 4950 2493 4973 ι
2532 4927 2638 4979 Per
2668 4926 2872 4979 collum
2907 4924 3056 4978 cnim
3101 4921 3343 4975 diximus
3371 4920 3629 4972 doctores
3670 4914 3741 4967 si—

2150 5016 2424 5088 gnificari,
2455 5023 2511 5069 et
2535 5015 2705 5069 crinis
2735 5014 2988 5069 Ecclesiae
3009 5013 3150 5066 collo
3180 5010 3588 5075 adhaeret.~quo
3619 5001 3744 5057 sub:

2145 5109 2309 5176 jectze
2341 5106 2527 5177 plebes
2555 5124 2588 5159 a
2617 5105 2825 5159 sanctis
2856 5100 3177 5156 doctoribus
3209 5099 3558 5152 nutriuntur.
3580 5099 3637 5146 et
3656 5106 3745 5144 eo-

2150 5212 2276 5250 rum
2306 5211 2456 5249 sanae
2484 5194 2749 5248 doctrinae
2775 5194 3064 5251 inhaerent.
3093 5206 3158 5243 ac
3185 5186 3490 5242 secundum
3528 5184 3745 5235 illorum

2151 5292 2428 5357 praecepta
2457 5284 2638 5336 vivere
2665 5287 2958 5352 satagunt.

2224 5394 2249 5425 α
2284 5374 2464 5437 Quam
2506 5372 2750 5440 pulchrae
2799 5380 2932 5425 sunt
2985 5384 3241 5422 mammae
3270 5373 3399 5425 tuae,
3432 5377 3597 5415 soror
3630 5372 3749 5413 mea

2149 5479 2370 5533 sponsa.
2424 5483 2445 5513 ι)
2489 5462 2595 5515 Per
2636 5475 2911 5513 mammas
2938 5457 3197 5529 superius
3227 5454 3447 5509 eosdem
3493 5451 3748 5503 doctores

2149 5551 2392 5605 diximus
2404 5549 2759 5626 ﬁgurari,qui
2773 5557 2831 5604 et
2848 5564 2948 5619 per
2975 5545 3551 5613 oculosdesignantur
3575 5559 3587 5604 ι
3622 5549 3750 5589 nam
