3970 6150
229 317 322 375 321

1159 311 1576 370 ENARRATIO
1615 311 1691 366 ΙΝ
1732 308 2046 365 CANTICA
2086 312 2577 371 CANTICORUM.

3397 319 3507 376 322

226 442 401 497 sancti
430 442 689 495 doctores
716 457 976 496 mamma
1013 447 1165 507 sunt,
1207 440 1264 493 id
1313 444 1398 493 est
1438 434 1674 506 simplici
1718 434 1819 483 δοσ-
1841 436 1881 494 A
1906 434 2184 495 emittens.
2222 437 2319 507 qui
2348 437 2430 490 bis
2460 439 2519 493 in
2550 456 2698 495 anno
2729 441 3029 512 colligitur,
3062 441 3121 495 in
3150 445 3420 497 autumno
3449 449 3509 498 et

224 532 403 585 ctrina
444 532 687 584 humiles
728 531 1021 597 nutriunt;
1065 530 1211 583 oculi
1256 533 1405 582 sunt.
1439 542 1566 579 cum
1598 541 1821 578 summa

225 636 456 691 quaque
488 626 547 672 et
592 619 839 672 calestia
878 619 1199 689 pradicant.
1231 617 1326 671 Ait
1365 632 1499 684 ergo
1533 633 1545 666 :
1581 635 1601 663 ι
1641 613 1820 676 Quam

223 709 469 778 pulchra
484 713 619 761 sunt
638 724 896 762 mamma
912 715 1042 770 tua,
1064 724 1224 761 soror
1242 721 1365 759 mea
1381 719 1615 775 sponsa;
1638 701 1690 753 id
1713 705 1817 763 est,

227 813 386 867 quam
413 797 629 867 pulchri
651 803 784 850 sunt
805 796 1059 850 doctores
1080 796 1183 852 tui.
1209 794 1473 865 quoniam
1497 807 1681 845 sermo
1703 790 1822 842 illo-

224 900 343 938 rum
372 890 431 937 et
451 884 676 954 eloquio
698 884 1024 954 praeminet
1068 893 1122 936 et
1145 883 1390 953 pondere
1413 896 1676 933 sensuum
1701 894 1822 948 pre-

226 972 397 1026 tiosus
443 980 547 1027 est.
577 996 598 1018 ιι
631 972 962 1026 Pulchriora
989 980 1118 1025 sunt
1155 971 1330 1025 ubera
1356 978 1457 1023 tua
1486 968 1630 1021 vino.
1662 987 1684 1014 η
1720 966 1821 1019 Hic

225 1062 525 1115 versiculus
548 1062 665 1129 jam
698 1061 956 1131 superius
986 1061 1269 1131 expositus
1298 1066 1401 1122 est,
1435 1056 1527 1110 ubi
1560 1055 1765 1108 dicitur
1803 1072 1814 1107 :

231 1168 251 1200 ι
285 1148 519 1202 Meliora
550 1157 683 1202 sunt
711 1148 884 1202 ubera
913 1156 1011 1203 tua
1041 1148 1184 1202 vino.
1223 1165 1246 1200 ο
1283 1148 1350 1201 Et
1374 1146 1478 1199 hoc
1508 1144 1817 1199 notandum

226 1238 369 1307 quod
397 1238 637 1291 Ecclesia
658 1237 917 1307 superius
941 1237 1115 1291 ubera
1135 1235 1326 1306 sponsi
1354 1235 1442 1287 sui
1471 1232 1720 1287 laudavit
1740 1232 1822 1286 di-

223 1341 349 1379 cens
380 1345 391 1378 :
435 1345 455 1375 ε
499 1326 729 1379 Meliora
758 1333 893 1379 sunt
937 1325 1111 1379 ubera
1139 1331 1239 1378 tua
1279 1324 1427 1383 vino,
1461 1343 1483 1370 ο
1516 1338 1662 1375 nunc
1691 1337 1821 1375 vero

221 1414 458 1469 vicissim
490 1430 729 1483 sponsus
759 1430 978 1483 sponsa
1015 1430 1129 1467 sua
1159 1413 1332 1467 ubera
1362 1410 1596 1471 extollit,
1634 1416 1697 1462 ut
1724 1425 1824 1478 per

219 1502 320 1555 hoc
349 1503 539 1556 unitas
567 1502 773 1555 Christi
816 1509 872 1555 et
904 1502 1155 1555 Ecclesia
1180 1499 1624 1554 commendetur.
1659 1497 1821 1551 Chri-

218 1596 337 1644 stus
368 1591 519 1644 enim
553 1596 721 1660 caput
752 1595 856 1648 est.
890 1596 947 1643 et
980 1590 1215 1643 Ecclesia
1246 1605 1450 1659 corpus
1479 1588 1602 1657 ejus
1633 1603 1643 1637 :
1680 1603 1820 1656 pra-

216 1679 365 1732 cellit
389 1679 543 1731 enim
566 1678 791 1732 initium
810 1678 1218 1749 praedicationis
1239 1676 1567 1747 evangelica
1584 1675 1820 1743 legalem

213 1766 575 1821 sententiam.
618 1787 638 1815 ι
682 1768 749 1821 Et
780 1768 917 1820 odor
947 1773 1362 1835 unguentorum
1394 1772 1618 1819 tuorum
1650 1782 1821 1835 super

217 1856 405 1909 omnia
442 1862 716 1909 aromata.
742 1876 767 1904 υ
789 1855 1086 1924 Unguenta
1110 1854 1366 1908 Ecclesia
1395 1861 1527 1907 sunt
1555 1852 1820 1907 doctrina

218 1944 462 1997 calestis
490 1943 850 2005 charismata,
886 1943 969 1996 vel
995 1943 1164 1996 etiam
1197 1942 1345 1996 fama
1373 1942 1662 2001 virtutum,
1697 1957 1819 2011 qua

216 2033 281 2087 de
312 2033 563 2087 Ecclesia
592 2032 840 2101 fragrat;
874 2040 1131 2085 aromata
1161 2047 1288 2084 vero
1319 2030 1710 2099 intelliguntur
1737 2029 1817 2081 le-

215 2122 371 2192 gales
415 2121 851 2174 observationes.
895 2120 1077 2190 Super
1112 2125 1362 2172 aromata
1405 2134 1539 2187 ergo
1570 2123 1655 2170 est
1682 2116 1820 2169 odor

218 2217 634 2281 unguentorum
678 2208 952 2271 Ecclesia,
994 2207 1127 2278 quia
1155 2208 1306 2261 fama
1332 2206 1660 2275 evangelica
1693 2222 1818 2275 per-

219 2297 476 2352 fectionis
508 2297 857 2351 transcendit
884 2313 1107 2351 omnem
1145 2296 1368 2350 laudem
1399 2295 1597 2365 legalis
1626 2294 1822 2348 obser-

222 2387 477 2441 vationis.

296 2494 321 2525 α
355 2476 397 2529 F
400 2492 537 2529 avus
564 2475 844 2530 distillans
872 2474 1020 2530 labia
1044 2479 1163 2539 tua,
1196 2490 1421 2545 sponsa.
1468 2491 1493 2526 ι
1527 2472 1707 2526 Favus
1736 2476 1820 2525 est

226 2565 328 2617 mel
350 2564 407 2617 in
431 2580 574 2617 cera.
602 2565 710 2618 Mel
730 2570 919 2619 autem
948 2564 1002 2618 in
1028 2580 1155 2617 cera
1175 2569 1262 2617 est
1289 2562 1599 2632 spiritualis
1621 2560 1821 2613 intelli-

225 2654 406 2723 gentia
428 2654 485 2706 in
509 2654 715 2706 littera.
745 2653 913 2707 Labia
934 2670 1069 2723 ergo
1092 2651 1346 2706 Ecclesia
1368 2650 1522 2704 favus
1541 2650 1821 2703 distillans

224 2749 508 2806 vocantur,
548 2740 681 2810 quia
720 2740 898 2794 sancti
928 2741 1203 2802 doctores,
1242 2738 1338 2808 qni
1371 2754 1469 2808 per
1498 2737 1641 2790 labia
1672 2736 1820 2790 desi-

226 2838 485 2901 gnantur.
516 2830 832 2900 spiritualia
858 2830 1192 2882 documenta
1224 2826 1517 2897 proferunt
1544 2825 1822 2879 instruen-

227 2918 313 2971 dis
348 2918 620 2972 fidelibus.
650 2918 764 2971 Nec
793 2918 973 2971 solum
1007 2917 1182 2979 favus,
1213 2915 1309 2969 sed
1342 2915 1509 2968 etiam
1541 2913 1819 2967 distillans

229 3013 491 3060 vocantur
522 3006 777 3059 Ecclesia
806 3005 973 3058 labia.
1010 3004 1253 3058 Distillat
1296 3002 1443 3056 enim
1484 3002 1658 3060 favus,
1691 3018 1816 3055 cum

229 3094 404 3146 mellis
433 3094 595 3163 copia
630 3091 942 3147 exuberans
976 3092 1093 3161 jam
1124 3106 1236 3144 non
1266 3096 1450 3160 potest
1493 3089 1666 3143 cereis
1696 3106 1821 3159 cap-

229 3181 363 3235 sulis
390 3182 682 3235 contineri.
718 3181 885 3235 Recte
933 3197 1065 3250 ergo
1106 3180 1295 3233 divina
1338 3174 1623 3248 Scriptura
1659 3174 1882 3238 favusC

231 3270 498 3323 distillans
527 3278 771 3323 vocatur.
811 3270 944 3339 quia
976 3268 1363 3338 multipliciter
1394 3267 1728 3336 intelligitur
1764 3272 1821 3320 et

233 3359 389 3411 variis
407 3359 666 3412 sensibus
694 3358 1011 3427 exponitur.
1035 3374 1183 3410 nunc
1196 3358 1353 3426 juxta
1378 3356 1646 3414 litteram.
1671 3371 1820 3407 nunc

228 3447 378 3515 juxta
393 3448 741 3517 allegoriam,
758 3447 1077 3515 nuncjuxta
1093 3446 1486 3508 moralitatem,
1501 3445 1822 3514 nuncjnxta

233 3551 532 3605 anagogen.
566 3535 621 3588 id
652 3543 739 3587 est
774 3535 1118 3604 superiorem
1163 3549 1410 3586 sensum.
1453 3553 1472 3581 α
1512 3532 1620 3585 Mel
1650 3539 1707 3585 et
1735 3532 1820 3585 lac

188 3658 197 3669 υ
236 3624 331 3677 sub
351 3625 537 3694 lingua
563 3630 680 3677 tua.
709 3642 731 3673 ι
758 3624 865 3677 Lac
887 3622 1131 3693 parvulis
1153 3621 1432 3678 convenit.
1464 3620 1700 3691 ideoque
1724 3638 1822 3690 per

236 3709 317 3763 lac
329 3711 653 3781 designatur
669 3712 903 3782 simplex
921 3712 1193 3771 doctrina.
1228 3727 1338 3781 qua
1358 3710 1577 3764 initium
1596 3711 1821 3764 creden-

236 3798 366 3852 tium
399 3801 710 3864 imbuitur;
747 3801 855 3853 mel
886 3817 1015 3853 vero
1062 3800 1207 3869 quod
1234 3800 1302 3853 de
1339 3816 1462 3852 rore
1483 3800 1606 3852 coeli
1627 3799 1823 3852 contici

234 3888 484 3951 creditur,
517 3890 800 3942 ca'lestem
832 3896 887 3942 et
907 3888 1254 3958 spiritualem
1279 3887 1589 3941 doctrinam
1619 3887 1826 3958 signiﬁ-

236 3983 337 4040 cat,
365 3994 482 4046 qua
505 3978 767 4047 perfectis
788 3986 845 4031 et
872 3976 1161 4031 instructis
1191 3976 1448 4030 convenit
1497 3976 1610 4031 Sub
1634 3977 1825 4045 lingua

235 4079 360 4134 ergo
378 4066 632 4120 Ecclesia
657 4066 763 4119 mel
786 4072 843 4120 et
864 4067 948 4120 lac
973 4074 1075 4123 est.
1104 4066 1235 4136 quia
1255 4065 1556 4136 aliquando
1576 4064 1826 4119 calestia

238 4156 491 4224 mysteria
522 4156 804 4226 perfectis,
830 4156 1132 4226 aliquando
1152 4154 1386 4208 rudibus
1417 4155 1583 4224 plana
1611 4161 1668 4207 et
1694 4153 1826 4207 sim-

236 4243 392 4311 plicia
416 4245 776 4298 annuntiant.
800 4264 820 4293 ι
853 4244 920 4297 Et
947 4244 1084 4297 odor
1107 4244 1563 4297 vestimentorum
1596 4251 1822 4297 tuorum

238 4331 375 4385 sicut
400 4334 535 4386 odor
562 4333 767 4386 thuris.
794 4350 821 4384 ι
847 4333 1193 4386 Vestimenta
1224 4332 1476 4386 Ecclesia
1501 4339 1633 4385 sunt
1654 4331 1822 4385 bono'

1903 540 2048 577 vere.
2074 525 2134 578 In
2159 528 2470 580 autumnali
2496 530 2820 583 collectione
2843 537 3230 601 praeparantur
3258 530 3507 598 arbores,

1902 612 2090 666 incisis
2120 614 2419 669 corticibus
2460 617 2900 687 ﬂagrantissimo
2936 620 3145 673 astatis
3188 621 3408 683 ardore,
3443 637 3509 674 ac

1904 700 1982 753 sic
2004 702 2328 771 prosiliente
2349 721 2543 773 spuma
2566 707 2778 776 pingui,
2797 725 2919 777 qua
2939 714 3199 761 concreta
3218 708 3505 777 densatur,

1903 788 1999 842 ubi
2046 798 2249 844 natura
2296 792 2398 845 loci
2433 803 2642 863 poscat,
2676 804 2860 865 tegete
2910 796 3130 866 palmea
3174 797 3506 867 excipiente.

1903 877 2062 941 Quod
2089 879 2144 932 in
2176 880 2375 934 arbore
2404 882 2580 945 hasit,
2610 883 2757 937 ferro
2788 885 3120 955 depectitur.
3158 885 3395 955 ideoque
3426 887 3503 940 vi-

1902 965 2067 1019 detur
2094 968 2395 1021 corticeum
2428 986 2548 1023 esse
2586 970 2968 1041 purissimum.
2999 972 3053 1026 id
3086 980 3173 1026 est
3205 975 3506 1030 candidum

1901 1054 2051 1108 thus.
2088 1057 2342 1111 Secunda
2368 1059 2645 1112 vindemia
2668 1067 2753 1114 est
2782 1075 2930 1124 vere,
2966 1062 3035 1115 ad
3062 1079 3183 1116 eam
3211 1063 3395 1117 hieme
3420 1065 3507 1119 in-

1902 1143 2031 1197 cisis
2060 1146 2376 1211 corticibus,
2404 1147 2635 1201 rubrum
2661 1150 2765 1203 hoc
2784 1151 2917 1209 exit,
2942 1168 3043 1204 nec
3063 1155 3505 1223 comparandum

1902 1233 2093 1303 priori.
2126 1234 2389 1288 Creditur
2418 1242 2474 1289 et
2522 1238 2750 1291 novella
2798 1238 3013 1292 arboris
3043 1241 3333 1295 candidius
3360 1260 3503 1303 esse.

1903 1321 2001 1374 sed
2032 1323 2233 1375 veteris
2254 1323 2560 1377 odoratius.
2592 1325 2750 1387 Quod
2782 1342 2846 1378 ex
2872 1343 2937 1379 eo
2970 1328 3313 1382 rotunditate
3331 1337 3506 1399 gutta

1903 1412 2188 1481 pependit,
2214 1413 2521 1466 masculum
2546 1430 2837 1479 vocamus;
2873 1422 3094 1484 guttam
3121 1433 3393 1471 concussu
3414 1419 3508 1472 eli-

1904 1515 2046 1564 sam,
2079 1516 2342 1554 mannam
2376 1518 2658 1555 vocamus.
2688 1520 2691 1527 '

1979 1652 2001 1683 ι
2040 1633 2249 1687 Hortus
2275 1634 2570 1688 conclusus
2591 1651 2750 1688 soror
2770 1652 2895 1689 mea
2916 1652 3140 1703 sponsa,
3164 1638 3361 1694 hortus
3380 1657 3507 1695 con-

1903 1722 2112 1785 clusus,
2148 1722 2270 1776 fons
2295 1723 2549 1792 signatus
2605 1744 2629 1773 »
2665 1725 2922 1779 Sororem
2954 1732 3013 1779 et
3054 1743 3313 1796 sponsam
3345 1746 3502 1784 suam

1904 1809 2202 1863 ECclesiam
2234 1811 2386 1872 dicit,
2433 1828 2602 1881 quam
2640 1828 2705 1864 ex
2735 1813 2939 1866 ancilla
2968 1830 3215 1867 sororem
3249 1815 3352 1869 sibi
3383 1833 3505 1871 esse

1901 1898 2209 1959 constituit,
2246 1905 2303 1952 et
2344 1900 2473 1952 dote
2520 1899 2762 1969 Spiritus
2810 1902 2985 1953 sancti
3021 1901 3367 1972 pigneratam
3399 1903 3504 1958 sibi

1901 2002 2160 2056 sponsam
2191 1988 2391 2041 eﬂ'ecit.
2426 1989 2553 2042 Hac
2584 2005 2716 2058 ergo
2751 1989 2991 2043 Ecclesia
3024 1991 3219 2045 hortus
3246 1999 3349 2057 est,
3370 1976 3504 2064 quia

1901 2075 2277 2144 spiritualium
2305 2077 2574 2130 virtutum
2600 2078 2859 2145 germina
2887 2078 3115 2147 pre-fert.
3141 2097 3263 2150 qua
3292 2082 3348 2135 in
3375 2098 3504 2137 con-

1901 2164 2266 2233 sequentibus
2295 2172 2610 2219 aromatum
2655 2167 2937 2219 vocabulis
2974 2167 3321 2236 designatur.
3356 2171 3505 2224 Con-

1901 2252 2090 2305 clusus
2113 2268 2239 2306 vero
2271 2253 2466 2307 hortus
2494 2260 2579 2306 est
2606 2253 2729 2311 iste.
2756 2254 2885 2324 quia
2907 2267 3102 2308 sancta
3131 2257 3381 2311 Ecclesia
3404 2259 3503 2312 Re-

1903 2340 2211 2410 demptoris
2234 2342 2457 2395 Domini
2487 2342 2572 2395 sui
2605 2342 2886 2410 adjutorio
2910 2344 3126 2396 munita
3152 2351 3256 2410 est,
3280 2351 3338 2399 et
3368 2363 3505 2416 pra-

1903 2429 2047 2482 sidio
2074 2431 2456 2499 angelicarum
2490 2432 2756 2484 virtutum
2789 2431 3010 2487 vallata.
3037 2433 3206 2487 nullis
3236 2435 3505 2504 maligno-

1903 2535 2028 2572 rum
2060 2519 2359 2588 spirituum
2393 2524 2549 2589 patet
2578 2519 2813 2572 insidiis.
2843 2518 2974 2573 Hac
3001 2520 3121 2590 ipsa
3149 2521 3390 2576 Ecclesia
3419 2528 3505 2577 est

1902 2606 2027 2659 fons
2071 2607 2345 2675 signatus.
2400 2608 2546 2661 Fons
2594 2607 2738 2667 ideo.
2786 2607 2918 2677 quia
2966 2607 3231 2663 doctrina
3260 2611 3504 2665 cmlestis

1904 2694 2130 2747 ﬂuentis
2152 2702 2361 2771 manat.
2391 2696 2593 2765 quibus
2615 2712 2810 2748 omnes
2835 2697 2891 2749 in
2915 2698 3134 2752 Christo
3158 2700 3450 2754 credentes
3468 2717 3502 2754 a

1903 2783 2145 2853 peccatis
2176 2784 2345 2849 lavat,
2377 2791 2434 2837 et
2480 2784 2729 2837 veritatis
2762 2784 2996 2838 scientia
3027 2792 3199 2856 potat.
3235 2788 3500 2856 Signatus

1902 2887 2032 2924 vero
2063 2871 2184 2924 fons
2204 2878 2291 2924 est
2320 2872 2445 2935 iste,
2466 2872 2597 2942 quia
2619 2872 2947 2941 evangelica
2972 2873 3220 2928 veritatis
3248 2876 3502 2946 signacu-

1894 2959 1955 3013 lo
1988 2961 2238 3014 munitus
2257 2967 2362 3016 est.
2386 2961 2465 3013 ita
2486 2968 2549 3014 ut
2570 2977 2749 3031 neque
2771 2961 3037 3027 harctici,
3062 2979 3243 3033 neque
3270 2964 3500 3035 maligni

1902 3048 2136 3119 Spiritus
2168 3049 2333 3103 fidem
2365 3049 2694 3103 catholicam
2716 3050 2921 3103 violare
2945 3056 3045 3104 aut
3070 3051 3383 3122 irrumpere.
3414 3069 3502 3105 va-

1903 3134 2072 3188 leant.
2113 3136 2215 3189 llic
2242 3136 2457 3201 hortus,
2490 3137 2573 3190 vel
2606 3136 2696 3190 hic
2719 3137 2841 3189 fons
2869 3137 2946 3203 (id
2976 3142 3062 3191 est
3091 3137 3351 3203 Ecclesna)
3384 3140 3501 3210 pri-

1904 3239 2055 3276 mum
2090 3223 2144 3277 in
2178 3241 2347 3294 parvo
2392 3225 2596 3279 Judaa
2625 3225 2820 3278 locello
2852 3226 3135 3295 plantatus
3165 3227 3245 3279 vel
3276 3232 3503 3282 exortus

1902 3318 2005 3373 est,
2049 3312 2250 3367 deinde
2306 3330 2405 3384 per
2443 3314 2764 3367 universum
2816 3314 3086 3368 mundum
3140 3314 3504 3370 disseminata

1902 3401 2316 3471 pradicatione,
2351 3403 2567 3456 areolas
2605 3419 2735 3456 suas
2763 3403 2849 3457 vel
2888 3404 3095 3458 rivulos
3123 3420 3255 3459 suos
3293 3405 3500 3460 emisit.

1904 3478 2077 3543 Unde.
2092 3491 2350 3561 sequitur
2376 3509 2388 3544 :

1978 3641 2005 3669 «
2032 3622 2375 3677 Emissiones
2403 3617 2513 3678 tua
2544 3623 2836 3693 paradisus
2860 3624 3133 3679 malorum
3164 3625 3501 3681 Punicorum

1904 3730 2031 3766 cum
2064 3729 2355 3783 pomorum
2390 3713 2676 3766 fructibus.
2716 3734 2735 3761 ι
2767 3713 3105 3768 Emissiones
3137 3715 3391 3769 Ecclesia:
3423 3720 3505 3779 (ut

1905 3801 2116 3855 dictum
2157 3802 2265 3869 est)
2308 3801 2653 3854 incrementa
2690 3810 2824 3855 sunt
2862 3802 2989 3855 tidei
3026 3810 3083 3855 ct.
3120 3803 3503 3859 disseminatio

1909 3890 2336 3960 praedicationis.
2355 3889 2489 3952 Qua
2510 3890 2836 3943 emissiones
2860 3891 3151 3959 paradisUs
3168 3898 3317 3945 sunt.
3337 3893 3501 3946 Para-

1905 3979 2060 4032 disus
2089 3979 2302 4038 Grace,
2334 3978 2529 4031 hortus
2560 3978 2775 4031 Latine.
2810 3978 2937 4047 quia
2970 3979 3066 4031 illa
3097 3980 3378 4048 primitiva
3408 3980 3503 4034 Ec-

1906 4068 2094 4132 clesia,
2123 4084 2245 4137 qua
2277 4066 2334 4119 in
2364 4066 2554 4119 Judaa
2586 4066 2745 4136 quasi
2776 4067 2971 4119 hortus
2996 4066 3120 4123 fuit.
3153 4083 3250 4137 per
3279 4068 3503 4121 univer-

1905 4173 2030 4210 sum
2058 4156 2329 4209 mundum
2352 4155 2557 4209 multus
2575 4155 2784 4209 hortos.
2810 4154 2863 4207 id
2897 4160 2983 4209 est
3005 4154 3274 4209 Ecclesias
3294 4157 3501 4214 emisit.

1907 4246 2054 4300 Mala
2084 4252 2271 4298 autem
2297 4243 2503 4297 Punica
2551 4261 2672 4314 qua
2702 4242 3073 4297 rubicundum
3107 4243 3315 4298 habent
3342 4243 3508 4299 corti-

1904 4352 2045 4395 cem,
2063 4352 2158 4387 eos
2178 4333 2500 4403 signiﬁcant
2519 4332 2612 4403 qui
2635 4349 2744 4386 non
2765 4333 2943 4386 solum
2956 4334 3205 4403 generali
3228 4333 3506 4405 baptismo

240 4435 358 4473 rum
380 4438 605 4491 operum
623 4427 975 4476 ornamenta.
988 4422 1148 4490 juxta
1172 4422 1316 4491 quod
1340 4422 1583 4491 Joannes
1604 4420 1661 4474 in
1685 4425 1824 4491 Apo-
1842 4450 1889 4507 ι)
1907 4423 2237 4478 sanctiﬁcati
2268 4428 2419 4483 sunt,
2453 4439 2642 4476 verum
2676 4422 2843 4475 etiam
2878 4422 3103 4493 proprio
3131 4424 3405 4493 sanguine
3444 4423 3503 4478 in

236 4510 437 4580 calypsi
452 4511 584 4564 dicit
604 4530 615 4563 :
638 4531 659 4560 ι
684 4511 978 4581 Byssinum
1001 4510 1150 4563 enim
1166 4510 1599 4579 justiﬁcationes
1610 4517 1828 4563 sancto-

238 4612 360 4651 rum
371 4605 516 4655 sunt.
538 4620 558 4650 ι
570 4599 708 4653 Etin
720 4598 1067 4653 .lobdicitur:
1092 4619 1113 4646 ι
1133 4598 1360 4652 Justitia
1378 4597 1609 4651 indutus
1621 4614 1742 4651 sum
1755 4612 1829 4660 ,ει

240 4686 391 4740 indui
403 4705 485 4743 me
500 4688 644 4743 sicut
660 4695 992 4740 ornamento
1005 4696 1052 4739 et
1071 4687 1409 4749 diademate,
1420 4686 1631 4756 judicio
1647 4703 1768 4740 meo
1780 4734 1783 4737 .
1797 4705 1824 4739 ι

240 4775 417 4830 Thure
440 4783 627 4831 autem
649 4776 893 4829 diximus
917 4781 1236 4829 sanctarum
1261 4774 1576 4827 orationum
1604 4774 1827 4828 mundi-

240 4864 374 4917 tiam
426 4864 726 4934 designari.
781 4862 1130 4917 Vestimenta
1183 4879 1315 4932 ergo
1372 4862 1628 4916 Ecclesia
1675 4862 1827 4916 thuri

239 4960 643 5023 comparantur,
669 4953 805 5024 quia
823 4953 1007 5006 omnia
1032 4970 1203 5023 opera
1232 4953 1488 5007 Ecclesia
1517 4952 1675 5023 quasi
1701 4970 1828 5007 ora-

238 5040 417 5094 tiones
443 5048 587 5096 sunt.
612 5042 677 5096 In
709 5042 922 5096 cunctis
943 5042 1090 5095 enim
1116 5058 1238 5112 qua
1258 5042 1377 5111 agit
1405 5058 1626 5112 semper
1646 5042 1832 5096 Domi-

241 5144 377 5181 num
404 5131 745 5201 deprecatur,
781 5137 834 5184 et
865 5131 962 5184 tali
996 5130 1160 5183 modo
1205 5130 1472 5200 impletur
1512 5131 1650 5184 illud
1682 5132 1827 5201 quod

242 5216 507 5274 Dominus
531 5220 667 5274 dicit
690 5239 703 5273 ;
733 5240 754 5270 ι
783 5223 1018 5289 ()portet
1046 5235 1267 5289 semper
1289 5235 1471 5272 orare.
1504 5238 1529 5271 ι
1556 5219 1670 5272 Nec
1689 5236 1831 5273 sem-

247 5314 481 5376 perante
502 5309 801 5363 Dominum
821 5309 921 5361 hoc
939 5308 1106 5361 aliter
1121 5306 1342 5378 impleri
1363 5313 1563 5377 potest,
1582 5308 1690 5361 nisi
1711 5312 1832 5362 tota

1909 4510 2169 4582 passione
2212 4509 2493 4580 baptizati,
2532 4516 2807 4579 martyres
2850 4509 3024 4562 effecti
3074 4516 3224 4563 sunt.
3270 4511 3507 4565 Fructus

1910 4616 2038 4653 vero
2082 4615 2372 4669 pomorum
2400 4614 2569 4667 Opera
2601 4598 2920 4667 signiﬁcant
2949 4597 3239 4659 virtutum.
3271 4599 3385 4652 sive
3414 4615 3508 4652 eos

1910 4688 2002 4759 qui
2034 4688 2181 4758 ipsas
2225 4686 2460 4740 virtutes
2498 4703 2665 4756 opere
2698 4693 2973 4739 exercent.
3011 4686 3346 4739 Emissiones
3376 4702 3508 4756 ergo

1910 4777 2165 4831 Ecclesia
2209 4775 2503 4847 paradisus
2550 4775 2823 4827 malorum
2874 4773 3210 4827 Punicorum
3258 4774 3507 4841 fuerunt,

1911 4865 2044 4936 quia
2074 4865 2317 4935 primum
2344 4865 2523 4917 locum
2558 4863 2612 4915 in
2638 4862 2881 4916 Ecclesia
2909 4868 3031 4931 post
3060 4863 3340 4933 apostolos
3372 4879 3515 4917 mar-

1911 4961 2064 5024 tyres
2085 4953 2469 5015 obtinuerunt,
2500 4951 2593 5021 qui
2630 4952 2807 5020 ipsam
2838 4950 3057 5004 Domini
3081 4952 3393 5022 passiopem
3414 4969 3513 5023 pa-

1911 5042 2101 5096 tiendo
2118 5041 2323 5096 imitari
2340 5040 2698 5101 studuerunt,
2715 5039 3320 5109 quamvisgeneraliter
3333 5041 3516 5095 omnis

1913 5129 2219 5185 multitudo
2244 5129 2534 5200 paradisus
2561 5128 2833 5181 malorum
2862 5128 3198 5183 Punicorum
3227 5131 3404 5200 possit
3430 5147 3519 5184 ac-

1913 5220 2043 5291 cipi,
2068 5220 2164 5290 qui
2193 5219 2336 5271 mala
2373 5216 2581 5270 Punica
2608 5224 2760 5279 sunt,
2793 5220 2927 5287 quia
2957 5218 3271 5287 passionem
3302 5220 3389 5274 sui
3418 5220 3522 5273 Re-

1913 5307 2221 5379 demptoris
2244 5323 2467 5376 semper
2487 5306 2544 5359 in
2576 5307 2845 5360 memoria
2867 5308 3129 5360 retinent.
3155 5307 3220 5361 Et
3244 5308 3387 5362 sicut
3408 5324 3524 5361 ma-

248 5402 438 5449 nostra
463 5398 567 5451 vita
592 5405 651 5452 et
680 5396 1028 5451 conversatio
1056 5396 1187 5450 talis
1227 5396 1301 5449 sit
1342 5402 1404 5450 ut
1447 5396 1504 5449 in
1534 5405 1833 5466 con-pectu
1917 5397 2034 5451 lum
2084 5395 2354 5450 Punicum
2397 5394 2547 5449 intra
2590 5412 2767 5449 unum
2811 5394 3068 5449 corticem
3101 5397 3521 5452 multitudinem

251 5481 362 5535 Dei
387 5486 548 5539 oratio
572 5485 887 5557 deputetur?
920 5486 1073 5539 Thus
1114 5484 1282 5539 arbor
1310 5491 1397 5539 est
1434 5484 1669 5545 Arabia,
1704 5501 1835 5539 cor-
1919 5485 2170 5539 continet
2194 5499 2525 5554 granorum,
2563 5484 2642 5537 ita
2683 5484 2740 5538 in
2784 5483 3022 5538 Ecclesia
3056 5486 3353 5541 multitudo
3383 5485 3520 5538 ﬁde-

286 5570 375 5624 ice
395 5577 447 5657 et
468 5574 592 5630 folio
628 5576 790 5631 lauro
818 5574 1037 5640 similis,
1068 5590 1297 5629 succum
1335 5574 1645 5645 amygdala
1674 5576 1838 5629 modo
1920 5575 2062 5629 lium
2082 5573 2233 5628 intra
2250 5573 2418 5629 fidem
2434 5573 2727 5629 Uominica
2741 5572 3018 5644 passionis
3036 5569 3521 5628 continetur.Hinc
