3970 6150
519 308 621 389 es

930 322 1307 384 HAYMONIS
1346 320 1834 381 HALBERSTA'I‘.
1877 322 2103 380 EPISC.
2145 308 2304 379 OPP.
2348 301 2533 382 PARS
2570 326 2616 386 ι.
2656 357 2728 387 .—
2765 330 3137 388 conum.
3178 331 3355 388 BIBL.

3646 317 3735 393 ἢ

459 469 467 481 ο
514 442 816 537 Apostolus
835 453 973 536 dicit
993 471 1004 505 :
1026 472 1049 504 α
1073 453 1360 522 Quotquot
1375 451 1638 519 baptizati
1660 450 1795 504 estis
1815 451 1873 504 in
1888 451 2110 506 Christo
2128 452 2174 510 A
2190 449 2481 520 laquearia
2512 457 2705 506 nostra
2734 456 3076 533 cypressina,
3115 476 3137 527 η
3172 456 3300 526 quia
3326 455 3565 511 videlicet
3587 460 3739 513 sancti

514 530 668 607 .iesu,
700 544 758 597 in
789 530 967 596 morte
995 541 1170 610 ipsius
1199 539 1458 609 baptizati
1490 539 1642 593 estis.
1678 558 1703 591 ν

589 653 611 685 ι
648 619 818 702 Cypri
863 648 986 684 cum
1020 630 1214 692 nardo,
1249 628 1458 682 nardus
1487 633 1545 681 et
1587 644 1801 693 crocus,
1838 628 2026 682 fistula
2054 634 2112 682 et

514 725 926 780 cinnamomum
948 739 1072 776 cum
1099 719 1371 775 universis
1402 720 1569 788 lignis
1603 722 1616 772 1
1643 719 1810 774 ibani.
1841 741 1866 772 »
1892 722 2108 793 Cyprus

512 814 679 870 arbor
720 819 806 867 est
850 809 1175 871 aromatica,
1226 823 1416 861 semen
1462 807 1645 861 simile
1695 807 1970 862 ceriandii
2006 810 2109 864 ha-

509 884 667 959 bens.
701 901 755 955 id
786 906 871 953 est
899 898 1085 957 album
1113 904 1167 950 et
1198 895 1572 957 sublucidum,
1598 897 1746 966 quod
1766 898 1887 950 oleo
1910 900 2106 967 coqui-

509 974 622 1055 tur,
654 997 711 1044 et
737 989 865 1043 inde
896 985 1246 1058 exprimitur,
1274 984 1420 1055 quod
1449 1001 1652 1055 cyprus
1679 992 1922 1047 vocatur,
1956 988 2104 1042 unde

509 1079 727 1150 regium
749 1058 1096 1147 unguentum
1124 1078 1372 1142 paratur.
1389 1070 1653 1140 Legimus
1673 1072 1728 1124 in
1753 1072 1937 1126 Exodo
1955 1076 2103 1144 quod

508 1184 715 1223 manna
743 1173 865 1220 erat
896 1163 1055 1234 quasi
1099 1177 1290 1214 semen
1321 1159 1507 1212 album
1554 1160 1852 1218 coriandri.
1888 1163 2105 1232 Cyprus

508 1275 641 1328 ergo
667 1262 723 1310 et
754 1270 959 1323 manna
991 1267 1159 1305 unam
1188 1248 1394 1301 habent
1417 1248 1881 1317 signiﬁcationem
1929 1251 2109 1331 Signi-

508 1346 680 1405 ﬁcant
708 1345 853 1398 enim
894 1341 1133 1412 gratiam
1169 1338 1472 1401 caelestem,
1504 1345 1771 1407 tanquam
1805 1356 2009 1393 manna
2039 1342 2107 1394 de

507 1433 825 1489 coelestibus
857 1429 1188 1483 venientem.
1228 1426 1447 1496 Cyprus
1472 1442 1603 1495 ergo
1638 1427 1695 1479 in
1724 1428 1887 1481 horto
1919 1429 2109 1483 Eccle-

508 1524 605 1577 sia:
647 1521 916 1577 nascitur,
950 1534 1075 1571 cum
1107 1516 1299 1569 ﬁdeles
1329 1514 1537 1584 quique
1567 1515 1838 1569 docentur
1863 1518 2104 1587 gratiam

508 1611 787 1667 caelestem
835 1606 1095 1675 omnibus
1124 1603 1403 1675 praeferre.
1436 1610 1491 1665 et
1530 1620 1630 1673 per
1670 1604 1824 1663 illam
1860 1607 2102 1665 salutem

507 1715 753 1771 sperare.
779 1698 956 1771 Nemo
988 1693 1138 1753 enim.
1167 1692 1284 1752 snis
1308 1690 1627 1756 virtutibus.
1650 1693 1745 1747 sed
1775 1695 1894 1753 sola.
1918 1696 2105 1764 gratia

505 1788 609 1844 Dei
638 1785 841 1843 salvari
869 1788 1068 1854 potest.
1095 1780 1318 1835 Nardus
1343 1786 1513 1849 typus
1532 1787 1627 1839 est
1658 1781 1958 1839 Dominicaa
1982 1800 2106 1853 pas.

504 1876 695 1932 sionis.
726 1873 890 1930 Unde
917 1878 974 1947 et
1000 1869 1179 1927 Maria
1208 1868 1384 1922 nardo
1414 1868 1614 1939 pistica
1650 1875 1820 1940 caput
1847 1878 1905 1931 et
1934 1873 2102 1941 pedes

503 1966 636 2035 Iesu
664 1963 840 2021 unxit.
864 1960 1087 2017 Nardus
1112 1974 1244 2027 ergo
1273 1957 1332 2011 in
1362 1958 1524 2010 horto
1552 1957 1805 2015 Ecclesia:
1836 1966 1940 2015 est.
1962 1977 2101 2021 cum

503 2053 679 2111 sancti
709 2051 916 2125 quique
947 2047 1276 2107 memoriam
1307 2046 1610 2108 Dominicze
1640 2046 1917 2116 passionis
1938 2064 2101 2123 vene-

502 2150 720 2206 rantur,
748 2140 911 2209 eique
936 2137 1149 2207 gratias
1177 2140 1372 2205 agunt,
1408 2135 1553 2204 quod
1586 2135 1863 2196 intantum
1897 2154 1991 2193 eos
2011 2138 2098 2193 di-

502 2230 719 2292 lex’erit,
742 2234 815 2285 .ut
844 2243 944 2297 pro
969 2239 1164 2283 eorum
1201 2225 1382 2299 salute
1412 2229 1468 2276 et
1495 2222 1828 2283 liberatione
1856 2234 2094 2285 mortem

497 2317 824 2387 susciperet.
853 2333 879 2363 α
908 2312 1130 2373 Nardus
1160 2318 1217 2365 et
1246 2326 1442 2365 crocus
1496 2328 1522 2365 λυ
1557 2311 1765 2373 Crocus
1789 2312 1977 2371 aurosi
2007 2330 2095 2375 co-

497 2406 635 2465 loris
673 2404 844 2459 habet
870 2402 1090 2465 ﬂorem,
1136 2398 1373 2467 ideoque
1415 2397 1693 2467 signiﬁcat
1737 2399 2091 2465 charitatem,

498 2496 655 2552 Sicut
682 2493 836 2551 enim
865 2507 1065 2565 aurum
1109 2488 1257 2542 inter
1302 2487 1492 2545 omnia
1533 2488 1759 2551 metalla
1798 2490 2094 2559 pretiosius

496 2590 598 2645 est,
632 2584 711 2637 ita
737 2580 982 2639 cbaritas
1012 2579 1160 2633 inter
1190 2593 1383 2635 omnes
1413 2575 1647 2635 virtutes
1678 2577 1979 2646 primatum
2007 2590 2092 2635 ιο-

494 2679 611 2738 net,
639 2671 857 2725 dicente
885 2665 1151 2738 Apostolo
1176 2683 1187 2717 :
1212 2685 1237 2712 «
1270 2665 1433 2721 Nunc
1458 2670 1645 2717 autem
1679 2673 1908 2719 manent
1932 2666 2090 2733 ﬁdes,

494 2778 645 2833 spes,
668 2758 930 2820 Charitas,
959 2756 1141 2825 major
1168 2758 1357 2813 autem
1389 2752 1476 2815 his
1501 2758 1583 2805 est
1612 2752 1875 2811 Charitas.
1900 2772 1925 2806 ι
1951 2755 2091 2831 Cum

495 2850 677 2907 nardo
702 2864 834 2917 ergo
864 2861 1057 2903 crocus
1087 2844 1143 2896 in
1173 2842 1336 2897 horto
1371 2840 1626 2899 Ecclesiae
1665 2841 1931 2905 nascitur,
1964 2860 2092 2904 cum

497 2938 752 2997 membra
788 2933 1021 3009 Christi,
1044 2932 1149 2991 hoc
1177 2937 1281 2993 est,
1322 2929 1512 2989 ﬁdeles
1534 2928 1740 2998 quique
1759 2930 2092 2993 churitatem

495 3026 597 3083 Dei
614 3033 672 3081 et
696 3022 931 3097 proximi
960 3019 1260 3079 efﬁcaciter
1279 3025 1471 3077 tenere
1492 3017 1723 3073 student
1769 3018 1976 3081 Crocus
1996 3035 2092 3079 au-

493 3121 609 3170 tem
638 3114 819 3167 fertur.
838 3109 1048 3179 ignitus
1067 3106 1248 3163 febres
1277 3105 1629 3173 refrigerare.
1653 3104 1733 3167 sic
1755 3122 1882 3167 vera
1902 3107 2086 3170 (gnari-

491 3208 580 3257 tas
610 3201 865 3254 ardorem
898 3193 1354 3267 concupiscimus:
1385 3193 1664 3249 saecularis
1695 3193 2005 3263 refrigerat.
2031 3201 2087 3255 et

491 3290 846 3346 dilectionem
879 3284 980 3343 Dei
1005 3290 1060 3336 et
1090 3281 1322 3353 proximi
1351 3281 1406 3334 in
1439 3288 1625 3334 mente
1652 3282 1921 3339 accendit.
1947 3303 1968 3333 α
1992 3285 2083 3337 Fi-

489 3378 641 3435 stula
668 3381 725 3431 et
753 3374 1192 3433 cinnamomum.
1240 3388 1268 3418 ι)
1298 3369 1511 3422 Fistula
1540 3369 1721 3423 brevis
1758 3377 1844 3425 est
1884 3371 2083 3427 arbus-

492 3466 638 3529 cula,
664 3480 785 3537 qua:
814 3469 873 3516 et
899 3461 1049 3513 casia
1071 3465 1314 3523 vocatur,
1346 3458 1552 3511 cortice
1576 3475 1876 3528 purpureo.
1903 3460 2087 3530 Signi-

491 3557 622 3610 ﬁcat
663 3559 885 3608 sanctos
930 3549 986 3603 in
1037 3548 1300 3611 Ecclesia,
1355 3547 1674 3600 humilitate
1718 3554 1774 3601 et
1818 3549 2091 3618 patientia

490 3628 813 3717 pracipuos.
848 3653 1123 3710 pauperes
1161 3634 1412 3689 videlicet
1452 3635 1673 3705 spiritu,
1716 3653 1954 3706 quorum
2003 3644 2089 3691 est

488 3748 720 3801 regnum
741 3728 1026 3781 caelorum.
1053 3726 1371 3793 Purpureus
1392 3730 1578 3776 autem
1602 3735 1787 3776 cortex
1810 3724 2089 3793 signiﬁcat

487 3818 913 3874 similitudinem
960 3813 1235 3884 passionis
1283 3812 1507 3871 Christi.
1544 3828 1711 3881 quam
1759 3812 1840 3865 illi
1886 3814 1980 3883 qui
2028 3814 2085 3867 in

487 3924 618 3963 vera
638 3905 956 3961 humilitate
977 3902 1308 3968 fundantur,
1334 3900 1389 3953 in
1414 3899 1579 3953 corde
1599 3916 1822 3971 semper
1842 3901 2085 3975 retinen-

486 3982 572 4051 tes
608 3994 816 4049 imitari
857 3995 1139 4061 satagunt.
1173 3990 1601 4043 Cinnamomum
1645 3995 1701 4041 et
1738 3988 1861 4059 ipsa
1904 3988 2084 4044 brevis

487 4091 570 4145 est
598 4081 913 4140 arbuscula.
943 4078 1037 4132 sed
1074 4077 1229 4130 mira:
1265 4076 1487 4128 virtutis
1517 4080 1574 4128 et
1603 4075 1809 4135 odoris,
1845 4075 2081 4147 ideoque

484 4159 793 4244 profectum
825 4167 1122 4235 designant
1163 4162 1516 4219 humilitatis,
1550 4178 1673 4231 quae
1701 4168 1756 4215 et
1794 4179 1893 4232 per
1920 4165 2080 4217 ﬁstu-

483 4246 597 4315 lam
611 4250 1218 4331 designantur.Fistula
1237 4267 1369 4319 ergo
1388 4256 1445 4302 et
1464 4250 1882 4303 cinnamomum
1903 4252 1959 4305 in
1980 4252 2081 4305 Ec-

483 4346 654 4402 clesia
682 4350 833 4403 sunt,
865 4356 991 4394 cum
1032 4338 1211 4391 sancti
1244 4337 1342 4390 Dei
1374 4336 1747 4391 humilitatem
1778 4344 1834 4391 et
1864 4339 2081 4409 patien-

2192 538 2448 593 doctores
2477 541 2866 610 praedicatione
2895 561 2999 598 sua
3018 545 3315 598 Ecclesiam
3341 545 3598 599 muniunt.
3619 547 3739 600 Cum

2192 626 2382 697 fistula
2410 645 2543 697 ergo
2568 636 2624 682 et
2651 631 3005 686 cinnamomo
3036 633 3293 686 universa
3322 633 3467 703 ligna
3493 633 3668 687 Libani
3691 633 3741 688 in

2191 713 2354 766 horto
2386 715 2640 770 Ecclesiae
2678 729 3081 785 memorantur,
3134 721 3268 791 quia
3302 720 3410 774 sive
3449 706 3664 775 humiles
3695 726 3742 775 et

2190 803 2486 872 patientes.
2520 804 2633 858 sive
2666 806 2896 876 perfecti
2926 808 3134 878 quique
3157 809 3406 861 doctores
3426 809 3657 862 eamdem
3683 810 3741 863 ﬁ-

2187 890 2313 944 dem
2346 892 2554 946 habent
2580 896 2638 946 in
2691 894 2953 957 Ecclesia,
2987 903 3045 950 et
3086 897 3338 971 eamdem
3382 897 3743 951 beatitudinem

2187 988 2527 1050 exspectant.
2573 1002 2595 1033 ι
2640 983 2868 1053 Myrrha
2909 990 2966 1037 et
2994 986 3119 1038 aloe
3148 1001 3273 1038 cum
3302 984 3548 1059 omnibus
3577 985 3744 1055 primis

2185 1070 2508 1139 unguentis.
2555 1089 2580 1121 »
2615 1072 2843 1142 Myrrha
2875 1071 3042 1125 arbor
3075 1076 3160 1125 est
3191 1072 3349 1140 cujus
3382 1088 3566 1125 succus
3592 1077 3743 1125 stacte

2186 1156 2408 1223 dicitur,
2454 1165 2623 1213 tanta:
2670 1161 2909 1220 virtutis,
2943 1166 3008 1214 ut
3055 1160 3327 1231 quidquid
3374 1161 3441 1213 de
3468 1176 3530 1213 eo
3558 1166 3741 1214 tactum

2187 1243 2377 1306 fuerit,
2418 1245 2487 1300 ab
2518 1248 2668 1300 omni
2701 1247 2994 1317 putredine
3024 1254 3080 1301 et
3108 1247 3388 1301 vermibus
3424 1256 3657 1301 servetur
3687 1248 3745 1301 il-

2188 1331 2401 1387 laesum.
2434 1336 2572 1389 Aloe
2617 1336 2785 1389 arbor
2822 1342 2907 1389 est
2952 1336 3265 1390 suavissimi
3298 1336 3497 1401 odoris,
3535 1336 3661 1389 adeo
3693 1343 3746 1391 ut

2190 1421 2305 1474 vice
2351 1422 2737 1493 thymiamatis
2783 1424 3061 1499 altaribus,
3104 1425 3411 1478 adolentur.
3442 1424 3611 1477 Habet
3635 1440 3742 1477 vero

2188 1525 2410 1563 succum
2440 1512 2874 1579 amarissimum.
2899 1514 3248 1567 resistentem
3279 1512 3548 1582 putredini
3573 1519 3624 1566 et
3646 1528 3743 1566 ver-

2188 1597 2389 1652 mibus.
2434 1599 2575 1652 Hinc
2602 1606 2658 1653 et
2685 1600 2741 1653 in
2774 1601 3032 1670 passione
3064 1600 3289 1654 Domini
3324 1600 3640 1654 Nicodemus
3665 1600 3743 1654 de-

2184 1686 2383 1740 tulisse
2411 1687 2619 1741 dicitur
2644 1688 2943 1741 mixturam
2984 1690 3226 1759 myrrhae
3256 1695 3315 1743 et
3342 1689 3489 1743 aloes
3516 1689 3659 1763 quasi
3684 1688 3742 1741 li-

2124 1755 2170 1815 B
2188 1773 2315 1828 bras
2342 1783 2589 1829 centum.
2624 1776 2730 1830 Per
2767 1777 2866 1830 has
2891 1794 3023 1847 ergo
3043 1755 3279 1831 arbores
3308 1755 3621 1847 designatur
3638 1793 3741 1830 car-

2185 1863 2271 1917 nis
2300 1864 2643 1918 continentia
2686 1871 2742 1918 et
2788 1865 3136 1920 castimonia.
3175 1867 3316 1920 Nam
3350 1866 3576 1937 putredo
3602 1866 3742 1919 luxu-

2182 1952 2321 2005 riam
2353 1953 2495 2005 solet
2522 1953 2837 2025 designare,
2866 1955 3027 2024 juxta
3061 1954 3207 2024 quod
3250 1954 3526 2025 Propheta
3550 1954 3613 2007 de
3638 1953 3743 2025 qui-

2182 2040 2417 2094 busdam
2446 2042 2584 2095 dicit
2614 2059 2625 2093 :
2663 2060 2688 2093 α
2722 2042 3200 2113 Computruerunt
3230 2043 3488 2112 jumenta
3525 2043 3576 2095 in
3616 2048 3742 2095 ster-

2179 2144 2307 2182 core
2332 2145 2449 2200 suo.
2488 2148 2509 2178 ι
2549 2128 2616 2183 In
2656 2129 2818 2183 horto
2849 2147 2981 2199 ergo
3013 2131 3267 2187 Ecclesiae
3295 2137 3427 2185 sunt
3458 2131 3676 2201 myrrhae
3697 2134 3747 2183 et

2178 2216 2321 2280 aloe,
2354 2218 2457 2270 hoc
2486 2224 2589 2277 est,
2626 2224 2839 2272 mentes
2870 2220 3121 2273 cwlestes
3156 2225 3214 2272 et
3254 2219 3435 2273 omnis
3462 2217 3741 2288 corruptio-

2177 2305 2264 2358 nis
2289 2306 2590 2366 immunes.
2605 2306 2898 2361 audientes
2918 2307 2988 2361 ab
3008 2308 3277 2378 Apostolo
3296 2329 3309 2361 :
3328 2327 3355 2360 ι
3380 2308 3570 2361 Pacem
3592 2312 3744 2360 secta-

2177 2394 2316 2447 mini
2343 2411 2468 2447 cum
2497 2394 2756 2448 omnibus
2783 2402 2839 2449 et
2876 2396 3287 2459 castimoniam,
3321 2397 3441 2450 sine
3469 2412 3574 2466 qua
3598 2408 3741 2448 nemo

2175 2480 2384 2535 videbit
2407 2486 2600 2539 Deum.
2628 2501 2653 2535 )›
2683 2502 2705 2532 ι
2731 2484 2870 2537 Cum
2898 2484 3157 2538 omnibus
3180 2485 3378 2555 primis
3402 2484 3699 2554 unguentis.
3716 2501 3737 2534 ›

2174 2569 2365 2623 Prima
2393 2577 2679 2640 unguenta
2710 2572 2843 2641 quid
2877 2572 3077 2625 melius
3103 2588 3271 2642 quam
3301 2573 3542 2626 Charitas
3565 2570 3743 2625 intelli-

2172 2658 2426 2727 guntur?
2454 2659 2523 2711 de
2552 2676 2662 2729 qua
2681 2661 2978 2729 Apostolus
3008 2660 3176 2713 dicit:
3216 2680 3238 2710 ι
3272 2661 3465 2715 Adhuc
3494 2659 3745 2713 excellen-

2174 2745 2373 2799 tiorem
2406 2747 2548 2799 viam
2577 2748 2731 2800 vobis
2759 2748 3104 2813 demonstro,
3128 2766 3154 2797 ι
3179 2763 3243 2800 ac
3260 2748 3465 2802 deinde
3490 2763 3498 2802 :
3522 2766 3547 2799 (ι
3574 2748 3627 2801 Si
3651 2747 3744 2800 lin-

2172 2834 2299 2902 guis
2319 2834 2545 2905 (inquit)
2570 2834 2858 2888 hominum
2880 2835 3078 2905 loquar
3094 2841 3152 2887 et
3170 2835 3519 2904 angelorum,
3534 2834 3745 2888 charita-

2174 2926 2288 2975 tem
2319 2929 2505 2976 autem
2537 2939 2648 2977 non
2680 2922 2937 2983 habeam.
2966 2922 3105 2976 nihil
3138 2924 3269 2976 mihi
3298 2925 3541 2994 prodest.
3579 2944 3598 2973 ι
3628 2923 3742 2977 Post

2174 3012 2460 3081 myrrham
2491 3019 2548 3065 et
2573 3012 2733 3066 aloen
2761 3011 2903 3065 bene
2934 3012 3115 3080 prima
3143 3020 3433 3083 unguenta
3463 3018 3739 3084 ponuntur,

2171 3098 2301 3169 quia
2333 3106 2455 3169 post
2484 3101 2669 3153 carnis
2697 3100 3100 3153 continentiam
3137 3100 3387 3154 succedit
3416 3117 3541 3154 vera
3580 3098 3742 3153 chari-

2169 3193 2256 3240 tas
2285 3205 2407 3257 quae
2434 3188 2582 3241 Deus
2614 3195 2715 3250 est,
2740 3189 2868 3257 quia
2905 3189 3050 3241 Deus
3075 3204 3245 3258 super
3272 3190 3464 3243 omnia
3492 3188 3737 3258 diligitur.

2166 3276 2361 3346 Neque
2391 3278 2539 3330 enim
2574 3277 2651 3330 illi
2684 3278 2777 3347 qui
2810 3277 3094 3329 mundana
3137 3278 3438 3331 dilectione
3482 3284 3738 3339 tenentur,

2165 3363 2269 3417 hoc
2290 3371 2375 3417 est
2394 3365 2489 3434 qui
2509 3364 2885 3433 voluptatibus
2901 3370 2957 3418 et
2982 3363 3255 3417 illecebris
3278 3365 3465 3420 adhuc
3483 3366 3742 3419 delectan-

2168 3459 2282 3515 tur,
2315 3453 2487 3522 hujus
2517 3453 2809 3506 charitutis
2838 3453 3135 3523 participes
3166 3470 3287 3506 esse
3315 3460 3566 3524 possunt.

2244 3560 2270 3592 α
2316 3541 2461 3594 Fons
2517 3541 2828 3594 hortorum.
2874 3547 3075 3612 puteus
3124 3558 3401 3611 aquarum
3443 3542 3737 3599 viventium.

2171 3644 2294 3697 quae
2314 3628 2497 3681 ﬂuunt
2524 3630 2735 3700 impetu
2762 3629 2831 3682 de
2852 3629 3082 3683 Libano.
3121 3650 3142 3678 ι
3167 3630 3313 3682 Fons
3333 3631 3617 3684 hortorum
3637 3630 3743 3699 ipsa

2169 3725 2253 3769 est
2282 3734 2332 3787 pl
2348 3718 2565 3770 imitiva
2598 3718 2855 3773 Ecclesia.
2881 3735 3003 3787 quae
3025 3718 3275 3770 veritatis
3293 3720 3529 3773 scientia
3552 3720 3737 3780 hortos,

2167 3805 2220 3857 id
2256 3815 2341 3858 est
2364 3806 2632 3859 Ecclesias
2663 3823 2763 3876 per
2787 3806 3107 3859 universum
3133 3808 3405 3860 mundum
3433 3808 3744 3861 dissemina-

2166 3898 2254 3946 tas
2282 3894 2498 3969 irrigat,
2534 3895 2657 3965 ipsa
2685 3901 2771 3947 est
2809 3902 2861 3947 et
2895 3900 3095 3964 puteus
3123 3910 3399 3965 aquarum
3438 3896 3739 3958 viventium,

2167 3982 2298 4051 quia
2327 3983 2559 4036 scientia
2594 3982 2861 4043 veritatis,
2894 4000 3018 4052 quae
3042 3992 3125 4036 est
3157 3984 3420 4046 Ecclesia,
3448 3986 3503 4038 in
3531 3983 3744 4054 quibus-

2166 4071 2295 4123 dam
2325 4071 2482 4142 quasi
2515 4072 2638 4124 fons
2667 4087 2752 4125 eat
2795 4070 2889 4124 ubi
2938 4079 3109 4141 patet,
3154 4072 3208 4124 in
3239 4072 3571 4142 quibusdam
3600 4070 3744 4143 quasi

2164 4166 2367 4231 puteus
2386 4161 2481 4214 ubi
2513 4160 2668 4225 latet,
2692 4168 2748 4213 et
2771 4161 2841 4213 ad
2870 4160 3143 4230 liquidum
3169 4160 3262 4213 ubi
3294 4163 3503 4233 percipi
3533 4178 3636 4215 non
3663 4176 3745 4232 po-

2162 4254 2291 4302 test.
2326 4250 2469 4303 Nam
2501 4248 2649 4302 inter
2676 4248 2885 4302 fontem
2919 4254 2976 4302 et
3006 4256 3232 4317 puteum
3277 4249 3380 4303 hoc
3412 4252 3584 4305 distat
3611 4248 3745 4320 quod

2162 4337 2291 4391 fons
2320 4344 2377 4391 et
2424 4338 2481 4391 in
2515 4337 2626 4389 imo
2656 4343 2712 4390 et
2754 4337 2811 4389 in
2855 4337 3152 4406 superﬁcie
3194 4343 3358 4391 terrae
3387 4340 3591 4393 dicitur
3615 4353 3743 4401 esse,

482 4433 620 4487 tiam
646 4438 704 4486 et
728 4433 787 4485 in
809 4429 975 4483 corde
997 4425 1269 4479 veraciter
1289 4432 1500 4488 tenent,
1521 4431 1578 4478 et
1595 4425 1731 4478 foris
1750 4425 1875 4480 aliis
1896 4434 2079 4482 osten-
2102 4415 2145 4472 Ῑ)
2165 4431 2367 4495 puteus
2410 4442 2537 4479 vero
2567 4441 2788 4496 semper
2816 4432 2903 4478 est
2938 4425 2997 4478 in
3035 4425 3161 4478 imo.
3199 4427 3446 4482 Ecclesia
3476 4445 3607 4499 ergo
3638 4428 3745 4481 fons

484 4504 647 4577 dunt;
682 4504 839 4584 Quod
870 4522 1057 4571 autem
1092 4514 1277 4567 ﬁstula
1312 4512 1682 4567 rubicundum
1714 4514 1884 4569 habet
1911 4516 2081 4570 corti-

481 4627 623 4676 cem,
655 4610 1069 4663 cinnamomum
1099 4620 1228 4657 vero
1272 4601 1554 4655 cinereum
1602 4602 1774 4656 habet
1813 4604 2076 4670 colorem,

480 4700 763 4773 signiﬁcat
784 4698 917 4769 quia
945 4693 1123 4749 sancti
1146 4691 1243 4747 Dei
1275 4698 1483 4762 quanto
1508 4691 1633 4761 plus
1661 4708 1936 4746 memores
1956 4710 2079 4763 pas-

479 4790 652 4844 sionis
680 4783 1077 4856 Redemptoris
1101 4782 1207 4843 sui,
1235 4786 1393 4834 tanto
1423 4780 1480 4833 in
1511 4779 1685 4833 oculis
1714 4781 1835 4855 suis
1858 4781 2079 4836 viliores

479 4884 537 4933 et
564 4876 939 4947 despectiores
965 4879 1115 4928 sunt.
1147 4869 1395 4924 dicentes
1416 4885 1540 4921 cum
1567 4868 1847 4922 Abraham
1877 4888 1887 4921 :
1924 4890 1946 4920 ι
1977 4870 2079 4924 Lo-

480 4970 622 5038 quar
648 4965 719 5018 ad
749 4963 1048 5017 Dominum
1072 4975 1280 5023 meum,
1301 4957 1554 5028 quamvis
1574 4958 1680 5010 sim
1704 4958 1844 5011 cinis
1866 4964 1923 5012 et
1952 4957 2076 5033 pul-

481 5055 594 5121 vis;
626 5073 647 5103 ι
674 5059 729 5106 et
759 5068 885 5105 cum
915 5049 1019 5103 Job
1044 5066 1055 5100 :
1086 5070 1111 5098 α
1139 5047 1348 5101 Idcirco
1380 5062 1469 5099 me
1499 5047 1869 5116 reprehendo,
1895 5052 1952 5100 et
1970 5064 2075 5117 ago

478 5140 867 5215 paenitentiam
897 5139 954 5191 in
977 5136 1157 5190 favilla
1189 5142 1246 5189 et
1274 5135 1480 5192 cinere.
1520 5154 1541 5184 ι
1574 5153 1601 5185 (ι
1634 5136 1772 5189 Cum
1803 5135 2076 5189 universis

478 5230 645 5302 lignis
669 5228 883 5283 Libani.
922 5246 943 5277 ι
974 5225 1150 5294 Ligna
1181 5221 1373 5277 Libani
1419 5224 1832 5293 pulchritudine
1860 5230 1917 5278 et
1944 5240 2074 5293 pro-

477 5319 709 5374 ceritate
737 5330 799 5369 ac
829 5312 1029 5368 robore
1072 5311 1457 5383 praeeminent,
1492 5311 1729 5382 ideoque
1759 5311 2076 5387 signiﬁcant

474 5408 733 5464 doctores
761 5410 818 5475 et
846 5401 1118 5474 perfectos
1161 5416 1411 5471 quosque
1447 5399 1503 5453 in
1544 5399 1806 5461 Ecclesia,
1838 5400 1906 5454 de
1947 5400 2071 5471 qui-

474 5476 591 5552 bus~
610 5478 868 5565 superius
904 5490 1105 5557 domus
1136 5486 1628 5561 Ecclesimlcgitur
1656 5488 1817 5550 facta,
1852 5489 2072 5565 dicente

472 5567 668 5643 eadem
688 5567 934 5639 Ecclesia
948 5600 959 5635 :
971 5572 1152 5649 Tigna
1165 5577 1462 5632 domorum
1482 5585 1804 5633 nostrarum
1821 5579 2066 5643 cedrina,

2163 4520 2251 4567 est
2276 4527 2330 4567 et
2362 4521 2581 4584 puteus,
2615 4515 2746 4585 quia
2777 4515 3044 4586 mysteria
3075 4515 3171 4568 Dei
3209 4515 3265 4568 in
3299 4517 3631 4587 quibusdam
3662 4530 3744 4568 ve-

2162 4601 2265 4655 luti
2297 4602 2419 4656 fons
2463 4603 2623 4657 facile
2652 4602 2968 4673 capiuntur,
3001 4603 3056 4655 in
3097 4603 3430 4673 quibusdam
3466 4621 3592 4659 vero
3628 4618 3741 4658 cum

2162 4689 2489 4744 difﬁcultate
2511 4698 2777 4760 tanquam
2799 4707 2958 4762 aqua:
2983 4699 3149 4762 puteo
3174 4694 3564 4748 extrahuntur.
3586 4696 3743 4764 Aquae

2161 4779 2404 4833 viventes
2448 4779 2569 4849 ipsa
2614 4781 2882 4851 mysteria
2911 4781 3280 4851 designantur
3317 4783 3741 4853 Scripturarum,

2161 4868 2290 4938 quia
2332 4868 2387 4921 in
2427 4885 2487 4922 se
2535 4869 2814 4923 cmlestem
2861 4870 3071 4923 habent
3118 4856 3398 4924 virtutem.
3440 4875 3515 4925 At
3559 4878 3742 4925 contra

2158 4957 2413 5033 cisternae
2437 4967 2727 5026 vocantur,
2749 4958 2803 5011 id
2833 4963 2918 5011 est
2946 4958 3299 5013 collectiones
3324 4976 3620 5030 aquarum,
3648 4960 3744 5013 do-

2157 5051 2417 5099 cumenta
2450 5046 2855 5107 haereticorum,
2881 5047 2950 5101 de
2972 5047 3172 5117 quibus
3195 5048 3468 5102 Dominus
3490 5065 3592 5120 per
3618 5052 3743 5103 Pro-

2159 5133 2419 5205 phetam:
2451 5153 2475 5187 (ι
2504 5136 2591 5190 Me
2619 5136 3042 5206 dereliqucrunt
3083 5136 3294 5191 fontem
3326 5153 3484 5209 aqua:
3514 5139 3662 5194 vivae.
3691 5141 3746 5213 et

2156 5223 2419 5277 foderunt
2460 5223 2565 5277 sibi
2612 5224 2902 5288 cisternas,
2952 5226 3224 5279 cisternas
3270 5227 3571 5298 dissipatas
3631 5242 3743 5297 qua

2155 5312 2441 5365 continere
2484 5328 2594 5366 non
2634 5315 2820 5367 valent
2856 5330 3050 5384 aquas.
3095 5334 3121 5366 »
3168 5315 3264 5369 Hae
3294 5316 3529 5369 ﬂuentes
3571 5330 3740 5386 aquae,

2154 5400 2340 5455 ﬂuunt
2367 5401 2578 5471 impetu
2610 5402 2680 5456 de
2707 5403 2936 5465 Libano,
2963 5403 3067 5457 hoc
3097 5409 3200 5463 est,
3225 5412 3454 5457 manant
3472 5404 3542 5457 de
3562 5405 3743 5458 Eccle-

2154 5492 2257 5551 sia,
2281 5506 2403 5561 quae
2429 5490 2620 5544 abluta
2642 5497 2726 5544 est
2756 5498 2812 5544 et.
2832 5492 3131 5546 candidata
3163 5492 3501 5562 baptismate
3517 5499 3575 5546 et
3594 5491 3743 5546 bonis

2153 5578 2434 5649 operibus,
2473 5579 2622 5649 quod
2658 5578 2903 5635 Libanus
2940 5566 3364 5652 interpretatur.
3403 5567 3484 5636 De
3523 5581 3629 5636 hoc
3665 5580 3747 5635 Li-
