3970 6150
203 349 285 409 325
1104 342 1523 403 ENARRATIO
1563 346 1641 401 ΙΝ
1681 343 1998 401 CANTICA
2035 330 2531 406 CANTICORUM.
3344 326 3453 414 θές

200 473 319 527 hanc
347 471 467 535 (hoc
507 475 612 535 est,
663 472 734 525 de
779 470 1043 540 Ecclesia)
1077 473 1262 525 ﬂuunt
1290 472 1415 542 (hoc
1471 475 1577 531 est.
1611 472 1825 529 ema—A
1849 470 2123 541 perfectos
2154 474 2377 544 quoque
2405 473 2652 549 praemiis
2679 475 2997 532 ccelestibus
3026 477 3287 534 donem.¢
3308 482 3455 551 Mes;

200 552 329 625 nant)
383 576 542 631 aqute
589 560 973 613 dortrinarum
1024 561 1353 618 caelestium.
1387 565 1443 614 et
1503 560 1605 613 hoc
1642 575 1767 612 cum
1852 560 1938 612 sui
1966 562 2250 631 myrrham
2282 579 2462 617 meam
2495 579 2619 617 cum
2678 566 3025 619 aromatibus
3073 569 3231 622 meis.
3275 590 3303 621 ιι
3345 550 3455 629 Per

200 651 403 719 impetu.
436 648 492 701 id
521 654 606 701 est
630 665 756 701 cum
782 649 1023 719 quadam
1056 649 1281 721 virtute,
1314 665 1425 719 qua
1452 648 1770 701 omniahze-
1853 650 2140 719 myrrham
2171 651 2542 725 designantur
2570 652 2649 706 illi
2682 653 2779 733 qui
2804 655 3073 726 martyrio
3090 657 3258 712 vitam
3290 652 3451 717 ﬁnie¥

202 739 475 792 reticorum
507 738 775 807 ﬁgmenta
822 738 1189 791 destruantur
1242 746 1296 791 et
1351 737 1764 790 subvertantur.
1852 744 2008 797 runt,
2041 738 2127 790 vel
2159 739 2327 791 etiam
2365 757 2590 794 carnem
2625 758 2783 794 suam
2809 758 2934 796 cum
2969 744 3116 797 vitiis
3167 753 3224 799 et
3254 734 3455 805 concu-

199 827 315 881 Hinc
344 833 401 879 et
434 816 761 879 Psalmista:
785 847 806 875 ι
828 826 1104 880 Fluminis
1134 826 1380 896 impetus
1424 826 1672 878 lmtiﬁcat
1698 824 1771 876 ci-
1853 824 2138 894 piscentiis
2182 829 2592 883 cruciﬁxerunt.
2624 834 2892 885 Aromata
2946 849 3076 887 vero
3120 843 3252 889 sunt
3284 816 3455 909 opera

200 916 400 969 vitatem
435 915 553 977 Dei,
582 935 607 965 ο
638 915 693 967 id
732 921 819 968 est
843 915 1017 969 virtus
1045 915 1361 968 divinorum
1393 915 1768 984 eloquiorum.
1849 921 2171 979 sanctarum
2208 917 2497 975 virtutum.
2531 918 2687 972 bonae
2717 920 2993 989 opinionis
3043 903 3453 979 odoribus‘fra:

257 1024 275 1055 ί
300 1004 499 1074 Surge,
535 1003 761 1072 Aquilo,
791 1010 850 1057 et
891 1004 1037 1066 veni,
1070 1006 1292 1065 Auster,
1340 1004 1513 1073 perﬂa
1544 1004 1766 1056 hortum
1849 1003 2091 1072 grantia.
2125 1004 2290 1058 Metit
2317 1023 2449 1075 ergo
2480 1007 2754 1061 Dominus
2786 1010 3070 1078 myrrham
3091 1027 3215 1065 cum
3235 1031 3451 1069 aroma-

198 1108 378 1150 meum.
411 1101 467 1146 et
498 1094 680 1146 ﬂuant
708 1098 962 1145 aromata
994 1092 1163 1146 illius.
1212 1112 1238 1144 ι
1276 1092 1627 1145 Enumeratis
1659 1092 1768 1145 Ec-
1850 1090 2000 1144 tibus
2029 1091 2165 1149 suis.
2202 1094 2425 1163 quando
2463 1102 2685 1149 sanctos
2719 1077 3011 1168 martyres,
3070 1101 3154 1153 vel
3199 1077 3443 1181 reliquos

196 1183 352 1236 clesise
375 1180 674 1235 virtutibus
696 1181 800 1234 sub
832 1182 1058 1235 nomine
1082 1187 1419 1242 aromatum,
1453 1181 1632 1234 sciens
1655 1181 1769 1234 Do-
1852 1179 2059 1233 electos
2086 1180 2250 1234 bonis
2297 1181 2559 1251 operibus
2616 1183 2881 1253 insignes,
2929 1185 3000 1239 ab
3034 1188 3138 1241 hac
3162 1179 3273 1243 vita
3313 1192 3452 1249 falce

198 1272 376 1332 minus,
398 1270 593 1339 quiest
620 1286 858 1339 sponsus
878 1270 1269 1339 etredemptor
1290 1270 1565 1333 Ecclesiae,
1592 1270 1766 1340 ipsam
1854 1269 2053 1321 mortis
2086 1270 2356 1340 praecidit,
2385 1278 2554 1343 atque
2613 1272 2682 1325 ad
2737 1274 3114 1328 maturitatem
3174 1277 3452 1337 bonorum

195 1359 477 1413 Ecclesiam
526 1358 1009 1429 persecutionibus
1049 1359 1549 1429 multiplicandam.
1583 1359 1773 1412 subse-

198 1454 414 1515 quenter
440 1446 617 1515 ipsam
648 1447 1058 1515 quodammodo
1098 1446 1261 1515 jubet
1305 1447 1490 1500 venire
1521 1463 1774 1516 persecu-

194 1534 400 1597 tionem,
420 1550 529 1587 non
555 1536 945 1605 praecipiendo.
974 1536 1069 1589 sed
1099 1536 1477 1605 permittendo
1536 1557 1556 1585 ι
1594 1536 1772 1605 Surge

194 1616 422 1692 (inquit),
444 1624 669 1693 Aquilo,
696 1631 751 1677 et
773 1625 893 1678 veni
913 1626 1137 1678 Auster.
1172 1644 1197 1676 »
1218 1626 1326 1679 Per
1352 1626 1684 1696 Aquilonem
1718 1630 1775 1679 et

1854 1371 2086 1425 operum
2118 1358 2508 1427 perductos,in
2528 1359 2729 1412 horrea
2758 1376 3013 1430 supernze
3046 1366 3451 1431 patriaerecon-

1855 1443 1956 1498 dit.
1990 1466 2011 1495 ι
2050 1447 2277 1500 Comedi
2301 1446 2482 1501 favum
2504 1465 2688 1501 meum
2711 1465 2835 1501 cum
2864 1449 3029 1503 melle
3052 1468 3195 1515 meo,
3231 1453 3341 1507 bibi
3371 1456 3451 1508 vi-

1855 1549 1989 1587 num
2022 1551 2209 1588 meum
2240 1551 2363 1589 cum
2395 1536 2539 1589 lacte
2560 1553 2705 1589 meo.
2742 1557 2762 1586 ι
2805 1540 2904 1590 Per
2932 1539 3117 1593 favum
3160 1546 3217 1594 et
3260 1542 3453 1597 vinum

1857 1624 2035 1676 sancti
2061 1624 2455 1693 praedicatores
2475 1626 2811 1695 ﬁgurantur;
2843 1643 2943 1696 per
2965 1628 3074 1680 mel
3105 1646 3233 1683 vero
3259 1636 3317 1685 et
3344 1632 3451 1697 lac,

192 1711 470 1777 Austrum,
503 1714 672 1766 ﬂatus
702 1715 1152 1784 persecutionum
1183 1722 1235 1769 et
1286 1715 1771 1785 perturbationum
1858 1709 1991 1763 boni
2012 1712 2526 1766 auditores.'Favus
2552 1714 2698 1766 enim
2731 1722 2863 1768 sunt
2891 1717 3304 1784 praedicatores,
3352 1718 3450 1790 qui

190 1801 591 1870 intelliguntur,
614 1810 804 1855 contra
837 1803 1138 1856 Ecclesiam
1171 1804 1537 1857 szevientium.
1570 1805 1773 1874 Aquilo
1791 1796 1841 1871 Β
1856 1816 2059 1852 arcana
2082 1807 2141 1853 et
2168 1802 2364 1853 intima
2381 1802 2796 1871 Scripturarum
2819 1805 3088 1873 mysteria
3102 1806 3259 1875 quasi
3286 1809 3451 1861 mella

195 1889 394 1956 quidem
423 1890 821 1959 frigidissimus
842 1900 1040 1945 ventus
1074 1898 1178 1957 est,
1211 1895 1415 1947 Auster
1439 1894 1673 1947 calidus.
1706 1894 1775 1947 Et
1855 1889 1923 1941 de
1952 1889 2090 1943 favis
2104 1890 2436 1959 producunt.
2458 1898 2514 1943 et
2532 1891 2881 1959 praedicando
2914 1893 3041 1945 aliis
3064 1895 3448 1950 manifestant.

188 1976 293 2030 ideo
320 1993 426 2047 per
457 1978 791 2047 Aquilonem
822 1985 1065 2033 terrores
1096 1987 1151 2033 et
1190 1981 1355 2034 minae
1382 1982 1770 2051 designantur,
1855 1965 1964 2031 Mcl
1989 1994 2117 2031 vero
2138 1977 2267 2031 boni
2295 1976 2599 2041 auditores,
2633 1980 2763 2049 quia
2795 1980 3146 2035 dulcedinem
3168 1983 3319 2037 verbi
3350 1968 3453 2039 Dei

190 2068 553 2134 perAustrum
574 2066 1082 2122 blandimentorum
1107 2069 1614 2138 decipulm.Quibus
1641 2072 1775 2124 deo-
1856 2071 2072 2119 attente
2121 2067 2405 2136 suscipere
2463 2084 2640 2137 eaque
2694 2067 3098 2124 delectabiliter
3150 2054 3294 2141 pasci
3336 2054 3452 2131 stu-

188 2153 274 2207 bus
294 2156 479 2209 modis
500 2155 769 2225 probatur
810 2157 1071 2220 Ecclesia,
1102 2158 1412 2212 terroribus
1436 2160 1690 2214 videlicet
1719 2168 1775 2214 et
1855 2144 2007 2208 denti.
2040 2154 2244 2207 Vinum
2278 2161 2408 2208 sunt
2440 2154 2545 2224 ipsi
2577 2155 2989 2225 priedicatoreS,
3023 2159 3169 2228 quod
3194 2166 3247 2212 et
3273 2142 3448 2227 favus,

188 2241 594 2298 blandimentis.
619 2245 775 2308 Quod
807 2252 996 2299 autem
1024 2247 1162 2300 dicit
1188 2265 1235 2299 :a
1265 2248 1463 2317 Surge,
1492 2249 1775 2317 Aquilo,et
1856 2243 1987 2313 qnia
2017 2244 2186 2297 fortia
2223 2249 2572 2296 sacramenta
2630 2243 3046 2314 Scripturarum
3090 2250 3449 2315 annuntiant.

188 2335 575 2395 veni,_Auster,
619 2355 635 2379 ι
664 2324 778 2386 non
804 2334 1047 2404 imperat
1067 2336 1248 2397 malis,
1280 2352 1380 2389 nec
1408 2338 1552 2406 cogit
1582 2354 1677 2391 eos
1700 2338 1771 2391 ad
1855 2332 1965 2409 Lac
2016 2349 2146 2386 vero
2213 2340 2346 2386 sunt
2384 2332 2590 2385 inﬁrmi
2631 2334 2837 2403 quique
2902 2334 3209 2395 auditores.
3249 2324 3451 2409 quibus

190 2419 317 2472 mala
340 2420 624 2481 facienda,
679 2422 774 2475 sed
833 2423 1127 2493 permittit,
1183 2430 1240 2478 et
1290 2425 1612 2479 facultatem
1660 2426 1770 2479 illis
1852 2408 2330 2492 apeﬂamysteria
2353 2421 2511 2491 quasi
2536 2421 2991 2476 lacconveniunt.
3035 2408 3322 2496 Cuniergo
3355 2426 3452 2480 ho—

188 2506 285 2572 dat,
313 2515 375 2562 ut
394 2509 623 2579 possint
651 2510 843 2564 saevire
890 2521 1087 2565 contra
1140 2512 1459 2576 Ecclesiam,
1492 2520 1769 2584 quatenus
1851 2525 1975 2562 rum
1998 2510 2249 2563 omnium
2268 2509 2739 2564 bonaintentione
2758 2509 3101 2581 Redemptor
3127 2514 3378 2583 pascitur
3397 2519 3454 2568 et

190 2612 273 2664 per
294 2598 527 2652 inopum
552 2600 820 2652 malitiam
856 2601 1101 2655 Ecclesia
1128 2602 1415 2672 probetur,
1458 2610 1511 2656 et
1544 2603 1622 2656 illi
1641 2621 1772 2673 επιει-
1856 2598 2185 2663 delectatur,
2211 2604 2267 2651 et
2292 2597 2372 2650 sic
2398 2598 2555 2667 quasi
2580 2598 2765 2651 favum
2788 2614 2912 2651 cum
2935 2600 3100 2653 melle
3120 2601 3382 2670 comedit,
3397 2606 3454 2656 et

192 2684 292 2739 vius
318 2687 637 2757 puniantur
670 2687 856 2740 :novit
884 2688 1031 2741 enim
1082 2690 1352 2743 Dominus
1397 2692 1557 2744 malis
1597 2692 1772 2745 homi-
1856 2685 2044 2738 vinum
2080 2702 2205 2741 cum
2240 2686 2381 2738 lacte
2404 2685 2559 2738 bibit.
2585 2687 2891 2739 Possumus
2914 2688 3015 2740 hoc
3037 2690 3206 2742 etiam
3224 2690 3452 2744 admor-

189 2788 303 2826 num
328 2775 481 2829 bona
496 2776 754 2845 quaedam
776 2776 975 2840 facere,
1000 2777 1097 2831 sed
1127 2778 1303 2848 ipsam
1329 2780 1769 2851 persecutionem
1854 2780 1965 2827 tem
1999 2774 2302 2827 electorum
2330 2775 2556 2835 referre.
2582 2791 2721 2844 quos
2739 2776 3009 2829 Dominus
3035 2778 3297 2842 comedit.
3322 2796 3450 2833 cum

188 2858 235 2912 in
273 2870 557 2932 potestate
578 2878 681 2915 sua
708 2862 893 2927 habet,
913 2870 976 2917 ut
994 2881 1102 2917 non
1118 2872 1337 2919 tantum
1359 2868 1589 2921 saeviant
1604 2885 1775 2938 quan-
1855 2862 1923 2915 ad
1945 2868 2210 2915 aeternam
2242 2862 2406 2915 vitam
2429 2879 2529 2932 per
2550 2869 2789 2916 mortem
2813 2870 2992 2927 vocat,
3021 2870 3077 2917 et
3097 2867 3316 2935 corpori
3348 2854 3449 2922 suo

186 2955 292 3003 tum
323 2951 545 3005 volunt.
573 2950 734 3005 Unde
760 2952 1029 3021 scriptum
1048 2960 1134 3006 est
1158 2978 1168 3011 :
1195 2972 1221 3005 ι
1254 2954 1358 3018 Qui
1416 2954 1547 3008 facit
1592 2956 1774 3010 ventis
1860 2950 1987 3019 (hoc
2010 2963 2116 3013 est.
2146 2950 2396 3004 societati
2422 2951 2726 3004 electorum
2758 2952 2813 3005 in
2847 2952 2943 3005 illa
2968 2954 3086 3022 jam
3114 2954 3325 3008 caelesti
3365 2955 3445 3009 fe-

188 3039 407 3107 pondus,
436 3059 468 3091 ι)
496 3039 632 3109 quia
653 3039 907 3093 videlicet
924 3040 1149 3095 ﬂatibus
1174 3042 1621 3113 persecutionum
1653 3061 1774 3098 mo-
1791 3084 1834 3143 Ο
1860 3038 2067 3092 licitate
2089 3039 2419 3103 laetantium)
2449 3026 2760 3109 conjungit.
2795 3040 2949 3104 Quod
2979 3041 3022 3094 si
3047 3042 3149 3095 hoc
3169 3043 3238 3096 de
3271 3051 3451 3113 morte

187 3127 303 3180 dum
318 3128 897 3199 imponitquemdam,
912 3130 1075 3198 juxta
1095 3132 1242 3201 quod
1279 3134 1574 3201 Apostolus
1595 3133 1730 3186 dicit
1758 3152 1769 3186 :

193 3235 211 3263 ι
229 3214 411 3271 Faciet
432 3234 567 3271 cum
589 3217 901 3271 tentatione
920 3218 1090 3271 etiam
1115 3228 1437 3289 proventum
1469 3228 1531 3275 ut
1556 3222 1775 3291 possitis

187 3306 476 3361 sustinere.
517 3328 540 3356 »
579 3325 605 3357 ‹(
650 3307 833 3360 Perﬂa
867 3308 1086 3377 (inquit)
1120 3309 1344 3362 hortum
1392 3326 1599 3371 meum.
1628 3312 1778 3365 nhoc

190 3401 281 3456 est.
306 3395 615 3450 Ecclesiam
630 3412 835 3453 meam.
861 3414 886 3447 α
906 3403 961 3449 et
983 3399 1162 3450 ﬂuant
1188 3406 1443 3452 aromata
1464 3399 1777 3462 illius,»hoc

190 3485 614 3555 est.fragrantia
640 3486 927 3543 virtutum.
964 3493 1021 3539 et
1064 3487 1204 3540 odor
1238 3487 1510 3540 bonorum
1544 3505 1775 3558 Operum

191 3588 247 3624 ex
270 3574 362 3627 illa
389 3575 681 3645 procedat.
716 3575 837 3637 Quo
867 3576 1014 3628 enim
1074 3576 1329 3629 acerbius
1378 3576 1624 3630 Ecclesia
1651 3595 1778 3631 con-

188 3662 407 3730 cutitur,
442 3679 514 3717 eo
537 3663 807 3731 majorem
831 3654 1099 3717 virtutum
1131 3665 1358 3718 odorem
1375 3682 1439 3719 ex
1460 3684 1519 3718 se
1549 3666 1771 3720 emittit.

811 3807 1045 3861 CAPUT
1072 3780 1139 3860 ν.

250 3948 277 3982 ς
298 3930 511 3985 Veniat
538 3931 776 3985 dilectus
806 3947 963 3985 meus
983 3931 1039 3985 in
1064 3931 1288 3985 hortum
1320 3948 1503 3993 suum.
1536 3936 1598 3985 ut
1626 3947 1781 3984 com-

190 4018 306 4073 edat
324 4021 575 4075 fructum
602 4036 896 4091 pomorum
928 4036 1159 4073 suorum
1211 4043 1230 4065 ο
1266 4020 1512 4073 Audiens
1540 4019 1779 4073 Ecclesia

187 4110 631 4174 persecutionem
665 4107 868 4171 vocari,
885 4113 1151 4177 tanquam
1169 4124 1229 4160 se
1251 4119 1567 4176 praeparans
1587 4114 1785 4161 contra

189 4194 432 4260 adversa,
467 4197 607 4249 dicit
636 4215 648 4250 :
682 4216 710 4247 α
744 4196 946 4250 Veniat
993 4196 1231 4249 dilectus
1276 4212 1436 4249 meus
1470 4196 1527 4248 in
1556 4182 1779 4249 hortum

190 4300 365 4349 suum,
399 4307 423 4337 ι
464 4287 573 4340 hoc
602 4292 708 4349 est,
768 4287 1024 4339 Christus
1079 4301 1317 4355 sponsus
1370 4301 1526 4338 meus
1575 4285 1780 4348 veniat,

193 4388 344 4441 quem
376 4380 502 4429 toto
527 4375 698 4428 corde
717 4374 905 4445 diligo,
940 4378 1008 4427 ad
1041 4374 1342 4427 Ecclesiam
1390 4389 1571 4438 suam,
1600 4379 1663 4427 ut
1700 4390 1787 4426 co-

1858 3134 2180 3182 sanctorum
2204 3128 2527 3197 accipimus.
2544 3127 2882 3182 debemusin
2905 3130 3033 3183 vino
3061 3147 3155 3184 eos
3174 3132 3448 3202 accipere.

1860 3231 2095 3287 quorum
2124 3217 2324 3270 anima:
2338 3218 2454 3287 jam
2477 3217 2688 3270 cmlesti
2710 3216 2977 3271 felicitate
3005 3220 3325 3287 gloriantur
3356 3240 3367 3274 :
3394 3221 3453 3274 in

1858 3306 1981 3359 favo
2009 3322 2136 3359 vero
2158 3322 2252 3359 eos
2283 3305 2376 3375 qui
2401 3306 2516 3375 jam
2548 3321 2780 3375 corpore
2808 3311 2866 3359 et
2893 3306 3082 3359 anima
3125 3307 3181 3361 in
3204 3294 3299 3362 illa
3327 3308 3455 3363 bea-

1859 3394 2103 3448 titudine
2129 3395 2397 3463 gaudent,
2456 3393 2615 3463 quasi
2646 3399 2779 3447 sunt
2807 3394 2887 3447 illi
2935 3395 3029 3464 qui
3061 3412 3185 3449 cum
3219 3398 3454 3453 Domino

1859 3488 2242 3536 surrexerunt.
2282 3504 2299 3530 ι
2338 3482 2645 3545 Comedite,
2692 3483 2879 3546 amici,
2940 3489 2997 3537 et
3052 3483 3243 3549 bibite,
3286 3493 3343 3540 et
3377 3487 3458 3540 in-

1859 3571 2169 3631 ebriamini,
2186 3570 2520 3624 charissimi.
2535 3571 2687 3624 uNon
2709 3572 2892 3624 solum
2914 3572 3183 3626 Dominus
3206 3572 3458 3643 profectu

1859 3670 2179 3713 sanctorum
2212 3659 2638 3729 gaudet,verum
2662 3659 2831 3711 etiam
2865 3676 2965 3712 nos
2979 3660 3244 3715 hortatur
3263 3662 3461 3715 utillo-

1861 3765 1984 3801 rum
2008 3747 2307 3801 virtutibus
2332 3750 2681 3817 gaudeamus
2701 3755 2753 3800 et
2778 3748 3230 3802 illosimiteinur:
3256 3750 3454 3803 cCom-

1863 3837 2011 3890 edite
2048 3836 2367 3906 \inquiens),
2403 3836 2587 3894 amici.
2627 3856 2651 3888 ι»
2682 3837 2786 3889 hoc
2815 3843 2918 3900 est,
2950 3837 3142 3890 ﬁdeles
3187 3837 3315 3903 mei,
3359 3838 3455 3909 qui

1864 3926 2024 3978 amici
2060 3925 2169 3977 mei
2200 3925 2332 3977 estis
2361 3924 2613 3977 faciendo
2635 3925 2963 3994 quaajubeo,
2997 3925 3311 3979 charissimi
3349 3927 3459 3980 mei

1864 4014 2016 4071 estis.
2047 4013 2291 4084 perfecta
2324 4029 2410 4065 me
2434 4013 2609 4065 animi
2640 4013 2910 4065 charitate
2953 4013 3259 4080 diligendo.
3293 4015 3459 4075 Com-

1866 4102 2014 4157 edite
2034 4119 2186 4172 ergo,
2221 4100 2420 4170 inquit,
2444 4105 2501 4153 et
2521 4099 2710 4163 bibite,
2734 4100 2787 4153 id
2819 4106 2903 4153 est
2932 4107 3257 4181 sanctorum!
3301 4100 3461 4155 bonis

1866 4192 2081 4244 actibus
2116 4189 2481 4259 congaudete,
2542 4195 2599 4242 et
2648 4189 2773 4243 illos
2821 4188 2975 4242 vobis
3013 4189 3082 4242 ad
3122 4190 3462 4245 imitandum

1868 4279 2179 4350 proponite.
2215 4278 2536 4333 Notandum
2585 4294 2711 4331 vero
2751 4277 2897 4349 quod
2953 4277 3106 4336 dicit.
3137 4297 3162 4330 (ι
3195 4279 3373 4334 Bibite
3406 4266 3469 4335 et

1866 4368 2222 4423 inebriamini
2252 4368 2560 4431 ;»Ebrietas
2589 4366 2890 4437 aliquando
2920 4366 2980 4420 in
3025 4367 3329 4437 Scripturis
3364 4385 3467 4450 pro

191 4424 371 4516 mcdat
398 4464 651 4517 fructum
683 4424 976 4533 poerum
1007 4478 1260 4527 suorum,
1295 4463 1395 4515 hoc
1415 4472 1519 4524 est,
1548 4424 1853 4515 delecte-D
1872 4457 2167 4510 saturitate
2189 4456 2435 4527 ponitur,
2459 4456 2604 4509 sicut
2623 4424 2701 4508 de
2713 4455 2979 4509 fratribus
3007 4424 3214 4525 Joseph
3253 4424 3467 4511 dictimi

192 4555 276 4602 tur
302 4557 482 4622 atque
510 4559 779 4623 pascatur
805 4551 965 4604 bonis
995 4550 1260 4622 operibus
1273 4551 1521 4604 ﬁdelium
1536 4567 1764 4604 suorum

188 4636 322 4693 Nam
353 4642 524 4695 cibus
554 4640 778 4695 Domini
811 4640 955 4693 bona
982 4648 1177 4693 nostra
1228 4656 1399 4709 opera
1449 4646 1599 4702 sunt,
1646 4640 1792 4693 sicut

188 4726 301 4796 ipse
319 4730 497 4783 ﬁdem
518 4729 1006 4784 Samaritanorum
1037 4729 1122 4781 vel
1137 4727 1793 4798 gentiumintuens,dixit

188 4814 477 4888 discipulis
505 4818 623 4871 suis
641 4835 692 4870 ει
714 4818 826 4887 Ego
843 4817 1023 4871 Cibum
1046 4817 1221 4871 habeo
1244 4820 1585 4871 manducare
1624 4834 1790 4887 quem

190 4920 275 4958 vos
297 4906 560 4962 nescitis.
609 4926 630 4957 ι
662 4905 849 4960 «Veni
880 4907 937 4960 in
984 4907 1210 4960 hortum
1242 4922 1450 4970 meum,
1481 4922 1641 4959 soror
1671 4923 1794 4960 mea

190 5009 390 5063 sponsa
424 4980 821 5050 nDesideranti
850 4995 1106 5049 Ecclesia:
1137 5001 1200 5048 ut
1220 4995 1292 5047 ad
1318 5010 1378 5047 se
1405 4994 1595 5047 veniat
1622 5012 1791 5065 spon-

187 5097 292 5146 sus,
322 5083 640 5153 respondet
668 5100 728 5137 se
749 5085 866 5153 jam
904 5084 1007 5137 hoc
1060 5083 1271 5137 fecisse.
1311 5084 1423 5153 Ego
1481 5084 1594 5153 jam
1644 5084 1788 5145 veni,

189 5184 308 5227 nam
329 5188 447 5227 non
473 5177 564 5225 est
590 5172 940 5242 imperantis.
966 5190 992 5222 ‹‹
1016 5172 1160 5237 veni,
1180 5192 1204 5223 υ
1235 5172 1329 5226 sed
1361 5172 1631 5242 praeteriti
1656 5178 1795 5225 tem-

190 5261 332 5327 poris
364 5260 765 5314 indicativum.
790 5262 1010 5314 Osoror
1026 5276 1148 5312 mea
1180 5275 1405 5330 sponsa,
1439 5260 1556 5329 jam
1584 5258 1707 5312 veni
1735 5259 1793 5312 in

191 5345 413 5404 hortum
434 5365 647 5412 meum,
658 5350 778 5418 jam
802 5348 1019 5402 visitavi
1052 5349 1348 5401 Ecclesiam
1382 5364 1581 5401 meam.
1608 5348 1705 5401 sed
1736 5354 1793 5401 et

192 5439 438 5507 quotidie
467 5438 651 5503 visite,
685 5445 742 5492 et
768 5438 1039 5491 virtutum
1068 5438 1219 5491 illius
1249 5438 1431 5507 pomis
1463 5453 1683 5507 pascor,
1715 5442 1795 5490 at-

192 5541 294 5595 que
324 5527 506 5580 odore
536 5526 707 5580 fruor.
732 5526 909 5580 Venio
951 5525 1023 5579 ad
1051 5541 1196 5589 eam,
1242 5530 1306 5578 ut
1335 5532 1588 5579 errantes
1632 5510 1800 5579 corri—

1872 4551 1960 4599 est
1978 4544 2305 4598 :«Biberunt
2331 4551 2388 4597 et
2413 4543 2675 4597 inebriati
2688 4549 2821 4597 sunt
2840 4560 3027 4597 coram
3063 4559 3147 4605 eo.
3176 4565 3197 4594 ι
3233 4551 3289 4597 et
3310 4545 3466 4598 Psal-

1873 4634 2038 4687 mista
2068 4632 2373 4686 :«Visitasti
2402 4639 2635 4695 terram,
2661 4639 2717 4686 et
2746 4632 3032 4685 inebriasti
3056 4647 3199 4693 eam,
3229 4651 3254 4683 »
3273 4631 3329 4684 id
3359 4620 3462 4698 est,

1874 4722 2093 4777 satiasti
2125 4729 2183 4776 et
2209 4722 2455 4793 replesti.
2482 4721 2756 4775 Hortatur
2776 4737 2908 4790 ergo
2931 4736 3032 4773 nos
3058 4726 3120 4772 ut
3149 4735 3261 4772 non
3281 4720 3467 4791 solum

1875 4812 2236 4865 comedamus
2261 4823 2319 4865 et
2348 4811 2619 4871 bibamus.
2654 4823 2842 4862 verum
2903 4808 3074 4861 etiam
3122 4814 3461 4873 saturemur,

1875 4884 2149 4972 quiasunt
2175 4899 2401 4973 quidam
2433 4899 2525 4971 qui
2555 4898 2855 4952 comedunt
2880 4901 2937 4949 et
2977 4911 3089 4949 non
3114 4902 3465 4962 saturantur,

1875 4992 2006 5061 quia
2035 4989 2295 5043 videlicet
2323 4986 2723 5041 delectabiliter
2742 4984 3192 5056 praedicationem
3223 4984 3469 5040 divinam

1874 5079 2132 5143 audiunt,
2161 5078 2258 5132 sed
2288 5077 2636 5146 negligenter
2659 5073 3080 5138 obliviscuntur,
3114 5090 3216 5129 nec
3244 5075 3315 5129 ad
3346 5075 3473 5130 eﬂ'e-

1876 5175 2025 5226 ctum
2061 5169 2189 5221 boni
2219 5167 2404 5237 operis
2433 5163 2581 5235 quod
2609 5163 2892 5237 audierint
2919 5164 3250 5233 perducunt.
3279 5152 3475 5229 Come:

1876 5259 2018 5312 dunt
2050 5263 2236 5310 autem
2269 5262 2326 5309 et
2354 5259 2680 5337 saturantur
2709 5252 2801 5323 qui
2843 5252 3007 5306 verba
3053 5253 3177 5307 vitae
3207 5270 3329 5324 quae
3369 5269 3474 5308 au-

1874 5348 2055 5409 diunt,
2089 5347 2146 5399 in
2180 5344 2415 5397 internis
2443 5336 2700 5397 sensibus
2730 5342 3060 5407 recondunt,
3094 5348 3151 5396 et
3177 5336 3345 5413 opere
3375 5343 3479 5396 im-

1880 5438 2032 5508 plere
2062 5438 2327 5503 satagunt
2354 5451 2366 5500 ;
2393 5432 2460 5485 de
2478 5431 2678 5502 quibus
2709 5431 3007 5486 Psalmista
3036 5430 3202 5485 dicit:
3236 5451 3257 5481 ι
3296 5432 3481 5509 Edent,

1884 5542 2171 5598 pauperes.
2216 5529 2273 5578 et
2330 5520 2750 5599 saturabuntur.
2784 5542 2804 5571 ι
2841 5520 2898 5576 Si
2929 5537 3058 5574 vero
3091 5524 3175 5586 (ut
3212 5518 3471 5599 superius

188 5622 335 5687 gain,
381 5602 743 5671 inﬁrmitates
800 5616 1078 5682 roborem,
1121 5615 1320 5671 dubios
1357 5618 1705 5685 conﬁrmem,
1747 5622 1804 5671 et
1884 5614 2097 5671 dictum
2123 5616 2230 5684 est)
2254 5612 2325 5667 de
2351 5619 2529 5666 morte
2559 5598 2882 5665 sanctorum
2921 5610 3026 5665 hoc
3070 5604 3472 5678 acceperimus,
