  <div class='ocr_page' id='page_1' title='image "/cluster/home/n/w/nwhite01/storage/ocr_20150623/117/hvd.32044054759816/169.png"; bbox 0 0 3970 6150; ppageno 0'>
   <div class='ocr_carea' id='block_1_1' title="bbox 458 295 3730 361">
    <p class='ocr_par' dir='ltr' id='par_1_1' title="bbox 458 295 3730 361">
     <span class='ocr_line' id='line_1_1' title="bbox 458 295 3730 361; baseline -0.001 -4"><span class='ocrx_word' id='word_1_1' title='bbox 458 304 564 361; x_wconf 80' lang='lat'>3‘27</span> <span class='ocrx_word' id='word_1_2' title='bbox 882 304 1269 361; x_wconf 83' lang='lat' dir='ltr'>HAYMONIS</span> <span class='ocrx_word' id='word_1_3' title='bbox 1308 304 1798 360; x_wconf 83' lang='lat' dir='ltr'>HALBERSTAT.</span> <span class='ocrx_word' id='word_1_4' title='bbox 1841 302 2064 360; x_wconf 87' lang='lat' dir='ltr'>EPlSC.</span> <span class='ocrx_word' id='word_1_5' title='bbox 2107 303 2265 358; x_wconf 89' lang='lat' dir='ltr'>OPP.</span> <span class='ocrx_word' id='word_1_6' title='bbox 2308 304 2491 359; x_wconf 88' lang='lat' dir='ltr'>PARS</span> <span class='ocrx_word' id='word_1_7' title='bbox 2530 305 2576 358; x_wconf 92' lang='grc' dir='ltr'>Ι.</span> <span class='ocrx_word' id='word_1_8' title='bbox 2620 332 2681 343; x_wconf 87' lang='lat'>--</span> <span class='ocrx_word' id='word_1_9' title='bbox 2723 302 3095 358; x_wconf 77' lang='lat' dir='ltr'>COMMENT.</span> <span class='ocrx_word' id='word_1_10' title='bbox 3141 301 3319 355; x_wconf 88' lang='lat' dir='ltr'>BIBL.</span> <span class='ocrx_word' id='word_1_11' title='bbox 3630 295 3730 354; x_wconf 84' lang='lat'>3°28</span> 
     </span>
    </p>
   </div>
   <div class='ocr_carea' id='block_1_2' title="bbox 455 425 3731 503">
    <p class='ocr_par' dir='ltr' id='par_1_2' title="bbox 455 425 3731 503">
     <span class='ocr_line' id='line_1_2' title="bbox 455 425 3731 503; baseline 0 -25"><span class='ocrx_word' id='word_1_12' title='bbox 455 426 621 480; x_wconf 84' lang='lat' dir='ltr'>amici</span> <span class='ocrx_word' id='word_1_13' title='bbox 650 431 706 480; x_wconf 91' lang='lat' dir='ltr'>et</span> <span class='ocrx_word' id='word_1_14' title='bbox 736 427 1050 483; x_wconf 88' lang='lat' dir='ltr'>charissimi</span> <span class='ocrx_word' id='word_1_15' title='bbox 1085 429 1199 503; x_wconf 86' lang='lat' dir='ltr'>ipsi</span> <span class='ocrx_word' id='word_1_16' title='bbox 1219 439 1351 486; x_wconf 89' lang='lat' dir='ltr'>sunt</span> <span class='ocrx_word' id='word_1_17' title='bbox 1378 433 1612 502; x_wconf 76' lang='lat' dir='ltr'>angelici</span> <span class='ocrx_word' id='word_1_18' title='bbox 1639 432 1888 503; x_wconf 85' lang='lat' dir='ltr'>spiritus,</span> <span class='ocrx_word' id='word_1_19' title='bbox 1923 449 2060 502; x_wconf 88' lang='lat' dir='ltr'>quos</span> <span class='ocrx_word' id='word_1_20' title='bbox 2080 436 2122 489; x_wconf 87' lang='lat' dir='ltr'><strong>A</strong></span> <span class='ocrx_word' id='word_1_21' title='bbox 2147 430 2420 484; x_wconf 86' lang='lat' dir='ltr'>Dominus</span> <span class='ocrx_word' id='word_1_22' title='bbox 2447 430 2692 485; x_wconf 84' lang='lat' dir='ltr'>ostendit</span> <span class='ocrx_word' id='word_1_23' title='bbox 2736 430 2794 483; x_wconf 91' lang='lat' dir='ltr'>in</span> <span class='ocrx_word' id='word_1_24' title='bbox 2848 428 3180 498; x_wconf 75' lang='lat' dir='ltr'>Evangelia:</span> <span class='ocrx_word' id='word_1_25' title='bbox 3219 427 3345 481; x_wconf 72' lang='lat' dir='ltr'>«&#39;Et</span> <span class='ocrx_word' id='word_1_26' title='bbox 3367 425 3479 496; x_wconf 47' lang='lat' dir='ltr'>&#39;qui</span> <span class='ocrx_word' id='word_1_27' title='bbox 3501 425 3557 478; x_wconf 90' lang='lat' dir='ltr'>in</span> <span class='ocrx_word' id='word_1_28' title='bbox 3587 428 3731 478; x_wconf 84' lang='lat' dir='ltr'>tecto</span> 
     </span>
    </p>
   </div>
   <div class='ocr_carea' id='block_1_3' title="bbox 447 513 3732 588">
    <p class='ocr_par' dir='ltr' id='par_1_3' title="bbox 447 513 3732 588">
     <span class='ocr_line' id='line_1_3' title="bbox 447 513 3732 588; baseline -0 -21"><span class='ocrx_word' id='word_1_29' title='bbox 447 515 615 583; x_wconf 84' lang='lat' dir='ltr'>jubet</span> <span class='ocrx_word' id='word_1_30' title='bbox 645 515 916 571; x_wconf 89' lang='lat' dir='ltr'>Dominus</span> <span class='ocrx_word' id='word_1_31' title='bbox 942 522 1321 588; x_wconf 84' lang='lat' dir='ltr'>congratulari</span> <span class='ocrx_word' id='word_1_32' title='bbox 1344 522 1533 575; x_wconf 86' lang='lat' dir='ltr'>electis</span> <span class='ocrx_word' id='word_1_33' title='bbox 1563 522 1702 585; x_wconf 83' lang='lat' dir='ltr'>suis,</span> <span class='ocrx_word' id='word_1_34' title='bbox 1725 538 1850 574; x_wconf 91' lang='lat' dir='ltr'>cum</span> <span class='ocrx_word' id='word_1_35' title='bbox 1874 521 1943 574; x_wconf 88' lang='lat' dir='ltr'>ab</span> <span class='ocrx_word' id='word_1_36' title='bbox 1959 521 2061 574; x_wconf 85' lang='lat' dir='ltr'>hac</span> <span class='ocrx_word' id='word_1_37' title='bbox 2144 525 2246 580; x_wconf 88' lang='lat' dir='ltr'>est,</span> <span class='ocrx_word' id='word_1_38' title='bbox 2286 535 2394 572; x_wconf 85' lang='lat' dir='ltr'>non</span> <span class='ocrx_word' id='word_1_39' title='bbox 2420 519 2718 572; x_wconf 84' lang='lat' dir='ltr'>descendat</span> <span class='ocrx_word' id='word_1_40' title='bbox 2763 518 2955 571; x_wconf 82' lang='lat' dir='ltr'>tollere</span> <span class='ocrx_word' id='word_1_41' title='bbox 2992 516 3240 569; x_wconf 81' lang='lat' dir='ltr'>tunicam</span> <span class='ocrx_word' id='word_1_42' title='bbox 3288 531 3446 568; x_wconf 88' lang='lat' dir='ltr'>suam</span> <span class='ocrx_word' id='word_1_43' title='bbox 3518 533 3539 563; x_wconf 75' lang='grc' dir='ltr'><strong>ι</strong></span> <span class='ocrx_word' id='word_1_44' title='bbox 3574 513 3732 576; x_wconf 86' lang='lat' dir='ltr'>Quod</span> 
     </span>
    </p>
   </div>
   <div class='ocr_carea' id='block_1_4' title="bbox 459 602 3736 679">
    <p class='ocr_par' dir='ltr' id='par_1_4' title="bbox 459 602 3736 679">
     <span class='ocr_line' id='line_1_4' title="bbox 459 602 3736 679; baseline 0 -24"><span class='ocrx_word' id='word_1_45' title='bbox 459 604 572 656; x_wconf 83' lang='lat' dir='ltr'>vita</span> <span class='ocrx_word' id='word_1_46' title='bbox 601 604 668 657; x_wconf 86' lang='lat' dir='ltr'>ad</span> <span class='ocrx_word' id='word_1_47' title='bbox 697 613 917 659; x_wconf 72' lang='lat' dir='ltr'>aeterna:</span> <span class='ocrx_word' id='word_1_48' title='bbox 947 607 1309 662; x_wconf 91' lang='lat' dir='ltr'>beatitudinis</span> <span class='ocrx_word' id='word_1_49' title='bbox 1330 610 1578 679; x_wconf 82' lang='lat' dir='ltr'>requiem</span> <span class='ocrx_word' id='word_1_50' title='bbox 1619 611 2056 675; x_wconf 85' lang='lat' dir='ltr'>transferuntur,</span> <span class='ocrx_word' id='word_1_51' title='bbox 2142 614 2229 661; x_wconf 87' lang='lat' dir='ltr'>est</span> <span class='ocrx_word' id='word_1_52' title='bbox 2253 614 2444 678; x_wconf 88' lang='lat' dir='ltr'>aperte</span> <span class='ocrx_word' id='word_1_53' title='bbox 2470 608 2685 661; x_wconf 80' lang='lat' dir='ltr'>dicere:</span> <span class='ocrx_word' id='word_1_54' title='bbox 2716 606 2821 670; x_wconf 87' lang='lat' dir='ltr'>Qui</span> <span class='ocrx_word' id='word_1_55' title='bbox 2869 606 2925 659; x_wconf 89' lang='lat' dir='ltr'>in</span> <span class='ocrx_word' id='word_1_56' title='bbox 2979 605 3200 658; x_wconf 84' lang='lat' dir='ltr'>sublimi</span> <span class='ocrx_word' id='word_1_57' title='bbox 3249 602 3736 673; x_wconf 82' lang='lat' dir='ltr'>contemplationis</span> 
     </span>
    </p>
   </div>
   <div class='ocr_carea' id='block_1_5' title="bbox 451 684 3732 769">
    <p class='ocr_par' dir='ltr' id='par_1_5' title="bbox 451 684 3732 769">
     <span class='ocr_line' id='line_1_5' title="bbox 451 684 3732 769; baseline -0.001 -23"><span class='ocrx_word' id='word_1_58' title='bbox 451 692 609 762; x_wconf 84' lang='lat' dir='ltr'>juxta</span> <span class='ocrx_word' id='word_1_59' title='bbox 642 695 788 763; x_wconf 87' lang='lat' dir='ltr'>quod</span> <span class='ocrx_word' id='word_1_60' title='bbox 832 695 889 748; x_wconf 93' lang='lat' dir='ltr'>in</span> <span class='ocrx_word' id='word_1_61' title='bbox 919 684 1236 767; x_wconf 84' lang='lat' dir='ltr'>evangelica</span> <span class='ocrx_word' id='word_1_62' title='bbox 1269 699 1533 769; x_wconf 88' lang='lat' dir='ltr'>parabola</span> <span class='ocrx_word' id='word_1_63' title='bbox 1565 699 1770 769; x_wconf 83' lang='lat' dir='ltr'>legitur</span> <span class='ocrx_word' id='word_1_64' title='bbox 1801 717 1811 752; x_wconf 90' lang='lat'>:</span> <span class='ocrx_word' id='word_1_65' title='bbox 1851 719 1873 749; x_wconf 75' lang='grc' dir='ltr'><strong><em>α</em></strong></span> <span class='ocrx_word' id='word_1_66' title='bbox 1911 700 2057 752; x_wconf 87' lang='lat' dir='ltr'>Con-</span> <span class='ocrx_word' id='word_1_67' title='bbox 2141 710 2267 749; x_wconf 87' lang='lat' dir='ltr'>arce</span> <span class='ocrx_word' id='word_1_68' title='bbox 2323 696 2596 759; x_wconf 77' lang='lat' dir='ltr'>consistit,</span> <span class='ocrx_word' id='word_1_69' title='bbox 2630 711 2743 748; x_wconf 91' lang='lat' dir='ltr'>non</span> <span class='ocrx_word' id='word_1_70' title='bbox 2810 694 3112 747; x_wconf 88' lang='lat' dir='ltr'>descendat</span> <span class='ocrx_word' id='word_1_71' title='bbox 3144 700 3229 753; x_wconf 76' lang='lat' dir='ltr'>,ut</span> <span class='ocrx_word' id='word_1_72' title='bbox 3291 692 3453 745; x_wconf 88' lang='lat' dir='ltr'>tollat</span> <span class='ocrx_word' id='word_1_73' title='bbox 3487 690 3732 743; x_wconf 86' lang='lat' dir='ltr'>tunicam</span> 
     </span>
    </p>
   </div>
   <div class='ocr_carea' id='block_1_6' title="bbox 459 778 3735 858">
    <p class='ocr_par' dir='ltr' id='par_1_6' title="bbox 459 778 3735 858">
     <span class='ocr_line' id='line_1_6' title="bbox 459 778 3735 858; baseline -0.001 -24"><span class='ocrx_word' id='word_1_74' title='bbox 459 782 827 851; x_wconf 86' lang='lat' dir='ltr'>gratulamini</span> <span class='ocrx_word' id='word_1_75' title='bbox 860 785 1017 845; x_wconf 87' lang='lat' dir='ltr'>mihi,</span> <span class='ocrx_word' id='word_1_76' title='bbox 1057 789 1191 856; x_wconf 85' lang='lat' dir='ltr'>quia</span> <span class='ocrx_word' id='word_1_77' title='bbox 1219 786 1403 841; x_wconf 87' lang='lat' dir='ltr'>inveni</span> <span class='ocrx_word' id='word_1_78' title='bbox 1420 804 1577 842; x_wconf 83' lang='lat' dir='ltr'>ovem</span> <span class='ocrx_word' id='word_1_79' title='bbox 1601 804 1782 842; x_wconf 86' lang='lat' dir='ltr'>meam</span> <span class='ocrx_word' id='word_1_80' title='bbox 1814 804 1937 858; x_wconf 61' lang='lat' dir='ltr'>quas</span> <span class='ocrx_word' id='word_1_81' title='bbox 1968 804 2058 857; x_wconf 88' lang='lat' dir='ltr'>pe-</span> <span class='ocrx_word' id='word_1_82' title='bbox 2140 800 2321 845; x_wconf 88' lang='lat' dir='ltr'>suam,</span> <span class='ocrx_word' id='word_1_83' title='bbox 2349 784 2400 837; x_wconf 90' lang='lat' dir='ltr'>id</span> <span class='ocrx_word' id='word_1_84' title='bbox 2423 792 2509 837; x_wconf 91' lang='lat' dir='ltr'>est</span> <span class='ocrx_word' id='word_1_85' title='bbox 2537 791 2600 837; x_wconf 92' lang='lat' dir='ltr'>ut</span> <span class='ocrx_word' id='word_1_86' title='bbox 2626 784 2829 837; x_wconf 84' lang='lat' dir='ltr'>iterum</span> <span class='ocrx_word' id='word_1_87' title='bbox 2864 780 3319 851; x_wconf 83' lang='lat' dir='ltr'>occupationibus</span> <span class='ocrx_word' id='word_1_88' title='bbox 3346 779 3533 833; x_wconf 77' lang='lat' dir='ltr'>saeculi</span> <span class='ocrx_word' id='word_1_89' title='bbox 3555 778 3735 847; x_wconf 82' lang='lat' dir='ltr'>impli-</span> 
     </span>
    </p>
   </div>
   <div class='ocr_carea' id='block_1_7' title="bbox 458 869 3731 942">
    <p class='ocr_par' dir='ltr' id='par_1_7' title="bbox 458 869 3731 942">
     <span class='ocr_line' id='line_1_7' title="bbox 458 869 3731 942; baseline -0.001 -19"><span class='ocrx_word' id='word_1_90' title='bbox 458 869 649 924; x_wconf 86' lang='lat' dir='ltr'>rierat.</span> <span class='ocrx_word' id='word_1_91' title='bbox 678 890 703 922; x_wconf 84' lang='grc'><strong>››</strong></span> <span class='ocrx_word' id='word_1_92' title='bbox 2138 880 2310 926; x_wconf 88' lang='lat' dir='ltr'>cetur.</span> <span class='ocrx_word' id='word_1_93' title='bbox 2329 873 2514 927; x_wconf 86' lang='lat' dir='ltr'>Timet</span> <span class='ocrx_word' id='word_1_94' title='bbox 2557 890 2689 942; x_wconf 87' lang='lat' dir='ltr'>ergo</span> <span class='ocrx_word' id='word_1_95' title='bbox 2717 871 2978 936; x_wconf 82' lang='lat' dir='ltr'>Ecclesia,</span> <span class='ocrx_word' id='word_1_96' title='bbox 3005 871 3087 924; x_wconf 92' lang='lat' dir='ltr'>vel</span> <span class='ocrx_word' id='word_1_97' title='bbox 3118 870 3302 923; x_wconf 89' lang='lat' dir='ltr'>anima</span> <span class='ocrx_word' id='word_1_98' title='bbox 3336 885 3569 938; x_wconf 65' lang='lat' dir='ltr'>quaeque</span> <span class='ocrx_word' id='word_1_99' title='bbox 3598 884 3731 921; x_wconf 82' lang='lat' dir='ltr'>san-</span> 
     </span>
    </p>
   </div>
   <div class='ocr_carea' id='block_1_8' title="bbox 534 957 3734 1035">
    <p class='ocr_par' dir='ltr' id='par_1_8' title="bbox 534 957 3734 1035">
     <span class='ocr_line' id='line_1_8' title="bbox 534 957 3734 1035; baseline -0.001 -23"><span class='ocrx_word' id='word_1_100' title='bbox 534 978 560 1008; x_wconf 80' lang='grc' dir='ltr'>α</span> <span class='ocrx_word' id='word_1_101' title='bbox 594 959 707 1027; x_wconf 85' lang='lat' dir='ltr'>Ego</span> <span class='ocrx_word' id='word_1_102' title='bbox 737 959 975 1024; x_wconf 87' lang='lat' dir='ltr'>dormio,</span> <span class='ocrx_word' id='word_1_103' title='bbox 1011 967 1067 1014; x_wconf 90' lang='lat' dir='ltr'>et</span> <span class='ocrx_word' id='word_1_104' title='bbox 1088 978 1185 1015; x_wconf 89' lang='lat' dir='ltr'>cor</span> <span class='ocrx_word' id='word_1_105' title='bbox 1208 979 1396 1017; x_wconf 90' lang='lat' dir='ltr'>meum</span> <span class='ocrx_word' id='word_1_106' title='bbox 1431 964 1638 1035; x_wconf 79' lang='lat' dir='ltr'>vigilat.</span> <span class='ocrx_word' id='word_1_107' title='bbox 1680 984 1700 1015; x_wconf 76' lang='grc' dir='ltr'><strong>ι</strong></span> <span class='ocrx_word' id='word_1_108' title='bbox 1726 964 1841 1017; x_wconf 74' lang='lat' dir='ltr'>Vox</span> <span class='ocrx_word' id='word_1_109' title='bbox 1875 964 2059 1019; x_wconf 86' lang='lat' dir='ltr'>Eccle-</span> <span class='ocrx_word' id='word_1_110' title='bbox 2138 968 2245 1027; x_wconf 90' lang='lat' dir='ltr'>eta,</span> <span class='ocrx_word' id='word_1_111' title='bbox 2280 962 2383 1014; x_wconf 89' lang='lat' dir='ltr'>hac</span> <span class='ocrx_word' id='word_1_112' title='bbox 2409 961 2597 1014; x_wconf 88' lang='lat' dir='ltr'>tunica</span> <span class='ocrx_word' id='word_1_113' title='bbox 2625 961 2771 1025; x_wconf 84' lang='lat' dir='ltr'>exui,</span> <span class='ocrx_word' id='word_1_114' title='bbox 2803 966 2859 1014; x_wconf 90' lang='lat' dir='ltr'>et</span> <span class='ocrx_word' id='word_1_115' title='bbox 2888 960 2945 1013; x_wconf 90' lang='lat' dir='ltr'>in</span> <span class='ocrx_word' id='word_1_116' title='bbox 2975 957 3443 1028; x_wconf 69' lang='lat' dir='ltr'>contemplatione</span> <span class='ocrx_word' id='word_1_117' title='bbox 3476 957 3560 1010; x_wconf 89' lang='lat' dir='ltr'>sui</span> <span class='ocrx_word' id='word_1_118' title='bbox 3593 957 3734 1010; x_wconf 85' lang='lat' dir='ltr'>Cou-</span> 
     </span>
    </p>
   </div>
   <div class='ocr_carea' id='block_1_9' title="bbox 458 1044 3734 1123">
    <p class='ocr_par' dir='ltr' id='par_1_9' title="bbox 458 1044 3734 1123">
     <span class='ocr_line' id='line_1_9' title="bbox 458 1044 3734 1123; baseline -0.004 -14"><span class='ocrx_word' id='word_1_119' title='bbox 458 1046 607 1109; x_wconf 65' lang='grc' dir='ltr'>εῖωςα</span> <span class='ocrx_word' id='word_1_120' title='bbox 642 1048 755 1118; x_wconf 85' lang='lat' dir='ltr'>Ego</span> <span class='ocrx_word' id='word_1_121' title='bbox 785 1048 1022 1114; x_wconf 88' lang='lat' dir='ltr'>dormio,</span> <span class='ocrx_word' id='word_1_122' title='bbox 1056 1070 1076 1099; x_wconf 74' lang='grc' dir='ltr'><strong><em>ι</em></strong></span> <span class='ocrx_word' id='word_1_123' title='bbox 1104 1052 1232 1121; x_wconf 87' lang='lat' dir='ltr'>quia</span> <span class='ocrx_word' id='word_1_124' title='bbox 1263 1052 1611 1122; x_wconf 88' lang='lat' dir='ltr'>aliquantula</span> <span class='ocrx_word' id='word_1_125' title='bbox 1629 1069 1760 1123; x_wconf 90' lang='lat' dir='ltr'>pace</span> <span class='ocrx_word' id='word_1_126' title='bbox 1783 1053 2055 1122; x_wconf 80' lang='lat' dir='ltr'>largiente</span> <span class='ocrx_word' id='word_1_127' title='bbox 2138 1050 2337 1103; x_wconf 88' lang='lat' dir='ltr'>ditoris</span> <span class='ocrx_word' id='word_1_128' title='bbox 2368 1050 2741 1120; x_wconf 83' lang='lat' dir='ltr'>requiescens,</span> <span class='ocrx_word' id='word_1_129' title='bbox 2777 1050 2983 1103; x_wconf 89' lang='lat' dir='ltr'>iterum</span> <span class='ocrx_word' id='word_1_130' title='bbox 3023 1047 3244 1101; x_wconf 89' lang='lat' dir='ltr'>reindui</span> <span class='ocrx_word' id='word_1_131' title='bbox 3274 1052 3328 1101; x_wconf 91' lang='lat' dir='ltr'>et</span> <span class='ocrx_word' id='word_1_132' title='bbox 3375 1044 3734 1100; x_wconf 67' lang='lat' dir='ltr'>saecularibus</span> 
     </span>
    </p>
   </div>
   <div class='ocr_carea' id='block_1_10' title="bbox 462 1134 3734 1211">
    <p class='ocr_par' dir='ltr' id='par_1_10' title="bbox 462 1134 3734 1211">
     <span class='ocr_line' id='line_1_10' title="bbox 462 1134 3734 1211; baseline -0.001 -22"><span class='ocrx_word' id='word_1_133' title='bbox 462 1152 665 1206; x_wconf 81' lang='lat' dir='ltr'>Sponso</span> <span class='ocrx_word' id='word_1_134' title='bbox 702 1154 825 1191; x_wconf 91' lang='lat' dir='ltr'>meo</span> <span class='ocrx_word' id='word_1_135' title='bbox 856 1139 1163 1208; x_wconf 80' lang='lat' dir='ltr'>requiesco,</span> <span class='ocrx_word' id='word_1_136' title='bbox 1195 1156 1296 1192; x_wconf 88' lang='lat' dir='ltr'>nec</span> <span class='ocrx_word' id='word_1_137' title='bbox 1347 1142 1488 1194; x_wconf 88' lang='lat' dir='ltr'>tales</span> <span class='ocrx_word' id='word_1_138' title='bbox 1534 1143 1719 1211; x_wconf 88' lang='lat' dir='ltr'>patior</span> <span class='ocrx_word' id='word_1_139' title='bbox 1747 1158 2055 1211; x_wconf 84' lang='lat' dir='ltr'>pressuras,</span> <span class='ocrx_word' id='word_1_140' title='bbox 2142 1139 2378 1210; x_wconf 79' lang='lat' dir='ltr'>negotiis</span> <span class='ocrx_word' id='word_1_141' title='bbox 2398 1138 2675 1209; x_wconf 84' lang='lat' dir='ltr'>occupari.</span> <span class='ocrx_word' id='word_1_142' title='bbox 2706 1159 2727 1189; x_wconf 77' lang='grc' dir='ltr'>ι</span> <span class='ocrx_word' id='word_1_143' title='bbox 2776 1138 2906 1192; x_wconf 84' lang='lat' dir='ltr'>Lavi</span> <span class='ocrx_word' id='word_1_144' title='bbox 2938 1137 3107 1208; x_wconf 88' lang='lat' dir='ltr'>pedes</span> <span class='ocrx_word' id='word_1_145' title='bbox 3136 1153 3309 1201; x_wconf 83' lang='lat' dir='ltr'>meos,</span> <span class='ocrx_word' id='word_1_146' title='bbox 3352 1134 3633 1206; x_wconf 90' lang='lat' dir='ltr'>quomodo</span> <span class='ocrx_word' id='word_1_147' title='bbox 3653 1134 3734 1187; x_wconf 83' lang='lat' dir='ltr'>in-</span> 
     </span>
    </p>
   </div>
   <div class='ocr_carea' id='block_1_11' title="bbox 460 1223 3731 1298">
    <p class='ocr_par' dir='ltr' id='par_1_11' title="bbox 460 1223 3731 1298">
     <span class='ocr_line' id='line_1_11' title="bbox 460 1223 3731 1298; baseline -0.001 -19"><span class='ocrx_word' id='word_1_148' title='bbox 460 1225 654 1296; x_wconf 88' lang='lat' dir='ltr'>quales</span> <span class='ocrx_word' id='word_1_149' title='bbox 678 1226 960 1294; x_wconf 87' lang='lat' dir='ltr'>primitiva</span> <span class='ocrx_word' id='word_1_150' title='bbox 982 1227 1260 1287; x_wconf 69' lang='lat' dir='ltr'>Ecclesia;</span> <span class='ocrx_word' id='word_1_151' title='bbox 1296 1235 1352 1281; x_wconf 91' lang='lat' dir='ltr'>et</span> <span class='ocrx_word' id='word_1_152' title='bbox 1375 1229 1499 1281; x_wconf 77' lang='lat' dir='ltr'>ideo</span> <span class='ocrx_word' id='word_1_153' title='bbox 1550 1246 1646 1282; x_wconf 92' lang='lat' dir='ltr'>cor</span> <span class='ocrx_word' id='word_1_154' title='bbox 1694 1246 1880 1283; x_wconf 83' lang='lat' dir='ltr'>meum</span> <span class='ocrx_word' id='word_1_155' title='bbox 1915 1230 2056 1298; x_wconf 81' lang='lat' dir='ltr'>vigi-</span> <span class='ocrx_word' id='word_1_156' title='bbox 2142 1228 2384 1298; x_wconf 83' lang='lat' dir='ltr'>quinabo</span> <span class='ocrx_word' id='word_1_157' title='bbox 2410 1228 2576 1281; x_wconf 83' lang='lat' dir='ltr'>illos?</span> <span class='ocrx_word' id='word_1_158' title='bbox 2607 1249 2627 1276; x_wconf 75' lang='grc' dir='ltr'><strong>ι</strong></span> <span class='ocrx_word' id='word_1_159' title='bbox 2659 1227 2789 1281; x_wconf 86' lang='lat' dir='ltr'>Lavi</span> <span class='ocrx_word' id='word_1_160' title='bbox 2819 1226 2986 1297; x_wconf 81' lang='lat' dir='ltr'>pedes</span> <span class='ocrx_word' id='word_1_161' title='bbox 3017 1226 3314 1286; x_wconf 83' lang='lat' dir='ltr'>meos,hoc</span> <span class='ocrx_word' id='word_1_162' title='bbox 3351 1229 3454 1287; x_wconf 92' lang='lat' dir='ltr'>est,</span> <span class='ocrx_word' id='word_1_163' title='bbox 3480 1223 3731 1276; x_wconf 84' lang='lat' dir='ltr'>actiones</span> 
     </span>
    </p>
   </div>
   <div class='ocr_carea' id='block_1_12' title="bbox 460 1314 3731 1388">
    <p class='ocr_par' dir='ltr' id='par_1_12' title="bbox 460 1314 3731 1388">
     <span class='ocr_line' id='line_1_12' title="bbox 460 1314 3731 1388; baseline -0 -22"><span class='ocrx_word' id='word_1_164' title='bbox 460 1314 560 1377; x_wconf 88' lang='lat' dir='ltr'>lat,</span> <span class='ocrx_word' id='word_1_165' title='bbox 596 1314 724 1384; x_wconf 90' lang='lat' dir='ltr'>quia</span> <span class='ocrx_word' id='word_1_166' title='bbox 757 1315 1009 1368; x_wconf 91' lang='lat' dir='ltr'>securius</span> <span class='ocrx_word' id='word_1_167' title='bbox 1029 1332 1287 1369; x_wconf 87' lang='lat' dir='ltr'>(oncessa</span> <span class='ocrx_word' id='word_1_168' title='bbox 1322 1317 1457 1370; x_wconf 89' lang='lat' dir='ltr'>mihi</span> <span class='ocrx_word' id='word_1_169' title='bbox 1492 1335 1623 1387; x_wconf 84' lang='lat' dir='ltr'>pace</span> <span class='ocrx_word' id='word_1_170' title='bbox 1656 1318 1833 1371; x_wconf 89' lang='lat' dir='ltr'>amori</span> <span class='ocrx_word' id='word_1_171' title='bbox 1864 1318 2054 1388; x_wconf 90' lang='lat' dir='ltr'>sponsi</span> <span class='ocrx_word' id='word_1_172' title='bbox 2138 1317 2339 1386; x_wconf 83' lang='lat' dir='ltr'>quibus</span> <span class='ocrx_word' id='word_1_173' title='bbox 2360 1333 2645 1387; x_wconf 84' lang='lat' dir='ltr'>nunquam</span> <span class='ocrx_word' id='word_1_174' title='bbox 2672 1316 2952 1385; x_wconf 82' lang='lat' dir='ltr'>pulverem</span> <span class='ocrx_word' id='word_1_175' title='bbox 2977 1322 3230 1382; x_wconf 85' lang='lat' dir='ltr'>tangere.</span> <span class='ocrx_word' id='word_1_176' title='bbox 3252 1314 3352 1366; x_wconf 89' lang='lat' dir='ltr'>hoc</span> <span class='ocrx_word' id='word_1_177' title='bbox 3373 1318 3476 1375; x_wconf 89' lang='lat' dir='ltr'>est,</span> <span class='ocrx_word' id='word_1_178' title='bbox 3502 1320 3731 1365; x_wconf 87' lang='lat' dir='ltr'>terrena</span> 
     </span>
    </p>
   </div>
   <div class='ocr_carea' id='block_1_13' title="bbox 462 1399 3724 1475">
    <p class='ocr_par' dir='ltr' id='par_1_13' title="bbox 462 1399 3724 1475">
     <span class='ocr_line' id='line_1_13' title="bbox 462 1399 3724 1475; baseline -0.001 -20"><span class='ocrx_word' id='word_1_179' title='bbox 462 1402 574 1456; x_wconf 87' lang='lat' dir='ltr'>mei</span> <span class='ocrx_word' id='word_1_180' title='bbox 602 1403 864 1460; x_wconf 67' lang='lat' dir='ltr'>inlimreo,</span> <span class='ocrx_word' id='word_1_181' title='bbox 891 1410 947 1455; x_wconf 89' lang='lat' dir='ltr'>et</span> <span class='ocrx_word' id='word_1_182' title='bbox 975 1404 1042 1456; x_wconf 88' lang='lat' dir='ltr'>ad</span> <span class='ocrx_word' id='word_1_183' title='bbox 1069 1404 1223 1457; x_wconf 87' lang='lat' dir='ltr'>illum</span> <span class='ocrx_word' id='word_1_184' title='bbox 1258 1407 1446 1459; x_wconf 86' lang='lat' dir='ltr'>oculos</span> <span class='ocrx_word' id='word_1_185' title='bbox 1459 1407 1641 1460; x_wconf 89' lang='lat' dir='ltr'>cordis</span> <span class='ocrx_word' id='word_1_186' title='bbox 1671 1407 1780 1460; x_wconf 89' lang='lat' dir='ltr'>mei</span> <span class='ocrx_word' id='word_1_187' title='bbox 1805 1407 2052 1460; x_wconf 92' lang='lat' dir='ltr'>intendo.</span> <span class='ocrx_word' id='word_1_188' title='bbox 2137 1422 2303 1475; x_wconf 78' lang='lat' dir='ltr'>agere</span> <span class='ocrx_word' id='word_1_189' title='bbox 2324 1405 2935 1474; x_wconf 79' lang='lat' dir='ltr'>ronsueveram,dignis</span> <span class='ocrx_word' id='word_1_190' title='bbox 2956 1402 3292 1473; x_wconf 67' lang='lat' dir='ltr'>poenitentiae</span> <span class='ocrx_word' id='word_1_191' title='bbox 3312 1401 3535 1456; x_wconf 88' lang='lat' dir='ltr'>fletibus</span> <span class='ocrx_word' id='word_1_192' title='bbox 3553 1399 3724 1464; x_wconf 82' lang='lat' dir='ltr'>ablui,</span> 
     </span>
    </p>
   </div>
   <div class='ocr_carea' id='block_1_14' title="bbox 462 1489 3728 1565">
    <p class='ocr_par' dir='ltr' id='par_1_14' title="bbox 462 1489 3728 1565">
     <span class='ocr_line' id='line_1_14' title="bbox 462 1489 3728 1565; baseline -0.001 -21"><span class='ocrx_word' id='word_1_193' title='bbox 462 1490 567 1544; x_wconf 90' lang='lat' dir='ltr'>Sed</span> <span class='ocrx_word' id='word_1_194' title='bbox 597 1491 729 1560; x_wconf 91' lang='lat' dir='ltr'>quia</span> <span class='ocrx_word' id='word_1_195' title='bbox 749 1491 849 1544; x_wconf 89' lang='lat' dir='ltr'>hoc</span> <span class='ocrx_word' id='word_1_196' title='bbox 870 1496 1092 1561; x_wconf 86' lang='lat' dir='ltr'>tempus</span> <span class='ocrx_word' id='word_1_197' title='bbox 1123 1510 1233 1547; x_wconf 91' lang='lat' dir='ltr'>non</span> <span class='ocrx_word' id='word_1_198' title='bbox 1256 1501 1341 1547; x_wconf 88' lang='lat' dir='ltr'>est</span> <span class='ocrx_word' id='word_1_199' title='bbox 1370 1496 1602 1564; x_wconf 90' lang='lat' dir='ltr'>requiei.</span> <span class='ocrx_word' id='word_1_200' title='bbox 1635 1496 1727 1548; x_wconf 88' lang='lat' dir='ltr'>sed</span> <span class='ocrx_word' id='word_1_201' title='bbox 1759 1497 1944 1565; x_wconf 86' lang='lat' dir='ltr'>potius</span> <span class='ocrx_word' id='word_1_202' title='bbox 1972 1496 2054 1550; x_wconf 84' lang='lat' dir='ltr'>la-</span> <span class='ocrx_word' id='word_1_203' title='bbox 2138 1494 2276 1548; x_wconf 89' lang='lat' dir='ltr'>adeo</span> <span class='ocrx_word' id='word_1_204' title='bbox 2304 1501 2370 1548; x_wconf 91' lang='lat' dir='ltr'>ut</span> <span class='ocrx_word' id='word_1_205' title='bbox 2394 1494 2530 1547; x_wconf 86' lang='lat' dir='ltr'>nihil</span> <span class='ocrx_word' id='word_1_206' title='bbox 2562 1511 2709 1548; x_wconf 79' lang='lat' dir='ltr'>nunc</span> <span class='ocrx_word' id='word_1_207' title='bbox 2736 1494 2839 1547; x_wconf 90' lang='lat' dir='ltr'>nisi</span> <span class='ocrx_word' id='word_1_208' title='bbox 2891 1492 3076 1545; x_wconf 89' lang='lat' dir='ltr'>divina</span> <span class='ocrx_word' id='word_1_209' title='bbox 3132 1508 3220 1545; x_wconf 86' lang='lat' dir='ltr'>me</span> <span class='ocrx_word' id='word_1_210' title='bbox 3266 1491 3436 1545; x_wconf 89' lang='lat' dir='ltr'>libeat</span> <span class='ocrx_word' id='word_1_211' title='bbox 3459 1489 3728 1558; x_wconf 87' lang='lat' dir='ltr'>cogitare.</span> 
     </span>
    </p>
   </div>
   <div class='ocr_carea' id='block_1_15' title="bbox 459 1576 3729 1653">
    <p class='ocr_par' dir='ltr' id='par_1_15' title="bbox 459 1576 3729 1653">
     <span class='ocr_line' id='line_1_15' title="bbox 459 1576 3729 1653; baseline -0.001 -22"><span class='ocrx_word' id='word_1_212' title='bbox 459 1576 611 1632; x_wconf 90' lang='lat' dir='ltr'>boris</span> <span class='ocrx_word' id='word_1_213' title='bbox 634 1586 691 1631; x_wconf 90' lang='lat' dir='ltr'>et</span> <span class='ocrx_word' id='word_1_214' title='bbox 710 1580 1051 1638; x_wconf 84' lang='lat' dir='ltr'>certaminis.</span> <span class='ocrx_word' id='word_1_215' title='bbox 1079 1598 1273 1635; x_wconf 87' lang='lat' dir='ltr'>rursus</span> <span class='ocrx_word' id='word_1_216' title='bbox 1288 1600 1526 1652; x_wconf 87' lang='lat' dir='ltr'>sponsus</span> <span class='ocrx_word' id='word_1_217' title='bbox 1554 1585 1850 1638; x_wconf 88' lang='lat' dir='ltr'>Ecclesiam</span> <span class='ocrx_word' id='word_1_218' title='bbox 1882 1586 1950 1638; x_wconf 88' lang='lat' dir='ltr'>ad</span> <span class='ocrx_word' id='word_1_219' title='bbox 1982 1586 2059 1639; x_wconf 85' lang='lat' dir='ltr'>la-</span> <span class='ocrx_word' id='word_1_220' title='bbox 2143 1601 2166 1634; x_wconf 74' lang='grc' dir='ltr'>ι</span> <span class='ocrx_word' id='word_1_221' title='bbox 2196 1584 2485 1647; x_wconf 86' lang='lat' dir='ltr'>Quomodo</span> <span class='ocrx_word' id='word_1_222' title='bbox 2507 1582 2809 1653; x_wconf 86' lang='lat' dir='ltr'>inquinabo</span> <span class='ocrx_word' id='word_1_223' title='bbox 2838 1581 3004 1635; x_wconf 87' lang='lat' dir='ltr'>illos?</span> <span class='ocrx_word' id='word_1_224' title='bbox 3030 1599 3050 1631; x_wconf 73' lang='grc' dir='ltr'><strong><em>ι</em></strong></span> <span class='ocrx_word' id='word_1_225' title='bbox 3084 1581 3137 1634; x_wconf 91' lang='lat' dir='ltr'>id</span> <span class='ocrx_word' id='word_1_226' title='bbox 3170 1587 3275 1643; x_wconf 89' lang='lat' dir='ltr'>est,</span> <span class='ocrx_word' id='word_1_227' title='bbox 3307 1578 3585 1649; x_wconf 89' lang='lat' dir='ltr'>quomodo</span> <span class='ocrx_word' id='word_1_228' title='bbox 3608 1577 3729 1630; x_wconf 84' lang='lat' dir='ltr'>ﬁeri</span> 
     </span>
    </p>
   </div>
   <div class='ocr_carea' id='block_1_16' title="bbox 458 1651 3731 1742">
    <p class='ocr_par' dir='ltr' id='par_1_16' title="bbox 458 1651 3731 1742">
     <span class='ocr_line' id='line_1_16' title="bbox 458 1651 3731 1742; baseline -0 -21"><span class='ocrx_word' id='word_1_229' title='bbox 458 1665 622 1721; x_wconf 90' lang='lat' dir='ltr'>bores</span> <span class='ocrx_word' id='word_1_230' title='bbox 652 1673 874 1731; x_wconf 84' lang='lat' dir='ltr'>excitat,</span> <span class='ocrx_word' id='word_1_231' title='bbox 911 1676 962 1722; x_wconf 89' lang='lat' dir='ltr'>et</span> <span class='ocrx_word' id='word_1_232' title='bbox 994 1670 1060 1722; x_wconf 88' lang='lat' dir='ltr'>ad</span> <span class='ocrx_word' id='word_1_233' title='bbox 1096 1651 1506 1739; x_wconf 64' lang='lat' dir='ltr'>praedicationis</span> <span class='ocrx_word' id='word_1_234' title='bbox 1558 1680 1839 1727; x_wconf 87' lang='lat' dir='ltr'>certamen</span> <span class='ocrx_word' id='word_1_235' title='bbox 1873 1674 2107 1742; x_wconf 72' lang='lat' dir='ltr'>horta-_</span> <span class='ocrx_word' id='word_1_236' title='bbox 2139 1679 2340 1742; x_wconf 76' lang='lat' dir='ltr'>potest,</span> <span class='ocrx_word' id='word_1_237' title='bbox 2376 1651 2661 1725; x_wconf 73' lang='lat' dir='ltr'>utiteruin</span> <span class='ocrx_word' id='word_1_238' title='bbox 2709 1671 2775 1724; x_wconf 87' lang='lat' dir='ltr'>ad</span> <span class='ocrx_word' id='word_1_239' title='bbox 2830 1671 3128 1739; x_wconf 86' lang='lat' dir='ltr'>cogitanda</span> <span class='ocrx_word' id='word_1_240' title='bbox 3166 1669 3374 1723; x_wconf 89' lang='lat' dir='ltr'>caduca</span> <span class='ocrx_word' id='word_1_241' title='bbox 3410 1673 3469 1721; x_wconf 89' lang='lat' dir='ltr'>et</span> <span class='ocrx_word' id='word_1_242' title='bbox 3503 1673 3731 1720; x_wconf 87' lang='lat' dir='ltr'>terrena</span> 
     </span>
    </p>
   </div>
   <div class='ocr_carea' id='block_1_17' title="bbox 457 1739 3731 1831">
    <p class='ocr_par' dir='ltr' id='par_1_17' title="bbox 457 1739 3731 1831">
     <span class='ocr_line' id='line_1_17' title="bbox 457 1739 3731 1831; baseline 0 -22"><span class='ocrx_word' id='word_1_243' title='bbox 457 1760 569 1809; x_wconf 87' lang='lat' dir='ltr'>tur.</span> <span class='ocrx_word' id='word_1_244' title='bbox 601 1776 620 1805; x_wconf 78' lang='grc' dir='ltr'>ι</span> <span class='ocrx_word' id='word_1_245' title='bbox 653 1756 767 1809; x_wconf 84' lang='lat' dir='ltr'>Vox</span> <span class='ocrx_word' id='word_1_246' title='bbox 790 1757 977 1810; x_wconf 89' lang='lat' dir='ltr'>dilecti</span> <span class='ocrx_word' id='word_1_247' title='bbox 1013 1758 1119 1811; x_wconf 80' lang='lat' dir='ltr'>mei</span> <span class='ocrx_word' id='word_1_248' title='bbox 1152 1760 1427 1829; x_wconf 85' lang='lat' dir='ltr'>pulsantis</span> <span class='ocrx_word' id='word_1_249' title='bbox 1482 1780 1507 1813; x_wconf 83' lang='lat'>»</span> <span class='ocrx_word' id='word_1_250' title='bbox 1547 1760 1742 1815; x_wconf 86' lang='lat' dir='ltr'>Pulsat</span> <span class='ocrx_word' id='word_1_251' title='bbox 1800 1762 2052 1822; x_wconf 87' lang='lat' dir='ltr'>dilectus.</span> <span class='ocrx_word' id='word_1_252' title='bbox 2075 1739 2123 1824; x_wconf 50' lang='grc' dir='ltr'>Β,</span> <span class='ocrx_word' id='word_1_253' title='bbox 2142 1739 2363 1814; x_wconf 81' lang='lat' dir='ltr'>redeam</span> <span class='ocrx_word' id='word_1_254' title='bbox 2397 1777 2519 1831; x_wconf 78' lang='lat' dir='ltr'>qua:</span> <span class='ocrx_word' id='word_1_255' title='bbox 2540 1776 2686 1813; x_wconf 90' lang='lat' dir='ltr'>nunc</span> <span class='ocrx_word' id='word_1_256' title='bbox 2715 1776 2781 1813; x_wconf 83' lang='lat' dir='ltr'>ex</span> <span class='ocrx_word' id='word_1_257' title='bbox 2802 1766 3070 1829; x_wconf 88' lang='lat' dir='ltr'>occupato</span> <span class='ocrx_word' id='word_1_258' title='bbox 3100 1764 3157 1812; x_wconf 93' lang='lat' dir='ltr'>et</span> <span class='ocrx_word' id='word_1_259' title='bbox 3179 1757 3355 1811; x_wconf 86' lang='lat' dir='ltr'>libero</span> <span class='ocrx_word' id='word_1_260' title='bbox 3379 1755 3564 1820; x_wconf 89' lang='lat' dir='ltr'>corde,</span> <span class='ocrx_word' id='word_1_261' title='bbox 3588 1755 3731 1809; x_wconf 87' lang='lat' dir='ltr'>divi-</span> 
     </span>
    </p>
   </div>
   <div class='ocr_carea' id='block_1_18' title="bbox 462 1844 2708 1917">
    <p class='ocr_par' dir='ltr' id='par_1_18' title="bbox 462 1844 2708 1917">
     <span class='ocr_line' id='line_1_18' title="bbox 462 1844 2708 1917; baseline 0.003 -21"><span class='ocrx_word' id='word_1_262' title='bbox 462 1861 586 1897; x_wconf 78' lang='lat' dir='ltr'>cum</span> <span class='ocrx_word' id='word_1_263' title='bbox 627 1844 884 1898; x_wconf 86' lang='lat' dir='ltr'>Christus</span> <span class='ocrx_word' id='word_1_264' title='bbox 917 1847 1106 1899; x_wconf 90' lang='lat' dir='ltr'>ﬁdeles</span> <span class='ocrx_word' id='word_1_265' title='bbox 1136 1864 1267 1901; x_wconf 90' lang='lat' dir='ltr'>suos</span> <span class='ocrx_word' id='word_1_266' title='bbox 1313 1849 1383 1901; x_wconf 91' lang='lat' dir='ltr'>ad</span> <span class='ocrx_word' id='word_1_267' title='bbox 1430 1850 1736 1917; x_wconf 81' lang='lat' dir='ltr'>profectum</span> <span class='ocrx_word' id='word_1_268' title='bbox 1786 1851 2054 1904; x_wconf 88' lang='lat' dir='ltr'>virtutum</span> <span class='ocrx_word' id='word_1_269' title='bbox 2139 1866 2211 1903; x_wconf 88' lang='lat' dir='ltr'>no</span> <span class='ocrx_word' id='word_1_270' title='bbox 2240 1850 2395 1904; x_wconf 84' lang='lat' dir='ltr'>fruor</span> <span class='ocrx_word' id='word_1_271' title='bbox 2417 1849 2708 1903; x_wconf 81' lang='lat' dir='ltr'>contuitu?</span> 
     </span>
    </p>
   </div>
   <div class='ocr_carea' id='block_1_19' title="bbox 460 1933 3728 2009">
    <p class='ocr_par' dir='ltr' id='par_1_19' title="bbox 460 1933 3728 2009">
     <span class='ocr_line' id='line_1_19' title="bbox 460 1933 3728 2009; baseline 0 -23"><span class='ocrx_word' id='word_1_272' title='bbox 460 1933 723 1987; x_wconf 85' lang='lat' dir='ltr'>hortatur</span> <span class='ocrx_word' id='word_1_273' title='bbox 761 1952 772 1985; x_wconf 91' lang='lat'><strong>:</strong></span> <span class='ocrx_word' id='word_1_274' title='bbox 802 1933 915 1987; x_wconf 82' lang='lat' dir='ltr'>sive</span> <span class='ocrx_word' id='word_1_275' title='bbox 945 1935 1148 2003; x_wconf 83' lang='lat' dir='ltr'>pulsat,</span> <span class='ocrx_word' id='word_1_276' title='bbox 1182 1953 1305 1989; x_wconf 77' lang='lat' dir='ltr'>cum</span> <span class='ocrx_word' id='word_1_277' title='bbox 1338 1955 1433 1990; x_wconf 83' lang='lat' dir='ltr'>eos</span> <span class='ocrx_word' id='word_1_278' title='bbox 1464 1944 1525 1991; x_wconf 90' lang='lat' dir='ltr'>ut</span> <span class='ocrx_word' id='word_1_279' title='bbox 1552 1939 1834 2008; x_wconf 83' lang='lat' dir='ltr'>proximos</span> <span class='ocrx_word' id='word_1_280' title='bbox 1866 1940 2060 2009; x_wconf 66' lang='lat' dir='ltr'>prmdi-</span> <span class='ocrx_word' id='word_1_281' title='bbox 2218 1957 2243 1989; x_wconf 86' lang='lat'>«</span> <span class='ocrx_word' id='word_1_282' title='bbox 2271 1939 2518 1992; x_wconf 86' lang='lat' dir='ltr'>Dilectus</span> <span class='ocrx_word' id='word_1_283' title='bbox 2542 1937 2858 1991; x_wconf 84' lang='lat' dir='ltr'>meusmisit</span> <span class='ocrx_word' id='word_1_284' title='bbox 2890 1952 3117 1990; x_wconf 85' lang='lat' dir='ltr'>manum</span> <span class='ocrx_word' id='word_1_285' title='bbox 3137 1952 3297 1990; x_wconf 86' lang='lat' dir='ltr'>suam</span> <span class='ocrx_word' id='word_1_286' title='bbox 3325 1950 3427 2006; x_wconf 89' lang='lat' dir='ltr'>per</span> <span class='ocrx_word' id='word_1_287' title='bbox 3452 1933 3728 1996; x_wconf 88' lang='lat' dir='ltr'>foramen,</span> 
     </span>
    </p>
   </div>
   <div class='ocr_carea' id='block_1_20' title="bbox 459 2022 3733 2098">
    <p class='ocr_par' dir='ltr' id='par_1_20' title="bbox 459 2022 3733 2098">
     <span class='ocr_line' id='line_1_20' title="bbox 459 2022 3733 2098; baseline -0 -22"><span class='ocrx_word' id='word_1_288' title='bbox 459 2022 634 2076; x_wconf 89' lang='lat' dir='ltr'>cando</span> <span class='ocrx_word' id='word_1_289' title='bbox 666 2022 955 2076; x_wconf 91' lang='lat' dir='ltr'>lucrentur</span> <span class='ocrx_word' id='word_1_290' title='bbox 979 2024 1263 2078; x_wconf 84' lang='lat' dir='ltr'>admonet.</span> <span class='ocrx_word' id='word_1_291' title='bbox 1289 2026 1382 2079; x_wconf 88' lang='lat' dir='ltr'>Est</span> <span class='ocrx_word' id='word_1_292' title='bbox 1413 2033 1469 2080; x_wconf 92' lang='lat' dir='ltr'>et</span> <span class='ocrx_word' id='word_1_293' title='bbox 1498 2027 1662 2081; x_wconf 89' lang='lat' dir='ltr'>tertia</span> <span class='ocrx_word' id='word_1_294' title='bbox 1684 2028 2061 2098; x_wconf 88' lang='lat' dir='ltr'>pulsatio.qua</span> <span class='ocrx_word' id='word_1_295' title='bbox 2142 2033 2199 2081; x_wconf 92' lang='lat' dir='ltr'>et</span> <span class='ocrx_word' id='word_1_296' title='bbox 2225 2034 2416 2080; x_wconf 84' lang='lat' dir='ltr'>venter</span> <span class='ocrx_word' id='word_1_297' title='bbox 2435 2026 2898 2080; x_wconf 86' lang='lat' dir='ltr'>meusintremuit</span> <span class='ocrx_word' id='word_1_298' title='bbox 2913 2025 2983 2078; x_wconf 88' lang='lat' dir='ltr'>ad</span> <span class='ocrx_word' id='word_1_299' title='bbox 3021 2033 3232 2078; x_wconf 88' lang='lat' dir='ltr'>tactum</span> <span class='ocrx_word' id='word_1_300' title='bbox 3265 2025 3404 2092; x_wconf 87' lang='lat' dir='ltr'>ejus.</span> <span class='ocrx_word' id='word_1_301' title='bbox 3435 2042 3460 2075; x_wconf 67' lang='grc' dir='ltr'>ι»</span> <span class='ocrx_word' id='word_1_302' title='bbox 3486 2023 3733 2077; x_wconf 87' lang='lat' dir='ltr'>Dilectus</span> 
     </span>
    </p>
   </div>
   <div class='ocr_carea' id='block_1_21' title="bbox 460 2110 3733 2185">
    <p class='ocr_par' dir='ltr' id='par_1_21' title="bbox 460 2110 3733 2185">
     <span class='ocr_line' id='line_1_21' title="bbox 460 2110 3733 2185; baseline 0 -23"><span class='ocrx_word' id='word_1_303' title='bbox 460 2110 649 2181; x_wconf 87' lang='lat' dir='ltr'>pulsat</span> <span class='ocrx_word' id='word_1_304' title='bbox 681 2111 888 2164; x_wconf 84' lang='lat' dir='ltr'>electos</span> <span class='ocrx_word' id='word_1_305' title='bbox 918 2127 1049 2165; x_wconf 90' lang='lat' dir='ltr'>suos</span> <span class='ocrx_word' id='word_1_306' title='bbox 1080 2112 1368 2175; x_wconf 89' lang='lat' dir='ltr'>Dominus,</span> <span class='ocrx_word' id='word_1_307' title='bbox 1395 2130 1520 2167; x_wconf 92' lang='lat' dir='ltr'>cum</span> <span class='ocrx_word' id='word_1_308' title='bbox 1553 2132 1653 2185; x_wconf 88' lang='lat' dir='ltr'>per</span> <span class='ocrx_word' id='word_1_309' title='bbox 1707 2116 2057 2184; x_wconf 69' lang='lat' dir='ltr'>tegritudinis</span> <span class='ocrx_word' id='word_1_310' title='bbox 2140 2132 2368 2168; x_wconf 87' lang='lat' dir='ltr'>manum</span> <span class='ocrx_word' id='word_1_311' title='bbox 2392 2132 2491 2185; x_wconf 89' lang='lat' dir='ltr'>per</span> <span class='ocrx_word' id='word_1_312' title='bbox 2518 2115 2767 2167; x_wconf 83' lang='lat' dir='ltr'>foramen</span> <span class='ocrx_word' id='word_1_313' title='bbox 2803 2113 2996 2178; x_wconf 89' lang='lat' dir='ltr'>mittit,</span> <span class='ocrx_word' id='word_1_314' title='bbox 3018 2120 3075 2167; x_wconf 88' lang='lat' dir='ltr'>et</span> <span class='ocrx_word' id='word_1_315' title='bbox 3105 2119 3351 2166; x_wconf 88' lang='lat' dir='ltr'>ventrem</span> <span class='ocrx_word' id='word_1_316' title='bbox 3376 2112 3579 2181; x_wconf 76' lang='lat' dir='ltr'>tangit.</span> <span class='ocrx_word' id='word_1_317' title='bbox 3602 2127 3733 2165; x_wconf 88' lang='lat' dir='ltr'>cum</span> 
     </span>
    </p>
   </div>
   <div class='ocr_carea' id='block_1_22' title="bbox 460 2198 3734 2275">
    <p class='ocr_par' dir='ltr' id='par_1_22' title="bbox 460 2198 3734 2275">
     <span class='ocr_line' id='line_1_22' title="bbox 460 2198 3734 2275; baseline 0 -23"><span class='ocrx_word' id='word_1_318' title='bbox 460 2198 776 2252; x_wconf 87' lang='lat' dir='ltr'>molestiam</span> <span class='ocrx_word' id='word_1_319' title='bbox 810 2216 931 2253; x_wconf 90' lang='lat' dir='ltr'>esse</span> <span class='ocrx_word' id='word_1_320' title='bbox 962 2206 1198 2254; x_wconf 84' lang='lat' dir='ltr'>mortem</span> <span class='ocrx_word' id='word_1_321' title='bbox 1241 2203 1477 2255; x_wconf 83' lang='lat' dir='ltr'>vicinam</span> <span class='ocrx_word' id='word_1_322' title='bbox 1519 2204 1793 2273; x_wconf 86' lang='lat' dir='ltr'>designat.</span> <span class='ocrx_word' id='word_1_323' title='bbox 1829 2205 1907 2259; x_wconf 90' lang='lat' dir='ltr'>De</span> <span class='ocrx_word' id='word_1_324' title='bbox 1946 2222 2058 2275; x_wconf 85' lang='lat' dir='ltr'>qua</span> <span class='ocrx_word' id='word_1_325' title='bbox 2139 2202 2359 2255; x_wconf 86' lang='lat' dir='ltr'>interna</span> <span class='ocrx_word' id='word_1_326' title='bbox 2387 2202 2641 2255; x_wconf 88' lang='lat' dir='ltr'>conditor</span> <span class='ocrx_word' id='word_1_327' title='bbox 2670 2201 3036 2271; x_wconf 88' lang='lat' dir='ltr'>inspiratione</span> <span class='ocrx_word' id='word_1_328' title='bbox 3064 2216 3160 2252; x_wconf 80' lang='lat' dir='ltr'>cor</span> <span class='ocrx_word' id='word_1_329' title='bbox 3187 2199 3389 2257; x_wconf 81' lang='lat' dir='ltr'>visitat.</span> <span class='ocrx_word' id='word_1_330' title='bbox 3418 2207 3476 2252; x_wconf 89' lang='lat' dir='ltr'>et</span> <span class='ocrx_word' id='word_1_331' title='bbox 3504 2198 3573 2251; x_wconf 91' lang='lat' dir='ltr'>ad</span> <span class='ocrx_word' id='word_1_332' title='bbox 3601 2214 3734 2268; x_wconf 88' lang='lat' dir='ltr'>pro-</span> 
     </span>
    </p>
   </div>
   <div class='ocr_carea' id='block_1_23' title="bbox 460 2286 3735 2358">
    <p class='ocr_par' dir='ltr' id='par_1_23' title="bbox 460 2286 3735 2358">
     <span class='ocr_line' id='line_1_23' title="bbox 460 2286 3735 2358; baseline -0.001 -16"><span class='ocrx_word' id='word_1_333' title='bbox 460 2287 777 2358; x_wconf 88' lang='lat' dir='ltr'>pulsatione</span> <span class='ocrx_word' id='word_1_334' title='bbox 809 2286 866 2341; x_wconf 89' lang='lat' dir='ltr'>in</span> <span class='ocrx_word' id='word_1_335' title='bbox 898 2289 1196 2358; x_wconf 90' lang='lat' dir='ltr'>Evangelio</span> <span class='ocrx_word' id='word_1_336' title='bbox 1221 2290 1427 2344; x_wconf 89' lang='lat' dir='ltr'>dicitur</span> <span class='ocrx_word' id='word_1_337' title='bbox 1454 2309 1464 2343; x_wconf 93' lang='lat'>:</span> <span class='ocrx_word' id='word_1_338' title='bbox 1502 2292 1577 2346; x_wconf 93' lang='lat' dir='ltr'>Ut</span> <span class='ocrx_word' id='word_1_339' title='bbox 1604 2309 1727 2345; x_wconf 81' lang='lat' dir='ltr'>cum</span> <span class='ocrx_word' id='word_1_340' title='bbox 1762 2294 1976 2347; x_wconf 82' lang='lat' dir='ltr'>venerit</span> <span class='ocrx_word' id='word_1_341' title='bbox 2002 2301 2059 2348; x_wconf 90' lang='lat' dir='ltr'>et</span> <span class='ocrx_word' id='word_1_342' title='bbox 2137 2292 2346 2345; x_wconf 84' lang='lat' dir='ltr'>fectum</span> <span class='ocrx_word' id='word_1_343' title='bbox 2378 2291 2646 2344; x_wconf 88' lang='lat' dir='ltr'>virtutum</span> <span class='ocrx_word' id='word_1_344' title='bbox 2673 2289 2945 2348; x_wconf 82' lang='lat' dir='ltr'>accendit.</span> <span class='ocrx_word' id='word_1_345' title='bbox 3003 2305 3099 2341; x_wconf 91' lang='lat' dir='ltr'>seu</span> <span class='ocrx_word' id='word_1_346' title='bbox 3133 2289 3302 2341; x_wconf 86' lang='lat' dir='ltr'>etiam</span> <span class='ocrx_word' id='word_1_347' title='bbox 3361 2304 3487 2341; x_wconf 90' lang='lat' dir='ltr'>cum</span> <span class='ocrx_word' id='word_1_348' title='bbox 3519 2304 3622 2340; x_wconf 91' lang='lat' dir='ltr'>nos</span> <span class='ocrx_word' id='word_1_349' title='bbox 3658 2286 3735 2340; x_wconf 85' lang='lat' dir='ltr'>ad</span> 
     </span>
    </p>
   </div>
   <div class='ocr_carea' id='block_1_24' title="bbox 459 2375 3735 2452">
    <p class='ocr_par' dir='ltr' id='par_1_24' title="bbox 459 2375 3735 2452">
     <span class='ocr_line' id='line_1_24' title="bbox 459 2375 3735 2452; baseline 0.001 -24"><span class='ocrx_word' id='word_1_350' title='bbox 459 2375 785 2446; x_wconf 76' lang='lat' dir='ltr'>pulsaverit,</span> <span class='ocrx_word' id='word_1_351' title='bbox 822 2376 1112 2430; x_wconf 79' lang='lat' dir='ltr'>confestim</span> <span class='ocrx_word' id='word_1_352' title='bbox 1141 2378 1401 2448; x_wconf 88' lang='lat' dir='ltr'>aperiant</span> <span class='ocrx_word' id='word_1_353' title='bbox 1422 2378 1490 2432; x_wconf 84' lang='lat' dir='ltr'>ei-</span> <span class='ocrx_word' id='word_1_354' title='bbox 1516 2380 1623 2433; x_wconf 88' lang='lat' dir='ltr'>Sed</span> <span class='ocrx_word' id='word_1_355' title='bbox 1656 2381 1759 2434; x_wconf 86' lang='lat' dir='ltr'>hoc</span> <span class='ocrx_word' id='word_1_356' title='bbox 1791 2382 1908 2435; x_wconf 92' lang='lat' dir='ltr'>loco</span> <span class='ocrx_word' id='word_1_357' title='bbox 1931 2383 2056 2452; x_wconf 91' lang='lat' dir='ltr'>pul-</span> <span class='ocrx_word' id='word_1_358' title='bbox 2139 2380 2466 2433; x_wconf 87' lang='lat' dir='ltr'>memoriam</span> <span class='ocrx_word' id='word_1_359' title='bbox 2496 2395 2725 2449; x_wconf 84' lang='lat' dir='ltr'>Operum</span> <span class='ocrx_word' id='word_1_360' title='bbox 2779 2394 3006 2431; x_wconf 89' lang='lat' dir='ltr'>suorum</span> <span class='ocrx_word' id='word_1_361' title='bbox 3066 2384 3305 2440; x_wconf 82' lang='lat' dir='ltr'>revocat,</span> <span class='ocrx_word' id='word_1_362' title='bbox 3332 2386 3396 2430; x_wconf 93' lang='lat' dir='ltr'>ut</span> <span class='ocrx_word' id='word_1_363' title='bbox 3422 2376 3735 2445; x_wconf 80' lang='lat' dir='ltr'>Cogitemus</span> 
     </span>
    </p>
   </div>
   <div class='ocr_carea' id='block_1_25' title="bbox 464 2464 3734 2540">
    <p class='ocr_par' dir='ltr' id='par_1_25' title="bbox 464 2464 3734 2540">
     <span class='ocr_line' id='line_1_25' title="bbox 464 2464 3734 2540; baseline 0 -22"><span class='ocrx_word' id='word_1_364' title='bbox 464 2481 588 2518; x_wconf 90' lang='lat' dir='ltr'>sarc</span> <span class='ocrx_word' id='word_1_365' title='bbox 618 2464 824 2518; x_wconf 79' lang='lat' dir='ltr'>dicitur</span> <span class='ocrx_word' id='word_1_366' title='bbox 842 2465 947 2518; x_wconf 89' lang='lat' dir='ltr'>hoc</span> <span class='ocrx_word' id='word_1_367' title='bbox 969 2472 1074 2526; x_wconf 88' lang='lat' dir='ltr'>est,</span> <span class='ocrx_word' id='word_1_368' title='bbox 1103 2466 1403 2520; x_wconf 87' lang='lat' dir='ltr'>Ecclesiam</span> <span class='ocrx_word' id='word_1_369' title='bbox 1436 2467 1504 2520; x_wconf 90' lang='lat' dir='ltr'>ad</span> <span class='ocrx_word' id='word_1_370' title='bbox 1554 2484 1693 2538; x_wconf 84' lang='lat' dir='ltr'>Opus</span> <span class='ocrx_word' id='word_1_371' title='bbox 1724 2470 2056 2539; x_wconf 87' lang='lat' dir='ltr'>pulsationis</span> <span class='ocrx_word' id='word_1_372' title='bbox 2138 2469 2272 2540; x_wconf 88' lang='lat' dir='ltr'>quia</span> <span class='ocrx_word' id='word_1_373' title='bbox 2296 2485 2421 2523; x_wconf 89' lang='lat' dir='ltr'>cum</span> <span class='ocrx_word' id='word_1_374' title='bbox 2452 2468 2604 2522; x_wconf 83' lang='lat' dir='ltr'>Deus</span> <span class='ocrx_word' id='word_1_375' title='bbox 2631 2473 2799 2530; x_wconf 83' lang='lat' dir='ltr'>esset,</span> <span class='ocrx_word' id='word_1_376' title='bbox 2823 2484 2924 2538; x_wconf 91' lang='lat' dir='ltr'>pro</span> <span class='ocrx_word' id='word_1_377' title='bbox 2947 2466 3105 2529; x_wconf 88' lang='lat' dir='ltr'>nobis</span> <span class='ocrx_word' id='word_1_378' title='bbox 3129 2466 3297 2520; x_wconf 89' lang='lat' dir='ltr'>homo</span> <span class='ocrx_word' id='word_1_379' title='bbox 3328 2466 3445 2519; x_wconf 89' lang='lat' dir='ltr'>ﬁeri</span> <span class='ocrx_word' id='word_1_380' title='bbox 3467 2465 3734 2534; x_wconf 86' lang='lat' dir='ltr'>dignatus</span> 
     </span>
    </p>
   </div>
   <div class='ocr_carea' id='block_1_26' title="bbox 461 2554 3738 2625">
    <p class='ocr_par' dir='ltr' id='par_1_26' title="bbox 461 2554 3738 2625">
     <span class='ocr_line' id='line_1_26' title="bbox 461 2554 3738 2625; baseline 0 -19"><span class='ocrx_word' id='word_1_381' title='bbox 461 2554 751 2623; x_wconf 84' lang='lat' dir='ltr'>instigare.</span> <span class='ocrx_word' id='word_1_382' title='bbox 788 2572 813 2605; x_wconf 76' lang='grc' dir='ltr'><strong><em>α</em></strong></span> <span class='ocrx_word' id='word_1_383' title='bbox 837 2554 1006 2624; x_wconf 87' lang='lat' dir='ltr'>Aperi</span> <span class='ocrx_word' id='word_1_384' title='bbox 1041 2555 1197 2618; x_wconf 84' lang='lat' dir='ltr'>mihi,</span> <span class='ocrx_word' id='word_1_385' title='bbox 1231 2572 1389 2609; x_wconf 88' lang='lat' dir='ltr'>soror</span> <span class='ocrx_word' id='word_1_386' title='bbox 1411 2572 1553 2612; x_wconf 87' lang='lat' dir='ltr'>mea.</span> <span class='ocrx_word' id='word_1_387' title='bbox 1588 2557 1768 2611; x_wconf 82' lang='lat' dir='ltr'>amica</span> <span class='ocrx_word' id='word_1_388' title='bbox 1792 2575 1935 2619; x_wconf 87' lang='lat' dir='ltr'>mea,</span> <span class='ocrx_word' id='word_1_389' title='bbox 1962 2576 2055 2612; x_wconf 84' lang='lat' dir='ltr'>co-</span> <span class='ocrx_word' id='word_1_390' title='bbox 2138 2564 2241 2621; x_wconf 90' lang='lat' dir='ltr'>est,</span> <span class='ocrx_word' id='word_1_391' title='bbox 2264 2565 2328 2611; x_wconf 92' lang='lat' dir='ltr'>ut</span> <span class='ocrx_word' id='word_1_392' title='bbox 2350 2568 2573 2611; x_wconf 89' lang='lat' dir='ltr'>terrena</span> <span class='ocrx_word' id='word_1_393' title='bbox 2592 2564 2782 2610; x_wconf 91' lang='lat' dir='ltr'>nostra</span> <span class='ocrx_word' id='word_1_394' title='bbox 2803 2555 3134 2625; x_wconf 86' lang='lat' dir='ltr'>suscipiens.</span> <span class='ocrx_word' id='word_1_395' title='bbox 3173 2556 3427 2608; x_wconf 68' lang='lat' dir='ltr'>cmlestes</span> <span class='ocrx_word' id='word_1_396' title='bbox 3456 2570 3557 2606; x_wconf 87' lang='lat' dir='ltr'>nos</span> <span class='ocrx_word' id='word_1_397' title='bbox 3589 2554 3738 2607; x_wconf 88' lang='lat' dir='ltr'>face-</span> 
     </span>
    </p>
   </div>
   <div class='ocr_carea' id='block_1_27' title="bbox 460 2641 3737 2715">
    <p class='ocr_par' dir='ltr' id='par_1_27' title="bbox 460 2641 3737 2715">
     <span class='ocr_line' id='line_1_27' title="bbox 460 2641 3737 2715; baseline 0 -20"><span class='ocrx_word' id='word_1_398' title='bbox 460 2641 651 2696; x_wconf 84' lang='lat' dir='ltr'>lumba</span> <span class='ocrx_word' id='word_1_399' title='bbox 680 2658 822 2699; x_wconf 90' lang='lat' dir='ltr'>mea.</span> <span class='ocrx_word' id='word_1_400' title='bbox 854 2643 1215 2697; x_wconf 89' lang='lat' dir='ltr'>immaculata</span> <span class='ocrx_word' id='word_1_401' title='bbox 1244 2660 1384 2697; x_wconf 91' lang='lat' dir='ltr'>mea.</span> <span class='ocrx_word' id='word_1_402' title='bbox 1425 2664 1449 2695; x_wconf 77' lang='grc' dir='ltr'>ι)</span> <span class='ocrx_word' id='word_1_403' title='bbox 1482 2666 1502 2695; x_wconf 73' lang='grc' dir='ltr'><em>α</em></span> <span class='ocrx_word' id='word_1_404' title='bbox 1538 2645 1703 2715; x_wconf 88' lang='lat' dir='ltr'>Aperi</span> <span class='ocrx_word' id='word_1_405' title='bbox 1729 2646 2057 2709; x_wconf 87' lang='lat' dir='ltr'>mihi,soror</span> <span class='ocrx_word' id='word_1_406' title='bbox 2139 2654 2243 2703; x_wconf 86' lang='lat' dir='ltr'>ret.</span> <span class='ocrx_word' id='word_1_407' title='bbox 2273 2653 2330 2699; x_wconf 91' lang='lat' dir='ltr'>et</span> <span class='ocrx_word' id='word_1_408' title='bbox 2363 2645 2650 2699; x_wconf 87' lang='lat' dir='ltr'>moriendo</span> <span class='ocrx_word' id='word_1_409' title='bbox 2697 2662 2796 2715; x_wconf 93' lang='lat' dir='ltr'>pro</span> <span class='ocrx_word' id='word_1_410' title='bbox 2849 2644 3028 2699; x_wconf 79' lang='lat' dir='ltr'>nobis.</span> <span class='ocrx_word' id='word_1_411' title='bbox 3052 2645 3220 2696; x_wconf 88' lang='lat' dir='ltr'>vitam</span> <span class='ocrx_word' id='word_1_412' title='bbox 3274 2650 3538 2697; x_wconf 66' lang='lat' dir='ltr'>aeternam</span> <span class='ocrx_word' id='word_1_413' title='bbox 3570 2642 3737 2696; x_wconf 89' lang='lat' dir='ltr'>nobis</span> 
     </span>
    </p>
   </div>
   <div class='ocr_carea' id='block_1_28' title="bbox 456 2729 3736 2801">
    <p class='ocr_par' dir='ltr' id='par_1_28' title="bbox 456 2729 3736 2801">
     <span class='ocr_line' id='line_1_28' title="bbox 456 2729 3736 2801; baseline -0.001 -16"><span class='ocrx_word' id='word_1_414' title='bbox 456 2731 835 2785; x_wconf 59' lang='lat' dir='ltr'>mea-Soror.</span> <span class='ocrx_word' id='word_1_415' title='bbox 854 2729 982 2799; x_wconf 90' lang='lat' dir='ltr'>quia</span> <span class='ocrx_word' id='word_1_416' title='bbox 1002 2730 1316 2785; x_wconf 69' lang='lat' dir='ltr'>cohazreses</span> <span class='ocrx_word' id='word_1_417' title='bbox 1333 2732 1802 2801; x_wconf 81' lang='lat' dir='ltr'>regnimeifacta:</span> <span class='ocrx_word' id='word_1_418' title='bbox 1832 2754 1855 2785; x_wconf 74' lang='grc' dir='ltr'>ι</span> <span class='ocrx_word' id='word_1_419' title='bbox 1876 2736 2059 2790; x_wconf 86' lang='lat' dir='ltr'>amica</span> <span class='ocrx_word' id='word_1_420' title='bbox 2138 2735 2392 2788; x_wconf 87' lang='lat' dir='ltr'>donaret.</span> <span class='ocrx_word' id='word_1_421' title='bbox 2428 2734 2584 2798; x_wconf 91' lang='lat' dir='ltr'>Quod</span> <span class='ocrx_word' id='word_1_422' title='bbox 2616 2750 2740 2787; x_wconf 91' lang='lat' dir='ltr'>cum</span> <span class='ocrx_word' id='word_1_423' title='bbox 2771 2734 2852 2792; x_wconf 89' lang='lat' dir='ltr'>ﬁt,</span> <span class='ocrx_word' id='word_1_424' title='bbox 2886 2739 3081 2786; x_wconf 85' lang='lat' dir='ltr'>venter</span> <span class='ocrx_word' id='word_1_425' title='bbox 3109 2731 3421 2790; x_wconf 90' lang='lat' dir='ltr'>intremuit,</span> <span class='ocrx_word' id='word_1_426' title='bbox 3449 2730 3583 2801; x_wconf 88' lang='lat' dir='ltr'>quia</span> <span class='ocrx_word' id='word_1_427' title='bbox 3602 2745 3736 2783; x_wconf 90' lang='lat' dir='ltr'>cum</span> 
     </span>
    </p>
   </div>
   <div class='ocr_carea' id='block_1_29' title="bbox 457 2818 3736 2892">
    <p class='ocr_par' dir='ltr' id='par_1_29' title="bbox 457 2818 3736 2892">
     <span class='ocr_line' id='line_1_29' title="bbox 457 2818 3736 2892; baseline -0 -20"><span class='ocrx_word' id='word_1_428' title='bbox 457 2836 601 2885; x_wconf 80' lang='lat' dir='ltr'>mea,</span> <span class='ocrx_word' id='word_1_429' title='bbox 630 2838 652 2869; x_wconf 78' lang='grc' dir='ltr'><strong><em>ι</em></strong></span> <span class='ocrx_word' id='word_1_430' title='bbox 691 2820 824 2889; x_wconf 87' lang='lat' dir='ltr'>quia</span> <span class='ocrx_word' id='word_1_431' title='bbox 852 2818 921 2872; x_wconf 91' lang='lat' dir='ltr'>de</span> <span class='ocrx_word' id='word_1_432' title='bbox 944 2820 1083 2887; x_wconf 89' lang='lat' dir='ltr'>jugo</span> <span class='ocrx_word' id='word_1_433' title='bbox 1106 2820 1388 2874; x_wconf 81' lang='lat' dir='ltr'>servitutis</span> <span class='ocrx_word' id='word_1_434' title='bbox 1412 2820 1648 2875; x_wconf 88' lang='lat' dir='ltr'>liberata</span> <span class='ocrx_word' id='word_1_435' title='bbox 1678 2838 1884 2875; x_wconf 88' lang='lat' dir='ltr'>arcana</span> <span class='ocrx_word' id='word_1_436' title='bbox 1912 2824 2058 2877; x_wconf 75' lang='lat' dir='ltr'>veri-</span> <span class='ocrx_word' id='word_1_437' title='bbox 2139 2823 2275 2876; x_wconf 89' lang='lat' dir='ltr'>talia</span> <span class='ocrx_word' id='word_1_438' title='bbox 2297 2823 2544 2892; x_wconf 89' lang='lat' dir='ltr'>cogitare</span> <span class='ocrx_word' id='word_1_439' title='bbox 2593 2821 2910 2891; x_wconf 88' lang='lat' dir='ltr'>incipimus,</span> <span class='ocrx_word' id='word_1_440' title='bbox 2960 2820 3144 2874; x_wconf 89' lang='lat' dir='ltr'>cordis</span> <span class='ocrx_word' id='word_1_441' title='bbox 3196 2820 3372 2873; x_wconf 90' lang='lat' dir='ltr'>nostri</span> <span class='ocrx_word' id='word_1_442' title='bbox 3426 2834 3633 2872; x_wconf 87' lang='lat' dir='ltr'>arcana</span> <span class='ocrx_word' id='word_1_443' title='bbox 3672 2834 3736 2871; x_wconf 91' lang='lat' dir='ltr'>se</span> 
     </span>
    </p>
   </div>
   <div class='ocr_carea' id='block_1_30' title="bbox 458 2907 3736 2982">
    <p class='ocr_par' dir='ltr' id='par_1_30' title="bbox 458 2907 3736 2982">
     <span class='ocr_line' id='line_1_30' title="bbox 458 2907 3736 2982; baseline -0.001 -21"><span class='ocrx_word' id='word_1_444' title='bbox 458 2908 589 2962; x_wconf 89' lang='lat' dir='ltr'>tatis</span> <span class='ocrx_word' id='word_1_445' title='bbox 621 2924 757 2961; x_wconf 84' lang='lat' dir='ltr'>meae</span> <span class='ocrx_word' id='word_1_446' title='bbox 786 2908 1092 2977; x_wconf 80' lang='lat' dir='ltr'>cognovisti</span> <span class='ocrx_word' id='word_1_447' title='bbox 1123 2926 1169 2960; x_wconf 76' lang='grc' dir='ltr'>ε(</span> <span class='ocrx_word' id='word_1_448' title='bbox 1203 2909 1461 2963; x_wconf 87' lang='lat' dir='ltr'>columba</span> <span class='ocrx_word' id='word_1_449' title='bbox 1493 2911 1811 2981; x_wconf 75' lang='lat' dir='ltr'>mea,nquia</span> <span class='ocrx_word' id='word_1_450' title='bbox 1829 2912 2059 2982; x_wconf 88' lang='lat' dir='ltr'>spiritus</span> <span class='ocrx_word' id='word_1_451' title='bbox 2140 2912 2483 2969; x_wconf 89' lang='lat' dir='ltr'>concutiunt,</span> <span class='ocrx_word' id='word_1_452' title='bbox 2519 2910 2652 2964; x_wconf 93' lang='lat' dir='ltr'>dum</span> <span class='ocrx_word' id='word_1_453' title='bbox 2682 2917 2909 2979; x_wconf 88' lang='lat' dir='ltr'>stupere</span> <span class='ocrx_word' id='word_1_454' title='bbox 2948 2908 3260 2979; x_wconf 77' lang='lat' dir='ltr'>incipimus,</span> <span class='ocrx_word' id='word_1_455' title='bbox 3294 2914 3504 2978; x_wconf 87' lang='lat' dir='ltr'>quanta</span> <span class='ocrx_word' id='word_1_456' title='bbox 3534 2907 3736 2976; x_wconf 84' lang='lat' dir='ltr'>digna-</span> 
     </span>
    </p>
   </div>
   <div class='ocr_carea' id='block_1_31' title="bbox 462 2996 3734 3074">
    <p class='ocr_par' dir='ltr' id='par_1_31' title="bbox 462 2996 3734 3074">
     <span class='ocr_line' id='line_1_31' title="bbox 462 2996 3734 3074; baseline 0 -25"><span class='ocrx_word' id='word_1_457' title='bbox 462 2996 573 3049; x_wconf 90' lang='lat' dir='ltr'>mei</span> <span class='ocrx_word' id='word_1_458' title='bbox 604 2996 734 3049; x_wconf 87' lang='lat' dir='ltr'>dote</span> <span class='ocrx_word' id='word_1_459' title='bbox 765 3012 824 3048; x_wconf 91' lang='lat' dir='ltr'>es</span> <span class='ocrx_word' id='word_1_460' title='bbox 845 2996 1188 3049; x_wconf 87' lang='lat' dir='ltr'>sanctiﬁcata</span> <span class='ocrx_word' id='word_1_461' title='bbox 1224 3014 1235 3049; x_wconf 92' lang='lat'>:</span> <span class='ocrx_word' id='word_1_462' title='bbox 1274 3017 1295 3047; x_wconf 75' lang='grc' dir='ltr'><strong><em>α</em></strong></span> <span class='ocrx_word' id='word_1_463' title='bbox 1324 2998 1683 3053; x_wconf 87' lang='lat' dir='ltr'>immaculata</span> <span class='ocrx_word' id='word_1_464' title='bbox 1717 3016 1892 3059; x_wconf 64' lang='lat' dir='ltr'>mea.)</span> <span class='ocrx_word' id='word_1_465' title='bbox 1927 3001 2056 3070; x_wconf 92' lang='lat' dir='ltr'>quia</span> <span class='ocrx_word' id='word_1_466' title='bbox 2074 3014 2118 3074; x_wconf 71' lang='grc' dir='ltr'><strong>ρ</strong></span> <span class='ocrx_word' id='word_1_467' title='bbox 2139 3000 2289 3055; x_wconf 90' lang='lat' dir='ltr'>tione</span> <span class='ocrx_word' id='word_1_468' title='bbox 2304 3001 2419 3054; x_wconf 68' lang='lat' dir='ltr'>haec</span> <span class='ocrx_word' id='word_1_469' title='bbox 2436 2999 2814 3068; x_wconf 86' lang='lat' dir='ltr'>Conditorpro</span> <span class='ocrx_word' id='word_1_470' title='bbox 2837 2997 2993 3051; x_wconf 90' lang='lat' dir='ltr'>nobis</span> <span class='ocrx_word' id='word_1_471' title='bbox 3015 2997 3457 3067; x_wconf 89' lang='lat' dir='ltr'>ageredignatus</span> <span class='ocrx_word' id='word_1_472' title='bbox 3475 2996 3734 3049; x_wconf 72' lang='lat' dir='ltr'>estNam</span> 
     </span>
    </p>
   </div>
   <div class='ocr_carea' id='block_1_32' title="bbox 460 3084 3738 3161">
    <p class='ocr_par' dir='ltr' id='par_1_32' title="bbox 460 3084 3738 3161">
     <span class='ocr_line' id='line_1_32' title="bbox 460 3084 3738 3161; baseline 0 -24"><span class='ocrx_word' id='word_1_473' title='bbox 460 3084 732 3137; x_wconf 69' lang='lat' dir='ltr'>effusione</span> <span class='ocrx_word' id='word_1_474' title='bbox 754 3084 864 3136; x_wconf 91' lang='lat' dir='ltr'>mei</span> <span class='ocrx_word' id='word_1_475' title='bbox 883 3084 1171 3152; x_wconf 88' lang='lat' dir='ltr'>sanguinis</span> <span class='ocrx_word' id='word_1_476' title='bbox 1202 3085 1270 3138; x_wconf 89' lang='lat' dir='ltr'>ab</span> <span class='ocrx_word' id='word_1_477' title='bbox 1290 3087 1439 3139; x_wconf 92' lang='lat' dir='ltr'>omni</span> <span class='ocrx_word' id='word_1_478' title='bbox 1457 3096 1811 3158; x_wconf 89' lang='lat' dir='ltr'>peccatorum</span> <span class='ocrx_word' id='word_1_479' title='bbox 1836 3091 2053 3143; x_wconf 89' lang='lat' dir='ltr'>macula</span> <span class='ocrx_word' id='word_1_480' title='bbox 2137 3089 2286 3161; x_wconf 87' lang='lat' dir='ltr'>quod</span> <span class='ocrx_word' id='word_1_481' title='bbox 2318 3094 2512 3142; x_wconf 90' lang='lat' dir='ltr'>venter</span> <span class='ocrx_word' id='word_1_482' title='bbox 2536 3105 2631 3141; x_wconf 88' lang='lat' dir='ltr'>cor</span> <span class='ocrx_word' id='word_1_483' title='bbox 2659 3087 2953 3157; x_wconf 82' lang='lat' dir='ltr'>signiﬁcet,</span> <span class='ocrx_word' id='word_1_484' title='bbox 3016 3086 3260 3139; x_wconf 77' lang='lat' dir='ltr'>ostendit</span> <span class='ocrx_word' id='word_1_485' title='bbox 3311 3084 3609 3155; x_wconf 85' lang='lat' dir='ltr'>Propheta,</span> <span class='ocrx_word' id='word_1_486' title='bbox 3650 3084 3738 3138; x_wconf 85' lang='lat' dir='ltr'>di-</span> 
     </span>
    </p>
   </div>
   <div class='ocr_carea' id='block_1_33' title="bbox 457 3173 3729 3246">
    <p class='ocr_par' dir='ltr' id='par_1_33' title="bbox 457 3173 3729 3246">
     <span class='ocr_line' id='line_1_33' title="bbox 457 3173 3729 3246; baseline -0 -20"><span class='ocrx_word' id='word_1_487' title='bbox 457 3179 699 3243; x_wconf 88' lang='lat' dir='ltr'>purgata</span> <span class='ocrx_word' id='word_1_488' title='bbox 720 3173 1010 3242; x_wconf 75' lang='lat' dir='ltr'>es.¢Aperi</span> <span class='ocrx_word' id='word_1_489' title='bbox 1032 3173 1527 3237; x_wconf 76' lang='lat' dir='ltr'>mihi,-hocest.de</span> <span class='ocrx_word' id='word_1_490' title='bbox 1548 3177 1737 3246; x_wconf 91' lang='lat' dir='ltr'>quiete</span> <span class='ocrx_word' id='word_1_491' title='bbox 1761 3184 1813 3231; x_wconf 91' lang='lat' dir='ltr'>et</span> <span class='ocrx_word' id='word_1_492' title='bbox 1843 3177 1955 3232; x_wconf 89' lang='lat' dir='ltr'>otio</span> <span class='ocrx_word' id='word_1_493' title='bbox 1976 3178 2055 3231; x_wconf 91' lang='lat' dir='ltr'>di-</span> <span class='ocrx_word' id='word_1_494' title='bbox 2136 3195 2266 3232; x_wconf 89' lang='lat' dir='ltr'>cens</span> <span class='ocrx_word' id='word_1_495' title='bbox 2301 3197 2313 3232; x_wconf 86' lang='lat'><strong>:</strong></span> <span class='ocrx_word' id='word_1_496' title='bbox 2350 3198 2373 3228; x_wconf 72' lang='grc' dir='ltr'><strong>ε</strong></span> <span class='ocrx_word' id='word_1_497' title='bbox 2400 3179 2662 3231; x_wconf 82' lang='lat' dir='ltr'>Ventrem</span> <span class='ocrx_word' id='word_1_498' title='bbox 2692 3192 2899 3241; x_wconf 91' lang='lat' dir='ltr'>meum,</span> <span class='ocrx_word' id='word_1_499' title='bbox 2945 3182 3197 3229; x_wconf 89' lang='lat' dir='ltr'>ventrem</span> <span class='ocrx_word' id='word_1_500' title='bbox 3247 3190 3433 3227; x_wconf 92' lang='lat' dir='ltr'>meum</span> <span class='ocrx_word' id='word_1_501' title='bbox 3459 3174 3648 3228; x_wconf 88' lang='lat' dir='ltr'>doleo.</span> <span class='ocrx_word' id='word_1_502' title='bbox 3699 3190 3729 3225; x_wconf 74' lang='grc' dir='ltr'><strong>ι</strong></span> 
     </span>
    </p>
   </div>
   <div class='ocr_carea' id='block_1_34' title="bbox 448 3260 3733 3337">
    <p class='ocr_par' dir='ltr' id='par_1_34' title="bbox 448 3260 3733 3337">
     <span class='ocr_line' id='line_1_34' title="bbox 448 3260 3733 3337; baseline -0.001 -22"><span class='ocrx_word' id='word_1_503' title='bbox 448 3262 610 3325; x_wconf 66' lang='lat' dir='ltr'>lectae</span> <span class='ocrx_word' id='word_1_504' title='bbox 632 3261 730 3314; x_wconf 91' lang='lat' dir='ltr'>tibi</span> <span class='ocrx_word' id='word_1_505' title='bbox 749 3261 1235 3327; x_wconf 82' lang='lat' dir='ltr'>contemplationis</span> <span class='ocrx_word' id='word_1_506' title='bbox 1257 3264 1522 3332; x_wconf 86' lang='lat' dir='ltr'>egredere</span> <span class='ocrx_word' id='word_1_507' title='bbox 1544 3265 1611 3317; x_wconf 87' lang='lat' dir='ltr'>ad</span> <span class='ocrx_word' id='word_1_508' title='bbox 1643 3282 1782 3335; x_wconf 92' lang='lat' dir='ltr'>opus</span> <span class='ocrx_word' id='word_1_509' title='bbox 1797 3266 2057 3336; x_wconf 83' lang='lat' dir='ltr'>praedica-</span> <span class='ocrx_word' id='word_1_510' title='bbox 2138 3267 2296 3331; x_wconf 89' lang='lat' dir='ltr'>Quod</span> <span class='ocrx_word' id='word_1_511' title='bbox 2316 3267 2446 3337; x_wconf 91' lang='lat' dir='ltr'>quid</span> <span class='ocrx_word' id='word_1_512' title='bbox 2477 3271 2626 3319; x_wconf 84' lang='lat' dir='ltr'>esset</span> <span class='ocrx_word' id='word_1_513' title='bbox 2650 3264 2914 3320; x_wconf 90' lang='lat' dir='ltr'>ostendit.</span> <span class='ocrx_word' id='word_1_514' title='bbox 2949 3264 3139 3318; x_wconf 90' lang='lat' dir='ltr'>dicens</span> <span class='ocrx_word' id='word_1_515' title='bbox 3167 3282 3177 3315; x_wconf 97' lang='lat'>:</span> <span class='ocrx_word' id='word_1_516' title='bbox 3218 3283 3240 3314; x_wconf 75' lang='grc' dir='ltr'>ι</span> <span class='ocrx_word' id='word_1_517' title='bbox 3290 3262 3499 3317; x_wconf 87' lang='lat' dir='ltr'>Sensus</span> <span class='ocrx_word' id='word_1_518' title='bbox 3543 3260 3733 3315; x_wconf 89' lang='lat' dir='ltr'>cordis</span> 
     </span>
    </p>
   </div>
   <div class='ocr_carea' id='block_1_35' title="bbox 457 3349 2755 3425">
    <p class='ocr_par' dir='ltr' id='par_1_35' title="bbox 457 3349 2755 3425">
     <span class='ocr_line' id='line_1_35' title="bbox 457 3349 2755 3425; baseline 0.002 -23"><span class='ocrx_word' id='word_1_519' title='bbox 457 3350 627 3403; x_wconf 83' lang='lat' dir='ltr'>tionis</span> <span class='ocrx_word' id='word_1_520' title='bbox 676 3370 697 3397; x_wconf 72' lang='grc' dir='ltr'><strong><em>ι</em></strong></span> <span class='ocrx_word' id='word_1_521' title='bbox 726 3349 869 3412; x_wconf 85' lang='lat' dir='ltr'>Quia</span> <span class='ocrx_word' id='word_1_522' title='bbox 898 3357 1065 3420; x_wconf 86' lang='lat' dir='ltr'>caput</span> <span class='ocrx_word' id='word_1_523' title='bbox 1087 3367 1272 3404; x_wconf 89' lang='lat' dir='ltr'>meum</span> <span class='ocrx_word' id='word_1_524' title='bbox 1310 3352 1534 3421; x_wconf 90' lang='lat' dir='ltr'>plenum</span> <span class='ocrx_word' id='word_1_525' title='bbox 1568 3359 1653 3407; x_wconf 87' lang='lat' dir='ltr'>est</span> <span class='ocrx_word' id='word_1_526' title='bbox 1681 3371 1825 3414; x_wconf 84' lang='lat' dir='ltr'>rore,</span> <span class='ocrx_word' id='word_1_527' title='bbox 1862 3362 1915 3409; x_wconf 87' lang='lat' dir='ltr'>et</span> <span class='ocrx_word' id='word_1_528' title='bbox 1940 3356 2053 3411; x_wconf 87' lang='lat' dir='ltr'>cin-</span> <span class='ocrx_word' id='word_1_529' title='bbox 2134 3356 2244 3409; x_wconf 91' lang='lat' dir='ltr'>mei</span> <span class='ocrx_word' id='word_1_530' title='bbox 2264 3355 2512 3425; x_wconf 88' lang='lat' dir='ltr'>dissipati</span> <span class='ocrx_word' id='word_1_531' title='bbox 2544 3360 2692 3408; x_wconf 92' lang='lat' dir='ltr'>sunt.</span> <span class='ocrx_word' id='word_1_532' title='bbox 2728 3373 2755 3407; x_wconf 72' lang='grc' dir='ltr'><strong>ι</strong></span> 
     </span>
    </p>
   </div>
   <div class='ocr_carea' id='block_1_36' title="bbox 459 3438 3731 3515">
    <p class='ocr_par' dir='ltr' id='par_1_36' title="bbox 459 3438 3731 3515">
     <span class='ocr_line' id='line_1_36' title="bbox 459 3438 3731 3515; baseline 0 -24"><span class='ocrx_word' id='word_1_533' title='bbox 459 3438 608 3492; x_wconf 85' lang='lat' dir='ltr'>cinni</span> <span class='ocrx_word' id='word_1_534' title='bbox 640 3439 747 3492; x_wconf 91' lang='lat' dir='ltr'>mei</span> <span class='ocrx_word' id='word_1_535' title='bbox 766 3438 944 3508; x_wconf 79' lang='lat' dir='ltr'>guttis</span> <span class='ocrx_word' id='word_1_536' title='bbox 960 3440 1228 3494; x_wconf 90' lang='lat' dir='ltr'>noctium.</span> <span class='ocrx_word' id='word_1_537' title='bbox 1258 3441 1479 3510; x_wconf 79' lang='lat' dir='ltr'>»Caput</span> <span class='ocrx_word' id='word_1_538' title='bbox 1513 3441 1763 3495; x_wconf 64' lang='lat' dir='ltr'>Ecclesiae</span> <span class='ocrx_word' id='word_1_539' title='bbox 1794 3449 1877 3509; x_wconf 92' lang='lat' dir='ltr'>(ut</span> <span class='ocrx_word' id='word_1_540' title='bbox 1900 3446 2052 3515; x_wconf 82' lang='lat' dir='ltr'>Apo-</span> <span class='ocrx_word' id='word_1_541' title='bbox 2209 3464 2231 3496; x_wconf 75' lang='grc' dir='ltr'>ι</span> <span class='ocrx_word' id='word_1_542' title='bbox 2268 3444 2496 3499; x_wconf 79' lang='lat' dir='ltr'>Surrexi</span> <span class='ocrx_word' id='word_1_543' title='bbox 2526 3449 2590 3497; x_wconf 92' lang='lat' dir='ltr'>ut</span> <span class='ocrx_word' id='word_1_544' title='bbox 2619 3441 2897 3513; x_wconf 86' lang='lat' dir='ltr'>aperirem</span> <span class='ocrx_word' id='word_1_545' title='bbox 2927 3441 3131 3495; x_wconf 87' lang='lat' dir='ltr'>dilecto</span> <span class='ocrx_word' id='word_1_546' title='bbox 3187 3456 3331 3493; x_wconf 91' lang='lat' dir='ltr'>meo.</span> <span class='ocrx_word' id='word_1_547' title='bbox 3367 3458 3394 3492; x_wconf 68' lang='grc' dir='ltr'><strong>υ</strong></span> <span class='ocrx_word' id='word_1_548' title='bbox 3426 3438 3731 3510; x_wconf 82' lang='lat' dir='ltr'>Aperimus</span> 
     </span>
    </p>
   </div>
   <div class='ocr_carea' id='block_1_37' title="bbox 456 3527 3725 3598">
    <p class='ocr_par' dir='ltr' id='par_1_37' title="bbox 456 3527 3725 3598">
     <span class='ocr_line' id='line_1_37' title="bbox 456 3527 3725 3598; baseline -0.001 -15"><span class='ocrx_word' id='word_1_549' title='bbox 456 3528 634 3583; x_wconf 89' lang='lat' dir='ltr'>stolus</span> <span class='ocrx_word' id='word_1_550' title='bbox 659 3527 809 3591; x_wconf 85' lang='lat' dir='ltr'>dicit)</span> <span class='ocrx_word' id='word_1_551' title='bbox 834 3527 1090 3582; x_wconf 88' lang='lat' dir='ltr'>Christus</span> <span class='ocrx_word' id='word_1_552' title='bbox 1122 3535 1224 3590; x_wconf 83' lang='lat' dir='ltr'>est,</span> <span class='ocrx_word' id='word_1_553' title='bbox 1250 3529 1491 3583; x_wconf 88' lang='lat' dir='ltr'>cincinni</span> <span class='ocrx_word' id='word_1_554' title='bbox 1526 3547 1652 3583; x_wconf 88' lang='lat' dir='ltr'>vero</span> <span class='ocrx_word' id='word_1_555' title='bbox 1679 3539 1809 3585; x_wconf 90' lang='lat' dir='ltr'>sunt</span> <span class='ocrx_word' id='word_1_556' title='bbox 1842 3532 2051 3588; x_wconf 79' lang='lat' dir='ltr'>intimae</span> <span class='ocrx_word' id='word_1_557' title='bbox 2108 3533 2355 3596; x_wconf 67' lang='lat' dir='ltr'>‘dilectc,</span> <span class='ocrx_word' id='word_1_558' title='bbox 2379 3550 2487 3586; x_wconf 92' lang='lat' dir='ltr'>non</span> <span class='ocrx_word' id='word_1_559' title='bbox 2510 3532 2687 3585; x_wconf 89' lang='lat' dir='ltr'>solum</span> <span class='ocrx_word' id='word_1_560' title='bbox 2710 3547 2833 3584; x_wconf 92' lang='lat' dir='ltr'>cum</span> <span class='ocrx_word' id='word_1_561' title='bbox 2867 3530 3167 3584; x_wconf 88' lang='lat' dir='ltr'>adventum</span> <span class='ocrx_word' id='word_1_562' title='bbox 3213 3529 3335 3598; x_wconf 89' lang='lat' dir='ltr'>ejus</span> <span class='ocrx_word' id='word_1_563' title='bbox 3363 3528 3725 3598; x_wconf 79' lang='lat' dir='ltr'>suscipimus,</span> 
     </span>
    </p>
   </div>
   <div class='ocr_carea' id='block_1_38' title="bbox 458 3616 3729 3689">
    <p class='ocr_par' dir='ltr' id='par_1_38' title="bbox 458 3616 3729 3689">
     <span class='ocr_line' id='line_1_38' title="bbox 458 3616 3729 3689; baseline -0 -19"><span class='ocrx_word' id='word_1_564' title='bbox 458 3616 826 3687; x_wconf 86' lang='lat' dir='ltr'>cogitationes</span> <span class='ocrx_word' id='word_1_565' title='bbox 849 3625 1189 3679; x_wconf 84' lang='lat' dir='ltr'>sanctorum,</span> <span class='ocrx_word' id='word_1_566' title='bbox 1234 3635 1354 3688; x_wconf 72' lang='lat' dir='ltr'>qua:</span> <span class='ocrx_word' id='word_1_567' title='bbox 1406 3635 1514 3672; x_wconf 91' lang='lat' dir='ltr'>non</span> <span class='ocrx_word' id='word_1_568' title='bbox 1550 3620 1670 3673; x_wconf 86' lang='lat' dir='ltr'>laxe</span> <span class='ocrx_word' id='word_1_569' title='bbox 1699 3626 1755 3673; x_wconf 86' lang='lat' dir='ltr'>et</span> <span class='ocrx_word' id='word_1_570' title='bbox 1782 3620 2050 3675; x_wconf 86' lang='lat' dir='ltr'>dissolute</span> <span class='ocrx_word' id='word_1_571' title='bbox 2132 3638 2323 3676; x_wconf 88' lang='lat' dir='ltr'>verum</span> <span class='ocrx_word' id='word_1_572' title='bbox 2347 3620 2515 3674; x_wconf 89' lang='lat' dir='ltr'>etiam</span> <span class='ocrx_word' id='word_1_573' title='bbox 2543 3637 2667 3673; x_wconf 92' lang='lat' dir='ltr'>cum</span> <span class='ocrx_word' id='word_1_574' title='bbox 2700 3619 2826 3673; x_wconf 85' lang='lat' dir='ltr'>aliis</span> <span class='ocrx_word' id='word_1_575' title='bbox 2848 3618 3231 3689; x_wconf 59' lang='lat' dir='ltr'>pradicamus.</span> <span class='ocrx_word' id='word_1_576' title='bbox 3265 3626 3322 3672; x_wconf 90' lang='lat' dir='ltr'>et</span> <span class='ocrx_word' id='word_1_577' title='bbox 3374 3634 3469 3670; x_wconf 92' lang='lat' dir='ltr'>eos</span> <span class='ocrx_word' id='word_1_578' title='bbox 3498 3617 3591 3687; x_wconf 90' lang='lat' dir='ltr'>qui</span> <span class='ocrx_word' id='word_1_579' title='bbox 3624 3633 3729 3687; x_wconf 90' lang='lat' dir='ltr'>per</span> 
     </span>
    </p>
   </div>
   <div class='ocr_carea' id='block_1_39' title="bbox 456 3705 3727 3779">
    <p class='ocr_par' dir='ltr' id='par_1_39' title="bbox 456 3705 3727 3779">
     <span class='ocr_line' id='line_1_39' title="bbox 456 3705 3727 3779; baseline -0 -19"><span class='ocrx_word' id='word_1_580' title='bbox 456 3705 760 3763; x_wconf 81' lang='lat' dir='ltr'>fluunt.sed</span> <span class='ocrx_word' id='word_1_581' title='bbox 795 3706 1013 3759; x_wconf 89' lang='lat' dir='ltr'>vinculo</span> <span class='ocrx_word' id='word_1_582' title='bbox 1034 3706 1254 3759; x_wconf 86' lang='lat' dir='ltr'>timoris</span> <span class='ocrx_word' id='word_1_583' title='bbox 1276 3714 1331 3760; x_wconf 89' lang='lat' dir='ltr'>et</span> <span class='ocrx_word' id='word_1_584' title='bbox 1351 3708 1663 3762; x_wconf 87' lang='lat' dir='ltr'>amorisDei</span> <span class='ocrx_word' id='word_1_585' title='bbox 1692 3709 2045 3779; x_wconf 87' lang='lat' dir='ltr'>colligantur.</span> <span class='ocrx_word' id='word_1_586' title='bbox 2132 3708 2402 3763; x_wconf 88' lang='lat' dir='ltr'>malitiam</span> <span class='ocrx_word' id='word_1_587' title='bbox 2457 3716 2650 3778; x_wconf 90' lang='lat' dir='ltr'>pectus</span> <span class='ocrx_word' id='word_1_588' title='bbox 2696 3707 3031 3770; x_wconf 80' lang='lat' dir='ltr'>clauserant,</span> <span class='ocrx_word' id='word_1_589' title='bbox 3075 3712 3269 3761; x_wconf 88' lang='lat' dir='ltr'>nostra</span> <span class='ocrx_word' id='word_1_590' title='bbox 3328 3705 3727 3775; x_wconf 66' lang='lat' dir='ltr'>praedicatione</span> 
     </span>
    </p>
   </div>
   <div class='ocr_carea' id='block_1_40' title="bbox 457 3794 3730 3866">
    <p class='ocr_par' dir='ltr' id='par_1_40' title="bbox 457 3794 3730 3866">
     <span class='ocr_line' id='line_1_40' title="bbox 457 3794 3730 3866; baseline -0.001 -16"><span class='ocrx_word' id='word_1_591' title='bbox 457 3796 567 3850; x_wconf 79' lang='lat' dir='ltr'>Bos</span> <span class='ocrx_word' id='word_1_592' title='bbox 596 3811 723 3847; x_wconf 88' lang='lat' dir='ltr'>vero</span> <span class='ocrx_word' id='word_1_593' title='bbox 760 3802 817 3847; x_wconf 94' lang='lat' dir='ltr'>et</span> <span class='ocrx_word' id='word_1_594' title='bbox 845 3801 1019 3863; x_wconf 70' lang='lat' dir='ltr'>guttae</span> <span class='ocrx_word' id='word_1_595' title='bbox 1061 3796 1304 3849; x_wconf 89' lang='lat' dir='ltr'>noctium</span> <span class='ocrx_word' id='word_1_596' title='bbox 1338 3797 1443 3850; x_wconf 84' lang='lat' dir='ltr'>hoc</span> <span class='ocrx_word' id='word_1_597' title='bbox 1482 3798 1601 3850; x_wconf 85' lang='lat' dir='ltr'>loro</span> <span class='ocrx_word' id='word_1_598' title='bbox 1631 3797 1955 3853; x_wconf 87' lang='lat' dir='ltr'>tenebrosas</span> <span class='ocrx_word' id='word_1_599' title='bbox 1992 3805 2050 3853; x_wconf 92' lang='lat' dir='ltr'>et</span> <span class='ocrx_word' id='word_1_600' title='bbox 2130 3814 2443 3856; x_wconf 87' lang='lat' dir='ltr'>conversos,</span> <span class='ocrx_word' id='word_1_601' title='bbox 2476 3797 2709 3849; x_wconf 84' lang='lat' dir='ltr'>facimus</span> <span class='ocrx_word' id='word_1_602' title='bbox 2739 3803 2803 3849; x_wconf 92' lang='lat' dir='ltr'>ut</span> <span class='ocrx_word' id='word_1_603' title='bbox 2852 3795 2956 3865; x_wconf 88' lang='lat' dir='ltr'>ipsi</span> <span class='ocrx_word' id='word_1_604' title='bbox 3001 3812 3225 3866; x_wconf 87' lang='lat' dir='ltr'>quoque</span> <span class='ocrx_word' id='word_1_605' title='bbox 3274 3796 3509 3864; x_wconf 85' lang='lat' dir='ltr'>januam</span> <span class='ocrx_word' id='word_1_606' title='bbox 3541 3794 3730 3847; x_wconf 86' lang='lat' dir='ltr'>cordis</span> 
     </span>
    </p>
   </div>
   <div class='ocr_carea' id='block_1_41' title="bbox 455 3884 3732 3957">
    <p class='ocr_par' dir='ltr' id='par_1_41' title="bbox 455 3884 3732 3957">
     <span class='ocr_line' id='line_1_41' title="bbox 455 3884 3732 3957; baseline -0.001 -20"><span class='ocrx_word' id='word_1_607' title='bbox 455 3884 789 3939; x_wconf 81' lang='lat' dir='ltr'>inﬁdelitate</span> <span class='ocrx_word' id='word_1_608' title='bbox 814 3884 1023 3953; x_wconf 88' lang='lat' dir='ltr'>plenas,</span> <span class='ocrx_word' id='word_1_609' title='bbox 1061 3884 1402 3955; x_wconf 78' lang='lat' dir='ltr'>frigidasque</span> <span class='ocrx_word' id='word_1_610' title='bbox 1457 3893 1673 3941; x_wconf 79' lang='lat' dir='ltr'>mentes</span> <span class='ocrx_word' id='word_1_611' title='bbox 1728 3887 2043 3957; x_wconf 80' lang='lat' dir='ltr'>designant.</span> <span class='ocrx_word' id='word_1_612' title='bbox 2131 3885 2354 3939; x_wconf 89' lang='lat' dir='ltr'>Christo</span> <span class='ocrx_word' id='word_1_613' title='bbox 2375 3885 2647 3955; x_wconf 90' lang='lat' dir='ltr'>aperiant.</span> <span class='ocrx_word' id='word_1_614' title='bbox 2676 3885 2824 3939; x_wconf 90' lang='lat' dir='ltr'>Bene</span> <span class='ocrx_word' id='word_1_615' title='bbox 2854 3891 3040 3937; x_wconf 87' lang='lat' dir='ltr'>autem</span> <span class='ocrx_word' id='word_1_616' title='bbox 3072 3884 3253 3953; x_wconf 87' lang='lat' dir='ltr'>primo</span> <span class='ocrx_word' id='word_1_617' title='bbox 3283 3884 3510 3943; x_wconf 82' lang='lat' dir='ltr'>dicitur,</span> <span class='ocrx_word' id='word_1_618' title='bbox 3539 3904 3562 3930; x_wconf 77' lang='grc' dir='ltr'>ι</span> <span class='ocrx_word' id='word_1_619' title='bbox 3595 3885 3732 3935; x_wconf 86' lang='lat' dir='ltr'>Sur-</span> 
     </span>
    </p>
   </div>
   <div class='ocr_carea' id='block_1_42' title="bbox 457 3970 3725 4044">
    <p class='ocr_par' dir='ltr' id='par_1_42' title="bbox 457 3970 3725 4044">
     <span class='ocr_line' id='line_1_42' title="bbox 457 3970 3725 4044; baseline -0.001 -17"><span class='ocrx_word' id='word_1_620' title='bbox 457 3974 639 4043; x_wconf 90' lang='lat' dir='ltr'>Caput</span> <span class='ocrx_word' id='word_1_621' title='bbox 672 3989 804 4042; x_wconf 87' lang='lat' dir='ltr'>ergo</span> <span class='ocrx_word' id='word_1_622' title='bbox 832 3973 1021 4044; x_wconf 86' lang='lat' dir='ltr'>sponsi</span> <span class='ocrx_word' id='word_1_623' title='bbox 1053 3974 1276 4043; x_wconf 90' lang='lat' dir='ltr'>plenum</span> <span class='ocrx_word' id='word_1_624' title='bbox 1310 3980 1397 4027; x_wconf 90' lang='lat' dir='ltr'>est</span> <span class='ocrx_word' id='word_1_625' title='bbox 1420 3991 1565 4030; x_wconf 87' lang='lat' dir='ltr'>rore.</span> <span class='ocrx_word' id='word_1_626' title='bbox 1599 3993 1723 4029; x_wconf 88' lang='lat' dir='ltr'>cum</span> <span class='ocrx_word' id='word_1_627' title='bbox 1754 3977 2050 4030; x_wconf 73' lang='lat' dir='ltr'>szerulares</span> <span class='ocrx_word' id='word_1_628' title='bbox 2132 3974 2268 4039; x_wconf 87' lang='lat' dir='ltr'>rexi,</span> <span class='ocrx_word' id='word_1_629' title='bbox 2306 3992 2327 4024; x_wconf 74' lang='grc' dir='ltr'><strong><em>ι</em></strong></span> <span class='ocrx_word' id='word_1_630' title='bbox 2354 3973 2575 4033; x_wconf 89' lang='lat' dir='ltr'>deinde,</span> <span class='ocrx_word' id='word_1_631' title='bbox 2612 3990 2635 4023; x_wconf 87' lang='grc'>‹‹</span> <span class='ocrx_word' id='word_1_632' title='bbox 2666 3979 2727 4026; x_wconf 92' lang='lat' dir='ltr'>ut</span> <span class='ocrx_word' id='word_1_633' title='bbox 2756 3974 3032 4043; x_wconf 86' lang='lat' dir='ltr'>aperirem</span> <span class='ocrx_word' id='word_1_634' title='bbox 3083 3973 3313 4028; x_wconf 87' lang='lat' dir='ltr'>dilecto.</span> <span class='ocrx_word' id='word_1_635' title='bbox 3352 3990 3377 4023; x_wconf 67' lang='grc' dir='ltr'><strong>ι</strong></span> <span class='ocrx_word' id='word_1_636' title='bbox 3412 3970 3522 4037; x_wconf 87' lang='lat' dir='ltr'>Qui</span> <span class='ocrx_word' id='word_1_637' title='bbox 3567 3970 3725 4024; x_wconf 87' lang='lat' dir='ltr'>enim</span> 
     </span>
    </p>
   </div>
   <div class='ocr_carea' id='block_1_43' title="bbox 456 4059 3732 4135">
    <p class='ocr_par' dir='ltr' id='par_1_43' title="bbox 456 4059 3732 4135">
     <span class='ocr_line' id='line_1_43' title="bbox 456 4059 3732 4135; baseline -0.001 -18"><span class='ocrx_word' id='word_1_638' title='bbox 456 4063 663 4133; x_wconf 89' lang='lat' dir='ltr'>quique</span> <span class='ocrx_word' id='word_1_639' title='bbox 683 4079 713 4115; x_wconf 90' lang='lat' dir='ltr'>a</span> <span class='ocrx_word' id='word_1_640' title='bbox 742 4062 1015 4116; x_wconf 83' lang='lat' dir='ltr'>charitate</span> <span class='ocrx_word' id='word_1_641' title='bbox 1046 4062 1142 4116; x_wconf 92' lang='lat' dir='ltr'>Dei</span> <span class='ocrx_word' id='word_1_642' title='bbox 1165 4069 1572 4133; x_wconf 86' lang='lat' dir='ltr'>torpescunt,et</span> <span class='ocrx_word' id='word_1_643' title='bbox 1593 4066 1752 4133; x_wconf 84' lang='lat' dir='ltr'>juxta</span> <span class='ocrx_word' id='word_1_644' title='bbox 1783 4065 1927 4135; x_wconf 87' lang='lat' dir='ltr'>quod</span> <span class='ocrx_word' id='word_1_645' title='bbox 1949 4067 2050 4119; x_wconf 89' lang='lat' dir='ltr'>Do-</span> <span class='ocrx_word' id='word_1_646' title='bbox 2131 4062 2482 4134; x_wconf 74' lang='lat' dir='ltr'>prtedicando</span> <span class='ocrx_word' id='word_1_647' title='bbox 2498 4062 2736 4115; x_wconf 90' lang='lat' dir='ltr'>aliorum</span> <span class='ocrx_word' id='word_1_648' title='bbox 2759 4061 2924 4115; x_wconf 87' lang='lat' dir='ltr'>corda</span> <span class='ocrx_word' id='word_1_649' title='bbox 2947 4060 3166 4114; x_wconf 89' lang='lat' dir='ltr'>Christo</span> <span class='ocrx_word' id='word_1_650' title='bbox 3182 4059 3547 4130; x_wconf 82' lang='lat' dir='ltr'>vultaperire,</span> <span class='ocrx_word' id='word_1_651' title='bbox 3568 4059 3732 4128; x_wconf 88' lang='lat' dir='ltr'>prius</span> 
     </span>
    </p>
   </div>
   <div class='ocr_carea' id='block_1_44' title="bbox 454 4148 3731 4222">
    <p class='ocr_par' dir='ltr' id='par_1_44' title="bbox 454 4148 3731 4222">
     <span class='ocr_line' id='line_1_44' title="bbox 454 4148 3731 4222; baseline -0.002 -17"><span class='ocrx_word' id='word_1_652' title='bbox 454 4151 645 4205; x_wconf 89' lang='lat' dir='ltr'>minus</span> <span class='ocrx_word' id='word_1_653' title='bbox 665 4151 818 4205; x_wconf 87' lang='lat' dir='ltr'>dicit.</span> <span class='ocrx_word' id='word_1_654' title='bbox 845 4150 1166 4204; x_wconf 83' lang='lat' dir='ltr'>abundante</span> <span class='ocrx_word' id='word_1_655' title='bbox 1192 4158 1415 4222; x_wconf 69' lang='grc' dir='ltr'>ροσε-διο</span> <span class='ocrx_word' id='word_1_656' title='bbox 1444 4153 1755 4222; x_wconf 80' lang='lat' dir='ltr'>refrigescit</span> <span class='ocrx_word' id='word_1_657' title='bbox 1780 4154 2045 4208; x_wconf 88' lang='lat' dir='ltr'>charitas.</span> <span class='ocrx_word' id='word_1_658' title='bbox 2130 4152 2296 4206; x_wconf 90' lang='lat' dir='ltr'>debet</span> <span class='ocrx_word' id='word_1_659' title='bbox 2323 4167 2572 4221; x_wconf 82' lang='lat' dir='ltr'>surgere.</span> <span class='ocrx_word' id='word_1_660' title='bbox 2592 4150 2696 4203; x_wconf 90' lang='lat' dir='ltr'>hoc</span> <span class='ocrx_word' id='word_1_661' title='bbox 2714 4160 2796 4203; x_wconf 90' lang='lat' dir='ltr'>est</span> <span class='ocrx_word' id='word_1_662' title='bbox 2826 4149 2894 4203; x_wconf 87' lang='lat' dir='ltr'>ad</span> <span class='ocrx_word' id='word_1_663' title='bbox 2924 4149 3174 4203; x_wconf 90' lang='lat' dir='ltr'>studium</span> <span class='ocrx_word' id='word_1_664' title='bbox 3195 4148 3468 4202; x_wconf 86' lang='lat' dir='ltr'>bonorum</span> <span class='ocrx_word' id='word_1_665' title='bbox 3490 4162 3731 4216; x_wconf 88' lang='lat' dir='ltr'>eperum</span> 
     </span>
    </p>
   </div>
   <div class='ocr_carea' id='block_1_45' title="bbox 455 4234 3729 4312">
    <p class='ocr_par' dir='ltr' id='par_1_45' title="bbox 455 4234 3729 4312">
     <span class='ocr_line' id='line_1_45' title="bbox 455 4234 3729 4312; baseline -0.002 -20"><span class='ocrx_word' id='word_1_666' title='bbox 455 4239 527 4293; x_wconf 87' lang='lat' dir='ltr'>Et</span> <span class='ocrx_word' id='word_1_667' title='bbox 546 4256 670 4292; x_wconf 90' lang='lat' dir='ltr'>cum</span> <span class='ocrx_word' id='word_1_668' title='bbox 709 4240 851 4291; x_wconf 88' lang='lat' dir='ltr'>tales</span> <span class='ocrx_word' id='word_1_669' title='bbox 879 4245 1101 4291; x_wconf 80' lang='lat' dir='ltr'>sanctos</span> <span class='ocrx_word' id='word_1_670' title='bbox 1124 4239 1219 4292; x_wconf 89' lang='lat' dir='ltr'>Dei</span> <span class='ocrx_word' id='word_1_671' title='bbox 1243 4240 1488 4293; x_wconf 70' lang='lat' dir='ltr'>caelestia</span> <span class='ocrx_word' id='word_1_672' title='bbox 1512 4241 1848 4294; x_wconf 85' lang='lat' dir='ltr'>meditantes</span> <span class='ocrx_word' id='word_1_673' title='bbox 1867 4259 2049 4312; x_wconf 83' lang='lat' dir='ltr'>perse-</span> <span class='ocrx_word' id='word_1_674' title='bbox 2131 4240 2289 4310; x_wconf 81' lang='lat' dir='ltr'>erigi,</span> <span class='ocrx_word' id='word_1_675' title='bbox 2314 4248 2370 4294; x_wconf 90' lang='lat' dir='ltr'>et</span> <span class='ocrx_word' id='word_1_676' title='bbox 2384 4256 2551 4310; x_wconf 77' lang='lat' dir='ltr'>opere</span> <span class='ocrx_word' id='word_1_677' title='bbox 2569 4239 2801 4309; x_wconf 91' lang='lat' dir='ltr'>implere</span> <span class='ocrx_word' id='word_1_678' title='bbox 2819 4238 2963 4309; x_wconf 90' lang='lat' dir='ltr'>quod</span> <span class='ocrx_word' id='word_1_679' title='bbox 2996 4237 3278 4308; x_wconf 64' lang='lat' dir='ltr'>praedicat,</span> <span class='ocrx_word' id='word_1_680' title='bbox 3312 4253 3383 4290; x_wconf 86' lang='lat' dir='ltr'>ne</span> <span class='ocrx_word' id='word_1_681' title='bbox 3428 4236 3571 4289; x_wconf 88' lang='lat' dir='ltr'>forte</span> <span class='ocrx_word' id='word_1_682' title='bbox 3595 4234 3729 4288; x_wconf 83' lang='lat' dir='ltr'>aliis</span> 
     </span>
    </p>
   </div>
   <div class='ocr_carea' id='block_1_46' title="bbox 458 4323 3729 4427">
    <p class='ocr_par' dir='ltr' id='par_1_46' title="bbox 458 4323 3729 4427">
     <span class='ocr_line' id='line_1_46' title="bbox 458 4323 3729 4427; baseline -0.001 -48"><span class='ocrx_word' id='word_1_683' title='bbox 458 4332 711 4397; x_wconf 88' lang='lat' dir='ltr'>quuntur</span> <span class='ocrx_word' id='word_1_684' title='bbox 738 4334 790 4379; x_wconf 91' lang='lat' dir='ltr'>et</span> <span class='ocrx_word' id='word_1_685' title='bbox 818 4326 1036 4388; x_wconf 86' lang='lat' dir='ltr'>odiunt,</span> <span class='ocrx_word' id='word_1_686' title='bbox 1070 4326 1228 4396; x_wconf 90' lang='lat' dir='ltr'>quasi</span> <span class='ocrx_word' id='word_1_687' title='bbox 1259 4328 1498 4381; x_wconf 88' lang='lat' dir='ltr'>cincinni</span> <span class='ocrx_word' id='word_1_688' title='bbox 1529 4330 1715 4398; x_wconf 86' lang='lat' dir='ltr'>sponsi</span> <span class='ocrx_word' id='word_1_689' title='bbox 1748 4330 1895 4399; x_wconf 85' lang='lat' dir='ltr'>pleni</span> <span class='ocrx_word' id='word_1_690' title='bbox 1917 4329 2437 4427; x_wconf 68' lang='lat' dir='ltr'>suntDpraadicans</span> <span class='ocrx_word' id='word_1_691' title='bbox 2456 4329 2573 4398; x_wconf 85' lang='lat' dir='ltr'>ipse</span> <span class='ocrx_word' id='word_1_692' title='bbox 2594 4327 2864 4397; x_wconf 87' lang='lat' dir='ltr'>reprobus</span> <span class='ocrx_word' id='word_1_693' title='bbox 2878 4326 3169 4381; x_wconf 70' lang='lat' dir='ltr'>etﬁi-iatur.</span> <span class='ocrx_word' id='word_1_694' title='bbox 3207 4326 3352 4379; x_wconf 81' lang='lat' dir='ltr'>Hinc</span> <span class='ocrx_word' id='word_1_695' title='bbox 3370 4333 3427 4379; x_wconf 89' lang='lat' dir='ltr'>et</span> <span class='ocrx_word' id='word_1_696' title='bbox 3446 4325 3624 4378; x_wconf 86' lang='lat' dir='ltr'>Lucas</span> <span class='ocrx_word' id='word_1_697' title='bbox 3652 4323 3729 4377; x_wconf 88' lang='lat' dir='ltr'>de</span> 
     </span>
    </p>
   </div>
   <div class='ocr_carea' id='block_1_47' title="bbox 452 4412 3723 4485">
    <p class='ocr_par' dir='ltr' id='par_1_47' title="bbox 452 4412 3723 4485">
     <span class='ocr_line' id='line_1_47' title="bbox 452 4412 3723 4485; baseline -0.001 -18"><span class='ocrx_word' id='word_1_698' title='bbox 452 4412 631 4483; x_wconf 90' lang='lat' dir='ltr'>guttis</span> <span class='ocrx_word' id='word_1_699' title='bbox 651 4413 917 4466; x_wconf 89' lang='lat' dir='ltr'>noctium.</span> <span class='ocrx_word' id='word_1_700' title='bbox 969 4413 1108 4466; x_wconf 90' lang='lat' dir='ltr'>Cum</span> <span class='ocrx_word' id='word_1_701' title='bbox 1140 4430 1272 4483; x_wconf 88' lang='lat' dir='ltr'>ergo</span> <span class='ocrx_word' id='word_1_702' title='bbox 1304 4414 1445 4467; x_wconf 88' lang='lat' dir='ltr'>tales</span> <span class='ocrx_word' id='word_1_703' title='bbox 1491 4415 1951 4485; x_wconf 87' lang='lat' dir='ltr'>multiplicantur,</span> <span class='ocrx_word' id='word_1_704' title='bbox 1993 4424 2051 4471; x_wconf 91' lang='lat' dir='ltr'>et</span> <span class='ocrx_word' id='word_1_705' title='bbox 2068 4412 2113 4427; x_wconf 74' lang='grc'>⁵’</span> <span class='ocrx_word' id='word_1_706' title='bbox 2132 4418 2368 4472; x_wconf 90' lang='lat' dir='ltr'>Domino</span> <span class='ocrx_word' id='word_1_707' title='bbox 2383 4417 2549 4471; x_wconf 88' lang='lat' dir='ltr'>dicit:</span> <span class='ocrx_word' id='word_1_708' title='bbox 2575 4436 2599 4467; x_wconf 74' lang='grc' dir='ltr'>α</span> <span class='ocrx_word' id='word_1_709' title='bbox 2621 4417 2755 4479; x_wconf 67' lang='lat' dir='ltr'>Quae</span> <span class='ocrx_word' id='word_1_710' title='bbox 2781 4415 2946 4485; x_wconf 68' lang='lat' dir='ltr'>cmpit</span> <span class='ocrx_word' id='word_1_711' title='bbox 2972 4416 3001 4468; x_wconf 88' lang='lat' dir='ltr'><strong>J</strong></span> <span class='ocrx_word' id='word_1_712' title='bbox 3007 4431 3135 4468; x_wconf 89' lang='lat' dir='ltr'>esus</span> <span class='ocrx_word' id='word_1_713' title='bbox 3164 4414 3345 4467; x_wconf 83' lang='lat' dir='ltr'>facere</span> <span class='ocrx_word' id='word_1_714' title='bbox 3374 4419 3433 4468; x_wconf 88' lang='lat' dir='ltr'>et</span> <span class='ocrx_word' id='word_1_715' title='bbox 3459 4413 3723 4466; x_wconf 69' lang='lat' dir='ltr'>docere.)</span> 
     </span>
    </p>
   </div>
   <div class='ocr_carea' id='block_1_48' title="bbox 454 4501 3729 4576">
    <p class='ocr_par' dir='ltr' id='par_1_48' title="bbox 454 4501 3729 4576">
     <span class='ocr_line' id='line_1_48' title="bbox 454 4501 3729 4576; baseline -0 -21"><span class='ocrx_word' id='word_1_716' title='bbox 454 4506 695 4572; x_wconf 85' lang='lat' dir='ltr'>gravant</span> <span class='ocrx_word' id='word_1_717' title='bbox 723 4501 1045 4561; x_wconf 85' lang='lat' dir='ltr'>Ecclesiam.</span> <span class='ocrx_word' id='word_1_718' title='bbox 1075 4509 1208 4556; x_wconf 90' lang='lat' dir='ltr'>tunc</span> <span class='ocrx_word' id='word_1_719' title='bbox 1237 4520 1475 4573; x_wconf 87' lang='lat' dir='ltr'>sponsus</span> <span class='ocrx_word' id='word_1_720' title='bbox 1493 4504 1760 4559; x_wconf 84' lang='lat' dir='ltr'>admonet</span> <span class='ocrx_word' id='word_1_721' title='bbox 1785 4523 2046 4576; x_wconf 89' lang='lat' dir='ltr'>sponsam</span> <span class='ocrx_word' id='word_1_722' title='bbox 2131 4508 2293 4561; x_wconf 88' lang='lat' dir='ltr'>Prius</span> <span class='ocrx_word' id='word_1_723' title='bbox 2319 4505 2457 4560; x_wconf 90' lang='lat' dir='ltr'>dicit</span> <span class='ocrx_word' id='word_1_724' title='bbox 2490 4526 2512 4554; x_wconf 77' lang='grc' dir='ltr'>ι</span> <span class='ocrx_word' id='word_1_725' title='bbox 2546 4505 2745 4567; x_wconf 85' lang='lat' dir='ltr'>facere,</span> <span class='ocrx_word' id='word_1_726' title='bbox 2769 4504 2969 4558; x_wconf 88' lang='lat' dir='ltr'>deinde</span> <span class='ocrx_word' id='word_1_727' title='bbox 2998 4503 3218 4557; x_wconf 85' lang='lat' dir='ltr'>docere.</span> <span class='ocrx_word' id='word_1_728' title='bbox 3257 4522 3278 4552; x_wconf 75' lang='grc' dir='ltr'><strong>ι</strong></span> <span class='ocrx_word' id='word_1_729' title='bbox 3306 4521 3331 4554; x_wconf 75' lang='grc' dir='ltr'>α</span> <span class='ocrx_word' id='word_1_730' title='bbox 3364 4503 3561 4555; x_wconf 88' lang='lat' dir='ltr'>Manus</span> <span class='ocrx_word' id='word_1_731' title='bbox 3584 4516 3729 4554; x_wconf 70' lang='lat' dir='ltr'>mea:</span> 
     </span>
    </p>
   </div>
   <div class='ocr_carea' id='block_1_49' title="bbox 456 4590 3733 4665">
    <p class='ocr_par' dir='ltr' id='par_1_49' title="bbox 456 4590 3733 4665">
     <span class='ocr_line' id='line_1_49' title="bbox 456 4590 3733 4665; baseline -0.001 -20"><span class='ocrx_word' id='word_1_732' title='bbox 456 4606 615 4646; x_wconf 85' lang='lat' dir='ltr'>suam</span> <span class='ocrx_word' id='word_1_733' title='bbox 649 4596 714 4645; x_wconf 90' lang='lat' dir='ltr'>ut</span> <span class='ocrx_word' id='word_1_734' title='bbox 740 4596 932 4661; x_wconf 87' lang='lat' dir='ltr'>surgat</span> <span class='ocrx_word' id='word_1_735' title='bbox 965 4596 1020 4644; x_wconf 90' lang='lat' dir='ltr'>et</span> <span class='ocrx_word' id='word_1_736' title='bbox 1041 4591 1196 4661; x_wconf 87' lang='lat' dir='ltr'>Operi</span> <span class='ocrx_word' id='word_1_737' title='bbox 1218 4592 1625 4661; x_wconf 70' lang='lat' dir='ltr'>przedicationis</span> <span class='ocrx_word' id='word_1_738' title='bbox 1652 4594 1890 4649; x_wconf 88' lang='lat' dir='ltr'>insistat.</span> <span class='ocrx_word' id='word_1_739' title='bbox 2130 4595 2543 4649; x_wconf 86' lang='lat' dir='ltr'>distillaverunt</span> <span class='ocrx_word' id='word_1_740' title='bbox 2563 4594 2870 4665; x_wconf 84' lang='lat' dir='ltr'>myrrham.</span> <span class='ocrx_word' id='word_1_741' title='bbox 2900 4599 2955 4645; x_wconf 66' lang='grc' dir='ltr'>(ιι</span> <span class='ocrx_word' id='word_1_742' title='bbox 2983 4592 3143 4662; x_wconf 87' lang='lat' dir='ltr'>digiti</span> <span class='ocrx_word' id='word_1_743' title='bbox 3172 4592 3281 4645; x_wconf 88' lang='lat' dir='ltr'>mei</span> <span class='ocrx_word' id='word_1_744' title='bbox 3315 4590 3463 4662; x_wconf 89' lang='lat' dir='ltr'>pleni</span> <span class='ocrx_word' id='word_1_745' title='bbox 3493 4590 3733 4661; x_wconf 83' lang='lat' dir='ltr'>myrrha</span> 
     </span>
    </p>
   </div>
   <div class='ocr_carea' id='block_1_50' title="bbox 531 4678 3734 4755">
    <p class='ocr_par' dir='ltr' id='par_1_50' title="bbox 531 4678 3734 4755">
     <span class='ocr_line' id='line_1_50' title="bbox 531 4678 3734 4755; baseline 0.002 -25"><span class='ocrx_word' id='word_1_746' title='bbox 531 4696 556 4730; x_wconf 85' lang='grc' dir='ltr'><strong>σ</strong></span> <span class='ocrx_word' id='word_1_747' title='bbox 593 4678 901 4749; x_wconf 83' lang='lat' dir='ltr'>Exspoliavi</span> <span class='ocrx_word' id='word_1_748' title='bbox 962 4695 1049 4732; x_wconf 91' lang='lat' dir='ltr'>me</span> <span class='ocrx_word' id='word_1_749' title='bbox 1090 4679 1280 4732; x_wconf 82' lang='lat' dir='ltr'>tunica</span> <span class='ocrx_word' id='word_1_750' title='bbox 1338 4696 1483 4738; x_wconf 86' lang='lat' dir='ltr'>mea.</span> <span class='ocrx_word' id='word_1_751' title='bbox 1516 4682 1795 4751; x_wconf 88' lang='lat' dir='ltr'>qumuodo</span> <span class='ocrx_word' id='word_1_752' title='bbox 1848 4683 2050 4737; x_wconf 87' lang='lat' dir='ltr'>induar</span> <span class='ocrx_word' id='word_1_753' title='bbox 2132 4684 2541 4755; x_wconf 86' lang='lat' dir='ltr'>probatissima.</span> <span class='ocrx_word' id='word_1_754' title='bbox 2592 4709 2603 4724; x_wconf 86' lang='lat'><strong>-</strong></span> <span class='ocrx_word' id='word_1_755' title='bbox 2637 4684 2743 4736; x_wconf 89' lang='lat' dir='ltr'>Per</span> <span class='ocrx_word' id='word_1_756' title='bbox 2773 4698 2970 4736; x_wconf 87' lang='lat' dir='ltr'>manus</span> <span class='ocrx_word' id='word_1_757' title='bbox 3000 4680 3202 4751; x_wconf 89' lang='lat' dir='ltr'>quibus</span> <span class='ocrx_word' id='word_1_758' title='bbox 3240 4696 3557 4751; x_wconf 85' lang='lat' dir='ltr'>operamur,</span> <span class='ocrx_word' id='word_1_759' title='bbox 3600 4680 3734 4750; x_wconf 83' lang='lat' dir='ltr'>ipsa</span> 
     </span>
    </p>
   </div>
   <div class='ocr_carea' id='block_1_51' title="bbox 455 4767 3732 4843">
    <p class='ocr_par' dir='ltr' id='par_1_51' title="bbox 455 4767 3732 4843">
     <span class='ocr_line' id='line_1_51' title="bbox 455 4767 3732 4843; baseline 0.001 -22"><span class='ocrx_word' id='word_1_760' title='bbox 455 4767 588 4821; x_wconf 83' lang='lat' dir='ltr'>illa?</span> <span class='ocrx_word' id='word_1_761' title='bbox 620 4785 646 4820; x_wconf 74' lang='lat' dir='ltr'>n</span> <span class='ocrx_word' id='word_1_762' title='bbox 683 4768 983 4823; x_wconf 85' lang='lat' dir='ltr'>[’rovocata</span> <span class='ocrx_word' id='word_1_763' title='bbox 1016 4768 1258 4821; x_wconf 89' lang='lat' dir='ltr'>Ecclesia</span> <span class='ocrx_word' id='word_1_764' title='bbox 1284 4785 1317 4821; x_wconf 91' lang='lat' dir='ltr'>a</span> <span class='ocrx_word' id='word_1_765' title='bbox 1347 4786 1551 4839; x_wconf 89' lang='lat' dir='ltr'>sponso</span> <span class='ocrx_word' id='word_1_766' title='bbox 1581 4786 1683 4824; x_wconf 88' lang='lat' dir='ltr'>suo</span> <span class='ocrx_word' id='word_1_767' title='bbox 1704 4771 1771 4824; x_wconf 90' lang='lat' dir='ltr'>ad</span> <span class='ocrx_word' id='word_1_768' title='bbox 1804 4771 2046 4825; x_wconf 79' lang='lat' dir='ltr'>ofﬁcium</span> <span class='ocrx_word' id='word_1_769' title='bbox 2131 4773 2383 4843; x_wconf 86' lang='lat' dir='ltr'>Operatio</span> <span class='ocrx_word' id='word_1_770' title='bbox 2426 4772 2779 4840; x_wconf 80' lang='lat' dir='ltr'>designatur;</span> <span class='ocrx_word' id='word_1_771' title='bbox 2844 4787 2943 4840; x_wconf 90' lang='lat' dir='ltr'>per</span> <span class='ocrx_word' id='word_1_772' title='bbox 3006 4769 3211 4839; x_wconf 89' lang='lat' dir='ltr'>digitos</span> <span class='ocrx_word' id='word_1_773' title='bbox 3270 4785 3399 4822; x_wconf 77' lang='lat' dir='ltr'>vero</span> <span class='ocrx_word' id='word_1_774' title='bbox 3459 4768 3732 4825; x_wconf 86' lang='lat' dir='ltr'>discretio</span> 
     </span>
    </p>
   </div>
   <div class='ocr_carea' id='block_1_52' title="bbox 455 4856 3730 4932">
    <p class='ocr_par' dir='ltr' id='par_1_52' title="bbox 455 4856 3730 4932">
     <span class='ocr_line' id='line_1_52' title="bbox 455 4856 3730 4932; baseline 0.001 -23"><span class='ocrx_word' id='word_1_775' title='bbox 455 4856 889 4926; x_wconf 71' lang='lat' dir='ltr'>pmdicationis,</span> <span class='ocrx_word' id='word_1_776' title='bbox 952 4856 1288 4926; x_wconf 77' lang='lat' dir='ltr'>respondet:</span> <span class='ocrx_word' id='word_1_777' title='bbox 1318 4876 1337 4905; x_wconf 79' lang='grc' dir='ltr'>ι</span> <span class='ocrx_word' id='word_1_778' title='bbox 1398 4857 1701 4927; x_wconf 76' lang='lat' dir='ltr'>Exspoliavi</span> <span class='ocrx_word' id='word_1_779' title='bbox 1742 4876 1830 4911; x_wconf 89' lang='lat' dir='ltr'>me</span> <span class='ocrx_word' id='word_1_780' title='bbox 1858 4860 2048 4913; x_wconf 88' lang='lat' dir='ltr'>tunica</span> <span class='ocrx_word' id='word_1_781' title='bbox 2131 4860 2649 4932; x_wconf 84' lang='lat' dir='ltr'>operationis.quia</span> <span class='ocrx_word' id='word_1_782' title='bbox 2673 4860 2725 4913; x_wconf 92' lang='lat' dir='ltr'>in</span> <span class='ocrx_word' id='word_1_783' title='bbox 2778 4860 2934 4913; x_wconf 91' lang='lat' dir='ltr'>nullo</span> <span class='ocrx_word' id='word_1_784' title='bbox 2993 4857 3244 4911; x_wconf 76' lang='lat' dir='ltr'>membro</span> <span class='ocrx_word' id='word_1_785' title='bbox 3270 4863 3440 4910; x_wconf 62' lang='lat' dir='ltr'>tantas</span> <span class='ocrx_word' id='word_1_786' title='bbox 3477 4864 3613 4911; x_wconf 90' lang='lat' dir='ltr'>sunt</span> <span class='ocrx_word' id='word_1_787' title='bbox 3636 4857 3730 4911; x_wconf 90' lang='lat' dir='ltr'>di-</span> 
     </span>
    </p>
   </div>
   <div class='ocr_carea' id='block_1_53' title="bbox 456 4943 3734 5018">
    <p class='ocr_par' dir='ltr' id='par_1_53' title="bbox 456 4943 3734 5018">
     <span class='ocr_line' id='line_1_53' title="bbox 456 4943 3734 5018; baseline 0.001 -21"><span class='ocrx_word' id='word_1_788' title='bbox 456 4961 602 5001; x_wconf 86' lang='lat' dir='ltr'>mea.</span> <span class='ocrx_word' id='word_1_789' title='bbox 623 4944 901 5013; x_wconf 88' lang='lat' dir='ltr'>quomodo</span> <span class='ocrx_word' id='word_1_790' title='bbox 929 4944 1131 4997; x_wconf 84' lang='lat' dir='ltr'>induar</span> <span class='ocrx_word' id='word_1_791' title='bbox 1161 4944 1258 4997; x_wconf 89' lang='lat' dir='ltr'>illa</span> <span class='ocrx_word' id='word_1_792' title='bbox 1279 4943 1302 4996; x_wconf 82' lang='lat'>?</span> <span class='ocrx_word' id='word_1_793' title='bbox 1323 4965 1342 4993; x_wconf 75' lang='grc' dir='ltr'><strong><em>ο</em></strong></span> <span class='ocrx_word' id='word_1_794' title='bbox 1378 4945 1510 4999; x_wconf 85' lang='lat' dir='ltr'>Exui</span> <span class='ocrx_word' id='word_1_795' title='bbox 1534 4963 1621 4999; x_wconf 92' lang='lat' dir='ltr'>me</span> <span class='ocrx_word' id='word_1_796' title='bbox 1643 4947 1791 5000; x_wconf 81' lang='lat' dir='ltr'>curis</span> <span class='ocrx_word' id='word_1_797' title='bbox 1810 4958 1866 5001; x_wconf 91' lang='lat' dir='ltr'>et</span> <span class='ocrx_word' id='word_1_798' title='bbox 1884 4965 2047 5002; x_wconf 87' lang='lat' dir='ltr'>occu-</span> <span class='ocrx_word' id='word_1_799' title='bbox 2129 4950 2458 5004; x_wconf 89' lang='lat' dir='ltr'>stinctiones</span> <span class='ocrx_word' id='word_1_800' title='bbox 2483 4949 2871 5005; x_wconf 82' lang='lat' dir='ltr'>articulorum.</span> <span class='ocrx_word' id='word_1_801' title='bbox 2906 4954 3130 5018; x_wconf 61' lang='lat' dir='ltr'>quanta}</span> <span class='ocrx_word' id='word_1_802' title='bbox 3186 4946 3243 4999; x_wconf 91' lang='lat' dir='ltr'>in</span> <span class='ocrx_word' id='word_1_803' title='bbox 3274 4945 3483 5015; x_wconf 88' lang='lat' dir='ltr'>digitis.</span> <span class='ocrx_word' id='word_1_804' title='bbox 3527 4946 3734 5000; x_wconf 83' lang='lat' dir='ltr'>Manus</span> 
     </span>
    </p>
   </div>
   <div class='ocr_carea' id='block_1_54' title="bbox 456 5032 3736 5109">
    <p class='ocr_par' dir='ltr' id='par_1_54' title="bbox 456 5032 3736 5109">
     <span class='ocr_line' id='line_1_54' title="bbox 456 5032 3736 5109; baseline 0.002 -24"><span class='ocrx_word' id='word_1_805' title='bbox 456 5032 778 5103; x_wconf 90' lang='lat' dir='ltr'>pationibus</span> <span class='ocrx_word' id='word_1_806' title='bbox 808 5034 975 5101; x_wconf 90' lang='lat' dir='ltr'>hujus</span> <span class='ocrx_word' id='word_1_807' title='bbox 1000 5032 1209 5104; x_wconf 72' lang='lat' dir='ltr'>saeculi,</span> <span class='ocrx_word' id='word_1_808' title='bbox 1242 5033 1363 5086; x_wconf 86' lang='lat' dir='ltr'>sine</span> <span class='ocrx_word' id='word_1_809' title='bbox 1394 5034 1599 5103; x_wconf 86' lang='lat' dir='ltr'>quibus</span> <span class='ocrx_word' id='word_1_810' title='bbox 1628 5035 1870 5089; x_wconf 88' lang='lat' dir='ltr'>ofﬁcium</span> <span class='ocrx_word' id='word_1_811' title='bbox 1915 5054 2050 5106; x_wconf 69' lang='lat' dir='ltr'>prae-</span> <span class='ocrx_word' id='word_1_812' title='bbox 2131 5039 2386 5093; x_wconf 69' lang='lat' dir='ltr'>Ecclesia:</span> <span class='ocrx_word' id='word_1_813' title='bbox 2419 5038 2705 5109; x_wconf 65' lang='lat' dir='ltr'>myrrham</span> <span class='ocrx_word' id='word_1_814' title='bbox 2746 5036 2982 5089; x_wconf 79' lang='lat' dir='ltr'>stillant.</span> <span class='ocrx_word' id='word_1_815' title='bbox 3018 5051 3143 5089; x_wconf 91' lang='lat' dir='ltr'>cum</span> <span class='ocrx_word' id='word_1_816' title='bbox 3175 5034 3566 5105; x_wconf 60' lang='lat' dir='ltr'>praedicatores</span> <span class='ocrx_word' id='word_1_817' title='bbox 3605 5037 3736 5104; x_wconf 86' lang='lat' dir='ltr'>ejus</span> 
     </span>
    </p>
   </div>
   <div class='ocr_carea' id='block_1_55' title="bbox 456 5120 3730 5194">
    <p class='ocr_par' dir='ltr' id='par_1_55' title="bbox 456 5120 3730 5194">
     <span class='ocr_line' id='line_1_55' title="bbox 456 5120 3730 5194; baseline 0.002 -22"><span class='ocrx_word' id='word_1_818' title='bbox 456 5120 751 5173; x_wconf 86' lang='lat' dir='ltr'>dicationis</span> <span class='ocrx_word' id='word_1_819' title='bbox 775 5126 876 5173; x_wconf 88' lang='lat' dir='ltr'>aut</span> <span class='ocrx_word' id='word_1_820' title='bbox 901 5120 985 5172; x_wconf 85' lang='lat' dir='ltr'>vix</span> <span class='ocrx_word' id='word_1_821' title='bbox 1003 5126 1102 5173; x_wconf 92' lang='lat' dir='ltr'>aut</span> <span class='ocrx_word' id='word_1_822' title='bbox 1123 5121 1442 5175; x_wconf 78' lang='lat' dir='ltr'>nullatenus</span> <span class='ocrx_word' id='word_1_823' title='bbox 1458 5122 1670 5192; x_wconf 81' lang='lat' dir='ltr'>agitur:</span> <span class='ocrx_word' id='word_1_824' title='bbox 1696 5132 1751 5176; x_wconf 81' lang='lat' dir='ltr'>et</span> <span class='ocrx_word' id='word_1_825' title='bbox 1771 5125 2050 5194; x_wconf 87' lang='lat' dir='ltr'>quomodo</span> <span class='ocrx_word' id='word_1_826' title='bbox 2131 5127 2486 5182; x_wconf 68' lang='lat' dir='ltr'>continentiae</span> <span class='ocrx_word' id='word_1_827' title='bbox 2542 5132 2601 5179; x_wconf 90' lang='lat' dir='ltr'>et</span> <span class='ocrx_word' id='word_1_828' title='bbox 2658 5123 3071 5178; x_wconf 87' lang='lat' dir='ltr'>mortiﬁcationi</span> <span class='ocrx_word' id='word_1_829' title='bbox 3126 5123 3312 5177; x_wconf 88' lang='lat' dir='ltr'>carnis</span> <span class='ocrx_word' id='word_1_830' title='bbox 3352 5140 3465 5176; x_wconf 71' lang='lat' dir='ltr'>sua:</span> <span class='ocrx_word' id='word_1_831' title='bbox 3495 5140 3730 5194; x_wconf 87' lang='lat' dir='ltr'>operam</span> 
     </span>
    </p>
   </div>
   <div class='ocr_carea' id='block_1_56' title="bbox 458 5207 3736 5283">
    <p class='ocr_par' dir='ltr' id='par_1_56' title="bbox 458 5207 3736 5283">
     <span class='ocr_line' id='line_1_56' title="bbox 458 5207 3736 5283; baseline 0.002 -21"><span class='ocrx_word' id='word_1_832' title='bbox 458 5208 579 5262; x_wconf 86' lang='lat' dir='ltr'>ﬁeri</span> <span class='ocrx_word' id='word_1_833' title='bbox 606 5215 789 5277; x_wconf 88' lang='lat' dir='ltr'>potest</span> <span class='ocrx_word' id='word_1_834' title='bbox 812 5214 875 5262; x_wconf 92' lang='lat' dir='ltr'>ut</span> <span class='ocrx_word' id='word_1_835' title='bbox 903 5207 1105 5261; x_wconf 90' lang='lat' dir='ltr'>iterum</span> <span class='ocrx_word' id='word_1_836' title='bbox 1138 5209 1207 5262; x_wconf 87' lang='lat' dir='ltr'>ad</span> <span class='ocrx_word' id='word_1_837' title='bbox 1239 5226 1304 5262; x_wconf 87' lang='lat' dir='ltr'>ea</span> <span class='ocrx_word' id='word_1_838' title='bbox 1334 5227 1456 5280; x_wconf 65' lang='lat' dir='ltr'>quae</span> <span class='ocrx_word' id='word_1_839' title='bbox 1516 5211 1734 5264; x_wconf 84' lang='lat' dir='ltr'>deserui</span> <span class='ocrx_word' id='word_1_840' title='bbox 1768 5215 2050 5267; x_wconf 85' lang='lat' dir='ltr'>revertar?</span> <span class='ocrx_word' id='word_1_841' title='bbox 2132 5217 2287 5280; x_wconf 90' lang='lat' dir='ltr'>dant,</span> <span class='ocrx_word' id='word_1_842' title='bbox 2356 5215 2604 5269; x_wconf 85' lang='lat' dir='ltr'>dicentes</span> <span class='ocrx_word' id='word_1_843' title='bbox 2660 5230 2786 5267; x_wconf 91' lang='lat' dir='ltr'>cum</span> <span class='ocrx_word' id='word_1_844' title='bbox 2856 5211 3155 5283; x_wconf 85' lang='lat' dir='ltr'>Apostolo:</span> <span class='ocrx_word' id='word_1_845' title='bbox 3193 5232 3215 5262; x_wconf 76' lang='grc' dir='ltr'>ι</span> <span class='ocrx_word' id='word_1_846' title='bbox 3260 5211 3487 5282; x_wconf 87' lang='lat' dir='ltr'>Castigo</span> <span class='ocrx_word' id='word_1_847' title='bbox 3523 5229 3736 5282; x_wconf 90' lang='lat' dir='ltr'>corpus</span> 
     </span>
    </p>
   </div>
   <div class='ocr_carea' id='block_1_57' title="bbox 457 5296 3735 5371">
    <p class='ocr_par' dir='ltr' id='par_1_57' title="bbox 457 5296 3735 5371">
     <span class='ocr_line' id='line_1_57' title="bbox 457 5296 3735 5371; baseline 0.001 -20"><span class='ocrx_word' id='word_1_848' title='bbox 457 5297 600 5351; x_wconf 87' lang='lat' dir='ltr'>Nam</span> <span class='ocrx_word' id='word_1_849' title='bbox 625 5298 800 5367; x_wconf 90' lang='lat' dir='ltr'>quise</span> <span class='ocrx_word' id='word_1_850' title='bbox 824 5297 891 5350; x_wconf 90' lang='lat' dir='ltr'>ad</span> <span class='ocrx_word' id='word_1_851' title='bbox 925 5296 1170 5350; x_wconf 74' lang='lat' dir='ltr'>ofﬁcium</span> <span class='ocrx_word' id='word_1_852' title='bbox 1199 5299 1606 5367; x_wconf 68' lang='lat' dir='ltr'>praedicationis</span> <span class='ocrx_word' id='word_1_853' title='bbox 1637 5300 2052 5371; x_wconf 87' lang='lat' dir='ltr'>adaptatsusci-</span> <span class='ocrx_word' id='word_1_854' title='bbox 2133 5321 2341 5360; x_wconf 90' lang='lat' dir='ltr'>meum.</span> <span class='ocrx_word' id='word_1_855' title='bbox 2383 5312 2440 5358; x_wconf 91' lang='lat' dir='ltr'>et</span> <span class='ocrx_word' id='word_1_856' title='bbox 2489 5304 2545 5356; x_wconf 88' lang='lat' dir='ltr'>in</span> <span class='ocrx_word' id='word_1_857' title='bbox 2597 5302 2923 5356; x_wconf 88' lang='lat' dir='ltr'>servitutem</span> <span class='ocrx_word' id='word_1_858' title='bbox 2965 5300 3179 5370; x_wconf 85' lang='lat' dir='ltr'>redigo.</span> <span class='ocrx_word' id='word_1_859' title='bbox 3210 5320 3237 5352; x_wconf 71' lang='lat' dir='ltr'>io</span> <span class='ocrx_word' id='word_1_860' title='bbox 3287 5299 3412 5354; x_wconf 88' lang='lat' dir='ltr'>Sive</span> <span class='ocrx_word' id='word_1_861' title='bbox 3457 5315 3583 5353; x_wconf 89' lang='lat' dir='ltr'>cum</span> <span class='ocrx_word' id='word_1_862' title='bbox 3624 5317 3735 5370; x_wconf 90' lang='lat' dir='ltr'>pro</span> 
     </span>
    </p>
   </div>
   <div class='ocr_carea' id='block_1_58' title="bbox 457 5384 3764 5463">
    <p class='ocr_par' dir='ltr' id='par_1_58' title="bbox 457 5384 3764 5463">
     <span class='ocr_line' id='line_1_58' title="bbox 457 5384 3764 5463; baseline 0.001 -24"><span class='ocrx_word' id='word_1_863' title='bbox 457 5385 747 5456; x_wconf 88' lang='lat' dir='ltr'>piendum,</span> <span class='ocrx_word' id='word_1_864' title='bbox 778 5384 941 5439; x_wconf 89' lang='lat' dir='ltr'>debet</span> <span class='ocrx_word' id='word_1_865' title='bbox 969 5402 1191 5456; x_wconf 91' lang='lat' dir='ltr'>quoque</span> <span class='ocrx_word' id='word_1_866' title='bbox 1222 5389 1555 5458; x_wconf 88' lang='lat' dir='ltr'>temporalia</span> <span class='ocrx_word' id='word_1_867' title='bbox 1602 5389 1840 5444; x_wconf 88' lang='lat' dir='ltr'>subditis</span> <span class='ocrx_word' id='word_1_868' title='bbox 1865 5391 2048 5463; x_wconf 88' lang='lat' dir='ltr'>provi-</span> <span class='ocrx_word' id='word_1_869' title='bbox 2133 5393 2358 5447; x_wconf 90' lang='lat' dir='ltr'>Christo</span> <span class='ocrx_word' id='word_1_870' title='bbox 2391 5392 2529 5446; x_wconf 89' lang='lat' dir='ltr'>mori</span> <span class='ocrx_word' id='word_1_871' title='bbox 2557 5391 2736 5462; x_wconf 89' lang='lat' dir='ltr'>parati</span> <span class='ocrx_word' id='word_1_872' title='bbox 2765 5396 2916 5449; x_wconf 86' lang='lat' dir='ltr'>sunt,</span> <span class='ocrx_word' id='word_1_873' title='bbox 2952 5389 3098 5442; x_wconf 92' lang='lat' dir='ltr'>sicut</span> <span class='ocrx_word' id='word_1_874' title='bbox 3124 5389 3369 5443; x_wconf 84' lang='lat' dir='ltr'>Joannes</span> <span class='ocrx_word' id='word_1_875' title='bbox 3387 5387 3526 5441; x_wconf 87' lang='lat' dir='ltr'>dicit</span> <span class='ocrx_word' id='word_1_876' title='bbox 3559 5406 3571 5440; x_wconf 88' lang='lat'><strong>:</strong></span> <span class='ocrx_word' id='word_1_877' title='bbox 3607 5406 3629 5435; x_wconf 75' lang='lat' dir='ltr'>c</span> <span class='ocrx_word' id='word_1_878' title='bbox 3667 5389 3764 5457; x_wconf 86' lang='lat' dir='ltr'>Si_</span> 
     </span>
    </p>
   </div>
   <div class='ocr_carea' id='block_1_59' title="bbox 455 5473 3735 5552">
    <p class='ocr_par' dir='ltr' id='par_1_59' title="bbox 455 5473 3735 5552">
     <span class='ocr_line' id='line_1_59' title="bbox 455 5473 3735 5552; baseline 0.001 -23"><span class='ocrx_word' id='word_1_879' title='bbox 455 5475 739 5544; x_wconf 73' lang='lat' dir='ltr'>dere.qute</span> <span class='ocrx_word' id='word_1_880' title='bbox 758 5473 876 5527; x_wconf 86' lang='lat' dir='ltr'>sine</span> <span class='ocrx_word' id='word_1_881' title='bbox 910 5490 1109 5545; x_wconf 88' lang='lat' dir='ltr'>magna</span> <span class='ocrx_word' id='word_1_882' title='bbox 1130 5476 1612 5547; x_wconf 69' lang='lat' dir='ltr'>sollicitudinepgi</span> <span class='ocrx_word' id='word_1_883' title='bbox 1642 5494 1751 5532; x_wconf 87' lang='lat' dir='ltr'>non</span> <span class='ocrx_word' id='word_1_884' title='bbox 1783 5487 2041 5550; x_wconf 89' lang='lat' dir='ltr'>possunt.</span> <span class='ocrx_word' id='word_1_885' title='bbox 2131 5481 2389 5536; x_wconf 85' lang='lat' dir='ltr'>Christus</span> <span class='ocrx_word' id='word_1_886' title='bbox 2411 5498 2510 5552; x_wconf 91' lang='lat' dir='ltr'>pro</span> <span class='ocrx_word' id='word_1_887' title='bbox 2536 5479 2695 5534; x_wconf 90' lang='lat' dir='ltr'>nobis</span> <span class='ocrx_word' id='word_1_888' title='bbox 2717 5478 2966 5533; x_wconf 86' lang='lat' dir='ltr'>animam</span> <span class='ocrx_word' id='word_1_889' title='bbox 2994 5494 3152 5532; x_wconf 87' lang='lat' dir='ltr'>suam</span> <span class='ocrx_word' id='word_1_890' title='bbox 3186 5477 3391 5549; x_wconf 87' lang='lat' dir='ltr'>posuit,</span> <span class='ocrx_word' id='word_1_891' title='bbox 3412 5484 3471 5530; x_wconf 91' lang='lat' dir='ltr'>et</span> <span class='ocrx_word' id='word_1_892' title='bbox 3498 5491 3601 5529; x_wconf 91' lang='lat' dir='ltr'>nos</span> <span class='ocrx_word' id='word_1_893' title='bbox 3634 5476 3735 5532; x_wconf 88' lang='lat' dir='ltr'>de-</span> 
     </span>
    </p>
   </div>
   <div class='ocr_carea' id='block_1_60' title="bbox 455 5563 3732 5640">
    <p class='ocr_par' dir='ltr' id='par_1_60' title="bbox 455 5563 3732 5640">
     <span class='ocr_line' id='line_1_60' title="bbox 455 5563 3732 5640; baseline 0 -21"><span class='ocrx_word' id='word_1_894' title='bbox 455 5564 616 5628; x_wconf 88' lang='lat' dir='ltr'>Quod</span> <span class='ocrx_word' id='word_1_895' title='bbox 637 5568 830 5618; x_wconf 80' lang='lat' dir='ltr'>autem</span> <span class='ocrx_word' id='word_1_896' title='bbox 854 5563 1045 5618; x_wconf 84' lang='lat' dir='ltr'>tunica</span> <span class='ocrx_word' id='word_1_897' title='bbox 1071 5564 1472 5620; x_wconf 86' lang='lat' dir='ltr'>sollicitudines</span> <span class='ocrx_word' id='word_1_898' title='bbox 1487 5572 1546 5621; x_wconf 88' lang='lat' dir='ltr'>et</span> <span class='ocrx_word' id='word_1_899' title='bbox 1567 5583 1730 5621; x_wconf 88' lang='lat' dir='ltr'>curas</span> <span class='ocrx_word' id='word_1_900' title='bbox 1751 5568 2044 5639; x_wconf 87' lang='lat' dir='ltr'>signiﬁcet,</span> <span class='ocrx_word' id='word_1_901' title='bbox 2130 5569 2329 5626; x_wconf 87' lang='lat' dir='ltr'>bemus</span> <span class='ocrx_word' id='word_1_902' title='bbox 2354 5586 2453 5640; x_wconf 89' lang='lat' dir='ltr'>pro</span> <span class='ocrx_word' id='word_1_903' title='bbox 2481 5568 2749 5623; x_wconf 86' lang='lat' dir='ltr'>fratribus</span> <span class='ocrx_word' id='word_1_904' title='bbox 2799 5566 3017 5621; x_wconf 90' lang='lat' dir='ltr'>animas</span> <span class='ocrx_word' id='word_1_905' title='bbox 3066 5581 3293 5637; x_wconf 85' lang='lat' dir='ltr'>ponere.</span> <span class='ocrx_word' id='word_1_906' title='bbox 3326 5584 3357 5620; x_wconf 74' lang='grc'><strong>»</strong></span> <span class='ocrx_word' id='word_1_907' title='bbox 3389 5564 3563 5636; x_wconf 86' lang='lat' dir='ltr'>Digiti</span> <span class='ocrx_word' id='word_1_908' title='bbox 3590 5580 3732 5620; x_wconf 87' lang='lat' dir='ltr'>vero</span> 
     </span>
    </p>
   </div>
  </div>
