3926 6164
148 322 231 378 329
518 357 537 368 .
1011 313 1426 369 ENARRATIO
1465 313 1543 366 IN
1582 311 1895 367 CANTICA
1934 315 2424 373 CANTICORUM.
2918 300 2923 305 ’
3248 323 3356 383 330

139 450 247 501 sunt
272 443 406 515 pleni
431 441 660 512 myrrha
703 441 1114 511 probatissima.
1145 458 1271 495 cum
1312 442 1497 511 ipsum
1538 457 1678 517 opus
1700 441 1857 509 Aqui
1894 443 2173 498 civitatem
2218 446 2318 499 Dei
2364 446 2440 511 (id
2483 452 2569 500 est
2618 448 2937 517 Ecclesiam)
2980 451 3355 519 circumeunt,

140 530 542 589 mortiﬁcationis
581 531 866 601 subtiliter
911 531 1301 591 discernimus,
1347 535 1535 582 utrum
1576 544 1676 598 pro
1761 531 2084 600 pervigilem
2112 534 2231 602 ejus
2261 550 2451 587 curam
2485 543 2733 603 agentes,
2760 554 2869 608 quo
2892 539 3045 592 illam
3078 544 3135 594 et
3162 540 3232 595 ab
3261 541 3356 595 ad-

139 622 316 677 intuitu
339 636 591 690 supernae
621 620 896 673 mercedis
925 620 1042 682 ﬁat,
1075 636 1147 671 an
1175 635 1273 688 pro
1302 617 1561 670 laudibus
1582 634 1680 670 εδε-
1759 619 2019 672 versariis
2047 626 2332 687 tueantur,
2351 629 2407 675 et
2433 623 2600 677 verbo
2620 641 2722 678 suo
2751 626 2837 678 vel
2857 628 3110 698 exemplo
3141 630 3211 683 ad
3241 646 3355 684 coe-

142 711 248 765 culi.
276 709 369 772 Qui
407 708 557 761 enim
587 725 686 777 pro
729 709 990 762 humanis
1020 706 1299 760 favoribus
1324 707 1564 775 jejunat,
1596 706 1680 758 vel
1763 704 1925 758 lestia
1952 706 2232 761 desideria
2258 711 2565 765 accendant
2612 713 2909 768 Inveniunt
2937 732 3070 785 ergo
3090 734 3357 787 sponsam

140 797 447 855 abstinentia:
502 796 616 849 sive
662 786 1018 850 continentia).
1060 795 1322 865 operibus
1368 794 1593 855 insistit,
1626 793 1682 847 in
1765 791 2025 846 dilectum
2058 804 2417 864 quaerentem,
2460 815 2585 852 cum
2616 800 2795 854 sancti
2824 802 3079 857 doctores
3105 786 3357 860 animam

141 886 359 942 manibus
380 884 601 956 quidem
631 887 917 955 myrrham
944 884 1132 947 habet,
1156 884 1250 937 sed
1281 884 1337 937 in
1369 882 1684 952 digitisnon
1766 880 2081 934 ccelestibus
2120 882 2407 937 desideriis
2453 885 2746 951 intentam,
2779 889 2866 941 vel
2910 897 3212 959 presentes
3243 908 3365 946 ver-

141 977 298 1035 habet,
331 974 460 1044 quia
486 991 600 1027 non
631 975 900 1028 discernit
929 989 1102 1044 quare
1124 973 1227 1025 hoc
1247 972 1431 1024 faciat.
1450 972 1525 1023 De
1547 986 1685 1039 qua-
1768 967 1857 1033 bo,
1916 969 2002 1021 vel
2057 968 2317 1023 absentes
2354 972 2656 1042 Scripturis
2684 978 2802 1031 suis
2839 977 3142 1033 instituunt
3179 986 3236 1034 et
3282 979 3365 1034 in-

143 1065 260 1119 libns
277 1063 535 1117 Dominus
551 1063 689 1116 dicit
710 1064 1119 1132 .cReceperunt
1135 1060 1446 1114 mercedem
1468 1075 1681 1112 suam.)
1768 1055 2029 1109 formant.
2071 1078 2091 1105 ι
2136 1058 2556 1121 Percusserunt,
2591 1062 2793 1132 inquit,
2835 1070 2892 1117 et
2932 1067 3365 1122 vulneraverunt

143 1155 244 1209 Sive
272 1168 461 1205 manus
491 1168 709 1222 sponsae
729 1152 1006 1205 distillant
1028 1150 1479 1220 myrrham,cum
1500 1147 1688 1217 Operi-
1771 1161 1878 1197 me.
1918 1168 1942 1193 ι»
1972 1145 2217 1199 Verbum
2244 1147 2343 1200 Dei
2370 1149 2591 1217 gladius
2635 1157 2737 1217 est,
2788 1152 3008 1208 dicente
3040 1157 3308 1226 Apostolo
3348 1174 3361 1209 :

142 1243 226 1296 bus
252 1246 441 1294 sanctae
472 1238 747 1302 Ecclesiae,
792 1238 1131 1292 castimonia:
1161 1238 1246 1290 vel
1279 1242 1481 1291 sanctae
1509 1236 1688 1290 conti-
1776 1251 1802 1285 «ι
1833 1234 2004 1287 Vivus
2059 1241 2144 1289 est
2195 1253 2380 1290 sermo
2410 1238 2509 1291 Dei
2541 1244 2596 1291 et
2623 1239 2836 1306 efﬁcax,
2869 1247 2928 1295 et
2964 1245 3367 1313 penetrabilior

142 1330 311 1385 nantia;
337 1329 548 1399 seipsos
575 1333 791 1398 aptant.
1773 1323 1927 1377 omni
1954 1324 2142 1393 gladio
2171 1325 2420 1395 ancipiti,
2454 1334 2510 1380 et
2542 1329 2866 1398 pertingens
2911 1347 3089 1402 usque
3128 1335 3200 1388 ad
3223 1334 3367 1389 divi-

202 1436 224 1468 ι
252 1416 531 1470 Pessulum
562 1415 690 1469 ostii
718 1415 827 1469 mei
874 1415 1068 1486 aperui
1097 1414 1300 1467 dilecto
1326 1430 1471 1479 meo,
1511 1418 1572 1467 at
1600 1413 1693 1467 ille
1774 1410 1990 1465 sionem
2019 1412 2219 1467 animae
2238 1429 2302 1466 ac
2332 1403 2582 1484 spiritus.
2608 1434 2634 1467 »
2656 1415 2776 1470 Hoc
2793 1418 2983 1488 gladio
3011 1437 3216 1491 sponsa
3237 1440 3370 1494 per-

144 1505 481 1559 declinaverat
510 1509 679 1574 atque
695 1504 1015 1557 transierat.
1035 1523 1061 1556 »
1088 1502 1380 1555 Pessulum
1410 1502 1539 1555 ostii
1566 1518 1696 1572 ape-
1775 1500 1985 1554 cutitur
2030 1507 2090 1555 et
2138 1502 2483 1567 vulneratur,
2518 1506 2743 1574 quando
2771 1508 3152 1577 praedicatoris
3178 1528 3366 1567 sermo

144 1594 217 1655 rit,
245 1610 359 1647 cum
387 1592 636 1646 Ecclesia
662 1593 747 1646 vel
777 1592 960 1646 ﬁdelis
994 1607 1227 1662 quaeque
1255 1590 1448 1643 anima
1476 1607 1572 1644 cor
1600 1590 1696 1643 ad-
1776 1587 1845 1641 de
1875 1589 1987 1642 Deo
2008 1590 2275 1660 loquitur,
2308 1597 2363 1645 et
2382 1592 2667 1647 auditores
2698 1595 2866 1649 veluti
2886 1598 3129 1667 quodam
3159 1600 3373 1670 spiculo

145 1683 350 1737 venienti
380 1681 672 1735 Conditori
699 1680 911 1751 pandit.
938 1700 964 1732 «
995 1682 1068 1734 At
1086 1679 1178 1733 ille
1204 1679 1580 1732 declinaverat
1606 1683 1695 1732 at-
1777 1678 2220 1747 compunctionis
2240 1684 2296 1732 et
2322 1681 2531 1734 amoris
2561 1682 2878 1737 transfodit.
2904 1703 2932 1737 «
2958 1687 3232 1741 Tulerunt
3250 1689 3374 1759 pal-

145 1788 230 1842 que
254 1770 567 1824 transierat.
602 1787 629 1822 »
664 1770 1001 1839 Plerumque
1030 1767 1181 1822 enim
1223 1783 1350 1821 cum
1380 1766 1754 1849 spiritualiaB
1776 1766 1914 1820 lium
1945 1782 2132 1819 meum
2156 1766 2308 1820 mihi.
2344 1787 2371 1818 ν
2400 1768 2515 1821 Hoc
2545 1768 2631 1821 hic
2661 1771 2912 1840 pallium,
2938 1774 3085 1842 quod
3115 1774 3375 1846 superius

147 1876 342 1931 quisque
370 1865 618 1913 tractare
634 1858 911 1922 volumus,
946 1862 1155 1927 quanto
1182 1856 1441 1910 subtilius
1462 1855 1701 1909 intendi-
1781 1855 1971 1909 tunica
2013 1855 2364 1925 intelligitur,
2425 1856 2519 1909 ubi
2556 1857 2763 1911 dicitur
2795 1876 2806 1911 :
2846 1879 2873 1909 α
2916 1861 3230 1931 Exspoliavi
3283 1879 3375 1917 me

146 1965 263 2010 mus,
289 1953 441 2001 tanto
489 1947 637 2000 acies
674 1946 857 2000 cordis
899 1945 1305 1999 reverberatur.
1351 1945 1510 1999 Unde
1550 1945 1703 1999 Salo-
1782 1943 1972 1996 tunica
2012 1959 2155 2007 mea,
2210 1962 2231 1992 »
2279 1944 2525 2013 tegmine
2559 1945 2815 1999 videlicet
2845 1948 3195 2003 saecularium
3227 1950 3378 2004 desi-

147 2051 251 2089 mon
276 2036 404 2089 dicit
430 2053 442 2088 :
481 2055 507 2085 ιι
534 2035 676 2097 Dixi,
713 2035 938 2103 sapiens
966 2035 1195 2097 etﬁciar,
1243 2040 1300 2087 et
1328 2033 1449 2103 ipsa
1480 2033 1703 2102 longius
1787 2031 2071 2085 deriorum
2108 2050 2120 2083 :
2155 2032 2304 2101 quod
2334 2034 2595 2086 custodes
2624 2034 2907 2101 auferunt,
2941 2037 3073 2107 quia
3104 2038 3380 2109 quidquid

145 2126 338 2178 recessit
380 2141 413 2177 a
453 2141 568 2177 me.
609 2147 625 2170 ο
658 2124 958 2177 Psalmista
995 2140 1216 2194 quoque
1256 2123 1393 2175 dicit
1427 2141 1438 2174 :
1479 2140 1504 2174 α
1533 2126 1706 2175 Acce-
1788 2120 1857 2173 de
1911 2136 2102 2173 amore
2150 2120 2443 2189 praesentis
2471 2123 2659 2175 saeculi
2690 2122 2749 2176 in
2796 2131 2983 2179 mente
3027 2126 3266 2195 alicujus
3290 2143 3382 2181 re-

149 2213 221 2265 det
243 2213 485 2266 homoad
509 2229 606 2266 cor
624 2213 823 2273 altum,
846 2218 904 2265 et
922 2209 1706 2276 exaltabiturDeustuanto
1790 2208 2079 2273 manserit,
2112 2214 2291 2261 totum
2324 2210 2503 2262 sancti
2544 2210 2799 2266 doctores
2837 2213 3119 2279 auferunt,
3155 2222 3213 2269 et
3257 2231 3385 2269 eam

149 2302 268 2354 enim
292 2302 533 2372 quisque
569 2301 753 2370 magis
798 2300 867 2353 ad
902 2301 1431 2371 contemplationem
1463 2299 1708 2352 divinam
1791 2297 2141 2350 solummodo
2172 2314 2441 2366 sponsum
2466 2297 2751 2353 Christum
2783 2301 3018 2371 diligere
3048 2303 3279 2358 faciunt.
3315 2305 3389 2359 Hi

152 2390 504 2458 puriﬁcatione
532 2390 715 2442 carnis
742 2405 839 2442 cor
861 2389 1121 2449 sustollit,
1156 2395 1314 2442 tanto
1361 2389 1531 2441 altius
1561 2386 1710 2457 quod
1795 2386 1933 2439 tales
1960 2392 2194 2455 possunt
2212 2386 2397 2440 dicere
2426 2403 2553 2440 cum
2583 2389 2882 2457 Apostolo:
2912 2411 2933 2443 α
2975 2391 3114 2445 Mihi
3147 2394 3390 2448 mundus

155 2478 399 2547 quaerebat
420 2495 550 2532 esse
572 2476 966 2531 invenit.Dicit
986 2494 1150 2547 ergo:
1174 2496 1197 2526 «
1224 2477 1712 2531 llledeclinaverat
1792 2474 2090 2527 cruciﬁxus
2119 2480 2222 2535 est,
2255 2481 2311 2528 et
2341 2492 2442 2543 ego
2479 2477 2713 2531 mundo.
2755 2494 2781 2528 ιο
2832 2496 2859 2529 (ι
2904 2479 3177 2534 Custodes
3208 2498 3395 2536 muro-

156 2576 291 2636 atque
316 2567 641 2622 transierat.
670 2586 694 2618 »
729 2567 861 2636 quia
888 2582 1053 2619 nemo
1082 2583 1208 2619 eum
1231 2567 1288 2619 in
1322 2565 1577 2635 praesenti
1605 2565 1715 2618 vita
1796 2578 1941 2615 rum.
1972 2582 1996 2614 υ
2024 2564 2166 2616 Muri
2198 2563 2436 2616 civitatis
2466 2570 2598 2617 sunt
2625 2566 2804 2619 sancti
2831 2566 3085 2621 doctores
3107 2570 3391 2624 Ecclesia.

157 2655 287 2709 sicuti
312 2664 393 2709 est
420 2654 903 2725 comprehendere
947 2659 1148 2725 potest.
1186 2672 1212 2705 α
1244 2653 1450 2706 Anima
1497 2669 1621 2705 mea
1646 2653 1715 2705 li-
1798 2651 2071 2704 Custodes
2101 2656 2289 2704 autem
2319 2668 2603 2705 murorum
2639 2653 2719 2705 illi
2769 2660 2900 2707 sunt
2949 2656 3044 2725 qui
3093 2657 3264 2712 etiam
3296 2676 3393 2714 eos

157 2743 375 2811 quefacta
396 2748 509 2805 est,
546 2748 607 2794 ut
635 2742 871 2795 dilectus
902 2742 1120 2795 locutus
1147 2747 1251 2794 est.
1288 2762 1310 2791 ι
1348 2741 1567 2803 Quanto
1603 2740 1716 2809 (in-
1800 2738 2105 2803 instruunt,
2138 2740 2233 2809 qui
2255 2739 2378 2792 aliis
2400 2757 2621 2810 quoque
2651 2742 2952 2811 praedicare
2982 2753 3235 2825 possunt.
3260 2764 3395 2817 qua-

159 2833 275 2902 quit)
322 2833 561 2886 vicinius
609 2831 909 2884 adventum
964 2830 1150 2901 sponsi
1201 2830 1307 2884 mei
1357 2833 1605 2900 persensi
1648 2831 1716 2884 ad
1801 2828 1870 2881 lis
1908 2838 2030 2881 erat
2086 2829 2312 2891 Paulus,
2363 2829 2458 2898 qui
2510 2830 2889 2895 Timotheum,
2944 2833 3152 2893 Titum,
3202 2852 3394 2891 muros

157 2928 333 2975 tactum
356 2928 591 2975 secreta;
611 2919 1016 2989 inspirationis,
1049 2925 1207 2972 tanto
1240 2920 1419 2989 magis
1449 2918 1720 2989 quidquid
1803 2915 1997 2985 utique
2044 2915 2211 2984 hujus
2256 2916 2516 2981 civitatis,
2559 2917 2871 2972 instruebat
2913 2927 2971 2974 et
3015 2923 3387 2992 custodiebat,

159 3008 203 3061 in
226 3026 301 3062 me
326 3017 444 3062 erat
462 3008 762 3077 frigidum,
783 3007 1033 3067 incaluit,
1050 3007 1127 3060 ita
1155 3014 1218 3060 ut
1237 3006 1375 3060 nihil
1400 3009 1518 3077 jam
1549 3007 1722 3060 libeat
1804 3003 1907 3058 hoc
1956 3008 2043 3057 est
2091 3003 2491 3058 exhortabatur
2537 3005 2609 3059 ad
2662 3007 3058 3077 perfectionem
3089 3011 3219 3065 boni
3258 3029 3393 3085 ope-

158 3098 243 3151 nisi
291 3099 345 3151 in
396 3099 685 3167 lacrymas
724 3096 945 3149 resolvi.
979 3096 1253 3165 Loquitur
1283 3097 1430 3150 enim
1463 3113 1721 3165 sponsus,
1746 3101 1789 3162 Ο
1811 3092 1907 3146 ris.

161 3199 259 3237 cum
285 3185 503 3239 interna
534 3185 623 3238 sui
662 3184 1028 3254 inspiratione
1059 3184 1268 3238 Christi
1309 3190 1560 3236 sanctam
1606 3184 1721 3237 ani-
1881 3200 1903 3231 «
1936 3181 2150 3251 Adjuro
2176 3198 2291 3245 vos,
2317 3182 2443 3237 ﬁlia:
2475 3184 2845 3250 Hierusalem,
2880 3187 2928 3240 si
2956 3187 3281 3245 inveneritis
3309 3192 3400 3247 di-

160 3287 279 3325 mam
301 3273 559 3344 inspirat,
594 3272 757 3341 eique
785 3271 1008 3324 coeleste
1061 3271 1402 3325 desiderium
1449 3271 1718 3341 suggerit,
1804 3270 2009 3324 lectum
2043 3276 2329 3330 meum.ut
2356 3272 2626 3326 nuntietis
2652 3274 2701 3327 ei
2731 3274 2863 3344 quia
2883 3279 3385 3350 amorelangueo.»

164 3367 207 3412 et
227 3362 298 3415 ita
322 3380 383 3416 eo
413 3364 689 3433 loquente
734 3360 969 3430 liqueﬁt,
1004 3360 1136 3430 quia
1186 3376 1295 3429 quo
1333 3360 1513 3429 magis
1558 3360 1724 3413 cmle-
1806 3356 1958 3410 Filiae
1992 3358 2345 3412 Hierusalem
2378 3366 2512 3413 sunt
2549 3361 2748 3417 animae
2778 3364 2989 3427 ﬁdeles,
3024 3384 3146 3437 qua:
3177 3371 3261 3423 vel
3290 3371 3403 3425 ad—

163 3448 309 3505 stibus
326 3452 558 3505 afflatur
582 3449 895 3507 desideriis,
920 3465 985 3502 eo
1006 3449 1246 3519 amplius
1271 3450 1511 3502 terrenis
1527 3449 1726 3502 emori-
1808 3443 1916 3497 huc
1958 3445 2016 3497 in
2062 3447 2324 3515 praesenti
2372 3450 2823 3518 peregrinantur,
2847 3454 2933 3507 vel
2972 3456 3143 3509 etiam
3178 3458 3401 3514 Christo

165 3544 254 3597 tur.
270 3547 322 3593 et
347 3540 505 3611 quasi
539 3537 884 3592 insensibilis
914 3538 1123 3592 mundo
1154 3537 1412 3605 efﬁcitur,
1436 3538 1728 3607 solumque
1809 3532 2092 3587 fruuntur.
2127 3535 2280 3589 Filiae
2304 3536 2743 3600 Hierusalem,id
2764 3547 2849 3593 est
2870 3542 2997 3597 ﬁliae
3027 3544 3179 3598 illius
3208 3564 3403 3617 super-

166 3626 342 3682 caelesti
370 3627 658 3681 desiderio
687 3626 837 3679 vivit.
863 3626 980 3678 Hoc
1010 3630 1094 3679 est
1114 3624 1261 3694 quod
1284 3625 1453 3679 etiam
1478 3642 1576 3695 per
1605 3641 1729 3695 pro-
1809 3635 1894 3673 nae
1914 3620 2155 3675 civitatis
2185 3622 2244 3675 in
2260 3639 2369 3693 qua
2390 3630 2475 3677 est
2497 3641 2719 3679 summa
2733 3645 2838 3697 pax
2864 3635 2920 3682 et
2938 3630 3173 3686 felicitas
3198 3632 3398 3689 divinae

167 3715 359 3784 phetam
403 3717 621 3770 dicitur
665 3733 676 3767 :
722 3713 858 3778 Quis
904 3730 1080 3768 caecus
1133 3714 1238 3767 nisi
1286 3730 1477 3767 servus
1516 3728 1675 3766 meus
1701 3712 1729 3765 ?
1809 3708 2315 3779 contemplationis.
2342 3712 2448 3764 Sed
2473 3718 2574 3765 hoc
2591 3714 2709 3767 loco
2748 3716 2892 3770 ﬁlias
2910 3717 3261 3774 Hierusalem
3286 3722 3407 3776 ani-

167 3802 277 3865 Quis
294 3804 632 3869 surdus,nisi
653 3804 719 3857 ad
741 3819 907 3872 quem
919 3802 1150 3856 nuntios
1172 3818 1325 3855 meos
1344 3802 1507 3855 misi?
1522 3820 1549 3854 α
1565 3802 1729 3865 Quae-
1810 3813 1932 3850 mas
1961 3796 2230 3852 debemus
2260 3800 2510 3869 accipere
2534 3802 2708 3854 Deum
2739 3803 3140 3871 desiderantes,
3174 3811 3271 3865 sed
3302 3811 3404 3865 ad-

168 3892 333 3959 sivi,et
358 3912 472 3949 non
499 3892 693 3948 inveni
723 3892 905 3945 illum.
952 3890 1175 3954 Vocavi,
1212 3896 1269 3943 et
1294 3907 1404 3944 non
1442 3889 1733 3960 respondit
1812 3887 1921 3940 huc
1949 3887 2008 3940 in
2039 3888 2142 3940 hac
2172 3887 2621 3956 peregrinatione
2654 3900 2956 3948 versantes.
3002 3897 3243 3965 Adjurat
3273 3915 3406 3969 ergo

168 3981 298 4035 mibi.
334 4003 355 4033 ι
387 3983 715 4053 Ingeminat
742 3980 946 4034 iterum
973 3996 1198 4033 causam
1231 3979 1439 4032 doloris
1456 3979 1561 4032 sui.
1597 3979 1731 4033 Om-
1814 3991 2017 4045 sponsa
2065 3975 2209 4028 ﬁlias
2240 3975 2610 4041 Hierusalem,
2645 3985 2709 4031 ut
2748 3983 3013 4036 nuntient
3040 4002 3244 4054 sponso
3275 3986 3408 4057 quia

169 4068 302 4123 nibus
327 4072 552 4142 quidem
596 4086 658 4123 se
693 4069 782 4139 pie
828 4068 1206 4139 quazrentibus
1247 4069 1407 4121 adest
1463 4067 1732 4121 Dominus
1814 4080 2005 4117 amore
2034 4064 2283 4132 languet,
2300 4079 2424 4116 cum
2450 4063 2638 4118 anima
2658 4066 2837 4120 ﬁdelis
2860 4070 3203 4127 ﬁdelesalios
3227 4075 3408 4130 Deum

171 4172 359 4229 semper
410 4177 470 4211 se
500 4157 895 4214 invocantibus
915 4157 1233 4227 respondet,
1282 4156 1339 4209 id
1369 4162 1456 4210 est
1481 4156 1552 4209 ad
1582 4156 1733 4209 salu-
1821 4152 2201 4206 desiderantes
2230 4152 2471 4221 adjurat,
2506 4158 2569 4206 ut
2611 4155 2834 4211 Christo
2885 4158 3192 4228 insinuent,
3244 4164 3407 4235 eique

169 4251 261 4299 tem
286 4252 483 4307 exaudi
548 4248 650 4301 sed
682 4247 1012 4317 plerumque
1034 4245 1254 4299 ﬁdelem
1285 4245 1531 4298 animam
1564 4260 1624 4297 se
1650 4244 1741 4297 de-
1822 4240 2086 4295 nuntient
2122 4257 2222 4295 suo
2258 4240 2413 4294 illam
2452 4258 2646 4298 amore
2692 4247 2893 4300 teneri.
2944 4248 3095 4305 Bene
3128 4259 3317 4307 autem
3349 4272 3411 4310 se

171 4333 499 4395 siderantem.
531 4342 593 4390 et
624 4335 693 4389 ad
715 4351 775 4388 se
800 4335 988 4388 venire
1019 4334 1334 4404 cupientem
1358 4350 1470 4387 non
1493 4332 1737 4395 exaudit,
1760 4412 1779 4414 Α
1824 4346 2015 4383 amore
2045 4330 2311 4399 languere
2340 4330 2477 4384 dicit
2511 4348 2522 4383 :
2553 4339 2763 4402 quanto
2792 4336 2942 4389 enim
2966 4340 3145 4410 magis
3168 4359 3414 4414 superna

171 4423 225 4475 ad
251 4425 341 4479 hoc
367 4434 429 4481 ut
454 4427 533 4480 ita
557 4442 622 4479 se
660 4424 712 4478 ei
733 4423 790 4477 in
825 4423 1084 4492 praesenti
1115 4423 1392 4477 ostendat.
1417 4422 1565 4475 sicut
1594 4438 1652 4475 se
1683 4421 1739 4474 in
1757 4412 1801 4468 D
1826 4418 2146 4472 desiderare
2174 4420 2423 4489 coeperit.
2445 4428 2603 4475 tanto
2635 4439 2772 4493 erga
2793 4441 2859 4477 ea
2888 4442 3010 4497 quae
3038 4412 3411 4500 mundivsunt,

174 4510 389 4568 futurum
430 4525 797 4569 ostensurum
839 4512 1139 4583 promittit,
1172 4512 1256 4565 vel
1300 4511 1472 4565 etiam
1503 4526 1616 4564 non
1650 4526 1740 4563 re-
1823 4507 2156 4577 languescit.
2186 4508 2301 4561 Nec
2333 4509 2538 4563 mirum
2569 4511 2617 4564 si
2648 4514 2790 4567 tales
2828 4515 3097 4587 languere
3126 4519 3408 4590 dicuntur,

174 4603 391 4669 spondet,
447 4605 504 4657 id
559 4609 650 4657 est
677 4618 790 4655 non
833 4600 1076 4661 exaudit,
1117 4599 1185 4652 ad
1214 4600 1317 4653 hoc
1346 4606 1410 4653 ut
1451 4599 1611 4653 libito
1641 4614 1743 4652 suo
1825 4612 1955 4650 cum
2012 4597 2300 4666 apostolus
2341 4614 2435 4651 eos
2469 4606 2718 4655 mortuos
2756 4603 2949 4658 dicat:
3004 4626 3026 4657 ι
3080 4608 3285 4663 Mortui
3309 4609 3409 4683 (in-

177 4698 367 4744 sanctus
392 4692 636 4763 quisque
668 4689 905 4743 vinculis
941 4688 1192 4759 corporis
1222 4694 1474 4751 exuatur,
1509 4694 1567 4741 et
1604 4687 1745 4740 liber
1827 4687 2050 4756 quiens»
2074 4686 2227 4749 estis,
2249 4693 2305 4740 et
2321 4687 2434 4741 vita
2457 4694 2640 4742 vestra
2656 4690 2983 4746 abscondita
3002 4700 3089 4747 est
3103 4711 3228 4749 cum
3252 4697 3416 4751 Chri-

175 4779 485 4848 amplexibus
516 4779 713 4851 sponsi
743 4778 830 4833 sui
867 4778 1276 4832 demulceatur.
1323 4778 1466 4830 Nam
1519 4777 1744 4846 quando
1827 4781 1933 4829 sto.
1971 4793 1996 4826 ›)
2036 4772 2124 4826 Ita
2162 4791 2294 4845 ergo
2324 4776 2609 4845 adjuranti
2649 4794 2866 4848 sponsae
2912 4782 3254 4851 respondent
3290 4785 3418 4841 filim

179 4866 437 4934 Apostolus
487 4868 717 4922 dicebat
758 4886 769 4921 :
836 4887 858 4917 ι
905 4866 1082 4937 Cupio
1126 4865 1350 4919 dissolvi
1382 4871 1441 4918 et
1467 4881 1587 4919 esse
1617 4882 1744 4919 cum
1830 4862 2206 4917 Hierusalem.

180 4952 387 5021 Christo,
420 4978 441 5008 Σ
472 4956 640 5028 quasi
674 4955 963 5026 quaerebat
994 4955 1266 5008 inhzerere
1299 4969 1503 5023 sponso
1533 4970 1653 5015 suo,
1689 4959 1747 5007 et
1903 4971 1928 5005 α
1963 4952 2156 5016 Qualis
2192 4957 2278 5006 est
2306 4952 2544 5007 dilectus
2583 4960 2715 5009 tuus
2752 4973 2816 5010 ex
2851 4958 3072 5027 dilecto,
3109 4979 3141 5017 ο
3171 4966 3427 5036 pulcher-

181 5044 379 5098 vocabat
403 5047 566 5100 illum
596 5044 874 5098 desiderio
902 5044 1126 5103 mentis,
1159 5043 1256 5096 sed
1300 5048 1488 5096 tamen
1515 5058 1625 5096 non
1654 5060 1743 5096 re-
1826 5042 1971 5095 rima
1992 5040 2330 5095 mulierum?
2364 5043 2543 5112 qualis
2569 5051 2654 5098 est
2680 5045 2915 5101 dilectus
2944 5055 3077 5105 tuus
3103 5068 3166 5106 ex
3196 5055 3420 5124 dilecto,

182 5134 455 5200 spondebat
479 5134 731 5204 illi.quia
758 5149 868 5187 non
890 5135 1079 5186 statim
1112 5133 1180 5186 de
1212 5148 1443 5202 corpore
1466 5150 1591 5186 eum
1614 5132 1747 5185 libe-
1828 5132 1959 5201 quia
1989 5132 2069 5185 sic
2088 5131 2358 5200 adjurasti
2380 5130 2526 5185 nos?
2558 5152 2582 5185 ›)
2618 5134 2733 5189 Hoc
2762 5142 2896 5191 tunc
2937 5139 3001 5193 ﬁt
3040 5145 3264 5212 quando
3300 5148 3425 5218 quis

186 5219 336 5285 rabat,
366 5225 461 5277 sed
494 5224 684 5277 adhuc
708 5221 993 5275 laboribus
1023 5221 1287 5288 exerceri,
1319 5228 1377 5275 et
1413 5220 1749 5275 utilitatibus
1831 5220 2014 5274 ﬁdelis
2059 5220 2289 5273 fratrem
2323 5220 2543 5274 ﬁdelem
2590 5224 2919 5295 alloquitur,
2950 5236 3004 5283 et
3033 5230 3272 5289 invicem
3320 5237 3428 5292 sibi

188 5304 406 5367 Ecclesia;
434 5313 705 5367 insudare
728 5310 1109 5383 permittebat.
1833 5310 2140 5363 caelestium
2158 5308 2564 5364 desideriorum
2598 5312 2767 5367 verba
2792 5326 3124 5391 suggerunt,
3147 5323 3351 5393 quibus
3371 5343 3431 5381 se

250 5420 268 5442 -
291 5399 631 5455 Invenerunt
653 5418 741 5454 me
769 5399 1030 5454 custodes
1060 5400 1156 5469 qui
1186 5398 1536 5453 circumeunt
1556 5399 1750 5453 civita-
1834 5399 1905 5451 ad
1935 5414 2305 5468 supernorum
2327 5414 2575 5453 amorem
2598 5404 2929 5459 accendunt.
2947 5407 3138 5464 Indica
3169 5412 3325 5477 mihi,
3349 5414 3437 5469 in-

193 5491 719 5558 tem,percusserunt
743 5505 851 5552 me,
886 5495 942 5543 et
962 5488 1397 5542 vulneraverunt
1417 5505 1526 5542 me.
1554 5509 1578 5541 »
1606 5488 1754 5558 Vigi—
1837 5488 1978 5558 quit,
2002 5488 2122 5556 jam
2154 5486 2519 5555 desideranti,
2545 5490 2667 5560 jam
2697 5492 2769 5546 ad
2811 5493 3080 5551 visionem
3110 5499 3428 5555 Conditoris

193 5570 258 5624 les
281 5577 368 5644 qui
402 5576 731 5631 custodiunt
768 5577 1071 5643 civitatem,
1104 5576 1287 5631 sancti
1316 5582 1449 5632 sunt
1475 5577 1751 5644 doctores,
1836 5575 1949 5630 mei
1962 5575 2252 5646 pervenire
2265 5576 2720 5650 cupienti,qualis
2762 5586 2850 5636 est
2875 5582 3290 5656 dilectus‘tuus,
3323 5588 3431 5642 hoc

404 5676 680 5738 Parnm.
726 5676 964 5739 CXVII.
3123 5677 3196 5740 11
