3970 6150
534 293 634 352 331

953 297 1258 352 HAYMON
1264 297 1330 352 IS
1369 296 1859 351 HALBERSTAT.
1903 296 2106 351 EPISC

2198 297 2327 350 )ΡΡ.
2368 296 2551 350 PARS
2590 297 2633 350 Ι.
2682 327 2746 336 -
2785 296 3153 352 ΟΟΜΜΕΝΤ.
3195 297 3369 352 BIBL.

3648 301 3734 362 332

531 423 617 500 est
643 419 883 504 qualiter
925 420 1182 474 Christus
1240 421 1418 474 amari
1446 419 1664 473 debeat.
1711 421 1836 473 Jam
1879 420 2110 484 dudum,
2134 423 2185 480 Α
2202 419 2360 504 elatis
2382 420 2696 489 palmarum
2727 426 3142 490 comparantur,
3168 421 3297 489 quia
3324 420 3552 474 ﬁdelium
3575 427 3732 479 multi.

529 497 731 577 inquit,
751 497 909 561 illum
927 508 1126 562 timere
1141 509 1301 578 ccepi,
1320 509 1417 562 sed
1432 509 1548 577 jam
1562 509 1834 562 charitate
1866 509 2126 561 timorem

529 585 858 666 espellente,
897 603 1028 668 opto
1057 581 1254 667 audire
1299 597 1464 650 verba
1509 597 1708 666 quibus
1761 597 1826 649 ad
1875 614 2125 650 amorem

529 669 682 750 illius
705 671 995 737 accendar.
1022 687 1105 740 Tu
1136 702 1267 754 ergo
1289 702 1410 754 quze
1432 685 1588 738 illum
1611 687 1729 754 jam
1757 701 1949 738 amore
1981 702 2126 754 quae-

528 763 627 836 ris,
662 764 894 842 ejusque
925 765 1115 827 amore
1145 775 1398 845 langues,
1431 773 1519 826 dic
1549 774 1684 826 mihi
1716 773 1896 842 qualis
1929 780 2014 826 est
2041 773 2121 825 di-

528 851 705 934 lectus
737 845 868 915 tuus
895 853 960 913 ex
990 847 1209 914 dilecto.
1229 862 1477 914 Dilectus
1498 878 1561 914 ex
1583 862 1801 923 dilecto,
1837 861 2010 914 Filius
2035 866 2121 914 est

536 938 602 1028 ei
632 939 818 1014 Patre,
854 938 997 1028 sicut
1027 957 1111 1003 est
1131 950 1280 1004 Deus
1309 951 1377 1003 de
1401 951 1533 1013 Deo,
1568 951 1753 1003 lumen
1787 950 1855 1003 de
1885 950 2113 1002 lumine.

527 1019 631 1090 vel
656 1029 826 1090 etiam
853 1057 873 1088 α
906 1019 1153 1112 άίίθίεωε
1172 1044 1303 1092 tuus
1333 1055 1397 1091 ex
1428 1039 1650 1102 dilecto,
1689 1058 1713 1090 »
1752 1038 2008 1091 Christus
2034 1044 2121 1090 est

527 1116 591 1179 ex
622 1143 688 1179 ea
734 1116 914 1207 parte,
949 1144 1059 1204 qua
1084 1127 1405 1197 diligendus
1436 1134 1536 1191 est,
1571 1143 1682 1180 non
1731 1144 1793 1180 ex
1819 1143 1886 1180 ea
1916 1143 2025 1196 qua
2053 1127 2120 1179 ti-

525 1216 784 1280 mendus.
801 1217 945 1269 Nam
961 1217 1161 1282 timere
1190 1216 1369 1285 magis
1398 1216 1850 1285 imperfectorum
1869 1223 2118 1284 est,quos

522 1295 697 1357 timor
739 1293 776 1376 ᾖ
816 1299 1058 1374 peccatis
1114 1313 1355 1368 revocat,
1415 1321 1606 1358 amare
1658 1322 1790 1358 vero
1843 1304 2116 1377 perfecto-

523 1381 670 1470 rum.
734 1383 856 1470 Jarp
907 1408 1038 1466 ergo
1099 1381 1410 1464 interrogat
1453 1382 1633 1462 qualis
1675 1393 1748 1446 sit
1785 1393 2018 1446 dilectus
2050 1409 2116 1446 ex

522 1467 746 1543 dilecto,
872 1467 958 1534 est
996 1481 1238 1556 qualiter
1268 1479 1526 1534 Christus
1555 1483 1735 1534 amari
1765 1481 1984 1543 debeat,
2027 1483 2112 1534 vel

521 1555 704 1652 qualis
733 1555 807 1621 sit
835 1559 969 1638 erga
996 1569 1121 1623 illos
1148 1569 1243 1639 qui
1273 1570 1435 1623 illum
1462 1576 1683 1624 tantum
1724 1586 1916 1624 amore
1950 1587 2113 1623 nove-

515 1663 667 1709 runt.

2209 495 2432 562 tu.dines
2463 515 2516 562 et
2556 509 2734 562 virore
2761 509 2890 562 ﬁdei
2914 510 3181 578 gaudent,
3217 516 3272 562 et
3308 510 3372 562 ad
3402 517 3591 564 aeterna
3614 514 3736 567 desi-

2209 597 2456 650 deranda
2507 599 2869 661 extolluntur,
2923 604 3090 666 atque
3135 598 3469 651 dulcedinem
3522 613 3739 668 superna:

2209 687 2498 739 suavitatis
2519 687 3012 755 degustant,quam
3035 692 3244 755 quanto
3267 686 3436 756 magis
3447 687 3736 756 percipiunt,

2205 778 2361 826 tanto
2390 774 2565 842 magis
2595 774 2649 825 in
2671 774 2844 826 oculis
2866 774 2981 826 suis
3003 787 3319 843 peccatores
3343 774 3443 828 sibi
3466 780 3518 827 et
3534 782 3742 828 contem-

2202 861 2426 930 ptibiles
2456 879 2575 915 esse
2605 862 2880 915 videntur.
2902 863 3060 916 Unde
3081 862 3394 931 sequituru
3421 862 3590 931 Nigrae
3608 863 3743 932 quasi

2200 966 2416 1002 corvus.
2455 969 2480 1002 »
2505 951 2690 1003 Comae
2711 950 2858 1002 enim
2895 950 3084 1019 sponsi
3123 951 3298 1020 nigra:
3328 956 3456 1003 sunt
3481 950 3624 1020 quasi
3647 955 3742 1002 c'or-

2204 1038 2458 1108 vus,quia
2487 1039 2733 1092 ﬁdelium
2765 1039 3154 1092 multitudines
3179 1055 3292 1092 suae
3322 1037 3621 1108 fragilitatis
3655 1036 3743 1090 sibl

2199 1127 2432 1180 conscia:
2461 1133 2611 1188 sunt,
2645 1134 2702 1180 et
2749 1127 2888 1179 nihil
2914 1144 2972 1180 se
3002 1127 3130 1180 boni
3175 1144 3240 1180 ex
3288 1144 3348 1180 se
3393 1126 3585 1178 habere
3609 1141 3746 1178 nove.

2200 1220 2351 1270 runt.
2379 1213 2478 1268 Vel
2507 1215 2677 1267 etiam
2707 1232 2735 1266 ι
2777 1215 2935 1269 elatae
2959 1216 3272 1284 palmarum
3308 1235 3332 1268 ι)
3356 1222 3484 1269 sunt
3509 1217 3563 1268 in
3590 1231 3676 1285 spe
3701 1211 3746 1268 et

2201 1301 2430 1355 victoria
2457 1321 2467 1354 :
2500 1321 2524 1354 «
2555 1304 2728 1372 nigra:
2759 1320 2886 1356 vero
2919 1304 3078 1373 quasi
3108 1321 3359 1369 corvus,»
3397 1304 3547 1374 quasi
3574 1305 3746 1372 despe-

2197 1391 2271 1444 cti
2300 1398 2357 1445 et
2383 1392 2826 1462 contemptibiles
2865 1399 2998 1445 sunt
3046 1394 3322 1462 pressuris
3365 1394 3527 1461 hujus
3567 1391 3742 1445 smculi.

2198 1480 2366 1534 Elatae
2393 1481 2705 1550 palmarum
2738 1486 2870 1534 sunt
2899 1481 3096 1542 sancti,
3121 1482 3252 1551 quia
3281 1497 3382 1551 per
3418 1481 3641 1550 gratiam
3665 1479 3746 1532 Dei

2193 1570 2263 1621 ad
2297 1570 2538 1622 caelestis
2584 1570 2824 1623 victoriae
2855 1571 3097 1639 palmam
3131 1571 3406 1635 tendunt;
3454 1569 3614 1638 nigrae
3639 1579 3744 1621 vero

2199 1659 2357 1728 quasi
2377 1675 2591 1720 corvus,
2637 1659 2768 1728 quia
2799 1665 2898 1728 per
2925 1676 2984 1711 se
3013 1659 3267 1712 inﬁrmos
3297 1665 3354 1712 et
3382 1663 3673 1728 peccatores
3696 1671 3744 1708 se

594 1740 614 1792 ἁ
650 1717 898 1826 Dilectus
928 1762 1085 1826 meus
1109 1746 1379 1801 candidus
1419 1752 1476 1800 et
1506 1746 1864 1812 rubicundus,
1901 1748 2112 1802 electus
2135 1745 2316 1804 Besse
2353 1754 2708 1816 cognoscunt.
2747 1748 2984 1800 Possunt
3033 1748 3201 1800 etiam
3253 1757 3425 1801 comae
3462 1745 3635 1816 sponsi
3663 1758 3745 1798 an-

517 1820 582 1915 ἐξ(
612 1816 879 1888 millibus.
921 1833 944 1885 ἐ
983 1817 1097 1889 Vox
1149 1837 1542 1906 respondentis
1572 1837 1828 1890 Ecclesiae
1859 1850 1869 1883 :
1913 1856 1939 1888 α
1967 1837 2112 1890 Dile-

515 1911 636 1989 ctus
676 1911 834 1977 meus
864 1911 1136 2000 candidus
1169 1930 1224 1978 et
1247 1924 1628 1978 rubicundus:
1658 1944 1682 1975 (‹
1702 1925 1976 1978 candidus
2006 1926 2111 1978 vir-

513 1999 775 2080 ginitate,
807 1999 1151 2066 rubicundus
1180 2014 1459 2083 passione.
1487 2014 1791 2079 Candidus,
1825 2014 1955 2083 quia
1985 2014 2106 2066 sine

511 2087 770 2170 peccato;
804 2116 934 2153 nam
962 2099 1083 2154 sine
1123 2107 1348 2170 peccato
1379 2109 1465 2155 est
1491 2109 1878 2156 conversatus:
1916 2120 1940 2153 «
1977 2120 2104 2172 pec-

511 2177 698 2241 catum
731 2175 880 2242 enim
926 2205 1039 2242 non
1086 2189 1231 2255 fecit,
1268 2208 1368 2244 nec
1419 2191 1679 2244 inventus
1719 2197 1805 2244 est
1848 2191 2010 2245 dolus
2047 2191 2104 2244 in

512 2265 608 2349 ore
641 2266 782 2347 ejus.
821 2302 846 2326 ιι
877 2297 899 2329 ι
925 2278 1312 2344 Rubicundus,
1351 2299 1373 2329 ι
1409 2281 1540 2349 quia
1575 2300 1594 2329 ι
1631 2280 1763 2332 lavit
1792 2294 1893 2333 nos
1923 2297 1954 2332 a
1982 2297 2104 2348 pec-

509 2347 649 2419 catis
696 2353 906 2419 nostris
944 2367 1001 2434 in
1030 2367 1303 2436 sanguine
1345 2385 1464 2420 suo.
1528 2388 1549 2418 c
1595 2369 1814 2420 Electus
1844 2384 1906 2420 ex
1939 2368 2103 2420 milli-

505 2443 630 2507 bus.
671 2474 692 2504 ι
721 2443 1004 2524 Singulari
1033 2455 1183 2522 enim
1210 2457 1396 2526 gratia
1426 2457 1592 2509 homo
1624 2457 1878 2510 Christus
1901 2457 1958 2509 in
1989 2474 2103 2510 om-

509 2541 567 2595 ni
598 2533 831 2596 humani
855 2615 858 2620 ν
876 2545 1118 2618 generis
1155 2561 1338 2598 massa
1369 2545 1604 2609 refulsit,
1639 2546 1770 2614 quia
1817 2561 1916 2615 per
1942 2545 2102 2598 illum

503 2621 798 2704 proposuit
850 2633 998 2704 Deus
1047 2634 1261 2687 salvare
1301 2651 1480 2704 genus
1511 2635 1841 2695 humanum,
1892 2641 1949 2687 et
1984 2635 2102 2704 ipse

507 2702 595 2773 est
625 2710 902 2794 mediator
947 2702 1048 2774 Dei
1094 2732 1151 2775 et
1178 2702 1471 2775 hominum
1501 2724 1662 2776 Jesus
1697 2702 2102 2787 Christus;_de

511 2797 622 2879 quo
653 2797 952 2863 Psalmista
984 2827 998 2862 :
1055 2828 1080 2860 (ι
1121 2811 1246 2881 Non
1278 2817 1361 2864 est
1389 2811 1484 2880 qui
1515 2810 1684 2863 faciat
1731 2810 1955 2872 bonum,
1990 2827 2100 2863 non

513 2885 602 2950 est
631 2889 808 2968 usque
828 2899 897 2968 ad
928 2915 1158 2973 unum.)
1185 2900 1252 2953 Et
1274 2888 1536 2953 Salomon
1561 2917 1612 2950 :«
1630 2899 1824 2952 Virum
1853 2900 1921 2952 de
1951 2900 2102 2952 mille

2191 1836 2380 1906 gelicae
2411 1837 2645 1890 virtutes
2685 1837 2882 1906 accipi,
2942 1853 3062 1906 quae
3107 1836 3224 1889 Deo
3254 1835 3565 1906 specialiter
3603 1834 3748 1887 inhae-

2190 1931 2338 1992 rent,
2373 1925 2516 1978 sicut
2545 1942 2716 1978 coma:
2753 1926 2944 1995 capiti,
2976 1942 3215 1994 eumque
3259 1941 3293 1977 a
3333 1924 3507 1976 vicino
3535 1928 3749 1976 contem-

2190 2013 2434 2083 plantur.
2478 2013 2611 2077 Quae
2640 2013 2782 2068 bene
2812 2014 2971 2068 elatis
3008 2020 3426 2083 comparantur,
3460 2012 3585 2081 quia
3627 2023 3747 2061 nun-

2191 2116 2358 2169 quam
2389 2117 2421 2153 a
2458 2106 2639 2154 status
2686 2102 2773 2155 sui
2818 2102 3152 2154 rectitudine
3197 2101 3554 2162 inclinantur,
3586 2096 3673 2150 sed
3699 2097 3749 2148 in

2185 2188 2460 2256 dignitate
2506 2190 2671 2242 olticii
2711 2191 2801 2244 sui
2857 2191 3221 2242 immaculate
3277 2192 3616 2258 permanent,
3648 2199 3752 2254 qua

2185 2284 2395 2346 quanto
2417 2279 2595 2347 magis
2619 2279 2928 2333 claritatem
2957 2279 3044 2332 sui
3069 2278 3378 2331 conditoris
3399 2273 3754 2343 contemplan-

2185 2371 2299 2427 tur,
2325 2383 2389 2419 eo
2411 2368 2654 2436 amplius
2675 2384 2840 2436 quam
2856 2368 2992 2420 utile
3008 2368 3081 2420 sit
3100 2383 3265 2420 omne
3287 2373 3554 2422 creatum,
3571 2363 3623 2415 in
3638 2363 3743 2430 ejus

2184 2456 2603 2524 comparatione
2632 2456 2929 2526 aspiciunt,
2963 2461 3019 2509 et
3042 2455 3167 2508 ideo
3196 2455 3371 2524 nigrae
3395 2453 3549 2525 quasi
3573 2465 3747 2504 corvus

2186 2559 2308 2596 esse
2340 2544 2626 2597 dicuntur.

2259 2651 2282 2680 α
2318 2631 2476 2686 Oculi
2520 2633 2640 2701 ejus
2682 2633 2825 2686 sicut
2857 2633 3128 2686 columbae
3173 2649 3344 2702 super
3369 2633 3575 2687 rivulos
3603 2629 3752 2698 aqua-

2187 2737 2464 2790 rum,quae
2495 2722 2636 2775 lacte
2661 2728 2794 2775 sunt
2815 2723 2993 2776 lotae.»
3013 2722 3170 2777 Oculi
3188 2721 3309 2790 ejus
3327 2723 3477 2775 dona
3501 2724 3626 2773 sunt
3646 2715 3750 2786 Spi-

2184 2809 2325 2862 ritus
2354 2811 2552 2863 sancti.
2588 2811 2747 2873 Quod
2777 2812 3022 2864 ostendit
3055 2812 3300 2864 Joannes
3329 2812 3386 2863 in
3417 2805 3745 2880 Apocalypsi.

2184 2898 2376 2951 dicens
2410 2916 2420 2949 ε
2454 2919 2475 2948 ι
2504 2899 2627 2951 Vidi
2659 2913 2864 2968 agnum
2887 2906 3156 2968 tanquam
3187 2899 3456 2964 occisum,
3481 2897 3756 2951 habentem

509 2975 687 3056 unum
720 2975 922 3065 reperi,
952 3009 974 3036 ι
1006 2988 1062 3040 id
1093 2994 1180 3042 est
1203 2989 1510 3053 Christum,
1543 2995 1599 3042 et
1627 2988 1744 3056 ipse
1767 2988 1825 3041 in
1856 2989 2069 3058 psalmo
2089 3005 2101 3038 ε
2120 2977 2162 3036 C
2186 3001 2396 3038 cornua
2424 2992 2637 3056 septem
2665 2995 2722 3039 et
2750 2988 2937 3040 oculos
2967 2994 3202 3056 septem,
3237 2986 3334 3055 qui
3388 2992 3521 3041 sunt
3567 2987 3757 3052 septem

516 3091 544 3127 α
580 3062 955 3144 Singulariter
1001 3092 1122 3129 sum
1153 3069 1254 3146 ego
1286 3077 1463 3129 donec
1492 3085 1797 3129 transeam.
1832 3097 1854 3126 ι
1913 3097 1935 3126 ι
1986 3077 2105 3130 Ele-

513 3167 638 3216 ctus
661 3178 792 3232 ergo
823 3180 888 3216 ex
915 3163 1183 3242 millibus,
1225 3183 1246 3213 ι
1281 3165 1413 3234 quia
1461 3181 1526 3218 ex
1556 3165 1708 3218 omni
1743 3165 2106 3218 multitudine

513 3239 839 3316 sanctorum
872 3243 1023 3305 salus
1052 3239 1256 3323 dignus
1285 3252 1393 3306 fuit
1413 3253 1608 3306 audire
1640 3271 1691 3304 τι
1716 3253 1818 3306 Hic
1849 3258 1936 3306 est
1960 3252 2107 3306 [ilius

513 3327 673 3394 meus
709 3335 966 3406 dilectus,
995 3341 1052 3392 in
1083 3358 1192 3409 quo
1216 3340 1351 3394 mihi
1381 3341 1709 3411 complacui.
1749 3361 1774 3393 »

545 3499 551 3506 .
591 3423 614 3479 ἀ
668 3417 856 3499 Caput
903 3429 1021 3498 ejus
1069 3445 1270 3482 aurum
1321 3429 1612 3498 Optimum.
1649 3450 1673 3480 »
1700 3430 1882 3502 Caput
1918 3430 2110 3500 sponsi

517 3492 667 3594 Deus
687 3492 790 3582 est,
809 3492 968 3588 juxta
992 3517 1140 3596 quod
1161 3492 1461 3587 Apostolus
1487 3518 1642 3582 dicit,
1686 3535 1710 3567 «
1739 3492 1921 3588 Caput
1945 3492 2110 3572 Chri-

522 3595 596 3661 sti
625 3592 794 3671 Deus,
819 3596 840 3656 ᾧ
865 3592 1010 3676 quod
1046 3622 1184 3659 auro
1215 3607 1425 3676 optimo
1449 3612 1825 3675 comparatur,
1859 3607 1989 3676 quia
2010 3607 2111 3660 sic-

519 3682 582 3749 ut
607 3683 809 3749 aurum
836 3693 1096 3748 omnibus
1127 3695 1367 3747 metallis
1392 3695 1690 3764 pretiosius
1717 3702 1819 3756 est,
1854 3696 1933 3748 ita
1963 3697 2110 3749 Deus

519 3772 876 3853 omnipotens
905 3799 937 3834 a
965 3799 1024 3835 se
1052 3783 1212 3836 factis
1245 3783 1400 3836 bonis
1431 3783 1696 3853 prmcellit
1723 3791 1779 3836 et
1807 3785 2110 3853 superemi-

521 3853 802 3955 net.Unde
823 3871 1094 3926 Dominus
1119 3889 1130 3924 :
1159 3873 1376 3925 «Nemo
1408 3871 1705 3925 bonusnisi
1726 3872 1877 3925 solus
1905 3873 2106 3926 Deus.»

523 3951 707 4032 Caput
735 3976 867 4031 ergo
918 3961 1108 4032 sponsi
1154 3977 1354 4015 aurum
1401 3961 1676 4030 Optimum
1709 3969 1812 4023 est,
1846 3961 1980 4030 quia
2013 3961 2111 4014 Dei

519 4025 741 4104 lienitas
776 4039 862 4102 est
888 4048 1202 4118 inellabilis,
1255 4049 1506 4119 omnium
1567 4065 1754 4102 rerum
1803 4048 2111 4103 bonitatem

521 4119 945 4213 :transcendens,
981 4137 1113 4206 quia
1135 4137 1518 4208 nihilbonum,
1545 4137 1651 4189 nisi
1683 4137 2112 4207 participatione

521 4219 693 4296 hujus
722 4216 929 4278 summi
959 4225 1107 4277 boni.
1130 4242 1155 4276 ι
1185 4227 1371 4278 Οοηιεε
1401 4225 1520 4293 ejus
1550 4225 1694 4278 sicut
1717 4226 1875 4279 elata:
1905 4227 2114 4295 palma-

692 4331 719 4362 ι
743 4303 928 4366 Coma:
951 4313 1142 4382 sponsi
1163 4320 1296 4384 sunt
1310 4312 1698 4366 multitudines
1721 4314 1994 4378 ﬁdelium,
2017 4331 2115 4384 per

2186 3074 2414 3142 spiritus
2458 3074 2556 3127 Dei
2599 3075 2752 3127 missi
2800 3076 2856 3127 in
2907 3091 3128 3128 omnem
3173 3081 3409 3128 terram.
3449 3093 3474 3126 »
3525 3070 3673 3126 Unde
3713 3071 3761 3120 et

2188 3161 2332 3214 bene
2357 3162 2628 3216 columbis
2642 3179 2810 3232 super
2829 3163 3034 3216 rivulos
3049 3179 3328 3232 aquarum,
3347 3163 3752 3232 comparantur,

2191 3251 2322 3320 quia
2339 3251 2581 3321 Spiritus
2603 3257 2830 3305 sanctus
2850 3252 3004 3321 puris
3033 3259 3090 3304 et
3129 3252 3360 3305 sinceris
3389 3249 3664 3305 mentibus
3685 3245 3764 3298 de-

2191 3339 2449 3392 lectatur.
2498 3341 2622 3393 Non
2675 3339 2822 3393 enim
2863 3356 3032 3410 super
3060 3346 3261 3409 stagna
3290 3342 3377 3393 vel
3406 3338 3651 3410 paludes,
3680 3330 3764 3386 sed

2193 3441 2362 3496 super
2391 3428 2598 3482 rivulos
2624 3445 2898 3498 aquarum
2939 3428 3210 3482 columbae
3237 3429 3510 3484 resident.
3543 3426 3666 3496 quia
3691 3422 3768 3476 (ut

2193 3515 2402 3569 dictum
2427 3524 2532 3575 est)
2564 3519 2805 3587 Spiritus
2828 3525 3054 3571 sanctus
3076 3528 3259 3570 castas
3286 3522 3343 3570 et
3367 3517 3606 3570 mundas
3631 3525 3768 3566 men-

2192 3609 2277 3657 tes
2303 3604 2407 3656 sibi
2430 3605 2813 3659 habitaculum
2843 3607 2990 3659 facit.
3020 3626 3041 3655 ι
3076 3606 3209 3668 Quae
3241 3605 3383 3658 lacte
3409 3611 3548 3658 sunt
3575 3602 3711 3657 lotae,
3745 3611 3771 3648 1

2194 3693 2326 3762 quia
2353 3697 2432 3757 (ut
2456 3694 2667 3747 dictum
2693 3699 2797 3760 est)
2833 3696 3074 3764 Spiritus
3102 3701 3330 3747 sanctus
3359 3693 3525 3747 lactis
3549 3689 3771 3748 nomine,

2192 3781 2248 3833 id
2286 3787 2372 3834 est
2393 3783 2492 3835 Dei
2518 3783 2704 3851 gratia
2728 3783 3216 3852 intelligitur,quza
3245 3799 3345 3852 per
3372 3781 3644 3852 Spiritum
3665 3790 3776 3829 san-

2193 3876 2343 3922 ctum
2368 3871 2622 3926 Ecclesiae
2651 3872 2937 3936 tribuitur,
2966 3879 3023 3925 et
3042 3888 3151 3941 qua
3183 3873 3352 3925 veluti
3373 3872 3523 3925 lacte
3554 3864 3774 3939 parvuli:

2193 3957 2272 4010 ita
2304 3959 2546 4012 Ecclesia
2576 3961 2844 4014 nutritur.
2877 3962 3182 4014 Possumus
3214 3977 3312 4029 per
3360 3961 3556 4014 oculos
3604 3951 3778 4026 sponsi

2193 4047 2449 4102 doctores
2472 4049 2843 4119 accipere,qui
2859 4049 3130 4102 columbis
3151 4047 3784 4119 comparanturpropter

2194 4134 2572 4188 innocentiam
2601 4142 2658 4188 et
2686 4137 3125 4207 simplicitatem.
3177 4137 3274 4190 Hae
3305 4136 3582 4190 columbae
3621 4143 3783 4200 super

2195 4223 2402 4276 rivulos
2455 4224 2721 4288 resident,
2771 4230 2834 4278 ut
2888 4226 3190 4278 adventum
3221 4224 3506 4294 accipitris
3552 4238 3586 4276 a
3632 4221 3785 4286 longe

2197 4313 2540 4382 prospiciant
2552 4318 2608 4366 et
2619 4321 2982 4383 praecaveant,
3007 4315 3086 4367 sic
3099 4320 3154 4367 et
3172 4313 3349 4366 sancti
3368 4314 3629 4366 doctores
3649 4321 3784 4377 aqua

521 4375 693 4456 iidem
721 4390 777 4454 et
807 4375 1159 4456 dilectionem
1201 4381 1314 4455 Deo
1336 4391 1719 4468 adhaerentes,
1779 4419 1901 4472 quae
1953 4375 2113 4457 elatis
2131 4395 2179 4453 ἰ)
2197 4375 2547 4469 baptismatis
2567 4375 2794 4470 perfusi,
2823 4401 3002 4455 nitore
3031 4402 3306 4456 castitatis
3325 4407 3381 4454 et
3406 4375 3785 4455 sanctimonia!

520 4477 840 4562 palmarum
869 4495 1268 4560 comparantur
1309 4490 1480 4544 Elataa
1495 4490 1810 4561 palmarum
1833 4500 1966 4545 sunt
1977 4494 2119 4547 rami

518 4570 906 4651 productiores
948 4566 1004 4634 et
1049 4577 1522 4643 excellentiores,
1558 4578 1844 4632 interdum
1895 4579 2117 4634 aureosi

519 4659 740 4735 coloris,
780 4660 1108 4741 crispantes,
1133 4674 1190 4722 et
1211 4683 1436 4738 semper
1465 4667 1535 4719 ad
1565 4668 1781 4721 excelsa
1797 4668 2110 4733 tendentes,

525 4743 584 4828 et
610 4749 904 4832 nunquam
932 4758 1175 4811 virorem
1203 4773 1369 4812 suum
1419 4756 1761 4810 amittentes.
1792 4756 1954 4809 Tales
1982 4772 2114 4826 ergo

522 4837 661 4902 dicit
692 4839 880 4904 comas
905 4847 1094 4919 Sponsi
1116 4847 1202 4900 sui
1233 4841 1496 4909 Ecclesia,
1543 4845 1756 4914 crispas
1789 4844 2045 4898 videlicet
2062 4850 2120 4898 et

525 4937 742 4990 rutilas.
773 4937 1043 4991 Nonnulli
1073 4935 1268 4988 dicunt
1297 4933 1474 4986 elatas
1505 4933 1843 5002 palmarum,
1874 4934 2119 5003 speciem

524 5013 742 5079 arboris
773 5015 893 5079 esse
915 5023 1255 5090 aromaticae,
1301 5037 1470 5092 quem
1500 5021 1696 5086 Latine
1725 5021 1964 5075 abietem
2005 5022 2120 5076 sive

525 5103 714 5182 spatas
743 5101 958 5165 vocant.
994 5101 1137 5164 Nam
1178 5110 1367 5163 Graece
1408 5107 1562 5161 abies
1591 5105 1738 5176 ἐλάτη
1765 5109 1994 5163 dicitur.
2029 5110 2125 5163 Est

529 5190 719 5254 autem
742 5193 951 5270 species
968 5187 1084 5253 haec
1097 5206 1229 5269 apta
1245 5196 1606 5252 conficiendis
1618 5199 1941 5268 unguentis.
1959 5197 2122 5252 Abie-

519 5268 638 5342 tein
675 5281 802 5343 vero
832 5280 921 5342 hic
943 5279 1055 5343 non
1086 5304 1348 5358 magnam
1396 5287 1551 5340 illam
1577 5287 1854 5354 arborem,
1891 5304 2015 5358 quae
2035 5293 2121 5342 est

525 5370 763 5449 navigiis
802 5367 858 5433 et
873 5367 1132 5433 domibus
1161 5382 1312 5450 apta,
1337 5376 1434 5430 sed
1463 5375 1553 5446 (ut
1581 5376 1842 5442 diximus)
1873 5378 2118 5448 speciem

519 5458 845 5540 aromaticze
899 5458 1114 5524 arboris
1171 5467 1442 5543 debemus
1494 5465 1746 5536 accipere
1777 5485 1788 5520 :
1822 5467 2119 5538 haacjuxta

814 5548 885 5615 de
931 5547 1095 5614 elatis
1143 5546 1463 5628 palmarum
1510 5553 1699 5610 Coma;
1743 5572 1876 5626 ergo
1927 5555 2118 5628 sponsi

2201 4488 2444 4542 dealbati
2464 4495 2714 4551 sunt,»et
2736 4491 2983 4544 resident
2990 4493 3155 4560 juxta
3188 4492 3396 4544 ﬂuenta
3435 4487 3784 4558 plenissima)

2199 4578 2304 4631 hoc
2333 4583 2418 4630 est
2431 4579 3018 4649 juxtaScripturarum
3042 4579 3447 4633 exuberantem
3479 4577 3786 4632 scientiam.

2201 4665 2257 4719 Si
2305 4666 2439 4736 quid
2483 4683 2613 4721 vero
2677 4677 2942 4737 putamus
2991 4669 3203 4722 distare
3270 4667 3419 4720 inter
3477 4667 3690 4720 rivulos
3743 4667 3795 4713 et

2199 4754 2412 4808 ﬂuenta
2442 4756 2784 4825 plenissima.
2814 4757 3115 4811 dicendum
3144 4762 3249 4822 est,
3273 4773 3375 4826 per
3397 4755 3615 4810 rivulos
3641 4753 3791 4805 Vete-

2210 4841 2286 4894 ris
2325 4843 2675 4898 Testamenti
2726 4845 3046 4915 Scripturas
3076 4845 3360 4915 designari
3391 4862 3404 4897 :
3447 4860 3555 4915 per
3591 4844 3797 4896 ﬂuenta

2201 4930 2553 5001 plenissima,
2598 4933 2878 5003 copiosam
2910 4934 3089 4988 sancti
3131 4934 3417 5004 Evangelii
3447 4934 3797 5004 Scripturam

2205 5021 2400 5092 accipi.
2431 5021 2558 5075 Istae
2607 5037 2740 5091 ergo
2771 5022 3041 5077 columbae
3079 5029 3137 5076 et
3183 5026 3352 5092 Super
3385 5022 3607 5076 rivulos
3638 5031 3801 5090 aqua~

2206 5124 2333 5163 rum
2364 5116 2514 5177 sunt,
2547 5116 2605 5164 et
2618 5112 2782 5181 juxta
2812 5113 3024 5166 ﬂuenta
3048 5111 3376 5182 plenissima
3392 5106 3800 5178 resident,quia

2208 5200 2387 5253 sancti
2432 5200 2689 5254 doctores
2747 5201 2971 5254 assidue
3021 5207 3135 5254 tam
3185 5199 3404 5254 Veteris
3450 5193 3803 5254 Testamenti

2203 5305 2371 5358 quam
2395 5289 2536 5342 Novi
2561 5290 2830 5360 mysteria
2849 5296 3291 5360 perscrutantur.

2276 5397 2298 5428 α
2327 5378 2495 5431 Genae
2526 5378 2678 5432 illius
2707 5379 2853 5432 sicut
2879 5380 3080 5433 areola:
3109 5385 3447 5443 aromatum,
3500 5373 3741 5432 consitae
3775 5391 3806 5429 a

2201 5465 2828 5536 pigmentariis.»Genae
2849 5468 3060 5537 sponsi,
3093 5469 3355 5522 modesta
3366 5467 3582 5523 Christi
3601 5467 3802 5537 pietas,

2200 5556 2285 5610 vel
2314 5557 2604 5626 severitas;
2646 5555 2764 5611 sive
2815 5555 3041 5612 habitus
3070 5559 3262 5613 vultus
3303 5553 3458 5612 illius
3493 5553 3801 5628 accipitur.
