3970 6150
516 298 625 356 385

518 528 618 567 nes
648 512 719 567 ab
749 514 909 568 initio
931 516 1119 570 saeculi
1146 520 1387 570 sanctos.

589 662 617 697 α
640 646 849 701 Guttur
879 646 1027 701 illius
1055 648 1472 702 suavissimum.
1505 666 1529 698 ι
1557 648 1825 719 Superius
1850 665 1951 718 per
1966 648 2114 703 labia

526 735 735 806 sponsi,
775 734 943 789 verba
969 738 1092 806 ejus
1111 736 1393 790 intellecta
1425 743 1574 801 sunt,
1609 754 1757 790 nunc
1786 754 1888 808 per
1920 743 2117 807 guttur

518 822 769 893 ipsorum
783 824 1077 880 verborum
1109 824 1343 879 interior
1370 826 1607 879 dulcedo
1629 826 2115 896 signiﬁcatur,qua

513 911 834 968 intellectus
854 919 1046 967 noster
1062 913 1330 967 reficitur.
1354 914 1513 968 Unde
1539 920 1597 968 et
1617 914 1922 968 Psalmista
1946 916 2113 969 :«Gu-

513 1005 660 1054 state
691 1006 748 1055 et
776 1001 956 1056 videte
986 1002 1250 1074 quoniam
1307 1002 1493 1056 suavis
1542 1008 1626 1057 est
1656 1004 1946 1057 Dominus.
1986 1023 2008 1053 ι
2044 1004 2113 1058 Et

511 1089 678 1143 multi
725 1091 951 1161 quidem
1002 1091 1168 1145 verba
1197 1091 1422 1145 Domini
1448 1091 1610 1145 facile
1638 1092 1957 1162 intelligere
1982 1109 2111 1162 pos-

512 1183 664 1245 sunt,
692 1179 790 1233 sed
809 1180 972 1250 pauci
992 1186 1125 1234 sunt
1145 1180 1240 1251 qui
1262 1179 1611 1234 dulcedinem
1633 1180 1859 1234 illorum
1884 1182 2108 1235 valeant

508 1271 807 1336 penetrare
835 1286 849 1335 ;
899 1269 1006 1322 hoc
1035 1274 1120 1322 est
1150 1268 1246 1339 qui
1276 1274 1550 1339 prmeepta
1583 1268 1685 1322 Dei
1734 1286 1799 1322 ex
1829 1285 2019 1323 amore
2049 1275 2105 1322 et

508 1353 788 1409 desiderio
813 1357 1078 1411 studeant
1100 1357 1426 1427 adimplere.
1464 1377 1489 1408 ι(
1523 1358 1591 1410 Et
1633 1361 1786 1411 totus
1815 1358 2102 1412 desidera-

508 1440 658 1497 bilis.
691 1462 714 1494 ι
732 1446 811 1497 Ac
826 1445 874 1499 si
895 1445 1105 1500 diceret
1128 1463 1139 1498 :
1170 1445 1313 1509 Quid
1333 1462 1432 1515 per
1450 1445 1671 1516 singula
1698 1445 1951 1500 membra
1983 1446 2102 1515 ejus

512 1528 1200 1587 describendoimmoror?
1240 1534 1412 1587 Totus
1432 1539 1516 1587 est
1536 1533 1923 1587 desiderabilis
1938 1550 2102 1605 spon-

509 1635 606 1673 sus
636 1636 812 1675 meus.
844 1622 1038 1680 Totus.
1072 1622 1275 1692 inquit,
1310 1622 1442 1693 quia
1474 1622 1753 1692 perfectus
1779 1623 1945 1687 Deus,
1971 1640 2099 1694 per-

506 1705 684 1762 fectus
713 1709 899 1764 homo.
927 1712 1100 1766 Totus
1124 1729 1257 1782 ergo
1285 1711 1671 1765 desiderabilis
1704 1718 1807 1770 est.
1832 1713 1965 1782 quia
2006 1730 2165 1803 an-B

503 1796 662 1865 gelos
691 1802 749 1851 et
771 1798 976 1854 electos
1003 1818 1252 1872 quosque
1296 1801 1367 1855 ad
1394 1816 1559 1855 suum
1597 1801 1855 1855 accendit
1883 1802 2105 1857 deside-

507 1885 679 1950 rium,
706 1889 867 1958 juxta
907 1890 1056 1959 quod
1081 1891 1382 1960 Apostolus
1413 1890 1549 1944 dicit
1582 1910 1593 1945 :
1633 1892 1745 1946 «In
1775 1909 1939 1962 quem
1962 1893 2104 1948 desi-

507 1973 709 2029 derant
728 1978 913 2047 angeli
936 1978 1275 2049 prospicere,
1293 1996 1319 2031 ›)
1343 1984 1399 2032 et
1420 1996 1529 2050 quo
1552 1979 1787 2033 vicinius
1808 1981 2098 2051 accipitur,

501 2061 609 2117 hoc
638 2066 838 2135 majori
857 2066 1135 2121 desiderio
1155 2068 1223 2120 ad
1246 2085 1305 2121 se
1325 2068 1706 2138 aspiciendum
1739 2077 2001 2139 provocat
2020 2070 2103 2124 in-

503 2155 745 2206 tuentes.
763 2171 788 2205 α
804 2154 953 2208 Talis
981 2161 1065 2208 est
1085 2155 1320 2209 dilectus
1344 2172 1523 2221 meus,
1550 2162 1605 2209 et
1633 2156 1741 2210 iste
1771 2163 1859 2210 est
1884 2157 2097 2211 amicus

505 2255 686 2305 meus,
722 2241 850 2296 ﬁliae
880 2244 1252 2299 Hierusalem.
1286 2268 1310 2293 ιι
1345 2243 1610 2309 Dilectus,
1646 2246 1777 2316 quia
1805 2263 1906 2316 per
1929 2247 2095 2300 fidem

503 2332 561 2381 et
612 2329 943 2385 charitatem
982 2332 1064 2385 illi
1096 2332 1341 2387 inhaereo
1374 2351 1384 2385 :
1418 2333 1630 2387 amicus
1670 2350 1817 2400 vero,
1851 2334 1983 2405 quia
2008 2353 2097 2389 me

503 2416 575 2471 de
600 2418 822 2475 vinculo
853 2422 1066 2492 peccati
1095 2423 1465 2493 redemptam,
1498 2423 1733 2476 amicam
1757 2440 1916 2477 suam
1939 2431 1993 2478 et
2015 2442 2098 2478 se-

499 2513 806 2562 cretorum.
841 2526 1071 2564 suorum
1122 2510 1398 2565 consciam
1442 2510 1626 2564 facere
1667 2511 1930 2581 dignatus
1988 2518 2088 2565 est.

498 2595 677 2660 Quem
707 2602 916 2668 quanto
961 2598 1085 2668 plus
1137 2598 1373 2669 quisque
1408 2598 1610 2668 diligit,
1653 2604 1810 2653 tanto
1841 2600 2095 2654 amicitia

501 2685 625 2754 ejus
644 2685 870 2756 dignior
899 2686 1157 2741 efﬁcitur.

571 2839 596 2872 ‹
629 2820 751 2884 Quo
780 2818 919 2875 abiit
945 2821 1181 2876 dilectus
1205 2826 1360 2887 tuus,
1392 2837 1424 2874 o
1454 2820 1834 2892 pulcherrima
1886 2822 2091 2876 mulie-

493 2925 623 2964 rum
642 2909 668 2962 Ἰ
696 2927 723 2962 ι
761 2910 880 2964 Vox
904 2916 992 2965 est
1013 2911 1258 2965 ﬁliarum
1290 2911 1665 2975 Hierusalem,
1711 2911 1766 2964 id
1798 2916 1884 2965 est
1912 2913 2094 2966 Eccle-

493 2997 727 3063 siarum,
785 3000 899 3053 sive
966 3000 1137 3054 etiam
1188 3000 1506 3054 animarum
1556 3006 1901 3055 sanctarum.
1945 3002 2091 3054 Nam

960 301 1341 358 HAYMONIS
1372 302 1859 357 HALBERSTAT.
1894 301 2129 359 EPISC.

519 423 834 491 arboribus,
868 425 949 479 ita
971 430 1029 480 et
1053 426 1148 481 ille
1171 427 1358 496 gratia
1377 426 1686 481 divinitatis
1706 427 1978 497 praecellit
2003 443 2116 480 om-
2130 430 2183 488 A

2169 301 2327 359 OPP.
2359 300 2544 357 PARS
2571 303 2615 358 Ι.
2651 332 2716 343 -
2749 302 3116 358 COMMENT.
3153 301 3330 358 BIBL.
3641 302 3725 362 336

2801 427 3034 482 CAPUT
3082 428 3179 481 VI.

2266 534 2293 568 α
2333 515 2580 571 Dilectus
2627 533 2787 570 meus
2832 515 3124 569 descendit
3171 516 3226 569 in
3260 516 3472 570 hortum
3500 533 3646 571 suum
3670 519 3730 571 ad

2195 604 2440 657 areolam
2485 605 2769 663 aromatis,
2813 608 2878 656 ut
2931 610 3199 673 pascatur
3247 603 3300 656 in
3342 604 3524 660 hortis.
3557 611 3606 658 et
3635 605 3733 658 lilia

2198 693 2441 762 colligat.
2481 712 2507 744 ι
2537 694 2658 746 Jam
2703 709 2873 763 supra
2927 692 3077 746 docti
3131 708 3324 746 sumus
3363 692 3450 762 qui
3479 694 3544 747 sit
3569 695 3732 747 hortus

2199 779 2425 845 Christi,
2458 787 2651 834 sancta
2686 780 2945 834 videlicet
2984 780 3250 845 Ecclesia,
3292 780 3358 834 de
3387 797 3491 850 qua
3516 782 3735 851 superius

2196 868 2408 922 dictum
2442 875 2529 923 est
2557 884 2596 919 ει
2623 871 2832 923 Hortus
2861 871 3156 924 conclusus
3173 887 3331 924 soror
3350 886 3469 924 mea
3494 887 3732 940 sponsa.»

2193 958 2495 1011 Descendit
2526 959 2744 1029 (inquit)
2768 959 3027 1012 Christus
3043 959 3099 1011 in
3122 960 3343 1011 tortum
3359 974 3513 1011 suum
3535 957 3597 1011 ad
3611 974 3740 1012 areo-

2192 1047 2328 1110 lam,
2359 1064 2522 1117 quem
2549 1047 2669 1117 ipse
2698 1048 3035 1117 praeparavit
3049 1054 3106 1100 et
3126 1047 3380 1111 excoluit,
3412 1062 3565 1116 quem
3590 1047 3738 1100 virtu-

2192 1140 2313 1188 tum
2336 1135 2683 1205 germinibus
2712 1136 2978 1199 consevit,
3011 1152 3176 1205 quem
3211 1151 3313 1189 sua
3329 1134 3505 1204 gratia
3526 1134 3740 1188 illustra-

2186 1222 2284 1290 vit,
2319 1240 2486 1293 quem
2518 1240 2678 1277 muro
2705 1240 2819 1277 suae
2850 1224 3116 1277 custodiae
3146 1223 3216 1277 ab
3246 1224 3471 1276 incursu
3499 1222 3739 1291 maligno-

2187 1328 2312 1365 rum
2342 1312 2644 1381 spirituum
2675 1312 2943 1368 defendit.
2981 1313 3049 1366 Et
3078 1312 3217 1365 bene
3252 1312 3311 1364 in
3347 1312 3562 1364 hortum
3602 1326 3741 1363 suum

2185 1399 2540 1454 descendisse
2566 1401 2788 1465 dicitur,
2813 1417 2943 1454 nam
2975 1401 3033 1455 in
3063 1401 3225 1454 horto
3254 1399 3475 1469 sepeliri
3502 1399 3675 1461 voluit,
3694 1402 3741 1452 et

2185 1488 2429 1559 primum
2458 1489 2647 1543 Mariae
2672 1489 3019 1559 Magdalenae
3040 1490 3098 1542 in
3116 1490 3279 1542 horto
3305 1486 3742 1558 apparuit,ibique

2185 1577 2597 1647 quodammodo
2612 1577 2887 1648 primitias
2901 1577 3156 1631 Ecclesiae
3178 1576 3745 1630 consecravit.Descen-

2184 1664 2331 1719 disse
2357 1666 2581 1727 dicitur,
2611 1666 2835 1736 quando
2867 1666 2935 1719 de
2956 1665 3338 1735 superioribus
3378 1670 3436 1719 et
3465 1661 3744 1718 coelestibus

2183 1754 2409 1808 sedibus
2440 1754 2497 1808 in
2526 1755 2750 1809 hortum
2773 1754 3084 1823 descendit,
3108 1771 3272 1824 quem
3294 1754 3415 1825 ipse
3435 1752 3621 1806 humili
3647 1752 3747 1804 loco

2188 1843 2464 1912 plantavit
2496 1862 2505 1895 :
2541 1844 2637 1897 sed
2669 1844 2739 1896 ad
2772 1844 2876 1897 hoc
2897 1844 3015 1914 ipse
3045 1843 3352 1907 descendit,
3386 1847 3450 1896 ut
3476 1843 3657 1895 hortus
3680 1839 3748 1905 (id

2187 1938 2274 1985 est
2300 1932 2571 1996 Ecclesia)
2600 1933 2722 2001 ejus
2753 1933 2822 1985 ad
2848 1933 3033 2003 ipsum
3064 1932 3415 1985 ascenderet.
3448 1930 3599 1984 Unde
3628 1934 3677 1982 et
3699 1927 3749 1981 in

2186 2021 2549 2090 sequentibus
2579 2021 2648 2074 de
2677 2022 2860 2080 horto.
2896 2021 2950 2073 id
3001 2026 3087 2074 est
3139 2019 3390 2074 Ecclesia
3439 2035 3554 2079 sua,
3596 2017 3744 2070 dicit:

2189 2127 2214 2160 α
2249 2109 2382 2172 Quae
2414 2116 2500 2163 est
2528 2110 2636 2162 ista
2666 2126 2789 2180 quae
2819 2109 3072 2163 ascendit
3099 2125 3197 2179 per
3219 2107 3548 2163 desertum?
3578 2124 3602 2156 ι
3629 2127 3648 2153 ι
3679 2104 3751 2158 Ad

2181 2199 2426 2251 areolam
2444 2199 2519 2264 (in
2529 2199 2668 2268 quit)
2685 2199 2972 2252 aromatis.
2989 2219 3008 2247 ι
3019 2198 3127 2251 Per
3140 2198 3388 2252 areolam
3403 2197 3585 2250 anima
3594 2194 3751 2262 cujus-

2181 2303 2289 2356 que
2316 2286 2496 2340 ﬁdelis
2514 2287 2866 2357 intelligitur.
2889 2305 3011 2358 qua:
3031 2287 3323 2357 disciplina
3337 2284 3545 2340 caelesti
3564 2282 3757 2337 exculta

2180 2381 2237 2428 et
2262 2375 2562 2445 diligenter
2585 2376 2985 2446 composita,ac
3014 2376 3254 2429 laterum
3274 2375 3558 2445 parilitate
3576 2386 3754 2441 exqua-

2179 2463 2342 2517 drata
2371 2469 2474 2518 est.
2502 2482 2528 2515 (ί
2560 2464 2634 2518 Ut
2661 2470 2927 2534 pascatur
2957 2465 3179 2535 (inquit)
3210 2465 3269 2518 in
3312 2464 3511 2527 hortis,
3550 2480 3577 2513 ι
3605 2460 3659 2514 id
3682 2461 3756 2511 est

2177 2558 2243 2606 ut
2280 2553 2385 2623 piis
2433 2558 2753 2607 sanctorum
2785 2552 3072 2608 laboribus
3100 2554 3432 2608 delectetur.
3466 2552 3585 2622 Ipse
3623 2548 3754 2602 enim

2176 2640 2338 2695 bonis
2369 2642 2577 2695 nostris
2604 2642 2870 2712 pascitur,
2893 2643 2946 2696 in
2969 2648 3283 2705 tantum,ut
3307 2643 3369 2696 in
3391 2654 3626 2713 paupere
3650 2637 3756 2707 ipse

2175 2730 2516 2785 reﬁciatur.«
2544 2730 2615 2784 Et
2633 2730 2753 2784 lilia
2774 2731 2992 2800 (inquit)
3016 2731 3263 2800 colligat,
3289 2753 3313 2782 ι
3340 2733 3447 2785 hoc
3466 2732 3634 2792 est,ut
3648 2741 3757 2779 san-

2176 2823 2293 2872 ctas
2314 2819 2533 2872 animas
2553 2818 2776 2873 virtutis
2798 2820 3126 2873 maturitate
3145 2820 3215 2872 ad
3237 2821 3550 2890 perfectum
3569 2814 3757 2870 candos

2174 2923 2294 2960 rem
2322 2907 2641 2977 perductas,
2663 2906 2732 2959 ab
2744 2907 2849 2961 hoc
2869 2907 3081 2961 mundo
3102 2908 3173 2960 ad
3192 2924 3252 2961 se
3267 2908 3499 2977 colligat
3511 2911 3564 2959 et
3589 2917 3760 2957 secum

2173 2995 2232 3048 in
2278 3002 2488 3050 aeterna
2522 2995 2884 3050 beatitudine
2923 2996 3171 3066 gaudere
3221 2996 3413 3051 faciat.
3455 2994 3599 3050 Lilia
3623 2990 3757 3045 enim

491 3102 700 3156 sponsa
721 3087 931 3143 Christi
964 3089 1211 3143 Ecclesia
1243 3095 1347 3150 est,
1391 3088 1519 3143 ﬁlia:
1569 3089 1921 3143 llierusalem
1970 3090 2151 3160 ipsaC
2173 3090 2383 3138 sanctm
2409 3090 2541 3139 sunt
2568 3085 2787 3151 animae,
2824 3085 3095 3140 virtutum
3128 3085 3330 3140 studiis
3362 3090 3424 3140 et
3451 3084 3609 3138 bonis
3636 3096 3756 3151 Ope-

490 3173 739 3229 Ecclesia
784 3183 889 3241 est,
942 3194 1064 3248 qua:
1116 3194 1183 3232 ex
1229 3178 1464 3247 singulis
1515 3178 1766 3231 ﬁdelium
1795 3177 2091 3233 animabus

491 3264 915 3319 constat.Aiunt
942 3282 1074 3336 ergo
1108 3284 1157 3318 ες(
1177 3266 1299 3329 Quo
1319 3266 1457 3320 abiit
1482 3266 1719 3320 dilectus
1745 3271 1894 3324 tuus.
1914 3283 1946 3320 ο
1963 3268 2089 3337 pul-

491 3352 772 3407 cherrima
799 3354 1100 3409 mulierum
1121 3354 1146 3406 Ἰ
1170 3354 1292 3416 Quo
1317 3354 1620 3408 declinavit
1648 3355 1886 3408 dilectus
1914 3360 2046 3410 tuus
2062 3357 2087 3409 ?

489 3447 547 3496 et
563 3458 879 3512 quaeremus
890 3460 1017 3498 eum
1032 3448 1216 3496 tecum
1227 3483 1239 3494 .
1251 3462 1274 3495 »
1285 3443 1362 3496 Ad
1365 3444 1655 3512 juraverat
1664 3442 1811 3496 enim
1826 3444 2084 3514 superius

485 3530 613 3601 ipsa
641 3548 847 3603 sponsa
874 3532 1021 3586 ﬁlias
1053 3532 1424 3592 Hierusalem,
1443 3538 1506 3585 ut
1525 3532 1853 3585 nuntiarent
1879 3550 2082 3603 sponso

488 3620 639 3690 quod
668 3637 860 3675 amore
881 3623 1002 3691 ejus
1025 3621 1321 3691 langueret
1342 3620 1855 3690 ;interrogaverant
1873 3622 2080 3674 eaedem

487 3706 616 3760 ﬁliae
646 3709 997 3763 Hierusalem
1021 3710 1202 3780 qualis
1232 3715 1381 3763 esset
1405 3725 1662 3779 sponsus,
1685 3714 1743 3762 et
1768 3710 1865 3762 illa
1894 3726 2086 3764 conse-

488 3801 729 3864 quenter
757 3798 993 3851 formam
1027 3797 1217 3868 sponsi
1246 3797 1331 3851 sui
1350 3803 1708 3867 exposuerat;
1741 3814 1889 3851 nunc
1914 3799 2085 3852 inter-

484 3890 692 3953 rogant
720 3885 853 3956 ipsa:
882 3886 1010 3941 ﬁlia:
1054 3887 1406 3941 Hierusalem
1461 3903 1568 3956 quo
1613 3886 1815 3939 abierit
1846 3904 2085 3956 sponsus

486 3971 602 4040 ille,
631 3979 696 4027 ut
721 3981 977 4046 quaerant
1004 3992 1132 4030 eum
1173 3993 1300 4030 cum
1346 3991 1413 4029 ea
1449 3996 1459 4027 :
1494 3976 1598 4028 hoc
1644 3975 1858 4028 faciunt
1878 3982 2081 4031 sanctae

416 4058 421 4063 ’
485 4062 709 4124 animae,
737 4066 958 4135 quando
989 4066 1059 4120 ad
1087 4066 1323 4119 invicem
1357 4064 1426 4118 de
1454 4069 1664 4118 aeterna
1694 4063 1876 4117 salute
1906 4064 2081 4118 collo-

486 4157 758 4221 quuntur,
782 4154 1086 4222 ﬂagrantes
1108 4169 1301 4206 amore
1331 4152 1625 4213 Christi,et
1639 4153 1761 4220 ejus
1791 4157 2079 4222 aspectum

484 4237 905 4306 desiderantes;
948 4240 1062 4294 sive
1101 4257 1235 4295 eum
1284 4239 1584 4309 diligenter
1615 4239 1973 4309 investigant,
2022 4240 2080 4293 in

488 4340 728 4394 quorum
785 4327 1030 4382 maxime
1087 4327 1345 4382 cordibus
1385 4327 1641 4381 Christus
1671 4327 1988 4397 requiescit,
2018 4334 2084 4382 ut

2172 3172 2329 3227 ribus
2359 3173 2688 3227 candidatas.

2249 3281 2271 3311 ι
2296 3260 2416 3331 Ego
2436 3262 2640 3315 dilecto
2671 3278 2816 3327 meo,
2850 3267 2905 3316 et
2932 3262 3171 3317 dilectus
3197 3280 3360 3318 meus
3388 3263 3549 3330 mihi,
3566 3260 3655 3333 qui
3674 3276 3761 3332 pa-

2171 3348 2346 3403 scitur
2365 3350 2513 3404 inter
2547 3351 2683 3404 lilia.
2723 3374 2744 3400 ι
2769 3369 2794 3402 α
2818 3351 2933 3421 Ego
2956 3352 3158 3406 dilecto
3192 3370 3337 3417 meo,
3362 3374 3389 3406 »
3407 3352 3750 3413 subauditur,

2165 3439 2407 3508 gratiam
2430 3439 2749 3509 pastionum
2770 3456 3022 3510 praepara
3046 3459 3059 3507 ;
3092 3460 3113 3491 ι
3140 3446 3196 3494 et
3224 3442 3469 3497 dilectus
3494 3458 3653 3495 meus
3670 3437 3762 3492 mi-

2167 3526 2243 3589 bi,
2273 3548 2295 3578 ι
2315 3528 2557 3597 gratiam
2591 3528 3071 3597 perfectionis,vcl
3102 3531 3398 3600 praemium
3429 3536 3649 3585 aeterna:
3676 3543 3759 3581 re-

2167 3617 2575 3670 munerationis
2607 3617 2908 3687 przestabit.
2945 3619 3124 3681 Sive,«
3153 3636 3257 3689 ego
3287 3620 3500 3674 dilecto
3523 3635 3647 3674 meo
3667 3616 3761 3669 uin

2168 3705 2384 3775 meipsa
2405 3706 2754 3760 mansionem
2777 3723 2931 3777 paro,
2957 3712 3015 3761 et
3033 3708 3269 3761 dilectus
3292 3726 3459 3763 meus
3476 3705 3762 3776 mihi,quia

2166 3791 2285 3862 ipse
2315 3792 2372 3845 in
2406 3809 2495 3846 me
2523 3793 2758 3857 habitat,
2793 3799 2850 3846 et
2892 3811 2980 3847 me
3000 3795 3056 3848 in
3084 3812 3143 3848 se
3167 3795 3425 3850 habitare
3454 3796 3605 3860 facit,
3627 3794 3766 3848 sicut

2166 3880 2283 3951 ipse
2300 3880 2354 3934 in
2374 3881 2672 3951 Evangelio
2691 3882 2847 3947 dicit,
2879 3904 2898 3933 α
2917 3884 3032 3952 Ego
3050 3884 3106 3937 in
3124 3884 3295 3949 vobis,
3320 3891 3380 3939 et
3399 3903 3500 3940 vos
3524 3887 3583 3939 in
3604 3900 3708 3937 me.
3738 3901 3759 3931 ι

2240 3989 2265 4019 α
2292 3970 2533 4023 Pulchra
2570 3987 2646 4035 es,
2691 3972 2873 4025 amica
2902 3988 3045 4036 mea,
3079 3974 3264 4027 suavis
3294 3980 3349 4027 et
3381 3975 3593 4029 decora
3630 3972 3767 4026 sicut

2165 4056 2545 4112 Hierusalem.
2604 4079 2626 4109 ι
2670 4060 2967 4123 Quaerebat
3008 4060 3259 4116 Ecclesia
3300 4080 3578 4133 sponsum
3610 4078 3766 4117 suum

2162 4156 2431 4218 tanquam
2455 4149 2767 4213 absentem,
2791 4150 2886 4204 sed
2907 4150 3001 4203 ille
3026 4155 3090 4204 ut
3106 4168 3166 4204 se
3184 4168 3412 4223 semper
3432 4158 3765 4223 praesentem

2164 4238 2504 4303 ostenderet,
2522 4239 2685 4309 eique
2701 4239 2770 4293 de
2792 4255 2851 4292 se
2872 4240 3209 4310 colloq‘uenti
3222 4257 3396 4311 seque
3418 4238 3764 4297 desideranti

2163 4342 2386 4396 semper
2406 4325 2602 4380 adesse
2631 4327 3062 4394 demonstraret,
3094 4328 3203 4383 cito
3225 4331 3544 4400 respondet
3573 4348 3622 4383 ες(
3646 4327 3767 4383 Pul-

485 4428 680 4468 eorum
710 4416 964 4486 exemplo
984 4421 1041 4469 et
1054 4416 1473 4469 conversatione
1502 4407 2144 4470 azditicenturNotan-D
2163 4414 2299 4467 cbra
2317 4432 2395 4478 es,
2424 4415 2606 4469 amica
2634 4432 2779 4482 mea,
2812 4416 2996 4470 suavis
3023 4422 3081 4470 et
3109 4416 3313 4473 decora
3325 4419 3481 4474 sicut
3510 4420 3773 4474 Hierusa-

485 4500 622 4558 dum
646 4510 838 4559 autem
868 4505 1016 4576 quod
1038 4505 1264 4571 dicitur,
1297 4505 1418 4569 Quo
1434 4504 1590 4571 abiit,
1606 4505 1691 4559 vel
1723 4524 1748 4557 α
1775 4522 1884 4575 quo
1908 4505 2081 4559 decli-
2162 4503 2291 4557 lem.
2322 4526 2347 4552 υ
2381 4504 2623 4558 Pulchra
2641 4521 2719 4569 es,
2755 4505 2887 4574 quia
2912 4506 3187 4560 maculam
3209 4512 3267 4561 et
3292 4525 3503 4579 rugam
3526 4526 3644 4563 non
3672 4507 3770 4560 ha-

480 4592 637 4649 navit
664 4594 1071 4650 dilectustuus?
1102 4614 1125 4646 »
1150 4595 1316 4659 Quasi
1338 4593 1486 4647 enim
1508 4593 1578 4647 ad
1594 4599 1815 4665 tempus
1839 4594 2082 4649 declinat
2161 4589 2258 4645 bes
2276 4592 2611 4662 peccati,sed
2630 4592 2783 4645 omni
2804 4593 2985 4647 nitore
3004 4593 3271 4649 virtutum
3285 4612 3514 4651 vernas.
3528 4616 3559 4649 α
3578 4596 3773 4651 Amica

483 4683 620 4738 dum
652 4684 940 4756 quaeritur,
975 4689 1041 4738 ut
1070 4684 1252 4753 majus
1280 4682 1351 4736 ad
1380 4699 1439 4737 se
1470 4682 1831 4752 quaerendum
1856 4683 2079 4737 deside-
2160 4695 2306 4746 mea,
2336 4698 2362 4733 ν
2394 4680 2641 4735 Ecclesia
2667 4681 2753 4734 vel
2772 4681 2962 4736 anima
2989 4699 3223 4754 quaque
3249 4684 3458 4739 ﬁdelis.
3510 4708 3536 4735 ι
3575 4684 3772 4740 Suavis

483 4772 633 4827 rium
663 4773 885 4830 excitet.
915 4773 1002 4828 Ad
1040 4773 1146 4827 hoc
1175 4771 1327 4826 enim
1372 4772 1703 4843 plerumque
1734 4772 1922 4825 diﬁ‘ert
1949 4778 2078 4827 vota
2158 4772 2216 4821 et
2238 4768 2439 4822 decora
2460 4769 2605 4823 sicut
2631 4770 3004 4824 Hierusalem.
3028 4790 3053 4824 »
3089 4772 3471 4840 Hierusalem,
3489 4792 3623 4847 quaa
3636 4773 3771 4829 visio

481 4865 541 4914 et
567 4859 852 4916 orationes
868 4865 1286 4927 sanctorum,ut
1303 4859 1595 4913 ardentius
1616 4875 1743 4913 eum
1757 4858 2074 4914 desiderare
2155 4856 2308 4926 pacis
2328 4856 2755 4928 interpretatur,
2787 4858 2941 4913 illam
2969 4875 3273 4930 supernam
3294 4862 3597 4917 civitatem
3622 4863 3774 4917 desi-

477 4947 770 5020 incipiant,
800 4950 946 5004 sicut
970 4955 1028 5004 et
1049 4949 1336 5020 quondam
1361 4947 1550 5003 Mariae
1576 4963 1635 5001 se
1658 4947 1929 5017 quaerenti
1960 4964 2073 5003 non
2153 4950 2309 5015 gnat,
2342 4945 2400 4999 in
2432 4962 2543 5016 qua
2570 4951 2657 5000 est
2689 4963 2821 5000 vera
2861 4964 2968 5018 pax
3018 4953 3076 5002 et
3104 4950 3341 5004 felicitas
3365 4970 3377 5018 ;
3407 4952 3557 5021 quia
3587 4951 3669 5006 ibi
3695 4950 3774 5005 sic

477 5036 673 5091 statim
700 5054 762 5092 se
789 5038 1052 5104 ostendit,
1069 5038 1168 5092 sed
1187 5037 1247 5092 in
1263 5036 1447 5109 specie
1460 5035 1748 5090 hortulani
1770 5052 2067 5106 apparens,
2151 5035 2402 5104 gaudent
2424 5034 2603 5088 sancti
2633 5034 2702 5088 de
2733 5051 2984 5101 munere,
3009 5041 3074 5090 ut
3102 5053 3215 5091 non
3241 5039 3316 5092 sit
3346 5041 3509 5109 quod
3541 5042 3772 5095 doleant

474 5125 708 5180 tandem
739 5126 888 5197 quod
938 5125 1058 5197 ipse
1089 5126 1185 5196 qui
1215 5125 1570 5197 quaerebatur
1606 5130 1773 5189 esset,
1807 5124 2069 5179 ostendit.
2153 5123 2222 5176 de
2249 5115 2626 5194 corruptione.
2659 5124 2804 5193 Ergo
2836 5124 3098 5191 Ecclesia,
3125 5143 3248 5197 quae
3285 5128 3478 5182 adhuc
3508 5131 3573 5183 in
3605 5127 3773 5183 terris

472 5214 715 5268 Exaudit
767 5230 900 5285 ergo
957 5213 1212 5269 Christus
1259 5231 1478 5284 semper
1535 5214 1741 5267 electos
1786 5229 1939 5277 suos,
1971 5213 2069 5267 sed
2151 5216 2253 5278 est,
2270 5212 2353 5265 vel
2372 5212 2561 5265 anima
2578 5227 2814 5282 quaeque
2834 5212 3036 5276 ﬁdelis,
3060 5214 3130 5266 ad
3153 5214 3603 5272 similitudinem
3620 5218 3773 5271 illius

471 5317 697 5373 semper
740 5303 899 5374 quasi
940 5301 1199 5367 declinat,
1233 5317 1361 5355 cum
1405 5317 1517 5355 non
1555 5301 1745 5355 statim
1785 5301 2068 5370 postulata
2155 5301 2497 5355 Hierusalem
2531 5300 2717 5353 suavis
2747 5306 2834 5354 est
2879 5306 2936 5354 et
2965 5301 3186 5367 decora,
3211 5303 3343 5373 quia
3363 5304 3533 5359 illam
3570 5321 3770 5376 pacem

468 5391 741 5447 concedit.
775 5393 924 5447 Bene
949 5398 1139 5445 autem
1169 5390 1392 5465 dicitur,
1423 5408 1448 5441 (ί
1468 5407 1784 5460 quaeremus
1800 5396 2006 5457 tecum,
2032 5408 2060 5444 ιν
2145 5389 2204 5443 in
2226 5396 2498 5460 quantum
2524 5394 2710 5459 potest
2728 5389 3002 5443 imitatur.
3029 5390 3300 5462 Sequitur
3323 5411 3372 5446 τι
3390 5394 3689 5449 terribilis
3709 5400 3774 5448 ut

464 5496 599 5536 nam
631 5480 729 5554 qui
756 5480 878 5536 sine
913 5481 1157 5535 Ecclesia
1204 5480 1492 5534 Christum
1535 5480 1754 5550 quaerit,
1783 5496 1973 5535 errare
2003 5485 2061 5534 et
2143 5485 2456 5532 castrorum
2485 5479 2631 5531 acies
2672 5478 2948 5532 ordinata.
2997 5500 3019 5531 ι
3053 5480 3339 5535 Terribilis
3367 5487 3460 5534 est
3504 5482 3769 5537 Ecclesia

460 5569 688 5644 fatigari
714 5576 917 5646 potest,
948 5571 1220 5645 proﬁcere
1245 5585 1358 5624 non
1391 5573 1595 5640 potest.
2140 5567 2403 5639 malignis
2442 5565 2753 5638 spiritibus,
2803 5572 2861 5623 et
2908 5573 2995 5623 est
3042 5569 3301 5624 ordinata
3328 5574 3391 5624 ut
3415 5577 3771 5628 castrorum
