3970 6150
228 222 313 278 337

1123 217 1542 273 ENARRATIO
1583 218 1660 272 IN
1703 217 2023 272 CANTICA
2061 219 2552 275 CANTICORUM.

3353 217 3458 277 338

221 347 366 410 acies,
393 363 510 400 cum
566 346 816 399 videlicet
859 344 1253 414 unusquisque
1293 342 1474 395 ﬁdelis
1523 343 1775 395 ordinem
1794 345 2030 413 Acapra
2057 345 2366 414 peccatoris
2395 346 2577 414 ﬁgura
2607 348 2710 398 est.
2736 345 2895 399 Unde
2924 350 2981 398 et
3013 346 3072 398 in
3098 346 3222 414 lege
3261 349 3450 416 praci-

222 451 361 488 suum
390 441 440 488 et
467 435 810 488 vocationem
837 451 998 487 suam
1025 441 1172 486 recte
1193 431 1453 484 custodit.
1487 432 1622 484 Tres
1636 431 1784 484 enim

220 529 333 577 sunt
362 523 572 575 ordines
603 523 858 576 Ecclesia
884 537 894 568 :
929 523 1240 584 doctorum,
1273 520 1696 578 continentium.
1729 525 1785 572 et

218 613 646 680 conjugatorum;
679 629 800 681 qua
831 610 1043 681 species
1065 610 1123 663 in
1152 609 1330 663 tribus
1366 608 1498 660 viris
1542 609 1653 662 illis
1690 610 1783 662 de-

216 706 510 754 monstrata
542 707 693 761 sunt,
726 701 862 760 Noe.
889 699 1086 752 Daniel
1119 704 1176 752 et
1203 699 1324 751 Job.
1360 700 1478 752 Noe
1509 699 1656 751 enim
1685 699 1780 768 qui

215 791 342 842 inter
365 790 561 842 fluctus
587 805 775 842 arcam
809 788 969 852 rexit,
1017 795 1238 840 sanctos
1267 788 1522 840 doctores
1559 787 1780 855 signiﬁ-

212 877 534 938 cat:Daniel,
567 877 765 930 calebs
785 882 844 930 et
867 882 1074 938 castus,
1093 877 1498 930 continentium
1525 876 1776 929 ordinem

211 966 460 1035 signiﬁcat
484 985 496 1030 ;
525 965 648 1031 Job,
670 966 765 1036 qui
797 982 1027 1019 uxorem
1044 964 1242 1019 habuit
1269 971 1325 1018 et
1355 965 1777 1026 ﬁlios,ordinem

210 1057 616 1124 conjugatorum
647 1055 926 1125 exprimit.
959 1055 1104 1123 Ergo
1133 1054 1377 1107 Ecclesia
1397 1053 1655 1106 ordinata
1692 1059 1778 1107 est

208 1144 331 1196 sicut
342 1144 482 1196 acies
511 1149 848 1210 castrorum,
872 1142 1004 1212 quia
1035 1143 1418 1212 unusquisque
1439 1143 1574 1195 ordo
1589 1144 1775 1196 Eccle-

205 1231 283 1285 siae
301 1233 440 1284 velut
457 1232 517 1284 in
533 1231 651 1284 acie
671 1237 866 1284 contra
882 1232 1070 1284 hostes
1087 1231 1458 1300 malignorum
1473 1231 1774 1300 spirituum

203 1320 448 1383 consistit,
481 1320 619 1372 dum
647 1319 825 1372 sancti
855 1320 1108 1372 doctores
1146 1319 1529 1390 pradicationi
1575 1323 1632 1371 et
1671 1319 1773 1371 do-

201 1409 373 1461 ctrina
400 1425 628 1478 operam
646 1408 998 1478 impendunt.
1025 1409 1407 1467 Continentes,
1434 1423 1556 1476 qua
1577 1407 1770 1460 mundi

199 1504 313 1551 sunt
340 1504 780 1559 contemnentes,
813 1503 1032 1551 tantum
1056 1516 1176 1567 qua
1216 1498 1315 1550 Dei
1341 1503 1474 1550 sunt
1501 1498 1766 1566 cogitant,

200 1593 245 1639 et
271 1586 432 1640 libera
466 1605 502 1640 ει
532 1587 769 1641 terrenis
799 1587 1258 1657 occupationibus
1287 1593 1491 1649 mente,
1525 1587 1627 1639 soli
1659 1588 1770 1640 Deo

1866 437 1962 484 tur
1989 440 2052 486 ut
2099 435 2418 503 quicunque
2466 450 2565 504 per
2605 434 2982 502 ignorantiam
3024 435 3352 504 peccaverit,
3401 441 3459 489 et

1865 523 2186 590 cognoverit
2207 529 2425 575 reatum
2459 539 2642 582 suum,
2675 522 2869 574 offerat
2900 539 2999 591 pro
3028 523 3232 576 delicto
3245 539 3346 577 suo
3362 540 3456 578 ca-

1864 625 2021 678 pram
2053 611 2111 664 in
2146 611 2550 664 holocaustum.
2579 611 2778 679 Capilli
2817 627 2950 679 ergo
2990 609 3251 665 Ecclesia
3293 612 3457 682 gregi

1864 714 2157 766 caprarum
2181 705 2595 768 comparantur,
2623 698 2753 768 quia
2773 699 2970 761 sancti,
2997 699 3094 768 qui
3123 705 3255 752 sunt
3275 715 3449 753 mem-

1864 784 1965 838 bra
1990 786 2264 849 Ecclesia,
2298 803 2491 840 omnes
2521 794 2710 841 reatus
2739 787 3092 857 cogitationis
3112 805 3228 843 sua
3251 791 3455 860 perdi-

1860 890 2030 943 gnam
2061 875 2448 944 pcenitentiam
2471 881 2527 928 et
2550 893 2650 945 per
2673 877 2952 946 lacrymas
2979 878 3146 946 justa
3187 893 3456 948 compun-

1860 963 2063 1015 ctionis
2092 963 2278 1016 delere
2307 970 2591 1033 satagunt.
2625 966 2773 1018 Bene
2803 971 2992 1019 autem
3030 965 3099 1018 de
3137 972 3325 1020 monte
3347 968 3456 1021 Ga-

1860 1051 1986 1103 laad
1997 1052 2322 1121 apparuisse
2337 1052 2618 1106 dicuntur.
2642 1053 2851 1106 Galaad
2881 1054 3454 1124 interpretaturacer-

1856 1156 1959 1193 vus
1984 1141 2309 1194 testimonii.
2334 1141 2576 1211 Ideoque
2599 1158 2699 1210 per
2720 1141 2933 1194 Galaad
2949 1158 3107 1196 mens
3127 1148 3453 1198 sanctorum

1857 1229 2204 1298 designatur.
2240 1229 2334 1299 qui
2363 1235 2496 1283 sunt
2541 1245 2771 1283 acervus
2812 1231 3138 1292 testimonii,
3183 1234 3452 1302 quoniam

1857 1318 2046 1370 omnia
2075 1335 2197 1388 qua
2226 1319 2411 1371 saculi
2468 1323 2599 1371 sunt
2644 1318 2947 1387 negligere,
2978 1323 3034 1372 et
3060 1320 3242 1373 solum
3269 1322 3452 1376 Deum

1856 1407 2176 1460 desiderare
2199 1407 2631 1460 evidentissimis
2669 1410 2971 1460 attestatur
2990 1406 3232 1461 indiciis.
3261 1409 3454 1464 Potest

1857 1495 2024 1548 etiam
2059 1512 2160 1565 per
2179 1496 2388 1549 Galaad
2421 1497 2540 1566 ipse
2570 1495 2841 1548 Dominus
2866 1500 2923 1548 et
2943 1495 3286 1567 Redemptor
3309 1514 3452 1552 nos-

1854 1584 2216 1653 terintelligi.
2244 1585 2457 1637 Galaad
2489 1585 2636 1637 enim
2661 1592 2717 1636 et
2757 1583 2963 1637 montis
2995 1590 3050 1638 et
3087 1585 3325 1639 civitatis
3349 1603 3454 1640 no-

195 1681 386 1728 vacant.
426 1676 726 1745 Conjugati
768 1676 1139 1746 eleemosynis
1186 1681 1242 1728 et
1279 1675 1493 1728 cateris
1537 1676 1772 1728 actualis
1794 1689 1983 1748 Bmen
2007 1679 2108 1726 est.
2143 1675 2222 1726 De
2254 1680 2441 1726 monte
2470 1689 2602 1742 ergo
2633 1673 2844 1726 Galaad
2872 1690 3008 1742 grex
3031 1689 3324 1742 caprarum
3357 1692 3454 1746 ap-

196 1764 302 1816 vitze
327 1765 591 1834 operibus
611 1763 1264 1832 bonisinsistunt,sicque
1283 1769 1520 1816 utuntur
1541 1764 1768 1830 mundo,

195 1860 247 1906 ut
271 1870 382 1923 qua
408 1854 509 1906 Dei
537 1861 667 1907 sunt
695 1871 806 1906 non
843 1854 1123 1906 deserant.
1157 1855 1286 1906 Hac
1317 1870 1448 1922 ergo
1480 1854 1774 1906 ordinatis-

195 1943 317 1994 sima
343 1943 640 2012 dispositio
697 1942 951 1995 Ecclesia
1010 1941 1272 1994 terribilis
1331 1947 1417 1994 est
1463 1943 1770 1996 immundis

191 2031 471 2100 spiritibus,
502 2032 656 2084 velut
675 2031 822 2084 acies
843 2037 1152 2084 castrorum
1166 2031 1236 2084 ad
1258 2031 1465 2084 bellum
1486 2032 1766 2092 ordinata.

193 2119 300 2172 Sive
329 2121 566 2189 pulchra
591 2126 676 2173 est
700 2119 944 2173 Ecclesia
963 2126 1019 2172 et
1039 2120 1242 2172 decora
1256 2119 1397 2173 sicut
1420 2119 1769 2176 Hierusalem

189 2206 240 2259 in
263 2207 558 2261 virtutibus
578 2227 590 2274 ;
625 2208 890 2261 terribilis
907 2225 1035 2261 vero
1053 2214 1115 2262 ut
1130 2215 1438 2262 castrorum
1461 2210 1608 2262 acies
1623 2211 1769 2264 ordi-

187 2303 318 2360 nata,
348 2298 478 2367 quia
511 2298 818 2368 imperium
851 2314 1015 2351 suum
1046 2304 1101 2350 et
1148 2302 1482 2366 potestatem
1520 2299 1767 2368 proferre

189 2399 284 2437 non
304 2392 478 2438 cessat
505 2402 688 2455 usque
718 2386 786 2438 ad
814 2385 1085 2438 terminos
1109 2384 1283 2438 totius
1299 2384 1469 2439 orbis.
1505 2387 1630 2439 Sive
1651 2392 1766 2440 ter-

189 2474 343 2526 ribilis
369 2481 454 2528 est
481 2482 553 2528 ut
579 2480 890 2528 castrorum
926 2473 1071 2526 acies
1101 2473 1377 2536 ordinata,
1396 2473 1524 2543 quia
1537 2475 1616 2528 sic
1644 2477 1767 2529 uni-

189 2566 289 2616 tate
314 2564 611 2617 charitatis
646 2579 892 2616 connexa
934 2568 1020 2616 est
1061 2567 1114 2615 et
1153 2563 1470 2631 conjuncta.
1511 2570 1576 2616 ut
1613 2565 1768 2618 nulla

185 2652 231 2704 vi
253 2651 468 2722 maligni
498 2651 702 2717 hostis,
738 2651 888 2704 nulla
924 2656 1076 2721 peste
1090 2650 1375 2704 discordia
1397 2652 1570 2721 possit
1597 2669 1765 2722 pene-

186 2740 330 2792 trari:
363 2740 506 2793 nihil
543 2740 696 2793 enim
728 2740 806 2792 sic
836 2744 1013 2793 terret
1049 2739 1324 2808 malignos
1353 2739 1586 2809 spiritus
1625 2757 1765 2811 quo-

185 2829 329 2881 modo
358 2829 631 2882 charitas.

252 2938 269 2965 ι
297 2919 494 2970 Averte
541 2918 734 2970 oculos
764 2923 890 2970 tuos
919 2933 952 2970 a
982 2934 1090 2980 me,
1126 2917 1258 2987 quia
1284 2916 1388 2988 ipsi
1418 2934 1508 2972 me
1546 2921 1766 2973 avolare

185 3003 428 3061 fecerunt.
454 3027 482 3058 »
516 3009 602 3059 Ac
631 3007 678 3059 si
709 3006 920 3059 diceret
946 3025 957 3058 :
991 3007 1103 3076 Ego
1125 3007 1348 3076 quidem
1365 3008 1492 3061 dedi
1511 3008 1613 3060 tibi
1631 3025 1764 3062 ocu-

183 3092 252 3148 los
270 3095 637 3158 columbinos,
675 3095 876 3164 quibus
909 3111 998 3148 me
1020 3095 1230 3148 intueri
1261 3103 1315 3148 et
1365 3113 1572 3150 arcana
1621 3096 1765 3151 Scri-

183 3188 451 3254 pturarum
470 3183 804 3237 acutissime
825 3189 1120 3253 penetrare
1139 3185 1350 3237 valeres
1369 3203 1381 3249 ;
1397 3186 1494 3237 sed
1529 3203 1658 3239 cave
1692 3203 1764 3239 ne

182 3269 292 3325 illos
309 3274 374 3326 ad
407 3290 497 3326 me
553 3273 854 3326 videndum
905 3273 1068 3326 modo
1113 3273 1404 3326 intendere
1446 3274 1598 3336 velis,
1633 3276 1765 3344 quia

181 3357 298 3413 dum
329 3363 382 3414 in
402 3363 676 3432 praesenti
705 3361 858 3423 vivis,
894 3378 1003 3414 non
1025 3366 1182 3431 potes
1211 3375 1222 3408 :
1246 3380 1270 3413 α
1296 3362 1422 3415 Non
1442 3364 1589 3415 enim
1614 3363 1765 3416 vide-

181 3447 349 3502 bitme
376 3452 552 3504 homo
585 3457 640 3503 et
679 3450 837 3503 vivet.
872 3469 897 3498 »
935 3451 1073 3503 Cum
1099 3455 1287 3503 autem
1323 3451 1554 3503 vinculis
1578 3453 1764 3504 carnis

181 3535 412 3591 absoluta
442 3540 514 3591 ad
540 3555 635 3591 me
658 3538 891 3596 veneris.
919 3545 1050 3592 tunc
1086 3555 1174 3591 me
1208 3544 1403 3608 aperta
1425 3539 1634 3592 visione
1681 3540 1763 3593 vi-

178 3624 331 3684 debis.
358 3635 413 3680 et
434 3626 769 3698 implebitur
796 3627 941 3695 quod
976 3627 1029 3679 in
1054 3627 1352 3695 Evangelio
1373 3629 1721 3696 promittitur
1746 3648 1759 3683 :

178 3729 205 3764 ‹
238 3713 330 3776 Qui
361 3723 559 3769 autem
593 3715 780 3783 diligit
816 3731 922 3776 me,
958 3715 1225 3784 diligetur
1254 3732 1289 3768 a
1323 3717 1487 3768 Patre
1518 3733 1663 3778 meo,
1707 3724 1764 3771 et

177 3819 264 3871 ego
291 3805 522 3874 diligam
551 3821 705 3865 eum,
732 3811 788 3857 et
811 3804 1174 3856 manifestabo
1194 3804 1241 3857 ei
1260 3804 1761 3873 meipsum.»Quod

176 3898 341 3944 autem
371 3894 609 3952 dicitur,
637 3913 657 3942 ι
686 3891 828 3955 Quia
848 3893 954 3962 ipsi
978 3909 1065 3944 me
1087 3893 1308 3945 avolare
1328 3892 1631 3955 fecerunt,»
1648 3911 1761 3948 non

174 3985 245 4032 est
270 3983 587 4050 putandum
620 3981 768 4051 quod
799 3981 946 4034 Deus
977 3985 1290 4050 quaerentes
1334 3998 1393 4034 se
1434 3982 1675 4047 deserat,
1707 3987 1762 4035 et

172 4066 233 4118 ab
256 4068 361 4121 illis
406 4071 663 4124 recedat.
697 4086 823 4122 cum
856 4069 974 4138 ipse
1007 4069 1320 4139 praecipiat:
1352 4089 1373 4119 ι
1413 4070 1656 4132 Quarite
1704 4075 1760 4123 et

172 4151 466 4223 invenietis,
499 4179 527 4210 »
566 4159 664 4211 sed
689 4158 765 4210 ita
780 4157 965 4228 potius
987 4158 1533 4228 accipiendum,quia
1553 4164 1761 4228 quanto

1856 1762 2060 1832 paruit,
2114 1763 2246 1832 quia
2277 1762 2519 1816 Ecclesia
2563 1778 2732 1832 super
2758 1761 3040 1815 Christum
3081 1769 3166 1815 est
3194 1762 3447 1824 fundata.

1856 1851 1998 1903 sicut
2028 1851 2146 1920 ipse
2166 1851 2300 1903 dicit
2325 1868 2335 1901 ε
2365 1871 2385 1900 ι
2419 1852 2543 1904 Non
2569 1855 2753 1920 potest
2772 1850 2965 1904 civitas
2983 1850 3245 1904 abscondi
3277 1868 3450 1922 supra

1855 1947 2098 1992 montem
2132 1939 2328 2009 posita.
2366 1957 2390 1989 ι
2418 1940 2542 2008 Ipse
2573 1945 2658 1992 est
2686 1955 2916 1991 acervus
2956 1938 3289 2001 testimonii,
3314 1940 3450 2009 quia

1852 2028 2153 2082 multitudo
2194 2027 2594 2098 prophetarum
2624 2032 2681 2080 et
2709 2027 3160 2096 patriarcharum
3187 2029 3360 2096 gestis
3391 2032 3449 2082 et

1854 2115 2072 2186 scriptis
2103 2116 2152 2168 ei
2185 2115 2571 2169 testimonium
2602 2115 2913 2184 perhibent.

1929 2224 1950 2254 ‹
1978 2204 2186 2257 Dentes
2217 2205 2301 2257 tui
2325 2204 2472 2257 sicut
2497 2220 2697 2273 greges
2718 2205 3055 2273 ovium,qua
3077 2204 3450 2260 ascenderunt

1852 2293 1922 2346 de
1947 2293 2185 2361 lavacro,
2218 2308 2412 2346 omnes
2443 2292 2698 2361 gemellis
2729 2291 2951 2357 fetibus,
3006 2297 3061 2344 et
3088 2292 3297 2346 sterilis
3336 2310 3449 2348 non

1851 2387 1936 2434 est
1965 2381 2020 2433 in
2051 2381 2149 2434 eis.
2192 2400 2213 2430 »
2248 2382 2355 2434 Per
2389 2381 2586 2434 dentes
2625 2381 2882 2433 Ecclesia
2919 2381 3083 2433 ﬁrma
3124 2397 3449 2436 sermonum

1852 2471 1973 2539 ejus
2015 2469 2290 2523 stabilitas
2336 2470 2690 2538 intelligitur.
2717 2470 2826 2533 Qui
2874 2469 3013 2522 bene
3053 2471 3214 2539 gregi
3259 2472 3447 2526 ovium

1851 2565 2248 2628 comparantur
2302 2575 2423 2628 qua
2474 2558 2544 2611 de
2582 2559 2800 2611 lavacro
2867 2558 3264 2624 ascenderunt,
3315 2561 3449 2630 quia

1850 2647 2017 2700 verba
2045 2647 2299 2700 Ecclesia
2329 2647 2467 2700 nihil
2497 2647 2604 2700 nisi
2629 2646 3005 2700 innocentiam
3021 2653 3079 2700 et
3115 2653 3446 2702 mansuetu-

1849 2736 2034 2788 dinem
2065 2741 2286 2799 sonant,
2321 2735 2572 2804 nihilque
2591 2735 2649 2787 in
2680 2751 2740 2787 se
2768 2735 3142 2799 fadum,nihil
3174 2741 3340 2806 turpe
3361 2737 3447 2790 vel

1848 2824 2201 2878 immundum
2229 2825 2490 2886 retinent,
2526 2824 2624 2876 sed
2655 2823 2870 2876 lavacro
2890 2823 3229 2878 sinceritatis
3257 2830 3314 2878 et
3339 2841 3446 2895 pu-

1848 2913 2031 2967 ritatis
2054 2914 2332 2978 lavantur,
2369 2912 2662 2965 audientes
2704 2910 2772 2964 ab
2815 2913 3121 2980 Apostolo:
3175 2932 3198 2963 ‹
3248 2914 3445 2967 Sermo

1847 3003 2029 3057 malus
2054 3020 2118 3056 ex
2150 3019 2244 3055 ore
2275 3007 2459 3055 vestro
2502 3017 2614 3054 non
2660 3001 3001 3071 procedat.»
3061 3002 3210 3055 Bene
3253 3007 3446 3056 autem

1847 3109 2041 3145 omnes
2069 3091 2324 3161 gemellis
2352 3090 2558 3144 fetibus
2604 3106 2726 3143 esse
2771 3090 3056 3154 dicuntur,
3082 3090 3215 3159 quia
3260 3107 3445 3145 sermo

1847 3186 2166 3233 sanctorum
2193 3178 2332 3232 nihil
2360 3179 2513 3232 aliud
2545 3184 2707 3231 sonat
2727 3193 2828 3231 nec
2849 3178 3118 3248 loquitur,
3155 3178 3259 3231 nisi
3293 3177 3445 3248 quod

1848 3269 1918 3321 ad
1946 3269 2301 3322 dilectionem
2325 3268 2425 3320 Dei
2445 3272 2500 3320 et
2519 3267 2754 3336 proximi
2784 3267 3048 3336 pertinet.
3076 3265 3442 3320 Solummodo

1848 3356 1998 3410 enim
2021 3372 2087 3409 ea
2115 3355 2292 3409 sancti
2314 3355 2464 3424 loqui
2495 3355 2718 3416 debent,
2734 3371 2857 3424 qua
2871 3354 2941 3406 ad
2966 3360 3294 3424 perpetuam
3316 3369 3444 3408 cor-

1847 3461 2044 3515 porum
2069 3451 2126 3498 et
2153 3443 2468 3497 animarum
2500 3443 2821 3512 pertineant
2851 3445 3172 3497 sanitatem.

1924 3551 1948 3582 «
1974 3532 2130 3585 Sicut
2158 3537 2345 3585 cortex
2377 3531 2505 3584 mali
2537 3531 2741 3601 punici,
2776 3531 2854 3582 sic
2881 3547 3038 3599 gena
3073 3537 3183 3584 tua
3225 3532 3438 3604 absque

1848 3621 2075 3675 occultis
2096 3620 2227 3673 tuis.
2263 3639 2288 3670 »
2313 3622 2374 3672 1n
2399 3619 2559 3688 genis
2571 3618 2813 3671 diximus
2841 3618 3096 3688 superius
3117 3625 3442 3674 sanctorum

1846 3717 2055 3763 castam
2079 3707 2468 3762 verecundiam
2485 3707 2745 3776 ﬁgurari;
2768 3707 2825 3759 in
2847 3707 3052 3760 cortice
3071 3708 3203 3761 mali
3222 3709 3435 3778 punici,

1845 3797 2177 3868 mysterium
2205 3795 2479 3866 passionis
2495 3795 2723 3860 Christi,
2743 3795 3035 3849 audientes
3059 3812 3093 3849 a
3114 3795 3288 3850 Paulo
3309 3813 3444 3867 apo-

1846 3887 2014 3940 stolo:
2052 3885 2181 3938 Noli
2211 3884 2540 3937 erubescere
2568 3899 2792 3936 crucem
2843 3883 3070 3947 Christi,
3122 3900 3306 3953 neque
3351 3901 3442 3938 me

1848 3974 2093 4026 vinctum
2116 3973 2253 4040 ejus.
2290 3972 2358 4024 Et
2381 3972 2508 4024 hac
2538 3971 2766 4040 quidem
2797 3987 3002 4039 magna
3031 3977 3182 4036 sunt,
3217 3987 3338 4040 qua
3381 3971 3441 4024 in

1847 4068 2040 4132 aperto
2068 4067 2200 4114 sunt
2222 4079 2235 4125 ;
2270 4059 2515 4113 maxima
2532 4075 2660 4112 vero
2675 4063 2808 4111 sunt
2824 4058 2922 4112 illa
2938 4075 3060 4129 qua
3081 4064 3215 4113 sunt
3233 4059 3440 4113 intrin-

1845 4167 2024 4211 secus.
2057 4151 2163 4204 hoc
2191 4155 2276 4206 est
2303 4166 2423 4219 qua
2453 4148 2510 4201 in
2540 4149 2727 4202 futuro
2757 4149 2965 4201 sanctis
2993 4153 3366 4202 reservantur.

173 4247 392 4314 amplius
419 4248 668 4316 quisque
699 4246 1045 4299 divinitatem
1066 4247 1379 4316 majestatis
1391 4246 1488 4300 Dei
1504 4263 1759 4316 perscru-
1777 4272 1832 4331 D
1916 4262 1941 4292 α
1977 4241 2277 4310 Sexaginta
2302 4245 2433 4292 sunt
2455 4239 2750 4308 regina.et
2770 4237 3051 4307 octaginta
3091 4236 3434 4302 concubina,

176 4333 268 4385 tari
299 4336 635 4399 voluerit,eo
667 4336 907 4404 amplius
933 4335 1198 4404 intelligit
1229 4352 1394 4404 quam
1427 4335 1758 4404 imperscru-
1777 4326 1822 4331 —
1844 4335 1900 4384 et
1918 4328 2458 4382 adolescentularum
2481 4343 2592 4380 non
2605 4332 2690 4380 est
2711 4342 3033 4380 numerus.»
3060 4326 3289 4394 Regina
3309 4331 3443 4379 sunt

174 4421 342 4475 tabilis
370 4430 547 4494 atque
583 4423 1161 4494 incomprehensibilis
1190 4423 1356 4476 sit.Et
1382 4424 1484 4475 hoc
1505 4429 1590 4476 est
1610 4425 1759 4493 quod

176 4507 458 4566 Psalmista
481 4512 625 4566 dicit
658 4531 668 4564 :
708 4533 729 4563 ‹
765 4512 1005 4566 Accedet
1022 4512 1190 4564 homo
1222 4511 1291 4564 ad
1336 4527 1432 4564 cor
1472 4511 1670 4573 altum,
1705 4517 1761 4564 et

180 4601 499 4655 exaltabitur
528 4603 702 4655 Deus.
742 4621 764 4649 )
800 4602 878 4654 Ac
927 4601 971 4653 si
1020 4601 1268 4653 diceret:
1301 4601 1457 4653 Licet
1485 4600 1652 4653 homo
1689 4601 1760 4654 ad

173 4686 455 4742 videndum
517 4691 701 4743 Deum
755 4706 851 4742 cor
888 4689 1159 4750 sublevet,
1215 4687 1570 4750 exaltabitur,
1627 4689 1758 4758 quia

173 4785 397 4844 quantus
435 4779 514 4831 sit
567 4779 966 4848 comprehendi
996 4795 1109 4830 non
1139 4783 1340 4847 potest.
1379 4795 1402 4829 α
1437 4778 1634 4847 Capilli
1673 4779 1757 4831 tui

173 4863 300 4917 sicut
315 4883 450 4936 grex
480 4883 806 4937 caprarum.
831 4884 952 4937 qua
974 4871 1359 4936 apparuerunt
1383 4866 1452 4918 de
1483 4866 1751 4919 Galaad.»

171 4950 230 5004 Hi
257 4957 515 5010 versiculi
544 4957 806 5025 superius
831 4956 1064 5025 expositi
1096 4960 1248 5019 sunt,
1281 4955 1378 5006 sed
1409 4971 1521 5008 non
1571 4955 1758 5024 pigeat

171 5037 351 5096 iterato
381 5061 692 5115 exponere,
711 5060 849 5114 quos
866 5059 976 5095 non
999 5043 1180 5112 piguit
1209 5043 1477 5112 Spiritum
1501 5050 1755 5096 sanctum

172 5138 423 5199 repetere.
462 5133 602 5186 Ideo
635 5132 784 5184 enim
825 5131 906 5183 bis
944 5131 1079 5182 istos
1126 5130 1423 5183 versiculos
1462 5131 1664 5199 posuit,
1695 5136 1758 5183 ut

174 5220 532 5274 certissimum
563 5227 621 5273 et
652 5219 848 5272 stabile
872 5226 1193 5271 teneremus
1218 5219 1363 5288 quod
1409 5218 1511 5271 sub
1550 5219 1755 5288 repeti-

175 5305 306 5360 tione
331 5309 658 5361 conﬁrmari
699 5308 1040 5360 audiremus.
1081 5307 1280 5376 Capilli
1332 5307 1584 5360 Ecclesia
1632 5324 1757 5360 san-

176 5401 279 5452 cta.
311 5399 652 5467 multiplices
683 5403 815 5449 sunt
843 5396 1135 5449 subtilium
1157 5396 1559 5465 cogitationum
1585 5396 1757 5448 varie-

177 5485 296 5537 tate.
328 5484 397 5539 Et
441 5486 594 5540 bene
627 5490 1022 5556 comparantur
1065 5485 1226 5553 gregi
1273 5501 1587 5554 caprarum,
1627 5500 1756 5537 nam

1841 4419 2096 4472 doctores
2125 4422 2329 4470 sancta
2361 4417 2635 4479 Ecclesia,
2672 4415 2767 4486 qui
2798 4415 2997 4468 merito
3030 4414 3158 4468 ﬁdei
3180 4421 3239 4468 et
3257 4414 3439 4468 scien-

1842 4509 1934 4561 tia
1964 4507 2126 4559 thoro
2156 4505 2305 4574 regis
2332 4505 2527 4558 aterni
2565 4503 2966 4574 propinquant,
3007 4508 3063 4556 et
3110 4503 3434 4574 spirituales

1844 4597 1958 4650 Deo
1991 4595 2132 4648 ﬁlios
2162 4595 2404 4664 pariunt.
2437 4593 2842 4662 Sexagenarius
2873 4607 3141 4645 numerus
3167 4607 3232 4644 ex
3261 4592 3437 4644 dena-

1843 4685 1926 4739 rio
1948 4691 2004 4738 et
2023 4684 2244 4737 senario
2267 4681 2856 4753 perﬁcitur.Denarius
2877 4679 3024 4733 enim
3039 4695 3139 4748 per
3153 4679 3441 4732 senarium

1839 4773 2262 4843 multiplicatus,
2280 4771 2338 4824 in
2358 4770 2780 4840 sexagenarium
2801 4767 3106 4836 consurgit.
3119 4766 3190 4820 Et
3201 4767 3432 4820 denario

1839 4863 2228 4932 signiﬁcantur
2248 4861 2436 4914 divina
2463 4864 2753 4929 praecepta,
2775 4863 3001 4927 propter
3011 4856 3338 4926 decalogum
3352 4857 3436 4910 le-

1838 4952 1925 5020 gis
1950 4969 1962 5016 ;
1986 4950 2238 5003 senarius
2268 4965 2397 5002 vero
2425 4964 2524 5018 pro
2556 4945 2894 5016 perfectione
2931 4945 3324 5014 ponitur,quia
3343 4960 3444 4998 sex

1841 5039 2037 5092 diebus
2059 5038 2288 5107 perfecit
2317 5039 2466 5090 Deus
2496 5051 2663 5104 opera
2685 5049 2804 5086 sua.
2850 5033 3076 5103 Regina
3106 5049 3239 5103 ergo
3284 5049 3444 5087 sexa—

1838 5128 1996 5198 ginta
2019 5143 2142 5179 esse
2171 5124 2593 5193 dicuntur,quia
2611 5139 2706 5176 eos
2736 5122 3150 5192 signiﬁcant,ut
3169 5122 3435 5190 diximus,

1842 5217 1935 5285 qui
1968 5215 2303 5286 perfectione
2335 5211 2580 5265 scientia
2602 5221 2658 5264 et
2677 5211 2860 5281 operis
2888 5211 3182 5280 pollent,et
3213 5216 3442 5281 propter

1839 5305 2016 5358 solum
2048 5319 2294 5356 amorem
2330 5301 2646 5355 Conditoris
2676 5301 2762 5352 sui
2796 5306 2850 5353 et
2879 5299 3154 5353 intuitum
3187 5316 3444 5370 superna

1840 5391 2308 5446 remunerationis
2351 5390 2671 5461 pradicant.
2709 5390 2809 5442 llic
2846 5389 3014 5442 etiam
3061 5405 3348 5449 numerus,
3388 5387 3445 5438 id

1843 5488 1930 5535 est
1973 5480 2391 5548 sexagenarius,
2426 5497 2492 5534 ex
2537 5478 2888 5533 duodenario
2943 5477 3241 5548 quinquies
3278 5476 3446 5530 ducto
