3926 6164
464 227 567 286 343

884 226 1261 284 HAYMONIS
1300 192 1787 289 HALBERSTAT.
1832 234 2057 290 EPISC.
2100 234 2267 290 OPP.
2310 233 2494 289 mas
2530 232 2575 286 1.
2618 260 2686 271 —
2725 229 3092 284 COMMENT.
3131 229 3302 285 BIBL.

3566 232 3645 289 3H

465 354 676 410 ossium
706 353 976 407 ﬁrmitate
1002 352 1460 424 premitur.Benc
1490 372 1622 426 ergo
1647 364 1843 412 venter
1868 359 2056 413 Eccle-
2072 362 2122 419 Α
2141 359 2424 414 muniunt.
2442 374 2468 407 ι
2491 354 2651 410 Oculi
2671 353 2756 408 tui
2781 353 2926 407 sicut
2966 352 3188 421 piscina
3214 352 3269 406 in
3295 353 3535 420 Hesebon,
3554 373 3652 426 qua

466 443 566 497 sia
598 458 794 496 acervo
823 441 994 495 tritici
1022 447 1401 512 comparatur.
1449 444 1579 512 quia
1626 447 1803 500 sancti
1847 448 2053 517 quique
2142 455 2275 502 sunt
2306 448 2363 500 in
2388 451 2549 516 porta
2570 444 2699 497 ﬁlia
2721 441 3115 495 multitudinis.
3151 466 3166 485 -
3193 442 3251 495 Id
3272 448 3365 502 est,
3388 443 3484 512 ipsi
3499 444 3654 499 docto-

470 536 681 603 quanto
711 530 891 600 magis
911 546 1187 584 memores
1207 537 1339 584 sunt
1356 549 1470 585 sua
1498 532 1837 602 fragilitatis,
1860 552 1924 588 eo
1939 543 2061 588 stu-

470 619 682 672 diosius
711 619 778 673 ad
803 618 1162 689 proferendos
1191 618 1460 673 bonorum
1489 638 1721 691 operum
1740 624 1954 677 fructus
1984 624 2064 677 in-

472 707 697 761 sistunt.
730 707 799 761 Et
826 713 973 761 recte
1002 723 1113 760 non
1161 708 1376 777 copiam
1424 709 1617 769 tritici,
1660 712 1757 764 sed
1805 729 2063 766 acervum

472 796 645 850 tritici
672 796 825 858 dicit,
857 802 921 850 ut
949 812 1049 866 per
1072 797 1176 849 hoc
1203 796 1477 866 signiﬁcet
1513 798 1861 854 incrementa
1890 802 2068 854 virtu-

471 868 613 948 tum,
634 901 756 955 qua
776 885 947 939 veluti
961 901 1193 939 acervus
1210 884 1281 938 ab
1302 885 1665 940 inferioribus
1687 888 1755 941 ad
1778 890 2070 958 superiora

472 975 772 1029 crescendo
793 974 1193 1028 conscendunt.
1236 975 1378 1028 Nam
1410 975 1555 1029 sicut
1582 992 1815 1030 acervus
1842 978 2069 1031 inferio-

472 1062 631 1117 ribus
658 1062 773 1115 lata
801 1062 1173 1133 amplitudine
1197 1063 1493 1133 spatiatur,
1513 1065 1772 1134 superius
1788 1082 1916 1119 vero
1939 1083 2073 1137 qua-

474 1151 606 1206 dam
636 1150 909 1205 brevitate
938 1151 1291 1205 contrahitur
1319 1158 1376 1204 et
1394 1152 1769 1218 acuminatur,
1790 1154 1868 1206 ita
1888 1154 1946 1208 in
1968 1156 2073 1208 Ec-

474 1241 647 1296 clesia
667 1242 831 1295 multi
853 1246 987 1295 sunt
1001 1241 1097 1311 qui
1118 1241 1502 1310 indulgentius
1524 1243 1733 1305 vivunt,
1756 1244 1917 1314 pauci
1943 1262 2071 1299 vero

475 1331 573 1401 qui
602 1346 836 1384 summa
856 1329 1182 1399 perfectioni
1198 1329 1482 1383 insistunt.
1518 1332 1716 1384 Plures
1744 1333 1892 1385 enim
1925 1333 2073 1386 inve-

475 1418 713 1472 niuntur
753 1418 849 1488 qui
895 1418 965 1471 de
1006 1416 1167 1471 bonis
1213 1418 1331 1471 suis
1380 1418 1794 1490 eleemosynam
1837 1420 2068 1483 faciunt,

479 1520 649 1576 quam
681 1506 778 1576 qui
810 1521 913 1559 sua
941 1521 1043 1576 pro
1056 1505 1171 1559 Deo
1195 1505 1539 1577 relinquunt.
1555 1508 1657 1561 Hic
1683 1524 1913 1561 acervus
1940 1509 2073 1562 liliis

2145 554 2253 590 res.
2281 536 2375 605 qui
2405 551 2505 604 per
2530 533 2734 586 collum
2766 530 3046 600 designati
3089 537 3236 592 sunt,
3277 531 3595 600 designantur
3613 542 3659 588 et

2147 642 2247 696 per
2270 625 2473 678 oculos.
2495 621 2605 692 Ipsi
2624 621 2771 673 enim
2795 619 2939 672 oculi
2962 619 3214 672 universo
3234 620 3432 688 corpori
3456 620 3662 677 Ecclesia

2148 712 2458 783 provident,
2486 717 2543 765 et
2571 710 2680 762 iter
2708 708 2856 779 quod
2888 708 3103 778 ingredi
3131 708 3374 771 debeant,
3396 711 3662 765 ostendunt.

2152 800 2387 855 Hioculi
2409 799 2664 853 Ecclesia
2702 802 3100 866 comparantur
3129 797 3345 867 piscinis
3381 798 3668 854 Hesebonin

2151 898 2311 961 porta
2338 888 2598 948 civitatis,
2625 886 2753 957 quia
2778 886 2957 939 sancti
2978 886 3228 939 doctores
3248 886 3463 956 populos
3481 887 3529 939 in
3540 888 3672 942 Chri-

2152 985 2300 1033 stum
2334 978 2629 1031 credentes
2671 975 2822 1028 vitali
2857 976 3076 1028 lavacro
3113 974 3359 1039 abluunt,
3382 980 3435 1027 et
3461 976 3675 1030 salutaris

2153 1067 2416 1127 doctrina
2444 1072 2577 1135 potu
2608 1063 2884 1117 reﬁciunt.
2940 1062 3085 1116 Filia
3130 1070 3311 1116 autem
3358 1063 3677 1118 multitudinis

2152 1161 2384 1208 vocatur
2429 1152 2685 1207 Hesebon
2719 1153 2879 1221 juxta
2930 1152 3193 1213 litteram,
3226 1150 3294 1205 ob
3321 1152 3680 1205 multitudinem

2154 1242 2553 1300 conﬂuentium
2584 1240 2720 1295 inibi
2750 1242 3102 1311 populorum.
3138 1240 3228 1294 Sic
3255 1247 3311 1294 et
3336 1245 3515 1293 sancta
3540 1241 3681 1294 Eccle-

2154 1334 2239 1387 sia
2264 1338 2414 1385 recte
2438 1331 2645 1384 dicitur
2667 1330 2781 1383 ﬁlia
2808 1328 3203 1396 multitudinis,
3224 1328 3353 1398 quia
3372 1328 3684 1381 numerosita-

2154 1425 2267 1474 tem
2286 1417 2536 1490 quotidie
2564 1418 2778 1487 colligit
2803 1417 3080 1486 gentium.
3097 1415 3350 1469 Hesebon
3367 1421 3538 1469 autem
3552 1416 3685 1471 inter-

2154 1514 2411 1579 pretatur
2448 1506 2735 1575 cingulum
2788 1504 3063 1558 maeroris.
3113 1504 3270 1559 Oculi
3310 1520 3436 1573 ergo
3478 1505 3686 1558 Ecclesia

478 1593 720 1648 vallatus
750 1593 980 1657 dicitur,
1015 1594 1147 1664 quia
1175 1595 1356 1648 sancti
1383 1594 1531 1649 bona
1558 1613 1680 1666 qua
1708 1596 1938 1662 faciunt,
1969 1614 2070 1667 pro
2090 1588 2137 1647 Β
2154 1594 2381 1666 piscinis
2412 1593 2671 1647 Hesebon
2715 1597 3136 1662 comparantur,
3173 1591 3306 1661 quia
3332 1591 3499 1645 sancti
3526 1591 3688 1645 docto-

476 1680 752 1736 desiderio
781 1698 1035 1752 superna
1060 1683 1333 1736 claritatis
1362 1688 1420 1737 et
1437 1684 1694 1737 candoris
1713 1690 1906 1754 agunt.
1927 1685 2074 1758 Nam

477 1786 582 1843 per
594 1770 713 1824 lilia
724 1771 963 1825 caelestis
974 1771 1067 1824 illa
1088 1772 1314 1825 claritas
1325 1772 1672 1842 designatur.
1697 1773 1888 1826 Potest
1901 1774 2071 1826 etiam

475 1875 579 1932 per
604 1864 856 1913 ventrem
880 1859 1137 1914 Ecclesia
1161 1860 1427 1914 divinitus
1449 1861 1573 1914 fons
1603 1861 1958 1932 baptismatis
1987 1878 2074 1914 ac-

368 2001 371 2004 .
475 1948 606 2019 cipi,
640 1965 750 2019 quo
774 1948 968 2003 ﬁdeles
989 1949 1047 2003 in
1073 1965 1272 2003 novam
1302 1956 1621 2004 creaturam
1645 1956 2070 2020 regenerantur.

477 2037 585 2091 Hic
612 2053 747 2107 ergo
772 2043 967 2091 venter
994 2054 1191 2092 acervo
1238 2038 1411 2092 tritici
1456 2040 1661 2109 vallato
1692 2039 1823 2092 liliis
1851 2056 2075 2109 compa-

475 2130 657 2189 ratur,
686 2106 822 2195 quia
851 2126 1166 2196 regenerati
1197 2126 1349 2180 fonte
1388 2106 1765 2196 baptismatis,
1802 2106 2073 2181 docentur

477 2212 641 2266 bonis
669 2213 934 2267 insudare
965 2214 1248 2284 operibus,
1267 2220 1325 2267 et
1354 2215 1425 2267 ad
1456 2214 1784 2269 intuendam
1815 2232 2073 2286 superna

479 2300 753 2357 claritatis
777 2301 1020 2371 gloriam
1049 2318 1272 2371 semper
1299 2302 1521 2355 inhiare

551 2408 580 2444 α
596 2390 720 2445 Duo
741 2389 916 2443 ubera
930 2395 1030 2444 tua
1041 2390 1182 2444 sicut
1199 2391 1310 2444 duo
1331 2390 1545 2445 hinnuli
1563 2391 1789 2461 gemelli
1803 2408 2033 2462 caprea.
2048 2411 2072 2445 ο

476 2477 665 2535 Ubera
689 2478 963 2533 Ecclesia.
989 2478 1135 2531 sicut
1153 2479 1266 2547 iam
1290 2478 1548 2549 superius
1568 2479 1780 2533 dictum
1809 2487 1911 2545 est,
1942 2497 2075 2534 san-

478 2571 599 2622 ctos
615 2566 871 2620 doctores
891 2566 1228 2635 significant,
1253 2566 1345 2637 qui
1371 2569 1629 2636 parvulos
1652 2585 1905 2639 quosque
1952 2570 2077 2634 (hoc

478 2661 584 2722 est,
615 2671 798 2725 nuper
817 2653 875 2708 in
897 2640 1119 2708 Christo
1138 2662 1516 2724 regeneratos)
1543 2657 1682 2710 lacte
1701 2657 1998 2726 apertioris
2019 2664 2075 2711 et

476 2744 742 2798 facilioris
770 2742 1036 2797 doctrina
1054 2743 1361 2797 instruunt.
1392 2743 1544 2797 Bene
1564 2750 1751 2798 autem
1771 2745 1881 2799 duo
1902 2745 2076 2800 ubera

476 2832 903 2901 dicuntur,quia
923 2832 992 2885 dc
1005 2831 1223 2886 duobus
1236 2833 1477 2903 populis,
1495 2833 1722 2902 judaico
1746 2834 1999 2888 videlicet
2019 2840 2075 2888 et

476 2921 697 2992 gentili,
722 2920 915 2975 ﬁdeles
936 2927 1369 2991 congregantur.
1390 2926 1448 2974 et
1476 2921 1618 2975 lacte
1638 2923 1949 2992 spiritualis
1971 2923 2072 2976 do-

478 3009 676 3065 ctrina
713 3009 961 3062 aluntur.
990 3009 1122 3062 Hac
1159 3010 1270 3063 duo
1307 3008 1483 3063 ubera
1513 3010 1658 3064 sicut
1699 3011 1810 3064 duo
1855 3011 2072 3065 hinnuli

477 3113 693 3167 caprea
720 3096 950 3165 gemelli
978 3112 1101 3150 esse
1128 3097 1410 3150 dicuntur.
1429 3099 1549 3151 Duo
1571 3099 1790 3152 hinnuli
1811 3107 1944 3152 sunt
1962 3100 2072 3153 duo

476 3183 1066 3252 Testamenta,quibus
1084 3185 1407 3237 earumdem
1426 3186 1716 3239 doctorum
1740 3188 1923 3240 omnis
1941 3204 2075 3257 pra-

476 3270 685 3326 dicatio
706 3270 980 3329 subsistit.
1020 3288 1258 3341 quorum
1289 3273 1778 3327 Testamentorum
1812 3291 1957 3329 unus
1987 3282 2074 3329 est

478 3364 677 3413 auctor
691 3365 748 3412 et
768 3360 1154 3429 promulgator
1174 3358 1452 3423 Christus,
1462 3361 1622 3429 juxta
1642 3362 1787 3431 quod
1808 3363 2073 3417 Salomon

478 3447 643 3503 dicit:
669 3447 855 3503 Verba
875 3449 1213 3519 sapientium
1236 3450 1395 3519 quasi
1417 3450 1651 3515 stimuli,
1676 3457 1732 3504 et
1751 3452 1907 3521 quasi
1927 3453 2071 3506 clavi

479 3537 540 3592 in
553 3537 730 3591 altum
748 3537 935 3603 deﬁxi,
960 3554 1082 3608 qua
1099 3538 1232 3592 data
1247 3544 1379 3592 sunt
1397 3556 1427 3592 a
1446 3545 1669 3608 pastore
1692 3556 1824 3603 uno,
1849 3541 2073 3595 Christo

477 3626 758 3680 videlicet.
805 3625 1023 3697 Caprea
1066 3627 1214 3680 enim
1252 3634 1402 3680 recte
1446 3627 1732 3681 Christum
1773 3629 2069 3698 signiﬁcat,

481 3714 617 3787 quia
643 3720 701 3769 et
733 3715 943 3769 intuitu
986 3722 1042 3768 et
1087 3716 1380 3769 velocitate
1428 3717 1644 3769 cateris
1694 3718 2073 3771 animantibus

477 3804 827 3874 praeminet,
848 3809 906 3857 et
926 3804 1194 3857 mundum
1208 3805 1511 3858 estanimal
1526 3806 1796 3873 ungulam
1822 3806 2072 3860 dividens

479 3897 539 3945 et
564 3890 877 3945 ruminans.
912 3892 1075 3945 Tales
1100 3893 1249 3946 enim
1279 3900 1413 3947 sunt
1440 3894 1691 3947 membra
1721 3894 1949 3954 Christi,
1977 3895 2072 3948 do-

478 3985 662 4035 ctores
692 3980 964 4045 videlicet,
994 3981 1202 4036 intuitu
1233 3982 1479 4037 scientia
1509 3983 1773 4053 insignes,
1800 3990 1857 4037 et
1878 3999 1945 4037 ea
1972 4000 2072 4037 ve-

476 4068 703 4123 locitate
723 4074 950 4123 terrena
966 4069 1305 4134 deserentes,
1339 4077 1507 4143 atque
1536 4073 1607 4126 ad
1637 4072 1885 4126 coelestia
1912 4071 2074 4125 festi-

477 4164 699 4211 nantes.
731 4157 995 4211 Dividens
1034 4160 1324 4228 ungulam,
1374 4160 1429 4212 id
1480 4167 1565 4213 est
1614 4160 1824 4215 habens
1859 4160 1986 4214 boni
2017 4166 2072 4213 et

478 4245 615 4297 mali
663 4244 1090 4311 discretionem;
1142 4252 1199 4300 et
1233 4248 1545 4311 ruminans,
1596 4250 1702 4302 hoc
1749 4255 1835 4302 est
1877 4249 2073 4302 sedula

480 4331 754 4385 memoria
785 4337 1062 4402 pracepta
1088 4334 1186 4386 Dei
1224 4335 1521 4389 meditans.

558 4442 577 4467 ι
623 4418 840 4473 Collum
872 4426 1031 4474 tuum
1060 4421 1206 4475 sicut
1235 4422 1406 4475 turris
1443 4423 1709 4478 eburnea.
1749 4445 1770 4471 ιι
1806 4425 2072 4478 Doctores

478 4506 680 4567 sancti,
714 4508 809 4578 qui
836 4508 1207 4578 designantur
1236 4526 1337 4580 per
1362 4509 1552 4565 ubera.
1574 4512 1679 4582 ipsi
1705 4513 2073 4582 designantur

479 4602 538 4651 et
564 4613 665 4668 per
691 4597 1078 4651 collum.Nam
1111 4615 1211 4667 per
1229 4597 1467 4651 arterias
1495 4600 1739 4653 collivox
1762 4601 2067 4670 egreditur,

478 4691 538 4741 et
564 4686 1023 4741 colliministerio
1044 4688 1258 4741 cateris
1288 4686 1555 4741 membris
1584 4688 1773 4743 vitalia
1802 4689 2072 4744 alimenta

476 4774 894 4830 ministrantur.
929 4777 1018 4831 Sic
1044 4776 1220 4831 sancti
1249 4776 1504 4831 doctores
1532 4782 1589 4830 et
1615 4776 1786 4830 verba
1812 4778 1940 4832 vita
1971 4795 2071 4849 po-

476 4863 627 4933 pulis
654 4866 1011 4927 annuntiant,
1046 4871 1103 4920 et
1129 4866 1395 4921 alimento
1416 4865 1682 4920 doctrina
1710 4867 1951 4920 calestis
1977 4884 2071 4921 eos

476 4950 757 5004 nutriunt.
791 4952 1008 5008 Collum
1037 4971 1169 5025 ergo
1188 4955 1441 5011 Ecclesia
1470 4955 1612 5009 turri
1642 4954 1903 5009 eburnea
1927 4972 2074 5009 com-

478 5041 731 5106 paratur,
764 5040 896 5108 quia
932 5044 1110 5095 sancti
1138 5045 1393 5099 doctores
1435 5044 1687 5110 ejusdem
1729 5043 1983 5098 Ecclesia
2015 5050 2071 5098 et

474 5122 950 5194 pulchritudinem
982 5134 1039 5180 et
1064 5128 1233 5183 robur
1270 5139 1556 5201 prastant.
1591 5132 2069 5187 Pulchritudinem

474 5211 721 5286 quidem,
743 5230 865 5284 qua
892 5231 991 5284 per
1018 5217 1313 5272 candorem
1336 5221 1519 5275 eboris
1546 5222 1893 5291 designatur,
1917 5227 2068 5274 caste

476 5312 536 5361 et
568 5304 786 5359 sincere
834 5307 1086 5361 vivendo.
1152 5308 1343 5363 Robur
1396 5329 1521 5366 vero
1575 5320 1863 5385 prastant,
1917 5313 2065 5382 quod

2155 1701 2266 1748 res,
2296 1683 2563 1752 neglectis
2591 1682 2814 1736 caducis
2856 1681 3044 1735 saculi
3092 1680 3331 1750 gaudiis.
3361 1679 3563 1749 cingulo
3588 1696 3693 1733 ma-

2155 1772 2297 1826 roris
2326 1788 2386 1824 se
2415 1771 2827 1840 constringunt,
2855 1770 2984 1840 quia
3015 1776 3166 1823 caste
3205 1775 3262 1822 et
3288 1768 3462 1822 sobrie
3489 1768 3694 1821 viventes

2154 1860 2212 1913 in
2242 1861 2347 1913 hoc
2373 1860 2596 1924 saculo,
2629 1868 2686 1912 et
2715 1874 2814 1929 pro
2837 1859 2956 1911 suis
2983 1857 3263 1912 erratibus
3286 1857 3504 1921 deﬂent,
3534 1864 3696 1926 quate~

2156 1964 2262 2002 nus
2289 1947 2347 2000 in
2378 1948 2640 2017 prasenti
2668 1946 2945 2015 lugentes,
2962 1946 3030 1998 ad
3045 1961 3177 1998 vera
3189 1951 3498 2014 aternaque
3523 1944 3699 2013 possint

2156 2035 2446 2107 pervenire
2468 2034 2693 2104 gaudia.
2720 2035 2784 2088 In
2811 2038 2970 2104 porta
2993 2041 3181 2088 autem
3214 2032 3461 2088 Hesebon
3480 2033 3554 2086 ha
3572 2032 3701 2103 pisci-

2155 2139 2240 2178 na
2253 2140 2374 2177 esse
2402 2124 2685 2186 dicuntur,
2704 2122 2836 2192 quia
2864 2123 3051 2176 nullus
3080 2123 3383 2177 Ecclesiam
3411 2120 3609 2191 ingredi
3623 2135 3701 2171 va-

2156 2213 2252 2277 let,
2300 2213 2407 2266 nisi
2446 2212 2602 2282 prius
2644 2228 2793 2281 aqua
2827 2210 3184 2281 baptismatis
3230 2211 3501 2271 abluatur,
3531 2214 3582 2263 et
3616 2207 3703 2262 nisi

2156 2303 2309 2356 fonte
2322 2300 2586 2354 salutaris
2605 2301 2871 2354 doctrina
2886 2306 3130 2371 potetur.
3152 2301 3272 2355 Hoc
3285 2302 3450 2354 etiam
3467 2300 3705 2369 signiﬁca-

2157 2391 2254 2445 bat
2273 2390 2492 2444 labrum
2522 2390 2922 2460 aneum,quod
2952 2390 3217 2444 Salomon
3237 2391 3295 2443 in
3320 2390 3525 2460 porticu
3543 2386 3706 2457 templi

2158 2485 2440 2551 posuerat,
2466 2486 2530 2532 ut
2558 2480 2874 2533 sacerdotes
2902 2479 3213 2549 ingressuri
3238 2479 3523 2550 templum,
3550 2482 3600 2531 et
3620 2477 3708 2529 ho-

2159 2569 2297 2622 stias
2328 2567 2695 2629 immolaturi,
2728 2567 2804 2620 ibi
2831 2584 3065 2638 corpora
3090 2567 3407 2621 abluerent.

2234 2676 2256 2705 ι
2301 2658 2483 2709 Nasus
2513 2662 2643 2709 tuus
2683 2656 2829 2709 sicut
2868 2656 3044 2709 turris
3085 2655 3304 2718 Libani,
3355 2672 3474 2725 qua
3518 2653 3711 2724 respicit

2157 2750 2351 2799 contra
2380 2744 2734 2797 Damascum.
2784 2764 2808 2795 »
2850 2744 2995 2807 Quia
3036 2761 3175 2797 naso
3220 2745 3424 2799 fetores
3470 2750 3525 2797 et
3564 2742 3712 2795 bonos

2156 2834 2354 2887 odores
2379 2833 2765 2897 discernimus,
2790 2838 2937 2887 recte
2959 2850 3059 2903 per
3073 2849 3278 2887 nasum
3299 2831 3545 2887 Ecclesia
3569 2831 3713 2884 iidem

2155 2922 2332 2976 sancti
2362 2923 2617 2976 doctores
2647 2922 3057 2990 intelliguntur.
3108 2922 3222 2992 Ipsi
3277 2923 3428 2976 enim
3472 2919 3714 2990 sagaciter

2156 3011 2473 3065 discernere
2490 3017 2763 3064 noverunt
2780 3010 2927 3064 inter
2948 3010 3313 3079 fragilitatem
3327 3000 3598 3065 catholica
3610 3007 3716 3061 ﬁdei

2156 3101 2467 3153 doctrinam
2514 3105 2570 3152 et
2609 3099 2886 3153 letiferum
2936 3099 3183 3152 haretici
3213 3100 3464 3170 corporis
3493 3098 3714 3150 fetorem.

2156 3189 2298 3242 Nam
2326 3194 2383 3241 et
2411 3188 2468 3241 in
2497 3188 2698 3241 divinis
2717 3187 3167 3254 charismatibus,
3197 3205 3324 3258 qua
3353 3205 3453 3259 per
3479 3185 3717 3257 Spiritum

2154 3284 2409 3331 sanctum
2427 3277 2863 3341 distribuuntur,
2890 3277 3096 3330 dicitur
3115 3295 3127 3329 :
3148 3277 3262 3331 Alii
3281 3278 3450 3330 datur
3466 3291 3558 3347 per
3574 3272 3721 3343 Spiri-

2153 3372 2273 3420 tum
2305 3366 2567 3420 discretio
2596 3366 2916 3437 spirituum.
2945 3367 3128 3420 Nasus
3157 3384 3294 3436 ergo
3320 3364 3570 3421 Ecclesia
3598 3360 3719 3416 turri

2155 3453 2349 3509 Libani
2364 3460 2740 3525 comparatur,
2765 3454 2898 3524 quia
2916 3455 3094 3508 sancti
3111 3455 3373 3508 doctores
3392 3460 3450 3507 et
3467 3466 3722 3507 summum

2156 3543 2338 3596 locum
2368 3543 2423 3596 in
2458 3543 2701 3596 Ecclesia
2721 3550 2933 3603 tenent,
2956 3559 3019 3596 ac
3044 3543 3217 3597 veluti
3243 3543 3305 3597 in
3328 3542 3534 3597 Libano
3558 3543 3724 3593 monte

2157 3631 2490 3695 consistunt,
2521 3638 2576 3685 et
2604 3631 2912 3685 defendunt
2940 3630 3249 3685 Ecclesiam
3290 3648 3325 3685 a
3373 3631 3721 3700 malignorum

2158 3719 2456 3790 spirituum
2484 3719 2819 3774 incursibus.
2847 3720 2973 3773 Hac
2989 3720 3163 3771 turris
3191 3724 3393 3772 contra
3418 3720 3726 3773 Damascum

2156 3824 2277 3860 esse
2303 3807 2523 3861 dicitur.
2545 3808 2847 3861 Damascus
2864 3806 3186 3877 metropolis
3199 3806 3396 3860 civitas
3426 3812 3512 3860 est
3540 3804 3717 3875 Syria,

2156 3912 2278 3967 qua
2307 3895 2587 3966 quondam
2608 3900 2803 3950 contra
2820 3895 2962 3948 ﬁlios
2990 3893 3183 3959 Israel,
3200 3900 3399 3965 utpote
3419 3893 3730 3948 fortissimos

2157 3995 2214 4038 et
2233 3985 2646 4038 crudelissimos
2675 4000 2836 4053 reges
2861 3983 3091 4047 habens,
3115 3982 3447 4037 dimicabat.
3470 3985 3731 4051 Interpre-

2156 4078 2312 4126 tatur
2339 4078 2527 4125 autem
2560 4073 2881 4132 Damascus,
2926 4071 3215 4140 sanguinis
3256 4077 3445 4141 potus,
3490 4070 3573 4123 vel
3615 4083 3730 4121 san-

2154 4161 2343 4230 guinis
2372 4162 2583 4214 oculus.
2609 4161 2821 4214 Ferunt
2846 4159 2923 4213 ibi
2950 4159 3087 4213 Abel
3109 4158 3491 4222 interfectum,
3518 4159 3733 4227 ideoque

2156 4250 2437 4320 signiﬁcat
2452 4254 2755 4319 potestates
2775 4249 2944 4318 hujus
2961 4248 3167 4304 saculi.
3195 4264 3318 4318 qua
3338 4248 3627 4318 sanguinis
3646 4261 3733 4315 po-

2091 4330 2137 4387 D
2153 4345 2277 4392 tum
2307 4339 2523 4402 sitiunt,
2548 4338 2681 4408 quia
2701 4332 3087 4407 voluptatibus
3101 4342 3159 4389 et
3186 4336 3469 4390 illecebris
3490 4335 3667 4390 carnis
3686 4337 3736 4386 et

2157 4427 2449 4496 sanguinis
2471 4426 2841 4480 delectantur.
2877 4425 3166 4495 Signiﬁcat
3198 4426 3372 4479 etiam
3400 4425 3584 4479 aerias
3601 4428 3736 4494 pote-

2157 4522 2350 4579 states,
2386 4533 2509 4586 qua
2538 4514 2852 4568 animarum
2881 4522 3199 4567 nostrarum
3233 4530 3494 4568 cruorem
3528 4512 3733 4566 sitiunt.

2156 4606 2366 4659 Contra
2412 4605 2743 4658 Damascum
2786 4619 2917 4673 ergo
2966 4610 3052 4655 est
3074 4603 3191 4656 hac
3216 4602 3413 4664 turris,
3451 4602 3583 4672 quia
3633 4600 3738 4652 hac

2156 4692 2404 4746 Ecclesia
2419 4708 2641 4761 semper
2664 4690 2884 4744 diabolo
2909 4696 2967 4743 et
2986 4689 3251 4744 membris
3271 4690 3447 4757 illius,
3472 4686 3738 4759 adjutorio

2157 4780 2365 4834 Christi
2397 4780 2637 4845 munita,
2659 4779 2889 4833 resistit.

2230 4887 2255 4919 «
2271 4869 2622 4938 Caputtuum
2649 4875 2713 4921 ut
2732 4868 3043 4921 Carmelus.
3066 4884 3092 4919 ι
3118 4868 3301 4938 Caput
3328 4883 3464 4936 ergo
3496 4863 3742 4920 Ecclesia

2154 4957 2539 5029 principalitas
2569 4958 2773 5011 mentis
2798 4956 3046 5010 ﬁdelium
3061 4955 3396 5025 intelligitur
3419 4973 3430 5006 :
3456 4971 3589 5009 nam
3610 4953 3744 5007 sicut

2154 5046 2333 5117 capite
2365 5045 2617 5099 membra
2645 5052 2918 5115 reguntur
2945 5051 3164 5107 catera,
3206 5043 3289 5097 ita
3322 5050 3514 5097 mente
3538 5042 3741 5113 cogita-

2153 5135 2335 5189 tiones
2365 5135 2757 5205 disponuntur.
2778 5135 2928 5187 Bene
2945 5141 3134 5188 autem
3160 5142 3330 5204 caput
3350 5132 3609 5187 Ecclesia
3622 5132 3745 5185 Car-

2152 5223 2298 5276 melo
2328 5229 2707 5293 comparatur.
2756 5222 3048 5276 Carmelus
3077 5222 3249 5273 enim.
3287 5222 3383 5289 qui
3432 5226 3491 5273 et
3531 5216 3741 5273 Carmel

2150 5312 2374 5377 dicitur,
2392 5309 3050 5383 interpretaturcognitio
3077 5308 3159 5361 vel
3187 5308 3419 5361 scientia
3447 5306 3739 5360 circumci-

474 5393 824 5465 signiﬁcatur
851 5411 952 5466 per
977 5395 1443 5467 turrim,quando
1472 5403 1728 5456 eamdem
1760 5402 2062 5457 Ecclesiam
2147 5400 2339 5454 sionis.
2389 5401 2534 5470 Ergo
2573 5406 2741 5468 caput
2768 5397 3024 5451 Ecclesia
3076 5396 3333 5451 Carmelo
3379 5396 3737 5454 assimilatur,

473 5489 671 5540 contra
699 5484 1039 5542 tentationes
1054 5484 1262 5540 diaboli
1288 5487 1371 5542 vel
1399 5486 1637 5560 impetus
1667 5490 2057 5545 haereticorum
2146 5488 2280 5560 quia
2324 5489 2479 5542 novit
2522 5485 3005 5540 circumcisionem
3037 5485 3337 5556 aliquando
3380 5484 3742 5555 corporaliter
