3970 6150
493 202 597 280 EH7.

907 204 1286 260 annole
1325 161 1811 270 HALBEBSTAT.
1855 207 2078 269 arise.
2121 207 2278 268 om
2323 171 2509 268 PARS
2548 214 2590 267 ι.
2634 241 2704 258 -
2739 215 3112 271 COMMENT.
3154 216 3331 271 BIBL.

3613 219 3700 276 348

493 332 856 400 asperitatem
868 329 1122 393 laborum
1138 336 1195 388 et
1210 331 1532 402 passionum
1563 333 1800 390 sustinet
1812 350 1912 403 pro
1925 333 2144 396 Chri-A
2166 350 2333 402 quam
2364 337 2434 389 ad
2466 342 2654 405 potum
2684 341 2941 409 pertinet.
2987 340 3129 394 Nam
3161 341 3333 393 sancti
3378 340 3608 394 doctores
3635 343 3705 396 vi-

497 427 583 472 sto
618 439 628 471 :
669 421 725 473 in
754 420 1133 488 superioribus
1164 438 1309 482 vero,
1367 421 1469 472 hoc
1517 428 1601 476 est
1647 422 1703 474 in
1744 423 2079 485 omlestibus,

496 509 968 578 pulchritudinem
987 510 1385 566 etsuavitatem
1408 516 1688 579 exspectat
1706 512 2080 580 praemiorum.

496 598 689 659 Potest
712 604 769 657 et
796 615 897 667 per
929 600 1168 668 palmam
1199 597 1365 654 arbor
1396 598 1699 666 Dominicze
1721 601 2088 669 crucisexpri-

498 687 594 748 mi,
625 687 683 748 in
711 703 877 756 quam
899 687 1240 756 Redemptor
1264 693 1454 743 noster
1479 705 1578 756 pro
1611 688 1841 742 humani
1866 690 2086 758 generis

495 775 880 844 redemptione
900 776 1171 839 ascendit,
1204 782 1260 830 et
1293 775 1351 830 in
1370 792 1480 845 qua
1504 776 1717 832 hostem
1744 778 1976 832 humani
1997 794 2090 848 ge-

496 863 648 924 neris
677 864 979 936 superavit.
1013 864 1104 918 Ait
1135 880 1266 939 ergo
1295 882 1306 915 :
1339 882 1364 918 α
1391 865 1531 926 Dixi,
1567 867 1862 920 ascendam
1890 867 1945 920 in
1966 869 2088 937 pal-

497 967 649 1029 mam
676 970 742 1017 -,»
764 952 819 1022 id
849 958 952 1015 est,
985 969 1086 1021 per
1115 969 1270 1010 meos
1291 953 1590 1022 prophetas
1621 954 1838 1008 locutus
1853 972 1997 1019 sum,
2028 963 2086 1018 et

495 1040 726 1110 promisi
753 1057 844 1098 me
873 1041 945 1100 ad
973 1043 1284 1111 passionem
1317 1048 1634 1107 venturum,
1683 1049 1738 1095 et
1771 1061 1951 1098 meam
1981 1046 2084 1098 Ec-

495 1128 722 1190 clesiam
752 1130 1196 1200 redempturum.
1215 1150 1232 1180 ι
1260 1131 1690 1200 Apprehendam
1728 1133 1951 1202 (inquit)
1975 1135 2086 1188 fru-

496 1222 617 1278 ctus
647 1219 799 1287 ejus;
831 1237 859 1274 ιο
893 1219 950 1272 id
979 1224 1064 1275 est
1090 1220 1302 1276 fructus
1333 1219 1606 1274 bonorum
1637 1231 1868 1289 operum
1909 1229 1966 1275 et
2001 1223 2085 1275 la-

497 1306 719 1371 borum,
756 1307 958 1376 quibus
990 1308 1231 1363 Ecclesia
1261 1309 1498 1363 desudat
1526 1311 1972 1374 remunerando;
2002 1313 2088 1365 vel

496 1395 666 1452 etiam
695 1396 1002 1454 secundum
1052 1412 1240 1454 meum
1283 1413 1530 1460 sensum,
1578 1413 1687 1466 quo
1718 1414 1816 1466 per
1843 1399 2089 1467 palmam

499 1500 636 1540 crux
668 1484 1020 1553 intelligitur.
1058 1504 1079 1534 α
1106 1486 1536 1554 Apprehendam
1560 1485 1792 1549 fructus,
1833 1504 1859 1537 ι)
1895 1487 1952 1540 id
1983 1492 2088 1548 est.

498 1573 728 1643 impleto
753 1574 1038 1645 triumpho
1060 1574 1354 1643 passionis,
1388 1575 1604 1629 veniam
1637 1575 1708 1628 ad
1737 1575 1976 1644 gloriam
2008 1593 2092 1630 re-

2165 438 2300 476 num
2333 424 2626 492 Spirituale
2672 428 2980 490 ruminant,
3016 429 3236 498 quando
3265 435 3526 497 praecepta
3558 445 3707 483 evan-

2166 512 2342 578 gelica
2371 513 2666 582 diligenter
2706 518 3025 585 exquirunt,
3060 524 3118 569 et
3160 517 3350 570 crebra
3387 513 3709 571 meditatione

2169 599 2508 669 iuvestigant
2532 609 2699 673 atque
2720 605 2951 659 invicem
2980 606 3291 658 conferunt.

2243 707 2269 744 (ί
2319 690 2433 758 Ego
2475 691 2676 745 dilecto
2727 710 2868 757 meo,
2915 699 2972 747 et
3021 695 3090 752 ad
3122 711 3209 747 me
3237 693 3509 748 conversio
3535 694 3657 762 ejus.
3686 713 3709 746 ι

2173 793 2200 830 a
2233 777 2346 846 Ego
2371 779 2570 834 dilecto
2601 797 2779 846 meo,»
2805 781 3070 836 subaudis
3086 781 3406 852 obsequium
3434 781 3646 850 justitiaa
3669 786 3716 834 et

2169 865 2478 932 devotionis
2502 870 2762 938 impendo
2789 888 2799 922 :
2827 871 2924 933 illi,
2957 877 3014 924 et
3038 885 3149 923 non
3179 869 3335 923 alteri
3363 869 3522 922 ﬁdem
3542 873 3592 921 et
3615 884 3716 926 ser-

2168 955 2403 1010 vitutem
2432 973 2612 1010 meam
2637 959 2923 1027 promitto.
2957 959 3066 1012 «Et
3085 959 3156 1011 ad
3176 974 3265 1011 me
3277 957 3550 1011 conversio
3562 959 3718 1026 ejus,»

2165 1047 2230 1098 ut
2258 1059 2347 1108 me
2370 1043 2429 1096 in
2466 1045 2726 1114 praesenti
2754 1047 2904 1100 inter
2927 1046 3148 1100 labores
3177 1052 3233 1100 et
3271 1060 3540 1099 aerumnas
3575 1045 3720 1113 hujus

2165 1130 2291 1186 vita:
2315 1137 2560 1197 tueatur,
2590 1140 2645 1187 et
2673 1135 2730 1188 in
2760 1135 2947 1188 futuro
2993 1135 3064 1188 ad
3107 1135 3314 1204 gaudia
3354 1134 3470 1186 vitae
3509 1132 3720 1188 ccelest-is

2167 1219 2411 1275 inducat.
2447 1221 2639 1290 Potest
2687 1223 2856 1276 etiam
2900 1224 3017 1276 haec
3060 1223 3182 1276 esse
3211 1237 3310 1274 vox
3351 1222 3640 1291 Synagoge
3666 1235 3722 1272 ex

2172 1323 2410 1377 persona
2436 1317 2754 1364 sanctorum
2791 1312 3041 1375 Patrum,
3059 1312 3357 1364 adventum
3382 1309 3577 1363 Christi
3603 1301 3723 1360 desié

2173 1397 2508 1452 derantium.
2543 1401 2622 1452 Ac
2649 1400 2697 1453 si
2716 1400 2927 1454 diceret
2952 1420 2961 1453 :
2991 1401 3115 1454 Scio
3152 1398 3376 1471 (inquit)
3404 1397 3553 1452 illum
3581 1396 3725 1466 spiri-

2173 1487 2313 1546 tuali
2359 1489 2656 1557 praesentia
2705 1489 2843 1542 mihi
2885 1504 3108 1560 semper
3151 1488 3366 1550 adesse,
3418 1491 3474 1539 et
3499 1485 3614 1538 ideo
3640 1499 3726 1553 ego

2174 1575 2376 1628 dilecto
2402 1593 2528 1629 meo
2550 1577 2702 1630 omni
2729 1577 3022 1631 devotione
3044 1572 3302 1630 famulari
3325 1574 3501 1645 cupio,
3520 1573 3607 1626 sed
3625 1573 3727 1625 ta‘n-

499 1641 878 1732 surrectionis,
913 1641 968 1717 et
986 1641 1253 1732 apostolis
1281 1665 1418 1718 meis
1441 1641 1766 1733 spiritualia
1783 1664 1929 1717 dona
1957 1641 2154 1717 con-B
2173 1663 2297 1717 dem
2335 1683 2356 1713 ι
2387 1665 2456 1716 ad
2487 1681 2576 1717 me
2601 1666 2885 1718 conversio
2913 1667 3091 1734 ejus,»
3114 1665 3245 1734 quia
3275 1641 3412 1733 opto'
3429 1668 3490 1716 ut
3505 1655 3724 1724 tandem,

501 1752 713 1810 cedam.
753 1769 780 1804 (ι
824 1753 892 1824 Et
930 1757 1097 1806 erunt
1133 1751 1308 1806 ubera
1337 1758 1436 1806 tua
1473 1753 1618 1806 sicut
1656 1753 1801 1807 botri
1833 1756 2023 1816 vineae.
2059 1775 2086 1806 »
2172 1751 2316 1806 sicut
2360 1752 2634 1822 promisit,
2682 1754 2739 1806 in
2774 1770 2898 1806 mea
2944 1741 3259 1807 substantia
3295 1752 3430 1805 mihi
3472 1754 3727 1820 appareat.

500 1841 622 1900 Hoc.
662 1840 919 1910 superius
942 1842 1062 1910 jam
1093 1841 1406 1910 expositum
1446 1847 1532 1910 est
1561 1860 1572 1893 :
1606 1858 1735 1896 nam
1769 1841 1942 1895 ubera
1986 1845 2086 1896 Ec-
2170 1841 2312 1894 Nam
2343 1841 2560 1894 dixerat
2602 1857 2772 1910 supra
2819 1857 3056 1911 sponsus
3103 1856 3116 1895 :
3160 1858 3186 1892 α
3217 1839 3524 1898 Ascendam
3557 1836 3609 1888 in
3634 1835 3731 1905 pal-

498 1929 677 1986 clesiae
705 1930 963 1985 doctores.
989 1935 1272 1997 sunt,cum
1300 1932 1558 2000 parvulos
1578 1931 1814 2000 simplici
1834 1932 2087 1986 doctrina
2171 1944 2321 1981 mam
2347 1947 2360 1994 ;
2391 1947 2416 1980 n
2454 1929 2510 1982 id
2537 1935 2639 1994 est,
2671 1931 3004 2000 promiserat
3031 1947 3091 1983 se
3113 1929 3168 1982 in
3185 1945 3352 1982 carne
3381 1927 3729 1984 venturum,et

499 2018 760 2072 nutriunt
785 2036 798 2082 ;
829 2019 926 2073 sed
976 2019 1118 2073 botri
1149 2020 1320 2073 vineae
1352 2019 1690 2081 efﬁciuntur,
1727 2036 1850 2072 cum
1883 2021 2091 2090 perfec-
2171 2034 2272 2086 pro
2292 2018 2537 2071 humano
2551 2035 2756 2087 genere
2777 2034 3092 2089 passurum,
3121 2024 3174 2071 et
3196 2018 3326 2070 inde
3345 2012 3727 2086 gratulabunda

500 2105 741 2165 tioribus.
781 2105 1045 2174 sublimia
1074 2123 1306 2176 quaeque
1335 2108 1690 2165 annuntiant.
1726 2109 1868 2161 Nam
1896 2109 2089 2163 beatus
2173 2105 2411 2170 dicebat,
2463 2126 2490 2156 α
2520 2107 2634 2175 Ego
2672 2108 2874 2172 dilecto
2905 2124 3049 2168 meo,
3080 2113 3136 2160 et
3164 2107 3234 2159 ad
3265 2122 3355 2159 me
3385 2107 3445 2159 ﬁt
3472 2098 3728 2158 conversio

502 2194 709 2260 Paulus
735 2209 848 2249 uno
870 2195 1178 2264 eodemque
1207 2202 1458 2266 tempore
1489 2196 1664 2250 ubera
1692 2203 1747 2250 et
1776 2196 1963 2249 botms
1989 2197 2090 2249 ha-
2175 2195 2324 2262 ejus;
2365 2214 2386 2244 »
2417 2194 2472 2247 id
2505 2201 2606 2257 est,
2643 2196 2806 2248 credo
2846 2195 3006 2249 illum
3037 2195 3319 2248 hominem
3353 2199 3649 2252 venturum,
3682 2192 3732 2240 et

500 2280 642 2343 huit.
673 2283 894 2351 quando
939 2283 1008 2336 de
1039 2283 1260 2338 Christo
1302 2285 1534 2355 loquens
1563 2285 1747 2338 dixit:
1788 2305 1806 2334 α
1840 2286 2091 2348 Quorum
2175 2281 2232 2336 in
2277 2299 2401 2336 mea
2445 2283 2762 2336 substantia
2807 2284 3091 2347 hominem
3142 2283 3354 2336 mundo
3397 2279 3728 2334 manifestan-

500 2374 708 2439 patres.
738 2375 793 2426 et
823 2387 889 2427 ex
918 2369 1120 2440 quibus
1150 2372 1424 2426 Christus.
1463 2391 1488 2424 ))
1522 2373 1661 2426 Ecce
1691 2372 1884 2434 ubera,
1912 2373 1969 2426 id
2009 2379 2095 2426 est
2175 2372 2329 2425 dum.

503 2457 738 2527 simplex
762 2458 831 2514 de
863 2459 1084 2513 Christo
1115 2461 1452 2528 praedicatio.
1505 2460 1616 2514 Sed
1664 2461 1780 2515 haec
1825 2461 1998 2515 ubera
2034 2461 2094 2514 in

503 2547 898 2605 suavissimum
929 2554 985 2603 et
1018 2549 1386 2604 fortissimum
1419 2549 1606 2603 vinum
1639 2567 1898 2603 conversa
1939 2557 2090 2616 sunt,

503 2651 631 2694 cum
668 2635 1108 2709 subjunxit:Qui
1135 2642 1219 2702 est
1250 2639 1397 2692 Deus
1427 2637 1752 2692 benedictus
1781 2639 1837 2691 in
1869 2640 2087 2692 saecula.

577 2743 603 2782 ς
646 2723 714 2778 Et
754 2725 892 2778 odor
925 2726 1038 2780 oris
1068 2726 1152 2781 tui
1195 2727 1339 2780 sicut
1367 2727 1663 2780 malorum.
1699 2727 1906 2780 Guttur
1932 2732 2093 2781 tuum

503 2811 646 2871 sicut
674 2812 861 2870 vinum
892 2815 1188 2884 optimum.
1237 2832 1264 2868 ι
1311 2815 1386 2868 Os
1425 2820 1482 2869 et
1527 2816 1664 2869 odor
1694 2815 1970 2877 Ecclesiae,
2011 2819 2096 2883 est

503 2917 748 2970 praesens
792 2903 912 2970 ejus
961 2903 1300 2972 praedicatio,
1336 2919 1459 2971 quae
1496 2903 1647 2958 fama
1678 2905 1761 2957 vel
1790 2905 1996 2973 scripto
2023 2905 2094 2958 ad

503 2988 764 3046 absentes
795 2991 914 3062 ejus
962 2992 1228 3059 pervenit.
1276 2992 1484 3047 Guttur
1536 3009 1664 3045 vero
1711 2997 1797 3045 est
1841 3009 1944 3046 vox
1974 2993 2096 3062 ipsa

2252 2479 2276 2510 ι
2309 2460 2470 2524 Veni,
2516 2460 2716 2514 dilecte
2764 2461 2859 2525 mi,
2897 2461 3253 2531 egrediantur
3279 2460 3338 2514 in
3367 2474 3575 2528 agrum,
3601 2471 3732 2508 com-

2178 2565 2461 2602 moremur
2513 2549 2568 2614 in
2614 2550 2776 2602 villis.
2817 2570 2838 2599 ι
2885 2551 3148 2619 Ejusdem
3196 2550 3504 2619 Synagogze
3529 2560 3619 2607 vox
3643 2548 3731 2604 est,

2183 2657 2203 2685 ε
2231 2637 2391 2699 Veni,
2415 2638 2614 2696 dilecte
2640 2639 2736 2702 mi,
2764 2656 2788 2688 ι
2823 2639 2878 2692 id
2915 2645 3017 2701 est,
3044 2655 3253 2708 appare
3286 2652 3386 2707 per
3415 2639 3736 2702 assumptum

2177 2725 2488 2781 hominem.
2524 2727 2657 2779 Tale
2686 2731 2771 2780 est
2800 2732 2856 2780 et
2883 2727 3017 2780 illud
3050 2725 3383 2786 Psalmistae,
3411 2745 3430 2774 ι
3459 2722 3633 2776 Excita
3653 2735 3738 2789 po-

2178 2815 2411 2868 tentiam
2442 2820 2594 2869 tuam
2619 2822 2676 2869 et
2704 2816 2858 2882 veni;
2886 2834 2910 2864 »
2946 2821 3002 2869 et
3023 2817 3200 2876 Isaiae,
3231 2833 3254 2865 «
3284 2814 3509 2872 Utinam
3550 2810 3740 2864 dirum-

2179 2920 2338 2972 peres
2367 2905 2553 2967 cmlos,
2585 2910 2640 2957 et
2659 2905 2894 2957 venires.
2922 2922 2948 2955 ν
2976 2924 2998 2955 ι
3035 2904 3406 2973 Egrediamur
3425 2902 3483 2956 in
3505 2911 3732 2968 agrum.»

2179 2993 2345 3060 Ager,
2380 2993 2621 3045 mundus
2667 2993 2773 3046 iste
2821 2998 2924 3045 est.
2979 3012 3001 3043 ι
3044 2989 3416 3060 Egrediamur
3440 2987 3649 3058 (inquit)
3688 2983 3740 3036 in

503 3077 905 3147 praedicatoris,
939 3095 1059 3147 quae
1090 3079 1146 3132 in
1177 3079 1439 3148 praesenti
1481 3079 1726 3133 auditur.
1777 3080 1928 3134 Odor
1963 3097 2094 3150 ergo
2180 3097 2435 3148 agrum,»
2455 3081 2508 3146 id
2527 3087 2629 3143 est,
2656 3081 3021 3150 praedicemus
3037 3081 3264 3134 mundo.
3286 3098 3310 3128 «
3343 3080 3741 3132 Commoremur.

505 3166 618 3218 oris
639 3165 899 3219 Ecclesiae
931 3168 1194 3221 odoribus
1233 3169 1508 3221 malorum
1553 3176 1931 3237 comparatur,
1966 3170 2098 3238 quia
2180 3169 2236 3222 in
2268 3169 2464 3230 villis,»
2492 3170 2594 3234 hoc
2615 3176 2714 3232 est,
2743 3168 2876 3239 ipsis
2899 3185 3120 3239 quoque
3153 3167 3388 3239 paganis
3426 3167 3584 3220 ﬁdem
3603 3169 3743 3216 tuam

505 3254 630 3322 ipsa
657 3254 807 3310 fama
829 3255 1237 3324 praedicationis
1266 3257 1431 3326 plena
1460 3261 1545 3310 est
1571 3257 1860 3310 suavitatis
1890 3262 1944 3310 et
1972 3275 2096 3326 gra-
2178 3257 2595 3310 annuntiemus.
2629 3258 2804 3310 Nemo
2839 3257 3020 3310 nescit
3057 3272 3304 3326 paganos
3349 3270 3385 3307 a
3413 3253 3538 3306 villa
3565 3250 3738 3310 dictos,

504 3341 616 3400 tiae.
647 3341 856 3400 Guttur
879 3359 1007 3398 vero
1038 3344 1164 3398 vino
1192 3344 1403 3414 optimo
1425 3345 1784 3410 assimilatur,
1815 3347 1945 3416 quia.
1977 3346 2098 3416 ipsa
2181 3347 2312 3416 quia
2332 3345 2485 3415 πάγος
2503 3347 2712 3410 Graece,
2745 3347 2874 3399 villa
2905 3346 3109 3399 dicitur
3136 3344 3360 3401 Latine.
3395 3341 3532 3396 Inde
3561 3336 3741 3411 pagani

504 3445 606 3499 vox
642 3430 1058 3499 praedicantium
1093 3447 1352 3501 magnam
1385 3433 1442 3486 in
1489 3450 1550 3486 se
1590 3433 1849 3487 virtutem
1883 3435 2098 3488 audito—
2180 3435 2332 3496 dicti,
2361 3435 2489 3504 quia
2519 3435 2682 3503 longe
2720 3440 2852 3498 sunt
2888 3451 2917 3487 a
2949 3434 3172 3486 civitate
3209 3433 3330 3486 Dei.
3368 3433 3556 3485 Potest
3581 3434 3633 3480 et
3655 3439 3744 3476 vox

505 3517 662 3577 ribus
690 3520 1035 3576 ostendebat.
1068 3521 1224 3584 Quod
1257 3538 1384 3574 vero
1423 3523 1697 3575 malorum
1742 3523 1880 3576 odor
1909 3523 1965 3575 in
2003 3540 2098 3576 no-
2182 3523 2435 3576 Ecclesiae
2466 3541 2606 3584 esse,
2646 3543 2669 3573 «
2711 3523 2870 3587 Veni,
2904 3523 3105 3578 dilecte
3137 3523 3230 3574 mi.
3278 3541 3298 3570 ι
3331 3523 3414 3574 Ac
3446 3520 3490 3572 si
3515 3519 3741 3571 diceret:

503 3607 677 3663 vitate
726 3616 828 3670 est,
873 3610 987 3663 vini
1019 3628 1145 3663 vero
1177 3612 1232 3663 in
1263 3616 1558 3668 vetustate.
1591 3611 1869 3679 signiﬁcat
1900 3611 2100 3679 prmdi-
2180 3611 2307 3663 Jam
2338 3611 2604 3680 mysterio
2635 3611 2976 3674 ascensionis
3007 3616 3359 3679 assumptum
3386 3607 3656 3661 hominem
3685 3600 3746 3653 ad

507 3695 782 3752 sationem
828 3698 1082 3752 Ecclesia:
1113 3705 1168 3752 et
1212 3699 1269 3752 in
1317 3699 1405 3752 sui
1449 3700 1710 3757 novitate,
1746 3704 1803 3752 et
1840 3699 2007 3752 etiam
2040 3699 2097 3752 in
2181 3701 2348 3752 caelos
2390 3699 2710 3759 sublevasti,
2747 3700 2843 3752 sed
2875 3699 3019 3764 veni,
3051 3699 3248 3752 divinae
3279 3695 3588 3766 majestatis
3622 3705 3746 3761 prae-

507 3783 595 3840 sui
623 3785 958 3858 perfectione
999 3801 1223 3845 onmem
1274 3787 1478 3841 habere
1525 3787 1856 3842 suavitatem
1888 3793 1944 3840 et
1964 3804 2098 3856 gra-
2180 3787 2358 3841 sentia
2381 3805 2469 3840 me
2491 3789 2690 3858 saepius
2710 3788 3041 3840 visitando.«
3060 3785 3500 3856 Egrediamu'rin
3514 3795 3743 3851 agrum.-

508 3871 665 3926 tiam.
691 3892 715 3924 (ι
741 3875 983 3947 Dignum
1013 3875 1212 3930 dilecto
1239 3893 1362 3929 meo
1384 3877 1453 3930 ad
1480 3876 1804 3946 potandum,
1826 3875 2098 3945 labiisque
2182 3877 2387 3930 Eodem
2418 3894 2584 3930 sensu
2611 3894 2721 3946 quo
2753 3884 2808 3930 et
2834 3876 3108 3946 superius,
3142 3873 3516 3927 Praedicemus
3543 3876 3646 3924 tua;
3670 3867 3748 3918 in-

509 3965 566 4017 et
594 3961 855 4019 dentibus
881 3964 1030 4018 illius
1061 3965 1480 4030 ruminandum.
1503 3983 1529 4017 υ
1564 3966 1679 4018 Vox
1707 3965 1962 4018 Ecclesiae
1991 3970 2092 4018 est.
2181 3965 2518 4019 carnationis
2564 3965 2730 4017 ﬁdem
2775 3964 3001 4029 mundo.
3049 3981 3075 4014 ι
3125 3963 3555 4015 Commoremur
3591 3957 3644 4010 in
3667 3952 3752 4006 Vil-

510 4050 649 4124 Quae
699 4053 933 4118 audiens
981 4070 1038 4105 se
1087 4053 1300 4107 laudari
1337 4070 1371 4106 a
1406 4070 1632 4122 sponso,
1685 4053 2100 4121 gratulabunda
2181 4054 2288 4118 lis;
2326 4074 2348 4104 »
2382 4053 2437 4105 id
2469 4059 2574 4118 est,
2600 4053 2769 4106 etiam
2813 4050 3199 4121 ignorantibus
3248 4057 3306 4102 te
3349 4047 3583 4118 paganis
3609 4051 3751 4098 tuam

509 4140 812 4207 respondet
844 4157 853 4190 :
886 4160 907 4192 ‹
944 4140 1185 4208 Dignum
1221 4140 1425 4193 dilecto
1457 4156 1582 4193 meo
1606 4139 1673 4193 ad
1709 4140 2032 4207 potandum.
2069 4158 2096 4191 »
2183 4143 2349 4196 ﬁdem
2379 4143 2796 4204 annuntiemus,
2843 4157 2944 4194 nec
2968 4141 3026 4205 in
3051 4139 3314 4198 transitu,
3344 4138 3444 4190 sed
3467 4144 3751 4193 commore-

510 4227 597 4282 Ac
625 4227 672 4282 si
698 4226 939 4298 diceret:
971 4227 1218 4296 Sponsus
1247 4243 1404 4281 meus
1433 4233 1630 4295 guttur
1650 4244 1835 4282 meum
1864 4227 1990 4280 vino
2007 4245 2125 4298 op—r
2182 4248 2308 4284 mur
2332 4230 2452 4295 tibi,
2480 4231 2654 4284 donec
2683 4231 2808 4283 illos
2849 4246 2913 4282 ex
2944 4228 3176 4298 paganis
3199 4227 3523 4288 catholicos,
3547 4239 3610 4276 ex
3635 4219 3754 4272 alie-

509 4313 647 4367 timo
677 4297 1034 4382 comparavit,
1069 4321 1124 4367 et
1148 4314 1283 4369 illud
1317 4315 1502 4368 vinum
1532 4315 1762 4383 dignum
1785 4321 1869 4368 est
1898 4316 1965 4368 ad
1998 4297 2098 4385 po-
2117 4297 2268 4370 Dnis
2288 4317 2386 4371 tibi
2417 4319 2670 4388 proprios
2699 4297 2985 4370 faciamus.

510 4401 744 4458 tandum
767 4402 886 4472 ipso
917 4402 1118 4460 dilecto
1161 4419 1305 4471 meo,
1336 4403 1440 4456 hoc
1469 4409 1556 4456 est
1579 4404 1902 4472 praedicatio
1933 4420 2100 4457 evan-

507 4489 704 4558 gelica,
739 4505 905 4560 quam
931 4489 989 4544 in
1019 4507 1114 4544 ore
1145 4507 1269 4544 meo
1298 4492 1499 4561 posuit.
1533 4509 1632 4562 per
1660 4491 1862 4560 ipsum.
1895 4497 1952 4546 et
1988 4509 2100 4548 non

510 4596 612 4649 per
639 4579 809 4633 alium
840 4579 1162 4636 annuutiari
1193 4580 1358 4634 debet
1387 4581 1441 4634 in
1471 4580 1698 4634 mundo.
1729 4581 1922 4649 Neque
1950 4582 2099 4634 enim

507 4685 608 4738 per
642 4668 814 4725 alium
847 4667 1078 4723 decebat
1094 4669 1359 4738 mysteria
1377 4669 1534 4738 regni
1557 4669 1796 4723 caelestis
1810 4669 2100 4738 praedicari

510 4758 566 4811 in
595 4758 824 4816 mundo.
859 4774 1026 4827 quam
1050 4774 1149 4827 per
1181 4758 1545 4813 mediatorem
1576 4757 1673 4811 Dei
1700 4763 1756 4811 et
1783 4758 2096 4812 hominum.

514 4863 540 4895 α
565 4846 633 4902 Et
648 4845 1043 4916 iabiis(inquit)
1075 4855 1130 4900 et
1150 4847 1413 4902 dentibus
1432 4847 1582 4901 illius
1611 4847 2033 4900 ruminandum.
2070 4866 2095 4899 ν

510 4933 686 4988 Labia
721 4941 778 4988 et
805 4935 1001 4990 dentes
1042 4935 1250 5004 sponsi,
1300 4941 1361 4990 ut
1398 4952 1569 5006 supra
1614 4935 1824 4990 dictum
1866 4941 1967 4993 est.
2003 4936 2096 4989 do-

509 5028 690 5075 ctores
721 5022 898 5075 sancti
943 5029 1090 5076 sunt.
1138 5023 1277 5089 Illud
1311 5041 1442 5093 ergo
1469 5025 1658 5078 vinum
1705 5025 1977 5094 optimum
2009 5041 2100 5077 ru-

508 5109 836 5164 minanduln
871 5118 955 5162 est
983 5110 1143 5164 labiis
1175 5117 1231 5164 et
1259 5112 1520 5166 dentibus
1550 5114 1758 5182 sponsi,
1795 5112 1926 5181 quia
1956 5129 2098 5181 prae-

508 5197 714 5255 dicatio
754 5198 1071 5267 evangelica
1109 5216 1143 5251 a
1191 5199 1508 5255 doctoribus
1539 5201 1834 5255 tractanda
1861 5207 1914 5254 et
1937 5217 2100 5269 expo-

507 5291 693 5344 nenda
740 5297 842 5344 est.
897 5291 1010 5344 Nec
1060 5291 1365 5345 absurdum
1410 5300 1512 5352 est,
1565 5294 1710 5363 quod
1749 5311 1874 5346 cum
1909 5293 2096 5345 vinum

507 5385 750 5450 potetur,
781 5385 837 5434 et
874 5397 984 5433 non
1012 5381 1344 5444 ruminetur,
1373 5383 1464 5435 hic
1492 5391 1677 5436 tamen
1707 5383 1910 5436 dicitur
1937 5381 2099 5446 labiis

509 5475 566 5522 et
610 5468 872 5523 dentibus
916 5469 1335 5537 ruminandum,
1383 5471 1531 5540 quod
1579 5471 1759 5541 magis
1800 5471 1871 5525 ad
1912 5471 2100 5525 cibum

2257 4425 2283 4458 α
2311 4406 2477 4459 Mane
2498 4423 2795 4476 surgamus
2823 4406 2890 4459 ad
2923 4405 3128 4458 vineas.
3159 4423 3180 4453 ι
3219 4404 3383 4456 Mane
3414 4406 3638 4456 exortus
3680 4397 3755 4447 est

2182 4513 2335 4549 novae
2355 4496 2568 4565 gratiae,
2604 4495 2826 4564 quando
2860 4493 3140 4557 videlicet,
3171 4490 3596 4545 transeuntibus
3618 4492 3754 4538 tene-

2182 4583 3040 4651 brisinﬁdelitatis,Evangelium
3072 4581 3281 4635 mundo
3311 4581 3478 4650 coepit
3502 4574 3753 4648 praedica-

2183 4673 2250 4724 ri.
2287 4693 2308 4723 ι
2328 4673 2628 4725 Videamus
2639 4673 2685 4724 si
2700 4672 2887 4725 ﬂoruit
2906 4671 3081 4724 vinea.
3099 4688 3118 4718 ο
3147 4670 3263 4722 Hoc
3284 4681 3388 4733 est,
3410 4665 3754 4736 inspiciamus

2184 4759 2506 4815 Ecclesium.
2549 4760 2596 4812 si
2621 4761 2739 4828 jam
2772 4758 2954 4829 prima
2983 4759 3112 4811 ﬁdei
3139 4757 3466 4810 rudimenta
3506 4749 3752 4820 suscepit.

2188 4868 2210 4899 ι
2235 4849 2292 4901 Si
2324 4849 2486 4901 ﬂores
2513 4849 2724 4901 fructus
2764 4847 3101 4917 parturiunt.
3143 4866 3162 4896 ι
3199 4845 3570 4915 Inspiciamus
3601 4840 3756 4894 etiam

2184 4936 2230 4988 si
2260 4938 2423 4989 tiores
2446 4935 3044 5006 parturiunt’fructum,
3071 4934 3125 4986 id
3149 4939 3250 4994 est,
3278 4933 3325 4986 si
3345 4933 3422 4985 illi
3448 4931 3544 5002 qui
3569 4931 3680 4999 jam
3707 4925 3758 4976 in

2182 5024 2468 5078 Christum
2497 5024 2875 5086 crediderunt,
2905 5024 3090 5077 idonei
3122 5030 3250 5076 sunt
3283 5022 3351 5075 ad
3378 5022 3517 5074 bene
3543 5030 3760 5088 operan-

2180 5113 2484 5167 dum.Nam
2511 5114 2672 5166 ﬂores
2698 5113 2902 5178 emittit
2929 5113 3188 5172 Ecclesia.
3222 5127 3347 5164 cum
3369 5111 3608 5180 primum
3640 5103 3760 5157 ﬁde-

2181 5204 2263 5255 les
2288 5203 2355 5255 ad
2381 5204 2544 5255 ﬁdem
2564 5203 2811 5255 veniunt.
2835 5202 3023 5254 Flores
3043 5217 3172 5254 vero
3193 5201 3406 5253 fructus
3428 5194 3754 5268 parturiunt,

2182 5308 2306 5344 cum
2325 5293 2440 5360 jam
2467 5291 2586 5360 ipsa
2608 5291 2714 5358 ﬁde
2735 5297 2792 5343 et
2811 5290 3107 5343 dilectione
3127 5288 3263 5342 bene
3278 5293 3562 5358 operatur,
3589 5299 3656 5336 ne
3681 5280 3758 5348 ip-

2183 5397 2243 5432 sa
2269 5380 2405 5432 ﬁdes
2436 5387 2615 5432 otiosa
2644 5379 2732 5442 sit,
2772 5379 2854 5431 vel
2879 5385 3095 5430 mortua
3126 5378 3244 5431 sine
3275 5375 3569 5446 Operibus;
3615 5382 3755 5427 nam.

2181 5474 2244 5522 ut
2271 5467 2515 5522 Jacobus
2543 5467 2697 5534 dicit,
2722 5485 2744 5518 (
2773 5467 2910 5520 ﬁdes
2930 5467 3051 5520 sine
3077 5466 3338 5536 operibus
3369 5466 3592 5518 mortua
3619 5461 3712 5511 est.
3733 5472 3754 5504 ι
