3970 6150
475 235 577 294 351

932 243 1314 300 HAYMONIS
1340 245 1830 302 HALBERSTAT.
1858 249 2079 305 EPISC.
2115 251 2273 308 OPP.
2314 255 2499 310 PARS
2522 256 2567 310 Ι.
2600 286 2665 297 -
2699 254 3071 313 COMMENT.
3102 257 3281 313 BIBL.

3603 263 3689 322 352

471 362 831 455 praedicabat.
862 367 937 420 At
963 372 1262 439 postquam
1284 370 1313 423 ,Ι
1318 386 1447 423 esus
1467 371 1746 441 apparuit,
1776 378 1834 426 et
1860 373 2060 428 adven-
2077 379 2128 437 Α
2147 379 2410 432 corticem
2431 380 2725 451 sanguinei
2753 381 2972 446 coloris,
3003 386 3060 435 et
3085 382 3211 436 ideo
3228 384 3315 452 (ut
3338 400 3486 455 saepte
3510 386 3693 441 dictum

474 455 567 504 tus
582 451 670 505 sui
688 454 875 521 gratia
898 456 1173 510 mundum
1195 458 1469 519 lustravit,
1485 461 1605 528 jam
1630 477 1797 514 nemo
1817 462 2069 533 despexit

473 554 616 603 eam,
650 541 900 610 quinimo
927 544 1194 598 terribilis
1220 552 1283 599 ut
1311 552 1622 600 castrorum
1644 549 1793 601 acies
1816 549 2066 605 hostibus

473 627 591 681 suis
628 628 753 693 fuit,
796 631 929 700 quia
964 650 1065 702 per
1100 634 1427 688 universum
1468 636 1738 690 mundum
1779 638 2064 693 Christum

474 716 812 787 praedicavit,
846 725 903 772 et
942 722 1288 776 mundanum
1322 723 1618 795 imperium
1650 724 1757 779 sibi
1787 726 2060 786 subdidit.

473 805 593 858 Nec
620 806 827 859 mirum
858 808 1030 862 videri
1070 810 1236 864 debet
1280 810 1341 864 si.
1368 829 1516 867 nunc
1547 814 1848 869 Ecclesiam
1887 817 2067 888 Syna-

473 909 678 964 gogam
710 895 963 951 dicimus.
1000 899 1123 953 Una
1159 906 1247 954 est
1289 902 1439 955 enim
1485 904 1728 958 Ecclesia
1769 905 1829 958 in
1858 922 2068 976 praece-

474 982 735 1038 dentibus
755 993 813 1039 et
834 986 892 1040 in
919 989 1281 1058 sequentibus
1306 991 1586 1047 Patribus.

549 1090 576 1123 ιι
605 1074 1035 1143 Apprehendam
1057 1083 1131 1142 te,
1156 1084 1213 1132 et
1231 1080 1430 1133 ducam
1456 1087 1509 1134 te
1538 1081 1598 1134 in
1619 1082 1849 1136 domum
1870 1085 2068 1138 matris

472 1174 631 1212 meae.
667 1178 695 1213 ιδ
727 1161 772 1216 Ο
802 1162 1019 1227 dilecte,
1056 1182 1155 1235 per
1193 1167 1360 1220 ﬁdem
1389 1173 1445 1221 et
1471 1169 1802 1223 charitatem
1844 1171 1944 1225 tibi
1973 1173 2067 1226 ad-

475 1246 759 1315 haerendo,
803 1252 1003 1306 ducam
1032 1260 1088 1307 te
1114 1255 1172 1307 in
1201 1256 1429 1310 domum
1461 1258 1659 1311 matris
1696 1276 1850 1313 meae.
1887 1260 2070 1315 Mater

474 1336 753 1403 Ecclesiae,
790 1340 892 1392 hoc
924 1340 1043 1395 loco
1071 1344 1311 1397 caelestis
1341 1346 1683 1400 Hierusalem
1714 1348 2063 1418 intelligitur,

474 1423 546 1477 de
588 1441 701 1494 qua
745 1427 953 1482 Paulus
998 1430 1135 1484 dicit
1167 1450 1178 1483 :
1213 1431 1318 1486 Illa
1347 1439 1536 1488 autem
1583 1452 1705 1504 quae
1733 1453 1955 1490 sursum
1985 1442 2071 1491 est

476 1510 831 1569 Hierusalem
841 1558 855 1584 ,
869 1517 1047 1572 libera
1058 1526 1158 1582 est,
1177 1538 1299 1591 quae
1309 1529 1394 1575 est
1410 1530 1590 1577 mater
1600 1530 1807 1578 nostra.
1817 1542 1842 1575 α
1862 1526 2069 1579 Ducam

472 1603 532 1653 te
551 1600 770 1672 (inquit)
787 1605 844 1657 in
868 1606 1096 1661 domum
1123 1611 1317 1664 matris
1334 1628 1491 1677 meae,
1515 1631 1537 1662 ι
1563 1612 1617 1665 id
1636 1620 1739 1679 est,
1764 1631 2070 1685 prosequar

2150 467 2257 535 est)
2277 469 2513 536 ﬁguram
2535 475 2690 523 tenet
2709 470 3010 524 Dominicae
3032 471 3320 541 passionis.
3348 474 3546 528 Mustus
3566 476 3696 530 enim

2149 557 2422 610 malorum
2451 565 2816 627 granatorum
2851 565 2936 612 est
2963 559 3190 612 dilectio
3224 566 3527 615 sanctorum
3570 580 3698 617 mar-

2147 649 2357 714 tyrum,
2395 646 2490 715 qui
2518 645 2801 699 intantum
2832 647 3011 700 Deum
3040 647 3369 711 dilexerunt,
3401 656 3460 702 ut
3489 667 3576 719 pro
3620 651 3699 705 illo

2151 734 2294 786 mori
2324 750 2434 787 non
2464 734 2805 788 dubitarent.
2835 735 2903 788 Et
2930 734 3071 789 bene
3101 742 3344 789 mustum
3375 737 3581 799 dicitur,
3607 756 3701 793 non

2150 821 2302 875 aliud
2348 823 2636 892 quodlibet
2680 824 2958 893 poculum.
3002 824 3133 893 quia
3171 830 3413 878 mustum
3452 825 3705 879 ferventis-

2149 910 2354 964 simum
2385 917 2491 979 est,
2522 911 2602 965 ita
2630 917 2693 965 ut
2724 913 2782 965 in
2812 912 2985 965 nimio
3026 911 3241 966 fervore
3269 929 3481 967 omnem
3510 915 3703 969 sordem

2150 1016 2214 1052 ex
2244 1017 2303 1053 se
2336 1006 2609 1071 excoquat
2636 1006 2693 1055 et
2742 1006 2959 1071 purget.
2995 1000 3161 1055 Dabit
3202 1019 3332 1071 ergo
3370 1002 3599 1056 Ecclesia
3630 1003 3705 1055 di-

2150 1089 2291 1141 lecto
2324 1096 2572 1143 mustum
2599 1097 2966 1160 granatorum
2996 1106 3247 1156 suorum,
3277 1090 3331 1143 id
3353 1096 3452 1154 est,
3479 1091 3708 1144 ostendet

2150 1178 2207 1230 in
2235 1178 2586 1248 passionibus
2623 1184 2944 1233 sanctorum
2982 1183 3294 1248 martyrum
3320 1184 3522 1249 quanta
3548 1179 3708 1233 chari-

2149 1271 2266 1319 tate
2292 1267 2550 1321 Christus
2582 1267 2870 1337 diligatur.

2225 1374 2249 1405 «
2283 1356 2444 1409 Laeva
2491 1357 2613 1425 ejus
2658 1357 2761 1409 sub
2804 1356 2988 1427 capite
3036 1372 3181 1419 meo,
3215 1361 3275 1409 et
3320 1356 3539 1409 dextera
3579 1355 3709 1409 illius

2151 1444 2563 1514 amplexabitur
2607 1462 2716 1498 me.
2771 1464 2794 1495 ι
2848 1444 2958 1498 Per
3006 1445 3200 1498 laevam
3246 1447 3331 1514 (ut
3368 1443 3554 1498 beatus
3588 1444 3709 1497 Gre-

2148 1534 2342 1603 gorius
2382 1533 2535 1599 dicit)
2577 1533 2767 1587 omnia
2802 1550 3073 1604 prospera
3109 1533 3553 1604 praesentis'vitae
3587 1532 3710 1584 acci-

2151 1623 2420 1693 piuntur;
2464 1640 2563 1693 per
2599 1624 2885 1677 dexteram
2924 1641 3056 1678 vero
3099 1624 3288 1678 futura
3328 1623 3488 1677 beata
3514 1622 3621 1675 vita
3663 1620 3713 1673 in

473 1692 532 1743 te
559 1700 930 1747 revertentem
960 1696 1016 1749 in
1047 1698 1268 1764 coelum,
1293 1706 1418 1769 post
1448 1707 1635 1755 actum
1667 1702 2128 1787 incarnationisB
2150 1692 2302 1766 caelis
2353 1692 2640 1782 accipitur.
2691 1712 2912 1766 Laevum
2962 1729 3094 1781 ergo
3133 1712 3323 1782 sponsi
3363 1710 3593 1765 Ecclesia
3624 1706 3713 1761 sub

473 1781 587 1831 tua!
616 1784 674 1832 et
702 1782 973 1849 passionis
1012 1788 1364 1856 mysterium.
1401 1790 1609 1847 Ducam
1650 1797 1838 1845 autem
1869 1798 1946 1856 te,
1978 1794 2066 1847 in-

473 1867 619 1936 quit,
651 1885 750 1938 pro
784 1886 849 1924 eo
880 1874 1027 1942 quod
1059 1882 1161 1937 est,
1193 1877 1463 1931 deducam
1497 1884 1552 1932 et
1576 1897 1900 1951 prosequar,
1934 1883 2069 1952 quia

472 1957 863 2039 ascendentem
914 1961 1214 2017 Dominum
1271 1966 1328 2018 in
1380 1967 1546 2020 ccelos
1601 1970 1837 2039 apostoli
1891 1971 2067 2024 oculis

470 2044 841 2111 deduxerunt,
877 2056 933 2104 et
971 2068 1260 2123 quousque
1299 2072 1426 2109 eum
1466 2056 1642 2111 nubes
1679 2059 1940 2128 suscepit,
1974 2060 2065 2129 pio

472 2140 699 2204 aspectu
755 2141 1034 2207 prosecuti
1082 2149 1232 2208 sunt,
1274 2144 1450 2198 donec
1504 2146 1687 2215 angeli
1744 2147 2067 2201 assistentes

470 2221 734 2279 dixerunt
767 2244 780 2278 :
816 2246 841 2277 «
873 2228 991 2281 Viri
1023 2230 1252 2296 Galilaei,
1291 2234 1422 2302 quid
1452 2235 1615 2287 statis
1648 2235 1980 2305 aspicientes
2010 2237 2068 2290 in

471 2313 719 2367 caelum?
758 2315 862 2369 Hic
890 2318 1051 2371 Jesus
1090 2320 1186 2390 qui
1228 2329 1549 2392 assumptus
1590 2329 1677 2377 est
1719 2340 1754 2376 a
1798 2324 1954 2377 vobis
2007 2325 2066 2379 in

470 2402 694 2465 caelum,
717 2404 797 2458 sic
818 2407 1002 2461 veniet
1031 2410 1501 2478 quemadmodum
1532 2412 1748 2465 vidistis
1768 2428 1895 2467 eum
1926 2429 2067 2467 eun-

466 2494 582 2544 tem
607 2490 663 2544 in
692 2494 913 2549 caelum.
955 2516 977 2546 ι
1007 2516 1029 2547 ι
1060 2496 1145 2550 Ibi
1175 2515 1264 2552 me
1303 2500 1545 2555 docebis.
1597 2518 1621 2553 ι
1656 2502 1773 2555 Hoc
1803 2500 1872 2555 ad
1902 2519 2067 2572 supe-

470 2580 623 2633 riora
651 2584 911 2651 refertur,
952 2584 1045 2638 ubi
1089 2587 1294 2641 dicitur
1324 2607 1335 2641 :
1380 2609 1400 2639 ι
1435 2590 1721 2643 Inveniam
1758 2596 1815 2643 te
1842 2591 1999 2644 foris.
2037 2611 2060 2641 ι

472 2668 613 2723 Cum
650 2671 867 2741 (inquit)
904 2679 962 2727 te
1000 2674 1132 2729 foris
1162 2678 1443 2731 invenero.
1483 2678 1588 2731 hoc
1615 2685 1720 2739 est,
1759 2695 1883 2732 cum
1914 2686 1969 2733 te
2005 2679 2064 2733 in

471 2766 762 2831 assumpta
816 2777 983 2816 carne
1030 2780 1314 2835 aspexero,
1374 2764 1452 2819 ibi
1499 2766 1720 2820 docebis
1766 2784 1872 2828 me,
1933 2768 2063 2837 quia

471 2846 543 2900 ad
590 2849 781 2903 omnia
822 2868 945 2921 quae
995 2852 1345 2924 interrogare
1392 2855 1635 2922 voluero,
1679 2855 2061 2927 respondebis.

470 2935 616 2990 Nam
638 2955 785 3008 saepe
812 2940 982 2994 etiam
1005 2943 1256 2997 volentes
1282 2944 1628 3015 interrogare
1657 2946 1939 3015 apostolos
1961 2947 2066 2999 Do-

2148 1802 2329 1871 capite
2359 1801 2528 1854 habet
2550 1808 2606 1855 et
2634 1802 2862 1855 dextera
2890 1802 3013 1870 ejus
3032 1801 3188 1854 illam
3217 1800 3578 1869 amplexatur,
3600 1796 3715 1867 quia

2150 1906 2494 1960 quaecunque
2522 1906 2791 1961 prospera
2820 1889 3110 1960 praesentis
3139 1888 3329 1943 saeculi
3360 1887 3714 1953 blandiuntur,

2149 1994 2249 2048 pro
2295 1977 2468 2031 nihilo
2497 1978 2747 2048 deputat,
2780 1983 2981 2031 cuncta
3018 1994 3139 2046 quae
3176 1975 3557 2047 temporaliter
3591 1973 3715 2026 arri-

2148 2066 2283 2119 dent
2312 2066 2585 2136 despicit;
2630 2071 2685 2119 et
2715 2066 2848 2119 dum
2894 2066 2963 2118 ad
3006 2065 3181 2119 solam
3212 2081 3467 2136 supernae
3501 2061 3718 2117 beatitu-

2150 2155 2295 2208 dinis
2324 2156 2590 2208 visionem
2618 2154 2821 2220 tendit,
2866 2154 3023 2207 illam
3051 2153 3402 2207 solummodo
3438 2149 3716 2222 amplexari

2150 2244 2450 2297 desiderat.

2225 2350 2249 2382 «
2282 2332 2496 2400 Adjuro
2522 2347 2638 2395 vos,
2664 2331 2791 2385 filiae
2819 2330 3193 2395 Hierusalem,
3221 2346 3294 2384 ne
3323 2329 3611 2392 suscitatis,
3639 2342 3721 2381 ne-

2150 2437 2257 2491 que
2283 2420 2548 2490 evigilare
2587 2419 2803 2473 faciatis
2846 2419 3105 2473 dilectam
3139 2419 3317 2472 donec
3358 2418 3480 2488 ipsa
3518 2416 3655 2470 velit.
3696 2433 3715 2464 ι

2148 2508 2335 2563 Habet
2359 2509 2605 2562 Ecclesia
2633 2508 2903 2578 quosdam
2930 2509 2990 2561 in
3020 2524 3080 2561 se
3106 2509 3199 2578 qui
3228 2506 3507 2578 baptismo
3534 2503 3720 2559 Christi

2147 2606 2280 2651 sunt
2308 2598 2507 2661 renati,
2541 2603 2595 2651 et
2626 2597 2853 2651 nomine
2883 2597 3329 2650 Christianitatis
3360 2594 3583 2656 titulati,
3614 2608 3719 2646 mo-

2146 2686 2299 2741 ribus
2345 2692 2534 2740 tamen
2583 2692 2642 2740 et
2685 2686 3105 2739 conversatione
3143 2685 3349 2739 saeculo
3379 2684 3634 2747 serviunt,
3674 2685 3724 2735 et

2148 2775 2450 2829 Ecclesiam
2507 2774 2838 2829 suavissima
2891 2774 3132 2845 sopitam
3168 2774 3360 2844 quiete
3401 2772 3719 2843 inquietare,

2148 2869 2317 2933 atque
2350 2863 2420 2916 ad
2470 2862 2830 2934 perferendos
2869 2862 3146 2916 tumultus
3193 2862 3437 2915 excitare
3467 2861 3719 2915 nituntur.

2148 2953 2219 3007 Hi
2250 2969 2382 3023 ergo
2412 2957 2640 3023 propter
2665 2951 2906 3019 gratiam
2934 2950 3329 3021 mysteriorum
3365 2949 3586 3014 Christi,
3616 2962 3721 3017 quae

467 3025 656 3080 minus
678 3029 1068 3098 praeveniebat,
1093 3048 1299 3101 eosque
1326 3032 1660 3087 instruebat.
1687 3034 1880 3087 Potest
1907 3041 1963 3088 et
1991 3035 2059 3088 ad
2082 3041 2123 3097 C
2145 3046 2532 3113 perceperunt,
2567 3040 2694 3094 filiae
2746 3040 3093 3093 Hierusalem
3142 3039 3500 3110 appellantur
3538 3038 3593 3091 in
3633 3036 3724 3089 hoc

468 3114 618 3169 hunc
636 3117 819 3171 locum
836 3119 1020 3190 jungi,
1043 3121 1139 3174 ubi
1168 3122 1304 3175 dicit
1332 3140 1343 3175 :
1377 3145 1393 3169 ι
1429 3123 1640 3176 Ducam
1664 3129 1720 3177 te
1750 3123 1807 3176 in
1830 3124 2062 3178 domum

468 3205 667 3259 matris
707 3223 864 3271 meae,
911 3207 988 3261 ibi
1027 3226 1115 3262 me
1163 3208 1404 3263 docebis.
1437 3231 1458 3261 ι
1494 3212 1634 3264 Cum
1664 3212 1898 3282 (inquit)
1925 3214 2062 3266 caelo

464 3299 721 3364 receptus
751 3295 943 3357 fueris,
976 3302 1033 3350 et
1064 3314 1153 3351 me
1185 3315 1407 3368 quoque
1436 3299 1494 3352 in
1523 3300 1724 3353 coelum
1755 3306 1941 3353 tecum
1969 3318 2063 3355 as-

466 3384 794 3453 sumpseris,
828 3384 906 3438 ibi
942 3402 1032 3439 me
1062 3386 1303 3451 docebis,
1338 3393 1394 3439 et
1420 3388 1479 3440 in
1516 3404 1737 3441 omnem
1768 3389 2063 3444 veritatem

459 3468 711 3537 induces,
746 3474 895 3543 quod
940 3473 1280 3544 impossibile
1324 3481 1410 3528 est
1444 3475 1661 3529 homini
1690 3476 1748 3529 in
1806 3478 2061 3545 praesenti

464 3558 583 3612 vita
625 3577 787 3630 posse
835 3563 1133 3632 consequi;
1172 3564 1301 3615 hinc
1341 3570 1427 3618 est
1468 3565 1612 3633 quod
1664 3565 1933 3619 Dominus
1970 3583 2061 3619 re-

464 3652 743 3721 promittit
769 3654 1053 3722 apostolis,
1089 3654 1313 3707 dicens:
1348 3675 1370 3705 ι
1407 3655 1574 3708 Venit
1602 3656 1758 3717 hora,
1788 3672 1913 3709 cum
1939 3657 2057 3725 jam

465 3754 579 3817 npn
607 3740 667 3792 in
694 3741 1001 3810 proverbiis
1030 3742 1230 3811 loquar
1256 3743 1427 3807 vobis,
1456 3744 1548 3797 sed
1583 3745 1768 3814 palam
1798 3745 1867 3797 de
1890 3744 2060 3798 Patre

465 3828 811 3882 annuntiabo
841 3829 1014 3886 vobis.
1048 3850 1074 3882 ))
1100 3831 1244 3897 Ergo
1276 3831 1352 3885 ibi
1383 3849 1470 3886 me
1500 3833 1742 3899 docebis,
1782 3834 1837 3886 id
1868 3840 1974 3895 est,
2001 3839 2059 3887 te

466 3921 526 3970 et
569 3917 793 3970 Patrem
843 3918 979 3972 mihi
1022 3927 1217 3991 aperta
1248 3921 1456 3975 visione
1496 3922 1787 3988 revelabis,
1818 3923 1923 3975 hoc
1952 3930 2056 3989 est,

462 4005 810 4061 divinitatem
866 4014 1023 4064 tuam
1068 4010 1208 4064 mihi
1253 4010 1392 4064 facie
1430 4011 1501 4064 ad
1541 4011 1743 4065 faciem
1773 4011 2053 4064 ostendes.

470 4113 495 4145 ι
537 4094 607 4148 Et
643 4095 786 4149 dabo
823 4097 924 4151 tibi
965 4099 1225 4168 poculum
1256 4115 1322 4152 ex
1345 4099 1472 4152 vino
1499 4099 1740 4152 condito.
1774 4118 1802 4151 ao
1833 4099 1940 4151 Per
1975 4098 2061 4151 vi-

464 4199 602 4236 num
650 4184 833 4237 fervor
882 4186 1172 4239 charitatis
1218 4193 1276 4239 et
1332 4187 1645 4240 dilectionis
1702 4186 2056 4256 intelligitur.

464 4270 622 4324 Dabo
653 4271 872 4341 (inquit)
904 4272 1006 4326 tibi
1036 4273 1245 4333 vinum,
1284 4275 1388 4327 hoc
1416 4280 1521 4337 est,
1566 4274 1858 4328 ostendam
1891 4291 2059 4343 quam

2144 3129 2287 3197 loco,
2326 3147 2453 3183 cum
2499 3136 2690 3184 tamen
2733 3128 2982 3182 moribus
3010 3129 3293 3181 contraria
3321 3132 3512 3197 agant.
3549 3125 3613 3178 Et
3636 3123 3724 3177 ad-

2139 3217 2296 3286 jurat
2342 3230 2437 3268 eos
2465 3230 2703 3284 sponsus
2735 3229 2805 3266 ne
2834 3213 3105 3266 suscitent
3136 3212 3218 3265 vel
3248 3211 3513 3282 evigilare
3541 3208 3726 3263 faciant

2146 3302 2429 3366 dilectam,
2470 3302 2575 3354 hoc
2621 3306 2723 3362 est,
2772 3316 2842 3353 ne
2887 3299 3040 3352 illam
3091 3298 3149 3351 in
3179 3314 3380 3353 somno
3412 3296 3725 3353 dulcissimae

2148 3391 2351 3462 quietis
2402 3389 2664 3461 positam,
2722 3389 2829 3441 hoc
2882 3393 2986 3452 est,
3027 3388 3087 3441 in
3139 3388 3605 3458 contemplatione
3648 3383 3726 3438 sui

2146 3479 2465 3533 Conditoris
2512 3494 2615 3531 sua
2642 3476 3031 3547 inquietudine
3058 3476 3316 3541 excitent,
3354 3483 3411 3531 et
3439 3476 3507 3529 ad
3538 3473 3727 3528 sollici-

2142 3567 2367 3621 tudines
2396 3573 2453 3619 et
2481 3582 2644 3619 curas
2674 3565 2859 3619 saeculi
2890 3565 3154 3633 evigilare
3184 3565 3540 3635 compellant.
3573 3581 3596 3613 ι
3628 3562 3726 3615 Do-

2143 3672 2246 3709 nec
2298 3655 2417 3725 ipsa
2454 3654 2630 3720 velit;
2677 3675 2703 3702 ιι
2744 3654 2850 3706 hoc
2901 3659 3003 3717 est,
3065 3652 3242 3706 donec
3289 3658 3517 3722 peracto
3563 3648 3727 3704 ofﬁcio

2142 3744 2342 3797 debitae
2396 3742 2710 3808 servitutis,
2770 3757 2881 3811 qua
2940 3741 2996 3794 in
3064 3741 3323 3811 psalmis,
3380 3739 3626 3812 hymnis,
3677 3739 3728 3789 et

2143 3832 2400 3886 cantibus
2446 3830 2833 3902 spiritualibus
2867 3830 2977 3883 Deo
3019 3829 3343 3890 famulatur,
3376 3830 3730 3883 admoneatur

2143 3921 2349 3975 iterum
2380 3936 2515 3975 cura
2541 3935 2819 3990 corporeae
2861 3917 3184 3987 fragilitatis
3230 3917 3302 3970 ad
3343 3934 3511 3972 usum
3558 3913 3727 3969 saeculi

2142 4010 2327 4064 redire

2219 4118 2242 4149 α
2274 4098 2408 4162 Quae
2446 4102 2533 4151 est
2576 4097 2684 4151 ista
2713 4113 2836 4167 qua:
2866 4094 3119 4149 ascendit
3149 4095 3218 4149 de
3255 4095 3501 4159 deserto,
3535 4091 3731 4147 deliciis

2142 4187 2603 4252 afﬂuens,innixa
2631 4202 2800 4255 super
2823 4186 3088 4239 dilectum
3119 4184 3343 4238 meum?
3370 4204 3394 4235 ι
3421 4184 3538 4237 Vox
3567 4184 3733 4253 Syna-

2142 4293 2318 4346 gogae,
2350 4274 2683 4329 admirantis
2714 4273 3018 4328 Ecclesiam
3047 4274 3117 4329 de
3150 4274 3416 4343 gentibus
3445 4285 3735 4342 congregao

461 4359 875 4413 ferventissima
920 4361 1191 4414 charitate
1244 4367 1301 4415 te
1338 4362 1588 4431 diligam.
1624 4363 1691 4416 Et
1736 4363 1840 4416 hoc
1867 4349 2277 4418 vinutham.
2333 4364 2466 4427 Qua:
2523 4369 2628 4421 est.
2676 4363 2882 4433 inquit,
2931 4363 2988 4415 id
3037 4368 3124 4415 est
3173 4362 3356 4432 qualis
3405 4367 3511 4423 est,
3553 4356 3736 4431 quanti

465 4463 581 4501 non
610 4447 843 4518 simplex
864 4449 989 4513 erit,
1017 4450 1113 4502 sed
1140 4451 1445 4513 conditum,
1471 4450 1627 4505 bonis
1649 4451 1903 4505 videlicet
1925 4468 2059 4522 ope-

461 4536 620 4591 ribus
650 4544 707 4590 et
746 4538 1064 4592 virtutibus.
1111 4539 1255 4592 Nam
1303 4556 1462 4593 amor
1508 4540 1627 4601 Dei,
1672 4541 1818 4593 sicut
1861 4540 2059 4595 beatus

463 4625 767 4696 Gregorius
795 4627 951 4691 dicit,
984 4644 1272 4699 nunquam
1296 4635 1380 4682 est
1402 4628 1633 4694 otiosus,
1659 4634 1927 4700 operatur
1946 4647 2061 4683 ma-

462 4732 576 4785 gna
606 4714 654 4769 si
692 4723 795 4770 est.
828 4716 888 4771 Si
931 4717 1082 4772 enim
1128 4718 1348 4788 operari
1384 4718 1593 4782 renuit,
1625 4735 1785 4771 amor
1811 4735 1924 4772 non
1955 4730 2055 4773 est.

462 4804 672 4858 Vinum
712 4806 862 4858 enim
890 4807 1174 4860 conditum
1200 4812 1285 4860 est
1314 4805 1537 4859 dilectio
1567 4822 1693 4860 cum
1715 4808 2059 4875 operatione.

463 4892 624 4946 Unde
647 4899 705 4946 et
724 4893 997 4949 Dominus
1026 4894 1083 4947 in
1108 4895 1439 4965 Evangelia:
1468 4913 1493 4947 ι
1520 4895 1577 4949 Si
1600 4895 1723 4965 quis
1742 4895 1925 4965 diligit
1946 4913 2055 4961 me,

462 4997 779 5035 sermonem
835 4999 1027 5036 meum
1079 4984 1341 5037 servabit.
1380 5004 1402 5033 ι
1439 4984 1701 5038 Probatio
1750 4984 2061 5039 dilectionis

464 5069 729 5123 exhibitio
760 5076 846 5123 est
872 5072 1075 5141 operis.
1108 5089 1133 5121 α
1167 5073 1235 5125 Et
1262 5078 1507 5126 mustum
1542 5074 1815 5126 malorum
1852 5090 2059 5143 grana-

460 5162 649 5211 torum
692 5175 961 5212 meorum.
999 5179 1020 5209 ι
1046 5160 1254 5213 Malum
1286 5167 1583 5229 granatum
1618 5162 1765 5215 idem
1795 5169 1881 5215 est
1908 5163 2056 5232 quod

461 5252 519 5301 et
547 5246 758 5300 malum
792 5247 1085 5301 Punicum.
1123 5249 1336 5303 Dicitur
1364 5260 1552 5303 autem
1598 5250 1805 5303 malum
1850 5267 2059 5319 grana-

458 5338 601 5395 tum,
648 5350 712 5388 eo
760 5335 907 5405 quod
948 5336 1309 5389 multitudine
1351 5354 1656 5407 granorum
1694 5340 1766 5391 sit
1800 5339 2045 5407 plenum.

2142 4453 2349 4515 meriti,
2402 4468 2522 4523 quae
2572 4451 2824 4505 ascendit
2863 4452 2932 4504 de
2963 4450 3228 4503 deserto?
3281 4448 3566 4504 Derelicta
3595 4447 3735 4501 enim

2143 4541 2327 4595 fuerat
2363 4558 2398 4594 a
2427 4542 2542 4595 Deo
2579 4558 2681 4611 per
2713 4540 3083 4594 idololatriam
3113 4546 3170 4592 et
3206 4539 3459 4593 veritatis
3481 4539 3736 4608 ignoran-

2144 4631 2302 4684 tiam.
2317 4629 2668 4684 Ascendebat
2687 4646 2820 4699 ergo
2837 4630 3106 4683 virtutum
3123 4628 3391 4699 gradibus
3413 4629 3484 4682 de
3504 4628 3734 4688 deserto,

2144 4719 2249 4773 hoc
2268 4726 2353 4774 est
2381 4720 2450 4773 de
2480 4735 2671 4772 errore
2696 4719 3064 4780 inﬁdelitatis,
3092 4718 3149 4771 in
3171 4734 3281 4788 quo
3308 4718 3379 4770 ad
3402 4723 3631 4787 tempus
3653 4714 3741 4767 de-

2144 4809 2338 4863 relicta
2370 4808 2571 4861 fuerat.
2601 4827 2624 4857 α
2657 4808 2881 4861 Deliciis
2907 4808 3163 4872 afﬂuens,
3198 4826 3222 4857 »
3246 4806 3304 4859 id
3328 4813 3418 4859 est
3445 4804 3737 4858 virtutibus

2145 4897 2454 4951 abundans.
2485 4915 2511 4946 «
2536 4896 2732 4949 Innixa
2760 4896 2975 4965 linquit)
2997 4912 3168 4965 super
3185 4895 3452 4948 dilectum
3476 4909 3682 4955 meum,
3715 4909 3734 4941 ι

2142 4986 2198 5039 id
2230 4993 2333 5051 est,
2369 4985 2702 5038 fiducialiter
2741 5000 2912 5053 agens
2954 4984 3012 5037 in
3057 4984 3300 5043 Christo,
3325 4989 3381 5036 et
3409 4999 3608 5035 omnes
3644 4980 3741 5033 vir-

2142 5080 2291 5127 tutes
2317 5088 2446 5126 suas
2467 5077 2526 5125 et
2553 5077 2753 5125 cuncta
2783 5071 2926 5123 bona
2956 5070 3025 5123 ad
3056 5071 3179 5139 ejus
3199 5070 3442 5140 gratiam
3476 5068 3736 5131 referens,

2141 5163 2356 5216 sciebat
2398 5178 2458 5214 se
2505 5160 2645 5213 nihil
2690 5160 2805 5213 suis
2858 5158 3064 5213 viribus
3110 5158 3240 5211 boni
3278 5158 3518 5228 implere
3560 5170 3734 5227 posse,

2140 5251 2374 5319 ideoque
2405 5266 2529 5303 cum
2562 5249 2826 5318 Apostolo
2854 5248 3043 5301 dicens
3075 5265 3085 5299 :
3118 5265 3144 5299 α
3178 5246 3371 5300 Gratia
3400 5246 3500 5299 Dei
3532 5261 3654 5298 sum
3685 5241 3736 5295 id

2132 5340 2280 5409 quod
2301 5355 2445 5392 sum.
2468 5358 2492 5390 »
2514 5338 2580 5391 Et
2601 5337 2909 5391 notandum
2934 5335 3081 5406 quod
3101 5335 3253 5389 dicit.
3277 5336 3456 5402 Super
3473 5334 3738 5387 dilectum

456 5420 668 5480 Malum
724 5424 1015 5486 Punicum,
1069 5440 1134 5477 eo
1189 5426 1334 5495 quod
1392 5427 1449 5479 in
1502 5427 1689 5481 Africa
1748 5428 2049 5496 plurimum
2134 5444 2340 5482 meum.
2384 5426 2526 5480 Nam
2566 5428 2869 5496 Synagoga
2916 5426 3092 5477 solam
3144 5423 3377 5494 putabat
3428 5439 3491 5475 se
3540 5421 3737 5474 habere

453 5512 721 5569 abundat.
751 5513 964 5568 Punica
992 5513 1143 5567 enim
1172 5514 1294 5585 ipsa
1321 5521 1409 5570 est
1427 5516 1633 5570 Africa.
1660 5516 1842 5570 Habet
1859 5523 2051 5570 autem
2132 5515 2509 5584 cognitionem
2556 5513 2677 5579 Dei,
2726 5511 2944 5566 caeteris
2999 5510 3262 5581 gentibus
3314 5510 3374 5564 in
3416 5506 3736 5579 ignorantia
