3926 6164
162 298 171 310 '
228 286 316 344 353

1121 282 1537 338 ENARRATIO
1575 283 1655 338 IN
1692 282 2008 337 CANTICA
2045 283 2536 344 CANTICORUM.

3352 290 3462 348 354

226 409 1035 474 destitutis.¢Notusenim,3ut
1050 409 1131 462 ait
1145 409 1497 462 Psalmista.c
1518 408 1574 460 in
1597 407 2080 469 JudaeaAinferus
2109 409 2411 463 aemulatio.
2462 429 2491 461 ι)
2526 410 2670 463 Nam
2711 408 2857 465 sicut
2900 411 3154 470 infernus
3190 430 3286 468 eos
3316 433 3456 486 quos

226 502 370 563 Deus,
400 498 457 552 in
486 499 656 552 Israel
689 515 954 569 magnum
983 514 1188 551 nomen
1220 498 1361 567 ejus.
1394 517 1415 545 ι
1441 497 1546 550 Sed
1580 496 1660 549 ita
1691 497 1791 549 mi-

220 588 351 642 ranti
369 587 984 657 respondetSynagogae
1006 587 1179 657 ipsius
1201 602 1438 657 sponsus
1466 591 1522 638 et
1551 585 1789 639 dilectus

222 676 348 748 quod
378 676 648 746 sequitur.

283 786 302 815 ‹
321 764 427 818 Sub
448 763 648 818 arbore
671 765 818 818 malo
834 764 1095 819 suscitavi
1114 769 1191 817 te.
1215 762 1524 817 nArborem
1552 764 1784 825 malum,

216 869 413 909 crucem
454 852 802 906 Dominicam
841 852 1109 905 debemus
1156 850 1424 921 accipere,
1458 851 1526 904 de
1557 867 1669 921 qua
1695 867 1788 904 ar-

217 942 332 995 bore
355 941 619 995 suscitatu
654 949 738 993 est
768 942 1086 1011 Synagoga,
1119 940 1251 1010 quia
1292 940 1415 1010 ipsa
1452 956 1486 992 a
1527 939 1788 1009 praevari-

217 1030 415 1085 catione
448 1030 739 1099 originalis
767 1030 976 1100 peccati
1024 1034 1081 1082 et
1128 1034 1406 1098 potestate
1438 1027 1644 1081 diaboli
1689 1044 1791 1098 per

214 1136 415 1174 crucem
448 1119 659 1172 Christi
690 1119 981 1189 redempta
1011 1124 1114 1183 est,
1146 1117 1222 1171 ibi
1253 1117 1523 1170 suscitata
1551 1123 1637 1169 est
1665 1132 1789 1185 quae

215 1206 433 1278 peccatis
464 1212 688 1260 mortua
717 1212 855 1260 erat.
890 1206 959 1259 Et
985 1205 1124 1259 bene
1161 1204 1418 1258 arborem
1460 1203 1595 1257 mali
1633 1203 1783 1257 dicit.

211 1297 359 1359 Nam,
390 1301 459 1349 ut
486 1311 658 1366 supra
704 1294 912 1349 dictum
958 1300 1063 1359 est,
1106 1294 1237 1347 huic
1284 1292 1473 1346 arbori
1503 1292 1789 1346 Christum

210 1383 558 1454 comparavit,
584 1383 774 1437 dicens
800 1401 848 1435 τι
874 1384 1030 1437 Sicut
1049 1383 1259 1436 malum
1282 1382 1430 1436 inter
1448 1382 1603 1452 ligna
1631 1381 1792 1434 silva-

206 1488 335 1537 rum,
359 1473 443 1525 sic
488 1472 724 1527 dilectus
754 1489 912 1526 meus
940 1472 1089 1526 inter
1117 1472 1279 1526 ﬁlios.
1317 1491 1341 1522 ι)
1367 1491 1389 1521 ι
1416 1470 1498 1526 Ibi
1528 1475 1792 1540 corrupta

205 1568 278 1615 est
295 1566 476 1614 mater
505 1567 622 1625 tua,
648 1560 724 1615 ibi
756 1561 963 1615 violata
993 1566 1078 1615 est
1093 1561 1336 1631 genitrix
1359 1566 1476 1614 tua.
1502 1578 1528 1611 ιο
1553 1560 1791 1613 Matrem

204 1656 252 1703 et
276 1650 610 1720 genitricem
659 1650 991 1720 Synagogm,
1038 1650 1306 1719 majorem
1342 1656 1399 1703 et
1429 1649 1789 1719 principalia-

1870 498 2041 550 semel
2065 497 2262 565 recipit
2302 515 2592 568 nunquam
2643 500 2906 561 restituit,
2950 502 3050 555 sed
3098 519 3320 574 semper
3366 522 3461 559 re-

1869 585 2029 647 tinet,
2061 586 2141 639 ita
2161 603 2324 640 verus
2344 587 2553 641 Christi
2575 605 2734 642 amor
2756 606 2920 659 quem
2958 591 3130 644 semel
3161 594 3458 664 acceperit,

1868 690 2156 745 nunquam
2178 676 2438 742 dimittit;
2463 678 2613 731 unde
2627 680 2925 748 Apostolus
2945 680 3079 734 dicit
3104 700 3115 733 :
3140 700 3163 731 ι
3198 682 3333 745 Quis
3357 699 3461 737 nos

1872 764 2233 833 separabitra
2276 765 2552 820 cbaritate
2595 767 2842 820 Christi?
2881 768 3214 822 tribulatio?
3253 787 3327 824 an
3357 788 3463 826 an—

1869 852 2093 922 gustia?
2120 868 2193 905 an
2226 855 2573 922 persecutio?
2605 871 2677 908 an
2704 856 2921 910 fames?
2966 874 3038 911 an
3082 858 3309 912 nuditas
3333 860 3358 911 ?
3386 875 3461 914 an

1872 940 2180 1010 periculum
2201 940 2225 993 ?
2256 958 2326 995 an
2344 943 2608 1012 gladius?
2643 964 2665 995 ι
2692 945 2798 999 Sed
2812 951 2869 999 et
2887 945 3111 1001 dilectio
3134 947 3341 1001 Christi
3357 948 3463 1002 hoc

1869 1030 1991 1084 loco
2022 1038 2203 1101 potest
2230 1032 2425 1102 accipi.
2443 1034 2605 1103 cujus
2624 1034 2845 1087 dilectio
2869 1034 3028 1089 fortis
3054 1036 3163 1089 fuit
3188 1040 3253 1090 ut
3288 1052 3462 1107 mors,

1871 1119 2003 1189 quia
2033 1119 2089 1172 in
2118 1126 2339 1174 tantum
2364 1121 2554 1175 dilexit
2585 1128 2785 1187 nos,ut
2814 1140 2914 1193 pro
2942 1124 3101 1178 nobis
3126 1125 3464 1181 immortalis

1870 1214 2108 1261 mortem
2141 1209 2465 1277 susciperet.
2495 1211 2648 1263 Dura
2688 1211 2795 1265 fuit
2820 1214 3102 1268 aemulatio
3134 1216 3257 1284 ejus
3282 1220 3348 1269 ut
3373 1216 3463 1270 in-

1871 1296 2044 1361 ferus,
2079 1296 2211 1366 quia
2238 1296 2449 1350 inferus
2474 1298 2650 1351 nescit
2679 1299 2934 1353 misereri
2960 1306 3059 1354 aut
3085 1317 3120 1354 a
3147 1303 3325 1372 pinnis
3354 1303 3466 1357 mi-

1871 1400 2125 1437 serorum
2154 1384 2428 1454 mitigari,
2457 1386 2537 1439 sic
2565 1392 2620 1439 et
2650 1386 2858 1440 Christi
2883 1388 3108 1442 dilectio
3138 1406 3250 1443 non
3280 1392 3466 1461 potuit

1874 1487 1908 1524 a
1953 1472 2341 1526 misericordia
2402 1490 2642 1537 cessare,
2680 1480 2782 1528 aut
2832 1476 2960 1529 ullis
3010 1476 3467 1548 improbitatibus

1872 1567 2293 1631 persecutorum
2322 1563 2598 1616 removeri
2625 1563 2695 1616 ab
2722 1580 2914 1618 amore
2961 1566 3193 1620 humani
3219 1569 3466 1637 generis.

1873 1645 2110 1708 Quidam
2143 1646 2250 1699 hoc
2292 1647 2441 1716 quod
2485 1647 2714 1709 dicitur,
2757 1668 2780 1699 ‹
2824 1649 2978 1702 Dura
3019 1656 3105 1704 est
3150 1658 3215 1705 ut
3253 1652 3467 1708 inferus

199 1754 303 1791 rem
321 1738 571 1792 Iudaicae
589 1737 765 1808 plebis
786 1744 1001 1808 patrem
1017 1738 1376 1809 dicit,quales
1394 1743 1556 1791 erant
1581 1736 1790 1791 Scribat
1807 1754 1851 1812 Β
1871 1733 2173 1800 aemulatio,
2209 1754 2231 1786 ο
2264 1735 2335 1788 ad
2374 1736 2728 1806 Synagogam
2778 1738 3002 1808 proprie
3037 1739 3309 1801 referunt,
3344 1759 3469 1813 quas

201 1832 248 1880 et
272 1826 561 1891 Pharisaei,
598 1827 694 1897 qui
722 1827 1010 1881 Christum
1059 1827 1240 1880 Pilato
1284 1826 1657 1888 tradiderunt,
1691 1826 1787 1895 qui
1866 1829 2065 1892 gentes
2083 1822 2469 1884 aemulabatur,
2493 1824 3024 1879 etinvidebatsaluti
3044 1844 3258 1882 eorum.
3279 1831 3470 1884 Monet

198 1915 455 1985 reliquam
492 1915 714 1985 plebem
745 1922 1012 1987 tanquam
1044 1921 1226 1969 mater
1252 1920 1310 1969 et
1327 1914 1568 1985 genitrix
1595 1930 1789 1984 regere
1871 1928 2003 1980 ergo
2034 1912 2290 1966 Christus
2331 1912 2443 1965 hoc.
2465 1913 2677 1975 dicens,
2710 1919 2775 1967 ut
2810 1913 2880 1967 ab
2928 1900 3152 1969 invidia.
3181 1924 3378 1985 cesset,
3410 1923 3469 1973 et

199 2003 462 2057 debebant
490 2010 549 2058 et
577 2005 821 2069 erudire,
867 2010 923 2058 et
972 2004 1165 2074 quales
1208 2010 1370 2058 erant
1416 2004 1494 2056 illi
1535 2003 1631 2073 qui
1657 2020 1789 2056 sua-
1871 2000 2039 2053 saluti
2070 2002 2324 2054 Ecclesnae
2353 2002 2720 2071 congaudeat.
2753 2024 2778 2049 α
2809 2004 3120 2074 Lampados
3158 2007 3296 2076 ejus,
3324 2008 3466 2062 lam-

198 2092 443 2147 dentibus
499 2093 613 2147 illis
650 2093 1015 2164 principibus,
1058 2093 1309 2163 improbe
1358 2092 1788 2147 acclamabant:

204 2200 225 2231 ε
245 2182 538 2252 Cruciﬂge,
574 2183 837 2252 cruciﬁge
869 2199 1020 2237 eum.
1052 2201 1077 2234 »
1102 2181 1237 2236 Haac
1256 2199 1388 2252 ergo
1413 2190 1595 2235 mater
1609 2182 1793 2252 Syna-

198 2288 339 2342 gogze
381 2272 491 2326 sub
544 2271 744 2325 arbore
809 2272 957 2325 malo
1012 2278 1278 2341 corrupta
1328 2277 1411 2325 est
1462 2278 1519 2325 et
1569 2272 1792 2335 violata,

204 2361 409 2430 quando
460 2377 526 2415 se
577 2377 821 2431 suosque
852 2365 1104 2430 posteros
1150 2360 1360 2414 crudeli
1409 2360 1795 2414 maledictione

204 2450 543 2512 constrinxit,
596 2450 787 2503 dicens
821 2468 832 2502 :
867 2468 889 2499 ‹
943 2448 1183 2518 Sanguis
1223 2450 1344 2518 ejus
1383 2465 1553 2519 super
1594 2465 1695 2501 nos
1741 2454 1798 2502 et

206 2554 359 2608 super
382 2539 537 2591 filios
559 2544 782 2591 nostros
805 2557 817 2590 :
844 2557 866 2587 ι
902 2554 1033 2590 nam
1066 2543 1123 2591 et
1152 2537 1244 2590 isti
1270 2536 1372 2590 sub
1402 2554 1563 2591 cruce
1588 2538 1797 2591 Christi

205 2632 368 2680 erant.
397 2628 538 2680 licet
562 2643 678 2679 non
708 2626 815 2679 ﬁde
859 2632 916 2679 et
955 2626 1265 2690 devotione,
1308 2632 1497 2679 tamen
1544 2626 1797 2680 crudeles

203 2715 442 2770 vindictae
472 2714 588 2775 ,sibi
620 2721 676 2768 et
704 2715 820 2769 suis
849 2715 1088 2786 posteris
1113 2714 1533 2785 imprecatione.

1875 2089 2047 2158 pades
2072 2089 2217 2159 ignis
2255 2096 2424 2159 atque
2464 2091 2838 2144 ﬂammarum.
2870 2111 2892 2143 ι
2929 2093 2989 2146 Id
3022 2099 3127 2158 est,
3155 2095 3469 2151 dilectionis

1874 2176 2169 2246 lampades
2211 2182 2346 2231 sunt
2389 2178 2678 2247 lampades
2707 2179 2850 2248 ignis
2879 2185 3047 2250 atque
3085 2182 3465 2242 ﬂammarum.

1877 2265 2187 2335 Lampades
2212 2266 2522 2320 dilectionis
2556 2268 2861 2337 praecordia
2886 2276 3020 2323 sunt
3042 2278 3383 2338 sanctorum,
3407 2274 3470 2328 in

1878 2353 2078 2423 quibus
2107 2355 2275 2408 veluti
2297 2355 2354 2408 in
2381 2355 2525 2409 vasis
2545 2356 2769 2410 dilectio
2795 2357 3027 2412 habitat.
3050 2360 3147 2413 Hae
3177 2377 3310 2431 ergo
3330 2362 3470 2416 lam-

1879 2442 2069 2511 pades,
2101 2443 2389 2513 lampades
2414 2444 2638 2514 quidem
2685 2451 2819 2499 sunt
2856 2447 3020 2517 ignis,
3055 2449 3188 2519 quia
3215 2450 3275 2504 in
3304 2452 3471 2507 corde

1878 2532 2080 2585 ardent
2119 2549 2220 2602 per
2264 2550 2551 2600 amorem;
2586 2535 2874 2605 lampades
2922 2554 3052 2591 vero
3090 2540 3465 2609 ﬂammarum,

1880 2621 2012 2691 quia
2037 2622 2280 2675 exterius
2308 2623 2498 2676 lucent
2526 2640 2626 2693 per
2662 2626 3064 2694 operationem.

1953 2729 1976 2761 ‹
2021 2710 2201 2779 Aquae
2238 2711 2427 2766 multae
2461 2728 2573 2765 non
2607 2718 2876 2782 poterunt
2903 2716 3254 2786 exstinguere
3282 2718 3472 2773 chari-

267 2821 292 2854 ε
330 2805 486 2858 Pone
535 2820 626 2857 me
664 2810 729 2857 ut
775 2804 1125 2874 signaculum
1173 2819 1343 2873 super
1383 2820 1479 2856 cor
1519 2808 1701 2868 tuum,
1732 2808 1797 2857 ut
1878 2805 2073 2860 tatem,
2110 2816 2212 2854 nec
2253 2801 2490 2854 ﬂumina
2528 2800 2764 2856 obruent
2799 2802 2974 2857 illam.
3021 2823 3044 2856 ο
3076 2807 3249 2875 Aquae
3278 2812 3335 2859 et
3362 2809 3470 2861 ﬂu-

202 2891 550 2963 signaculum
581 2909 753 2963 super
782 2893 1069 2947 brachium
1098 2897 1280 2945 tuum.
1322 2911 1345 2942 ι
1375 2892 1520 2960 Quia
1554 2892 1793 2961 (inquit)
1879 2888 2031 2941 mina
2053 2893 2187 2942 sunt
2210 2888 2463 2942 violenta;
2503 2895 2921 2958 persecutorum
2966 2891 3151 2955 minae,
3187 2894 3267 2947 vel
3298 2895 3471 2949 etiam

202 2981 292 3035 sub
331 2982 540 3036 arbore
587 2982 735 3035 malo
764 2981 1026 3036 suscitavi
1071 2985 1146 3044 te,
1197 2981 1301 3034 hoc
1345 2986 1452 3049 est,
1496 2981 1628 3051 quia
1674 2975 3071 3051 paS-nblandimenta,quibussanctosacharitate
3090 2980 3187 3034 Dei
3207 2997 3472 3051 separare

203 3027 290 3035 --ν
331 3027 540 3036 mw”
588 3027 731 3035 --η--ν
764 3027 1026 3036 υν--ν---η
1075 3027 1146 3044 --ν
1199 3027 1299 3034 --η
1348 3027 1452 3049 ν-ν,
1499 3027 1627 3051 1m—
1676 3027 1772 3051 r——
2304 3027 2383 3045 γέ
2409 3027 2414 3028 κ
2748 3027 2776 3030 ν-
2802 3027 3069 3033 “wn-MV
3091 3027 3187 3034 ---
3208 3027 3472 3051 -νι--η--ν

202 3070 345 3125 sione
365 3088 496 3125 mea
521 3071 578 3124 in
602 3088 765 3124 cruce
786 3077 840 3124 te
856 3070 1088 3135 redemi,
1104 3086 1246 3140 pone
1259 3086 1348 3122 me
1368 3075 1432 3123 ut
1446 3027 1855 3139 signaculumC
1879 3065 2156 3119 nituntur.
2174 3064 2251 3118 De
2283 3064 2485 3133 quibus
2515 3065 2787 3120 Dominus
2811 3066 2870 3119 in
2898 3067 3198 3138 Evangelio
3226 3070 3380 3135 dicit,
3403 3070 3473 3124 de

207 3175 361 3229 super
384 3177 486 3214 cor
507 3164 696 3223 tuum,
722 3160 826 3212 hoc
846 3164 950 3222 est,
981 3158 1186 3212 habeto
1216 3175 1307 3211 me
1341 3174 1563 3227 semper
1592 3158 1651 3211 in
1680 3174 1798 3211 me-
1880 3153 1996 3206 viro
2028 3152 2123 3222 qui
2164 3152 2457 3205 aediﬁcavit
2505 3153 2733 3207 domum
2781 3171 2942 3208 suam
2986 3173 3158 3227 supra
3204 3163 3422 3228 petram
3455 3177 3467 3212 :

204 3249 387 3309 moria,
414 3257 470 3303 et
500 3266 574 3302 ne
593 3248 935 3303 obliviscaris
964 3248 1092 3312 mei,
1119 3253 1332 3318 quanta
1360 3264 1459 3315 pro
1490 3252 1588 3300 tua
1618 3248 1799 3301 salute
1885 3260 1910 3293 ‹‹
1934 3243 2224 3295 Venerunt
2238 3242 2773 3303 ﬂumina,ﬂaverunt
2793 3245 3025 3311 venti,et
3044 3245 3475 3317 impegeruntin

205 3339 548 3407 pertulerim.
602 3338 755 3391 Pone
786 3354 875 3390 me
908 3336 1126 3407 (inquit)
1160 3342 1224 3389 ut
1251 3335 1597 3405 signaculum
1633 3352 1801 3405 super
1881 3330 2107 3384 domum
2136 3331 2310 3393 illam,
2336 3336 2391 3384 et
2409 3348 2519 3384 non
2541 3332 2776 3385 cecidit:
2811 3334 3046 3387 fundata
3062 3336 3211 3388 enim
3235 3343 3358 3391 erat
3376 3353 3475 3391 su-

204 3442 287 3480 cor
310 3434 473 3482 tuum
514 3444 617 3497 per
646 3427 833 3487 ﬁdem.
863 3442 1006 3496 pone
1038 3442 1127 3479 me
1161 3434 1225 3479 ut
1252 3425 1601 3495 signaculum
1632 3441 1801 3495 super
1882 3437 1983 3491 pra
2003 3426 2237 3490 petram.
2272 3421 2510 3490 mAquae
2527 3437 2660 3490 ergo
2674 3422 2861 3477 multa:
2875 3439 2984 3476 non
2997 3426 3476 3493 poteruntexstin—

205 3531 289 3569 cor
302 3524 462 3570 tuum
483 3533 593 3587 per
613 3516 841 3585 dignam
856 3514 1410 3586 operationem.Nam
1435 3524 1490 3567 et
1511 3531 1610 3568 nos
1628 3530 1800 3584 quan-
1878 3525 2051 3579 guere
2070 3510 2420 3573 charitatem,
2459 3529 2484 3560 ι
2518 3510 2648 3580 quia
2677 3511 2831 3564 nulla
2857 3510 3161 3577 tribulatio,
3194 3513 3351 3566 nulla
3379 3530 3477 3567 an-

204 3604 265 3658 do
283 3606 499 3676 aliquid
528 3605 583 3657 in
612 3604 883 3658 memoria
916 3604 1123 3657 habere
1152 3604 1423 3667 volumus,
1443 3602 1795 3672 signaculum
1879 3598 2067 3666 gustia
2090 3604 2363 3651 sanctosa
2384 3598 2657 3651 charitate
2683 3597 2785 3651 Dei
2807 3616 3068 3669 separare
3106 3600 3331 3655 valebit.
3360 3620 3387 3654 α
3418 3602 3477 3656 Si

204 3692 362 3762 digito
384 3695 475 3747 vel
515 3693 746 3746 brachio
776 3692 1062 3763 imponere
1092 3693 1355 3752 solemus,
1397 3698 1462 3743 ut
1500 3691 1597 3743 illo
1613 3691 1801 3744 admo-
1881 3685 2099 3739 dederit
2132 3687 2296 3740 homo
2324 3703 2545 3739 omnem
2578 3686 2951 3740 substantiam
2990 3688 3188 3741 domus
3228 3706 3342 3744 suae
3371 3707 3474 3760 pro

203 3781 312 3843 niti,
344 3783 505 3836 illius
539 3781 624 3835 rei
654 3782 815 3850 cujus
856 3797 1047 3834 curam
1094 3780 1365 3833 habemus
1411 3780 1792 3833 recordemur.
1881 3774 2200 3839 dilectione,
2228 3775 2387 3845 quasi
2405 3775 2543 3827 nihil
2561 3774 2827 3844 despiciet
2847 3792 2969 3829 eam
3015 3776 3152 3830 nHic
3173 3778 3475 3833 versiculus

205 3869 263 3923 Et
291 3888 388 3924 nos
418 3878 487 3924 ut
513 3870 869 3940 signaculum
922 3886 1090 3939 super
1118 3886 1213 3922 cor
1235 3874 1293 3921 et
1319 3868 1609 3921 brachium
1638 3867 1799 3922 Chri-
1882 3880 1994 3917 non
2024 3870 2151 3934 eget
2186 3864 2549 3934 expositione.
2578 3865 2722 3917 Nam
2753 3865 2960 3919 nullius
2991 3867 3184 3920 mundi
3213 3868 3477 3922 substan-

206 3968 341 4014 stum
373 3977 592 4032 ponere
623 3958 908 4019 debemus,
940 3967 1005 4012 ut
1032 3959 1154 4029 ejus
1206 3957 1534 4011 memoriam
1580 3973 1803 4027 semper
1882 3953 1993 4016 tiae,
2041 3954 2208 4007 nullae
2256 3970 2388 4023 opes
2430 3953 2847 4022 comparatione
2893 3954 3207 4008 dilectionis
3264 3956 3476 4027 aliquid

201 4048 520 4113 habeamus,
539 4055 602 4103 et
617 4055 682 4102 ut
702 4048 923 4102 rectein
941 4049 1100 4101 illum
1123 4047 1606 4110 credentes,ﬁdem
1621 4047 1801 4116 ipsam
1885 4046 2033 4094 sunt.
2048 4041 2311 4109 Legimus
2326 4039 2551 4109 quidem
2571 4045 2794 4093 sanctos
2834 4057 2937 4094 sua
2970 4041 3251 4097 dimisisse
3280 4061 3381 4114 pro
3411 4060 3476 4097 a-

202 4136 350 4191 bonis
371 4139 645 4211 operibus
689 4153 1043 4191 exornemus.
1076 4136 1235 4200 Quod
1265 4136 1312 4188 si
1340 4134 1653 4194 fecerimus,
1682 4135 1802 4205 ipse
1884 4146 2040 4182 more
2061 4128 2292 4195 Christi,
2315 4128 2409 4182 sed
2425 4139 2614 4182 tamen
2637 4129 2775 4181 nzhil
2795 4128 2902 4183 sibi
2931 4129 3264 4184 videbantur
3283 4131 3478 4187 dimit-

206 4244 415 4298 quoque
446 4246 556 4282 nos
586 4227 741 4281 velut
766 4227 1117 4297 signaculum
1136 4230 1404 4288 assumat,
1432 4229 1490 4277 et
1513 4224 1688 4277 nostri
1721 4241 1805 4277 re-

208 4317 543 4381 cordabitur,
574 4317 738 4385 juxta
778 4315 924 4385 quod
971 4313 1271 4367 Zorobabel
1313 4312 1442 4366 duci
1486 4312 1689 4366 Judaea:
1720 4329 1868 4400 re-D

206 4406 480 4473 promittit
510 4425 523 4458 :
565 4426 588 4454 ι
625 4404 696 4458 Et
722 4420 927 4475 ponam
956 4409 1012 4457 te
1038 4403 1184 4456 sicut
1207 4401 1556 4471 signaculum
1589 4400 1648 4454 in
1668 4417 1802 4455 con-

208 4500 387 4561 spectu
418 4510 570 4547 meo.
612 4509 639 4543 ι)
676 4493 822 4545 Nam
855 4491 899 4544 si
927 4507 1027 4545 nos
1068 4489 1466 4543 beneﬁciorum
1494 4490 1615 4558 ejus
1645 4488 1802 4542 obliti

205 4579 491 4647 fuerimus,
526 4596 632 4634 nec
663 4579 715 4633 ei
744 4578 942 4649 dignas
970 4578 1283 4649 gratiarum
1312 4576 1562 4629 actiones
1592 4576 1803 4630 retule-

207 4668 390 4737 rimus,
448 4671 578 4740 ipse
630 4684 853 4739 quoque
898 4667 1077 4721 nostri
1124 4665 1499 4731 obliviscetur,
1548 4664 1691 4718 sicut
1733 4666 1802 4719 de

206 4756 364 4829 impio
381 4776 526 4829 rege
547 4757 816 4812 Jechonia
838 4757 951 4810 ﬁlio
971 4754 1221 4809 Joachim
1249 4753 1455 4807 dicitur
1478 4773 1524 4806 ε(
1553 4754 1611 4808 Si
1635 4753 1805 4807 fuerit

205 4849 437 4902 annulus
468 4849 676 4902 dexter
705 4845 763 4899 in
795 4862 964 4898 manu
992 4860 1138 4907 mea,
1172 4843 1303 4896 inde
1327 4842 1561 4895 evellam
1589 4859 1737 4896 eum.
1773 4860 1800 4895 ι)

208 4955 230 4987 ‹
261 4937 402 5000 Quia
426 4937 598 4991 fortis
642 4941 730 4989 est
766 4939 831 4988 ut
869 4951 1019 4988 mors
1049 4932 1293 4998 dilectio,
1335 4932 1478 4985 dura
1506 4936 1570 4985 ut
1593 4932 1803 4987 inferus

203 5027 500 5080 aemulatio.
553 5045 576 5076 ι
629 5024 867 5079 Dilectio
913 5022 1123 5077 Christi
1168 5021 1328 5075 fortis
1375 5026 1462 5074 est
1519 5025 1584 5074 ut
1630 5037 1801 5075 mors.

204 5113 350 5169 Sicut
378 5116 543 5170 enim
570 5130 723 5168 mors
744 5113 995 5166 animam
1028 5129 1063 5165 a
1087 5126 1319 5181 corpore
1348 5116 1592 5180 separat.
1617 5115 1673 5163 et
1685 5110 1805 5179 jam

205 5203 331 5256 nihil
378 5203 803 5274 concupiscere,
844 5201 986 5255 nihil
1030 5201 1089 5254 in
1127 5194 1385 5269 praesenti
1432 5198 1546 5252 vita
1592 5198 1805 5252 homini

207 5291 329 5347 licet
355 5293 602 5356 ambire,
635 5292 716 5345 ita
745 5291 967 5344 dilectio
998 5288 1207 5344 Christi
1255 5304 1420 5359 quem
1451 5303 1578 5341 vere
1608 5304 1805 5358 perva-

212 5383 355 5446 serit,
388 5389 581 5435 totum
604 5380 735 5435 huic
767 5380 968 5433 sarculo
1004 5378 1322 5442 mortiﬁcat,
1346 5382 1403 5430 et
1434 5377 1593 5446 quasi
1626 5377 1810 5430 insen-

214 5470 419 5525 sibilem
442 5470 654 5533 reddit,
680 5469 974 5538 solumque
995 5483 1095 5538 pro
1113 5464 1336 5520 Christo
1360 5465 1567 5529 vivens,
1598 5464 1808 5518 mundo

1884 4224 2003 4272 tere
2033 4218 2090 4271 in
2121 4217 2540 4288 comparatione
2566 4218 2860 4271 charitatis
2891 4218 3301 4291 Christi.quem
3316 4237 3478 4275 ama-

1883 4307 2038 4361 bant.
2067 4306 2222 4361 Unde
2242 4307 2541 4377 Apostolus
2563 4324 2687 4361 cum
2702 4324 2813 4360 non
2840 4309 3022 4362 solum
3048 4314 3331 4364 terrenam
3353 4310 3482 4365 sub-

1885 4397 2172 4460 stantiam,
2201 4396 2298 4450 sed
2329 4401 2384 4449 et
2401 4402 2663 4466 paternas
2688 4397 3021 4451 traditiones
3048 4398 3356 4454 dimitteret
3377 4417 3479 4471 pro

1887 4486 2128 4551 Christo,
2146 4485 2391 4539 dicebat:
2419 4503 2446 4537 α
2480 4486 2609 4540 Haec
2630 4486 2821 4540 omnia
2839 4492 3138 4542 contemno
3160 4495 3217 4542 et
3239 4489 3483 4544 arbitror

1886 4580 1950 4629 ut
1977 4580 2243 4640 stercora,
2288 4581 2353 4628 ut
2393 4575 2677 4629 Christum
2725 4576 3090 4643 lucrifaciam,
3125 4594 3152 4629 »
3183 4577 3241 4630 id
3272 4584 3376 4643 est,
3416 4584 3482 4632 ut

1885 4680 2136 4719 amorem
2165 4663 2318 4717 illius
2346 4664 2656 4734 acquiram.

1959 4771 1986 4807 α
2028 4747 2199 4807 Soror
2225 4759 2419 4807 nostra
2468 4769 2639 4823 parva
2684 4757 2786 4819 est,
2823 4757 2879 4805 et
2912 4751 3087 4805 ubera
3131 4768 3245 4805 non
3287 4752 3476 4807 habet.

1886 4841 2031 4905 Quid
2067 4841 2336 4895 faciemus
2374 4840 2551 4894 sorori
2588 4844 2792 4893 nostra:
2830 4840 2889 4892 in
2928 4838 3018 4892 die
3065 4840 3287 4910 quando
3336 4840 3478 4894 allu-

1887 4930 2109 5000 quenda
2137 4930 2261 4984 est?
2303 4950 2328 4982 ι
2361 4929 2478 4982 Vox
2521 4928 2708 4981 dilecti
2739 4928 3095 4998 Synagogam
3141 4929 3481 5000 alloquentis

1885 5036 1986 5090 pro
2018 5018 2263 5073 Ecclesia
2298 5016 2574 5087 gentium.
2609 5034 2640 5066 ι(
2671 5016 2841 5069 Soror
2868 5023 3079 5083 nostra,
3122 5036 3148 5070 ν
3175 5018 3378 5089 inquit,
3423 5019 3483 5074 id

1887 5114 1974 5161 est
2018 5108 2272 5177 gentium
2318 5105 2587 5167 Ecclesia,
2623 5122 2649 5155 (ί
2685 5120 2855 5175 parva
2896 5110 3000 5170 est,
3053 5114 3109 5160 et
3163 5106 3339 5162 ubera
3369 5124 3483 5163 non

1886 5196 2095 5262 habet;
2134 5216 2155 5245 ι
2192 5200 2249 5248 et
2287 5209 2493 5263 magna
2539 5192 2863 5264 dignatione
2911 5196 3323 5251 communicato
3352 5214 3482 5252 cum

1888 5288 2183 5356 Synagoga
2212 5283 2437 5335 nomine
2468 5282 2665 5348 dicit,¢
2690 5284 2860 5337 Soror
2879 5290 3071 5338 nostra
3096 5303 3106 5338 :
3132 5303 3159 5336 ν
3184 5286 3317 5355 quia
3331 5286 3485 5340 enim

1892 5391 1958 5427 ex
1986 5372 2191 5426 Judaais
2206 5386 2432 5424 carnem
2463 5372 2785 5442 assumpsit,
2805 5372 2934 5426 ideo
2965 5390 3024 5427 se
3047 5374 3208 5444 quasi
3239 5375 3487 5445 Synago-

1889 5480 1973 5535 gae
2002 5466 2386 5532 contemperat
2430 5467 2487 5515 et
2525 5467 2797 5532 exaequat.
2850 5482 2872 5513 ι
2916 5462 3095 5517 Parva
3133 5469 3218 5517 est
3253 5462 3480 5532 (inquit)

218 5567 467 5615 mortuus
496 5563 608 5618 est.
636 5556 796 5613 Idem
818 5573 1018 5613 sensus
1049 5562 1137 5611 est
1162 5572 1292 5610 cum
1318 5554 1455 5609 dicit
1482 5574 1494 5608 :
1523 5572 1553 5606 α
1574 5554 1730 5609 Dura
1747 5558 1812 5609 ut
1890 5568 2051 5607 soror
2077 5556 2291 5606 nostra.
2324 5568 2351 5604 ι)
2382 5552 2539 5607 Sicut
2568 5552 2804 5623 alicujus
2843 5551 3084 5607 hominis
3103 5556 3245 5605 aetas
3264 5549 3493 5610 descri-
