3970 6150
442 234 553 296 ass
839 205 851 219 “
931 234 1310 292 HAYMONIS
1342 222 1828 293 sumasne.
1862 218 2091 291 arise.
2124 218 2282 291 o'ep.
2314 220 2549 294 PARS!
2580 270 2646 279 —
2676 220 3049 297 c'oMmNT.
3079 240 3257 296 BIBL.
3574 226 3665 301 sit

441 366 615 430 bitur,
647 366 727 421 sic
756 372 813 421 et
842 372 976 422 tetas
997 365 1334 419 describitur
1361 350 1643 421 Ecclesiae.
1677 363 1859 417 Parva
1883 362 2031 415 enim
2050 358 2095 418 Α
2119 377 2264 423 sum.
2310 364 2440 434 quia
2492 363 2561 418 de
2614 364 2748 419 vivis
2796 368 2852 421 et
2910 364 3102 421 electis
3145 352 3409 438 lapidibus
3440 352 3556 434 (hoc
3595 354 3668 426 est

443 462 566 509 erat
608 456 853 510 Ecclesia
903 456 1086 508 adhuc
1132 454 1200 506 de
1236 453 1498 522 gentibus
1528 458 1883 522 congregata,
1935 449 2038 503 sub
2123 452 2630 506 sanctis‘zediﬁcata
2655 469 2777 507 sum
2806 473 2817 521 ;
2842 474 2867 503 «ι
2891 461 2947 509 et
2971 455 3143 509 ubera
3165 474 3283 511 mea
3305 458 3666 526 sicutlurris,i

442 544 582 615 ipsis
612 544 837 598 Domini
887 551 944 597 et
995 542 1375 612 apostolorum
1421 541 1786 612 temporibus,
1820 538 1953 609 quia
1984 543 2041 591 et
2122 538 2254 609 quia
2277 540 2418 593 tales
2443 542 2593 595 intra
2621 558 2711 596 me
2740 543 3015 603 contineo,
3047 544 3141 615 qui
3173 546 3282 599 vic‘e
3310 544 3526 601 uberum
3553 530 3672 602 alios

440 634 719 705 parvitate
736 632 1083 686 credentium
1118 646 1283 700 parva
1302 629 1630 689 exsistebat;
1656 628 1897 682 etube'ra
1913 642 2039 680 nec-
2122 629 2338 682 nutrire
2385 636 2621 699 possunt.
2672 632 2950 701 spirituali
2994 634 3263 692 doctrina.
3293 640 3347 688 et
3374 635 3479 689 vice
3522 636 3674 691 turris

443 704 577 776 dum
609 722 867 781 habebat,
906 712 965 773 id
1010 712 1093 773 est
1140 732 1493 787 nequaquam
1536 704 1887 788 praedicando
1929 716 2039 785 spi-
2121 716 2355 785 possunt
2396 717 2536 771 alios
2577 712 2875 774 defendere
2920 712 2976 775 et
3017 723 3256 786 munire,
3307 724 3501 794 quique
3547 726 3676 779 sicut

441 810 675 863 rituales
691 810 802 862 Deo
819 809 970 861 ﬁlios
989 807 1265 860 honorare
1286 800 1523 858 valebat.
1548 805 1693 858 Dicit
1714 820 1843 873 erga
1876 802 2037 873 quasi
2118 809 2305 858 turres
2356 806 2415 858 in
2470 820 2633 859 muro
2682 809 2949 874 eminent,
2982 809 3062 863 sic
3110 811 3309 864 merito
3354 802 3598 867 doctrinae
3631 818 3680 867 et

443 896 737 952 consilium
764 900 1077 967 Synagogaa
1109 896 1418 963 requirens,
1446 913 1469 944 «
1502 894 1646 957 Quid
1666 893 1933 946 faciemus
1954 904 2039 944 so-
2120 894 2558 971 conversatiOnis
2583 895 2731 949 inter
2775 898 3021 967 reliquos
3066 898 3318 952 membra
3345 917 3464 953 inea
3489 892 3682 971 praecel-

440 986 556 1040 rori
578 993 782 1040 nostrae
802 986 859 1039 in
878 980 969 1037 die
990 983 1213 1054 quando
1235 981 1703 1052 alloquendaest?
1723 979 2037 1034 rAllocutio
2120 980 2262 1034 lun‘t.
2293 978 2409 1034 Hoc
2440 980 2627 1036 autem
2656 984 2769 1037 non
2801 985 2940 1039 meis
2982 980 3216 1054 meritis,
3249 1002 3424 1059 neque
3448 976 3681 1045 libertate

442 1074 698 1128 Ecclesia
718 1081 805 1127 est
821 1070 1387 1127 velcumintrinsecus
1414 1071 1631 1123 occulta
1648 1069 2033 1139 inspiratione,
2120 1069 2231 1122 mei
2260 1066 2477 1124 arbitrii
2500 1062 2701 1136 habeo,
2752 1060 2849 1126 sed
2889 1074 3034 1127 dono
3072 1079 3128 1128 et
3154 1075 3333 1144 gratia
3362 1076 3540 1146 'sponsi
3567 1077 3682 1131 mei.

441 1163 531 1216 vel
561 1163 805 1216 exterius
825 1166 1020 1232 aperta
1036 1159 1430 1230 praedicatione
1455 1160 1720 1211 admonet
1748 1159 1895 1211 Deus
1923 1157 2039 1210 ani-
2124 1177 2145 1202 ι
2195 1154 2271 1209 Ex
2301 1174 2411 1228 quo
2452 1154 2601 1211 facta
2644 1172 2770 1212 sum
2814 1162 2999 1213 coram
3035 1174 3100 1215 eo
3143 1161 3301 1232 quasi
3341 1164 3525 1233 pacem
3554 1181 3687 1235 repe-

443 1252 596 1304 mam
628 1252 900 1320 cujusque
928 1246 1130 1302 ﬁdelis.
1166 1242 1233 1300 Et
1272 1253 1357 1299 est
1403 1260 1599 1299 sensus
1629 1264 1639 1297 :
1672 1246 1909 1309 Quando
1941 1260 2040 1315 per
2121 1246 2291 1299 riens.
2328 1267 2348 1295 ι
2375 1247 2439 1301 Id
2466 1252 2568 1307 est,
2603 1266 2667 1302 ex
2693 1265 2802 1319 quo
2831 1251 2925 1304 ille
2953 1253 3285 1321 sanguinem
3317 1268 3473 1306 suum
3498 1252 3591 1324 pro
3610 1258 3685 1308 me

443 1340 727 1410 apostolos
758 1352 913 1392 meos
941 1337 1195 1406 alloquar
1209 1330 1509 1389 Ecclesium
1540 1336 1609 1387 de
1636 1334 1896 1403 gentibus
1914 1349 2042 1387 con-
2121 1334 2282 1399 fudit,
2314 1341 2370 1389 et
2390 1334 2809 1407 repropitiando
2831 1338 2966 1392 mihi
2992 1330 3169 1393 Deum
3196 1324 3438 1407 Patrem,
3460 1326 3686 1395 dissolvit

442 1427 758 1498 gre'gatam.
800 1426 936 1497 quid
980 1424 1291 1478 faciemus?
1321 1425 1599 1493 quomodo
1642 1422 1723 1475 illi
1761 1428 2039 1493 praecepta
2121 1423 2446 1478 inimicitias
2491 1438 2614 1495 quas
2666 1432 2831 1480 erant
2881 1420 3028 1481 inter
3074 1418 3251 1483 Deum
3301 1434 3356 1483 et
3409 1412 3683 1488 hominem.

443 1513 1145 1569 cu'alestiacommittemus?
1158 1513 1355 1565 Utrum
1371 1512 1627 1564 videlicet
1646 1511 1879 1563 minima
1894 1522 2040 1580 quae-
2121 1513 2374 1584 mihique
2428 1513 2673 1569 coelestia
2698 1502 3056 1585 'paciﬁcavit.
3111 1506 3187 1571 Ex
3240 1528 3348 1588 quo
3386 1535 3513 1589 ergo
3561 1506 3687 1572 hanc

446 1618 555 1672 que
576 1607 853 1672 praecepta
876 1600 960 1653 illi
990 1600 1426 1657 committemus.
1466 1615 1537 1652 an
1580 1614 1690 1668 quo
1736 1599 1917 1667 major
1955 1599 2088 1672 ef-_
2120 1616 2313 1671 pacem
2345 1603 2549 1672 reperi,
2600 1618 2796 1658 murus
2836 1618 2957 1659 esse
3002 1607 3060 1659 et
3101 1604 3278 1659 ubera
3325 1605 3438 1659 vice
3472 1607 3687 1660 turrium

444 1690 692 1757 ﬁciatu'r,
724 1690 1059 1760 perfectiora
1087 1689 1167 1741 illi
1203 1694 1542 1741 secretorum
1572 1688 1881 1740 caelestium
1910 1669 2100 1757 my-B
2122 1669 2321 1743 merui.

444 1780 617 1833 steria
640 1778 970 1832 trademus?
1012 1778 1152 1830 Nam
1200 1777 1349 1829 Deus
1375 1776 1728 1845 omnipotens
1757 1792 1857 1846 pro
1889 1791 2042 1829 men-

442 1878 577 1922 sura
606 1873 663 1921 et
686 1850 995 1936 capacitate
1044 1866 1248 1918 mentis
1294 1865 1552 1918 humanm
1599 1871 1877 1935 temperat
1915 1881 2039 1918 ver-

440 1954 578 2010 bum
624 1955 1052 2026 praadicatiouis,
1085 1954 1444 2007 considerans
1484 1954 1629 2007 vires
1666 1959 1723 2006 et
1769 1954 2043 2024 capacita-

441 2049 559 2098 tem
590 2044 878 2097 auditoris.
916 2043 1023 2097 Sed
1055 2044 1352 2113 Synagoga
1382 2048 1619 2105 tacente,
1652 2042 1773 2112 ipse
1802 2057 2041 2112 sponsus

442 2149 545 2204 pro
569 2148 638 2186 ea
658 2132 948 2202 respondit
984 2151 995 2185 :

519 2240 542 2272 ι
587 2220 645 2275 Si
674 2236 868 2275 murus
891 2226 994 2284 est,
1018 2220 1354 2275 aediﬁcemus
1376 2235 1546 2291 super
1567 2236 1693 2273 eum
1717 2234 2041 2290 propugna-

443 2310 572 2364 cula
621 2316 929 2379 argentea;
961 2310 1006 2362 si
1037 2309 1240 2361 ostium
1286 2316 1390 2373 est,
1439 2309 1861 2379 compingamus
1902 2306 2042 2360 illud

440 2398 654 2453 tabulis
679 2398 938 2451 cedrinis.
984 2416 1006 2447 ι
1042 2396 1099 2450 Si
1126 2397 1357 2468 (inquit)
1386 2415 1544 2451 soror
1572 2404 1765 2450 nostra
1794 2402 1879 2449 est
1913 2410 2041 2449 mu-

443 2504 562 2553 rus,
592 2487 931 2541 aediﬁcemus
962 2501 1131 2556 super
1154 2502 1279 2539 eum
1312 2486 1730 2556 propugnacula
1750 2492 2037 2554 argentea.

412 2577 523 2630 ‘Ac
554 2576 601 2629 si
630 2575 780 2628 dicat
812 2593 823 2628 :
860 2575 999 2627 Cum
1032 2573 1305 2643 coeperint
1335 2574 1571 2644 apostoli
1599 2574 1707 2626 mei
1741 2573 2041 2642 praedicare

441 2664 701 2719 Ecclesia
725 2663 795 2717 de
819 2662 1081 2733 gentibus
1120 2669 1495 2732 congregatae,
1543 2662 1591 2715 si
1639 2662 1781 2715 tales
1833 2660 2042 2713 fuerint

2198 1795 2223 1829 α
2268 1779 2450 1833 Vinea
2496 1778 2605 1833 fuit
2649 1780 2898 1851 paciﬁco,
2933 1790 2955 1833 δ
2990 1774 3047 1836 id
3074 1786 3159 1837 est
3201 1780 3405 1838 dilecto
3450 1800 3582 1849 meo,
3608 1782 3689 1853 qui

2123 1874 2208 1921 est
2236 1884 2401 1921 verus
2447 1867 2731 1938 paciﬁcus,
2781 1869 2914 1940 quia
2958 1880 3058 1941 per
3101 1882 3229 1925 eum
3273 1862 3552 1943 paciﬁcata
3578 1864 3690 1926 sunt

2123 1956 2314 2009 omnia
2343 1968 2465 2026 quas
2507 1963 2639 2011 sunt
2683 1957 2740 2011 in
2781 1956 2933 2011 c‘mlis
2968 1965 3023 2013 et
3067 1961 3125 2013 in
3169 1950 3344 2014 terra.
3377 1958 3548 2023 Unde,
3575 1964 3626 2013 et
3664 1962 3693 2013 a

2123 2043 2404 2114 Propheta
2434 2044 2605 2100 Pater
2638 2046 2814 2100 futuri
2831 2047 3014 2101 surculi
3026 2051 3303 2119 ,prin'ceps
3316 2050 3463 2120 pacis
3476 2048 3693 2119 appella-

2122 2137 2234 2196 tur,
2268 2133 2323 2186 in
2355 2133 2514 2203 cujus
2540 2133 2656 2187 veri
2686 2134 2899 2204 paciﬁci
2940 2140 3074 2207 typo
3120 2128 3389 2191 Salomon
3429 2137 3689 2207 paciﬁcus,

2124 2226 2319 2274 auctor
2367 2223 2533 2292 hujus
2578 2223 2843 2277 carminis
2890 2226 3192 2295 precessit.
3243 2222 3388 2279 Iluic
3433 2228 3557 2295 ergo
3601 2214 3695 2278 fuit

2127 2309 2304 2374 vinea,
2337 2309 2392 2362 id
2418 2316 2503 2363 est
2519 2317 2711 2363 sancta
2732 2308 2997 2365 Ecclesia.
3021 2318 3043 2363 ἀ
3079 2314 3143 2366 In
3170 2329 3237 2366 ea
3268 2329 3390 2383 quae
3419 2310 3579 2366 habet
3603 2321 3692 2383 po;

2122 2399 2302 2467 pulos.
2337 2420 2361 2447 ι»
2392 2398 2511 2451 Hoc
2541 2398 2678 2452 dicit
2721 2405 2785 2452 ut
2828 2417 2887 2453 se
2916 2399 2986 2455 de
3030 2400 3277 2455 Ecclesia
3305 2402 3569 2471 gentium,
3598 2410 3695 2453 non

2124 2486 2193 2539 de
2246 2487 2562 2556 Synagoga.
2611 2489 2932 2542 ostenderet
2970 2505 3187 2543 canere.
3239 2491 3381 2544 Nam
3425 2487 3695 2560 Synagoga

2125 2574 2291 2628 unius
2312 2576 2497 2644 gentis
2522 2574 2628 2629 fuit
2654 2582 2895 2630 tantum.
2920 2568 3165 2631 Ecclesia
3192 2595 3325 2632 vero
3352 2568 3519 2631 habet
3534 2591 3693 2647 p0pu-

2124 2664 2227 2725 los,
2259 2663 2391 2733 quia
2420 2678 2613 2717 omnes
2649 2671 2845 2734 gentes
2882 2665 3032 2719 intra
3075 2667 3503 2737 capacissimum
3548 2676 3695 2718 suum

443 2753 731 2808 auditores
756 2752 852 2823 qui
882 2752 1083 2805 merito
1131 2752 1489 2822 perfectionis
1534 2766 1729 2804 murus
1766 2749 2040 2820 appellari
2121 2751 2398 2820 gremium
2439 2752 2588 2822 capit
2629 2758 2687 2805 et
2731 2750 2949 2824 recipit.
2997 2772 3023 2805 α
3075 2747 3333 2808 Tradidit
3362 2772 3483 2809 eam
3525 2756 3695 2807 custo-

444 2842 679 2913 possint,
711 2842 848 2895 dum
874 2841 1133 2894 videlicet
1161 2841 1246 2893 vel
1272 2841 1518 2893 naturali
1548 2839 1774 2909 ingenio
1797 2838 2034 2909 praediti,
2122 2839 2303 2893 dibus.
2340 2858 2365 2889 ι
2392 2840 2664 2894 Custodes
2693 2840 2863 2911 hujus
2900 2841 3071 2895 vineae
3090 2842 3165 2907 (id
3188 2840 3277 2896 est
3298 2852 3500 2897 sanctis
3526 2830 3695 2895 Eccle-

442 2931 531 2984 vel
556 2928 939 3000 philosophica
967 2928 1280 2981 eruditione
1324 2936 1674 2998 praestantes,
1707 2927 1867 2997 quasi
1898 2927 2039 2979 alios
2122 2927 2232 2991 size)
2276 2932 2406 2981 sunt
2446 2929 2749 2998 prophetas,
2792 2929 3033 2999 apostoli
3064 2928 3555 3001 apostolorumque
3583 2942 3696 2982 suc-

445 3018 746 3072 defendere
776 3022 833 3070 et
858 3016 1079 3070 munire
1106 3012 1324 3087 possint
1353 3017 1470 3070 vice
1501 3017 1667 3080 muri,
1701 3017 2039 3069 mdiﬁcemus
2060 3014 2104 3075 C
2123 3030 2386 3073 cessares.
2425 3015 2548 3069 Sive
2577 3016 2745 3070 etiam
2778 3016 3036 3071 custodes
3057 3017 3225 3089 hujus
3256 3012 3443 3073 'saecu‘li
3474 3014 3599 3072 sunt
3614 3032 3697 3069 an-

447 3120 619 3174 super
638 3104 785 3156 hunc
805 3103 969 3156 talem
988 3119 1209 3156 murum
1240 3106 1655 3172 propugnacula
1681 3103 2038 3172 argenteaﬁd
2120 3106 2310 3174 gelicze
2341 3105 2591 3161 virtutes.
2627 3122 2748 3174 quae
2777 3104 2846 3158 ab
2880 3106 3197 3160 incursibus
3240 3109 3610 3162 tentationum
3652 3115 3699 3165 et

448 3197 552 3254 est,
582 3192 856 3245 addamus
876 3192 985 3244 illis
1012 3192 1232 3260 eloquia
1257 3192 1572 3244 divinarum
1596 3193 2034 3261 Scripturarum.
2123 3194 2438 3247 dmmonum
2489 3194 2791 3246 Ecclesiam
2835 3194 3175 3248 custodiunt.
3215 3213 3240 3245 α
3292 3180 3394 3249 Vir
3422 3192 3579 3249 affert
3613 3206 3699 3263 pro

446 3281 615 3346 Nam,
642 3286 706 3333 ut
725 3279 1022 3332 Psalmista
1050 3279 1213 3332 dicit:
1244 3296 1267 3329 «
1306 3280 1533 3348 Eloquia
1569 3280 1790 3332 Domini
1816 3280 2040 3349 eloquia
2124 3282 2308 3335 fructu
2333 3283 2451 3350 ejus
2478 3282 2632 3335 mille
2662 3287 2980 3351 argenteos.
3018 3302 3044 3335 υ
3069 3283 3251 3342 Viros.
3295 3284 3472 3338 fortes
3498 3282 3624 3336 dicit
3650 3280 3704 3333 et

447 3373 623 3433 casta,
675 3373 971 3438 argentum
1002 3367 1133 3437 igne
1164 3368 1563 3421 examinatum.
1602 3387 1626 3418 »
1664 3368 1719 3420 Si
1741 3384 1871 3421 vero
1900 3369 2041 3421 tales
2124 3369 2417 3438 perfectos.
2464 3384 2594 3421 nam
2639 3368 2724 3421 vir
2764 3386 2797 3423 a
2843 3370 3049 3423 virtute
3092 3370 3312 3424 dicitur.
3353 3371 3584 3425 Fructus
3613 3368 3705 3422 Ec-

445 3457 658 3512 fuerint
688 3456 973 3510 auditores
1003 3457 1096 3527 qui
1127 3472 1481 3527 nequaquam
1505 3456 1759 3509 hostibus
1777 3457 2040 3510 resistere
2123 3456 2303 3510 clesiae
2332 3462 2415 3509 est
2447 3456 2687 3509 cmlestis
2722 3457 2848 3510 vitae
2874 3459 3277 3521 remuneratio,
3320 3472 3425 3529 pro
3460 3472 3565 3530 qua
3594 3471 3705 3509 san-

444 3546 682 3616 possint,
731 3561 835 3599 nec
873 3546 986 3599 tela
1038 3552 1234 3598 contra
1279 3544 1561 3597 venientia
1611 3546 1899 3615 repellere,
1943 3546 2041 3599 sed
2124 3552 2212 3599 cta
2243 3544 2485 3598 Ecclesia
2514 3546 2570 3598 in
2604 3546 2859 3615 praesenti
2892 3546 3144 3600 laborare
3182 3563 3295 3600 non
3341 3554 3537 3602 cessat.
3568 3536 3705 3599 Hills

442 3635 654 3689 fuerint
680 3636 761 3688 vel
790 3635 995 3687 ostium
1027 3642 1091 3687 ut
1110 3632 1383 3703 simplicia
1406 3635 1804 3687 annuntiantes
1829 3636 2043 3703 possint
2126 3641 2313 3687 autem
2346 3634 2615 3701 argentei,
2652 3650 2791 3702 quos
2826 3650 2922 3703 pro
2960 3635 3147 3687 fructu
3180 3635 3263 3687 vir
3294 3636 3477 3698 aﬁ'ert,
3506 3633 3704 3705 signiﬁ-

447 3723 665 3793 aliquos
694 3723 750 3775 in
778 3722 1021 3775 Ecclesia
1071 3729 1129 3775 et
1176 3719 1245 3774 ad
1294 3720 1460 3773 ﬁdem
1511 3722 1806 3787 adducere,
1849 3724 2041 3792 quales
2124 3729 2254 3775 cant
2283 3722 2469 3775 omnia
2495 3738 2617 3790 qua:
2646 3721 2703 3774 in
2736 3721 2840 3774 hoc
2881 3722 3088 3775 mundo
3138 3722 3417 3791 possideri
3466 3721 3705 3792 possunt.

446 3816 581 3869 sunt
608 3810 923 3865 sacerdotes
950 3809 1182 3863 minoris
1210 3810 1438 3879 gradus,
1483 3810 1577 3879 qui
1623 3809 1955 3879 baptizando
1984 3811 2040 3864 in
2123 3810 2467 3864 Millenarius
2501 3810 2649 3862 enim
2698 3823 2968 3863 numerus
2994 3824 3093 3881 pro
3132 3825 3358 3863 summa
3383 3808 3706 3881 perfectione

446 3899 711 3964 Ecclesia,
747 3906 806 3953 et
833 3898 1034 3953 divinis
1069 3898 1352 3969 mysteriis
1382 3898 1657 3951 initiando
1700 3899 1954 3953 homines
1981 3900 2039 3952 in
2124 3903 2180 3952 et
2208 3898 2553 3969 plenitudine
2578 3898 2823 3967 ponitur.
2860 3899 2961 3951 Vir
2989 3914 3122 3967 ergo
3166 3910 3271 3968 pro
3306 3899 3495 3952 fructu
3543 3897 3700 3967 hujus

444 3988 746 4043 Ecclesiam
779 3987 1161 4043 introducunt.
1191 3986 1615 4057 compinga‘mus
1656 3987 1791 4039 illud
1834 3988 2040 4041 ostium
2124 3988 2297 4041 vineae
2328 3986 2481 4040 mille
2510 3991 2805 4055 argenteos
2834 3988 3014 4049 affert,
3039 3987 3171 4057 quia
3202 3988 3381 4040 sancti
3409 3988 3594 4041 omnia
3615 3998 3709 4038 sua

445 4077 654 4132 tabulis
703 4077 974 4142 cedrinis;
1002 4076 1062 4129 id
1088 4082 1193 4139 est,
1236 4090 1619 4145 proponamus
1666 4075 1748 4128 eis
1790 4076 2042 4145 exempla
2124 4077 2469 4146 relinquunt,
2493 4082 2549 4129 et
2568 4075 2908 4146 pauperibus
2927 4081 3265 4143 erogant.ut
3289 4076 3534 4130 fructum
3548 4074 3707 4143 hujus

445 4165 882 4237 precedentium
924 4170 1172 4234 patrum,
1204 4163 1319 4232 qui,
1352 4163 1525 4215 veluti
1563 4163 1731 4222 cedri,
1780 4164 2042 4234 imputri-
2125 4164 2297 4217 vineae
2321 4165 2442 4225 (hoc
2469 4169 2573 4228 est,
2607 4178 2907 4232 supernam
2932 4154 3706 4235 mercedemlconsequantur.

444 4252 580 4307 bilia
622 4254 881 4307 videlicet
920 4252 1090 4321 ligna,
1125 4251 1182 4303 id
1226 4257 1311 4305 est
1356 4248 1842 4304 immarcescibilia
1872 4253 2254 4323 operan'l‘ale
2284 4258 2371 4305 est
2396 4248 2735 4322 illud.quod
2776 4252 3046 4306 Dominus
3090 4253 3149 4306 iu
3198 4253 3499 4323 Evangelia
3537 4240 3705 4305 dicit:

445 4341 677 4405 habent,
710 4351 768 4394 et
791 4340 956 4393 veluti
988 4339 1192 4393 tabulae
1221 4339 1468 4393 scientiae
1501 4345 1560 4392 et
1589 4339 1878 4393 charitatis
1908 4339 2096 4394 ἰπὶ--
2128 4359 2154 4392 (ι
2192 4340 2386 4395 Simile
2410 4346 2495 4394 est
2520 4352 2760 4410 regnum
2806 4342 3071 4395 calorum
3100 4342 3369 4395 thesauro
3397 4339 3712 4395 abscondito

446 4430 645 4485 tudine
674 4428 863 4483 diffusi
890 4434 1038 4481 sunt.
1073 4427 1335 4481 Latitudo
1350 4426 2040 4483 enimtabularumlatitu-
2122 4430 2178 4483 in
2204 4446 2359 4500 agro,
2394 4440 2560 4500 quem
2593 4429 2688 4498 qui
2715 4429 2929 4484 invenit
2952 4430 3141 4492 homo,
3175 4429 3487 4491 abscOndit.
3521 4432 3577 4484 et
3600 4430 3708 4499 prae

446 4519 635 4576 dinem
664 4517 846 4573 c0rdis
883 4517 968 4571 vel
1004 4516 1250 4571 scientiae
1289 4516 1587 4586 signiﬁcat,
1630 4517 1850 4571 dicente
1880 4518 2040 4572 Psal-
2120 4518 2326 4589 gaudio
2346 4518 2501 4572 illius
2534 4518 2706 4585 vadit,
2741 4524 2799 4573 et
2834 4518 3026 4574 vendit
3055 4518 3243 4573 omnia
3282 4522 3407 4589 quae
3444 4518 3628 4583 habet,
3662 4516 3714 4569 et

446 4607 617 4663 mista
649 4625 660 4659 :
699 4626 724 4659 ι
752 4605 915 4659 Viam
944 4603 1335 4658 mandatorum
1374 4610 1599 4658 tuorum
1645 4605 1890 4672 cucurri,
1915 4621 2043 4660 cum
2126 4608 2266 4661 emit
2290 4622 2491 4677 agrum
2521 4607 2699 4661 illum.
2749 4624 2772 4658 ι

446 4696 716 4752 dilatares
738 4712 835 4751 cor
863 4710 1073 4749 meum.
1106 4713 1131 4742 ι
1160 4692 1260 4747 His
1289 4708 1424 4763 ergo
1453 4692 1697 4747 cedrinis
1714 4692 1944 4756 tabulis,
1968 4695 2042 4762 (id
2200 4714 2224 4745 α
2266 4694 2444 4748 Vinea
2474 4708 2600 4748 mea
2638 4708 2825 4748 coram
2875 4710 2965 4748 me
3000 4699 3111 4747 est.
3165 4715 3182 4740 ι
3219 4694 3339 4748 Vox
3378 4692 3596 4765 sponsi.
3636 4690 3714 4745 Tu

448 4790 536 4840 est
564 4789 888 4840 sanctorum
904 4780 1198 4853 exemplis)
1218 4781 1642 4851 compingamus
1656 4780 1794 4835 illud
1811 4782 2037 4849 ostium,
2127 4783 2349 4854 (inquit)
2381 4783 2522 4836 dicis
2552 4783 2685 4853 quia
2728 4783 2948 4837 vineam
2990 4790 3174 4836 meam
3212 4782 3427 4836 tradidi
3466 4779 3715 4835 custodi-

447 4878 516 4928 ut
534 4872 795 4927 videlicet
837 4872 1062 4925 illorum
1095 4870 1371 4924 imitanda
1406 4870 1660 4940 exempla
1700 4870 1824 4924 aliis
1850 4871 2041 4925 Eccle-
2123 4872 2245 4937 bus,
2276 4876 2466 4925 tamen
2496 4872 2659 4925 vinea
2680 4884 2911 4941 semper
2928 4886 3117 4925 coram
3150 4888 3240 4925 me
3274 4877 3376 4931 est,
3415 4869 3552 4941 quia
3592 4867 3717 4921 licet

450 4961 593 5015 siam
622 4960 945 5014 introeundi
969 4960 1142 5013 veluti
1173 4958 1377 5013 ostium
1402 4959 1639 5028 januam
1669 4958 1942 5029 aperiant.
2127 4973 2248 5014 eam
2266 4960 2588 5015 custodibus
2602 4960 2741 5013 meis
2755 4960 3263 5029 commiserim,ego
3276 4964 3472 5013 tamen
3498 4962 3715 5026 semper

521 5069 547 5097 α
582 5049 695 5118 Ego
736 5056 955 5113 murus,
1004 5054 1063 5100 et
1099 5046 1276 5101 ubera
1316 5063 1444 5101 mea
1472 5046 1618 5101 sicut
1643 5047 1837 5101 turris.
1870 5065 1896 5100 »
1926 5048 2045 5102 Vox
2128 5064 2319 5103 curam
2349 5048 2501 5102 illius
2536 5049 2734 5114 habeo,
2768 5058 2872 5102 nec
2904 5064 3010 5119 pro
3052 5047 3150 5101 illa
3196 5056 3418 5117 semper
3447 5045 3715 5100 sollicitus

447 5138 729 5194 Ecclesiae.
758 5137 891 5201 Quae
920 5152 1047 5191 cum
1078 5135 1328 5189 audisset
1357 5153 1458 5206 pro
1487 5153 1592 5191 sua
1622 5137 1803 5191 salute
1840 5152 2045 5191 consu-
2128 5154 2249 5191 esse
2273 5137 2500 5201 desisto,
2536 5138 2631 5191 sed
2662 5151 2788 5191 sum
2808 5150 2935 5191 cum
2958 5130 3053 5189 illa
3072 5150 3251 5206 usque
3272 5137 3342 5189 ad
3362 5144 3717 5189 consumma-

447 5226 661 5283 len‘tem
689 5226 956 5280 dilectum
984 5240 1170 5290 suum,
1198 5224 1325 5294 ipsa
1352 5225 1477 5279 laeta
1505 5225 1796 5295 respondit
1827 5243 1837 5277 :
1868 5246 1889 5276 ι
1927 5226 2042 5296 Ego
2124 5227 2335 5280 tionem
2367 5227 2617 5280 saeculi.«
2650 5220 2804 5279 Mille
2824 5220 2906 5279 tui
2928 5224 3162 5296 paciﬁci,
3185 5230 3243 5279 et
3262 5216 3487 5278 ducenti
3518 5223 3605 5276 his
3625 5219 3716 5291 qui

447 5331 578 5371 sum
605 5326 820 5380 murus,
854 5319 912 5368 et
939 5312 1114 5367 ubera
1138 5328 1268 5366 mea
1309 5313 1455 5367 sicut
1499 5314 1693 5367 turris.
1728 5333 1752 5365 ι
1788 5311 1901 5385 Ego
1932 5312 2043 5368 (in-
2125 5315 2450 5369 custodiunt
2472 5315 2691 5369 fructus
2716 5308 2859 5384 ejus.
2891 5331 2917 5366 ιι
2951 5308 3104 5368 Mille
3134 5301 3244 5379 tui,
3276 5306 3612 5368 subauditur
3636 5304 3718 5362 ar-

448 5402 940 5477 q'uitlm‘urusmgo
960 5408 1134 5473 supra
1150 5402 1371 5455 ﬁrmam
1390 5408 1611 5474 petram
1638 5403 1879 5457 fundata
1893 5417 2040 5469 sum.
2122 5405 2329 5475 gentei,
2362 5420 2500 5476 quos
2526 5414 2633 5475 pro
2673 5404 2846 5458 vineae
2877 5403 3089 5458 dedisti
3126 5402 3331 5464 fructu,
3370 5399 3589 5473 paciﬁci
3617 5395 3714 5452 tibi

448 5500 511 5553 et
540 5492 770 5567 glutino
807 5491 1009 5574 divinis
1048 5490 1344 5550 desita/tis
1380 5491 1641 5547 solidata.
1673 5492 1804 5548 Sive
1844 5504 2042 5548 murus
2123 5498 2274 5548 sunt.
2320 5490 2497 5557 Quasi
2532 5486 2748 5547 diceret
2786 5508 2798 5545 :
2832 5491 2888 5545 Ὁ
2930 5491 3122 5546 anima
3159 5482 3358 5560 ﬂdélis,
3398 5487 3522 5543 τιοῆ
3540 5483 3717 5542 ωδῆ
