3970 6150
240 274 325 359 isi

1122 263 1537 350 iaNAhRATiO
1580 278 1659 350 1N
1696 276 2013 351 CANTICA
2046 273 2535 352 CANTiCORUM.

3355 272 3459 360 ᾗδὲ

237 438 337 476 esse
358 436 447 490 pro
473 423 682 473 aeterna
713 416 989 482 mercede,
1016 432 1116 486 pro
1150 430 1261 486 qua
1289 414 1480 471 omnia
1507 415 1607 471 tua
1624 410 1786 472 'dedi-
1801 413 1854 480 Ᾱ
1869 408 2063 473 audiat
2080 412 2267 475 vocem
2291 412 2428 490 ejus,
2447 412 2545 474 illa
2564 437 2694 475 vero
2714 421 2973 475 hortatur
2990 438 3254 492 sponsum
3292 441 3456 480 suum

235 512 312 575 sti,
342 510 459 581 quia
486 509 637 563 mille
697 507 949 578 argentei
1000 507 1215 578 pacifici
1270 514 1403 562 sunt
1435 504 1557 570 tibi,
1594 496 1647 561 id
1688 514 1792 573 est,

233 605 396 653 manet
413 604 464 651 te
489 604 643 651 certa
663 597 758 650 illa
788 596 1185 661 remuneratio,
1210 604 1267 649 et
1295 613 1485 649 verum
1513 597 1643 650 inde
1682 597 1795 650 fru-

235 693 359 740 ctum
376 692 733 739 consecutura
749 702 826 738 es.
857 685 924 737 Et
951 683 1197 743 ducenti,
1221 684 1489 738 subaudis
1517 685 1790 754 argentei,

232 774 419 845 paciﬁci
437 780 567 826 sunt
589 774 677 827 his
703 773 799 844 qui
828 772 1152 826 custodiunt
1190 773 1404 825 fructus
1436 790 1609 827 meos.
1635 772 1796 827 Sicut

232 880 315 934 per
335 850 694 916 milleﬁai‘iuiu
740 847 1030 935 pl’éni‘tu‘do
1051 930 1057 935 Δ
1082 846 1457 935 permotionis,
1488 858 1568 916 sic
1610 848 1666 915 et
1694 850 1794 933 ι)θὶ-

229 926 583 1006 centenarium
610 926 833 1005 sumina
861 926 1129 1020 perieciio
1150 926 1647 1020 designétu'rhuia
1667 926 1793 1005 cen-

229 1040 449 1093 tenerius
488 1039 557 1092 de
588 1040 721 1093 laeva
749 1039 807 1092 in
837 1039 1124 1092 dexteram
1169 1038 1522 1091 transfertur.
1554 1040 1791 1093 Ducenti

227 1143 339 1197 ergo
357 1127 622 1195 argentei,
632 1127 727 1197 qui
743 1135 828 1180 est
841 1127 1158 1196 duplicatus
1172 1118 1547 1197 centeiiiii'ii’i's',
1572 1120 1791 1196 signiﬁ-

229 1222 339 1269 cant
362 1232 449 1268 eos
480 1215 579 1285 qui
606 1215 861 1268 doctrina
895 1221 952 1269 et
981 1220 1176 1268 sancta
1205 1206 1529 1285 operatione
1559 1200 1791 1286 perfecti

224 1308 353 1369 sunt,
378 1303 467 1372 qui
512 1304 666 1372 juste
713 1309 771 1356 et
818 1302 908 1373 pie
958 1303 1191 1356 vivendo
1220 1304 1553 1373 semetipsos
1606 1311 1789 1358 custo-

223 1391 378 1454 diunt,
411 1396 465 1444 et
520 1391 692 1444 etiam
746 1391 1098 1460 praedicando
1128 1391 1268 1444 alios
1304 1398 1653 1445 convertunt.
1688 1393 1790 1446 His

224 1495 335 1550 ergo
360 1478 565 1532 talibus
595 1479 819 1533 ducenti
846 1480 1096 1549 argentei
1126 1486 1257 1533 sunt
1283 1480 1660 1551 paciﬁci.quia
1683 1482 1792 1535 du-

222 1568 402 1638 plicata
429 1568 489 1620 in
508 1567 664 1621 caelis
685 1568 765 1621 eis
796 1574 987 1621 manet
1015 1550 1505 1623 remuneratiohe
1533 1550 1790 1639 qualibus

220 1673 304 1727 per
329 1656 615 1710 Danielem
646 1656 853 1710 dicitur
884 1674 895 1708 :
926 1676 953 1707 α
986 1657 1054 1710 Et
1082 1657 1177 1726 qui
1232 1657 1301 1710 ad
1347 1658 1628 1726 justitiam
1661 1675 1791 1712 eru-

1878 498 1947 561 ‘ut
1992 508 2185 578 fugiat.
2221 509 2331 563 Sed
2380 525 2588 580 magna
2616 517 2701 563 est
2742 509 2995 580 mysterii
3026 513 3452 581 consequentia.

1874 596 2017 649 Nam
2052 598 2185 665 quia
2211 598 2469 666 superius
2519 597 2784 667 praedicta
2822 597 3005 650 fuerat
3033 599 3240 652 Christi
3269 601 3468 653 nativi-

1876 690 1980 739 tas.
2015 700 2140 737 cum
2169 672 2340 738 dixit:
2379 706 2400 735 ε
2437 686 2571 748 Quis
2596 686 2758 739 dette
2787 685 3015 739 fratrem
3047 703 3233 740 meum
3265 704 3463 756 sugen-

1874 778 1986 825 tem
2016 773 2207 847 ubera.
2258 791 2285 825 »
2307 773 2580 847 Priudicta
2605 775 2750 827 enim
2776 775 2964 827 fuerat
2994 774 3113 847 ejus
3138 775 3341 847 passio,
3365 776 3464 829 ubi

1874 791 1986 825 tem
2016 791 2207 826 ubera.
2258 791 2285 825 »
2307 791 2580 847 rrzcaicta
2605 791 2750 827 enim
2776 791 2964 827 ruerat
2994 791 3113 843 ejus
3178 791 3341 839 assio,
3365 791 3464 829 1101

1874 850 2081 914 di’ctuin
2106 846 2192 915 est
2216 880 2226 913 :
2256 882 2276 911 ε
2318 845 2435 916 ἒυῦ
2466 844 2663 939 arbore
2692 856 2839 916 malo
2865 791 3229 939 suscitavii‘e,
3258 886 3280 910 ι»
3316 879 3465 917 nunc

1874 936 2280 1020 cdns’éQuenier
2306 934 2566 1005 hortatur
2593 946 2861 1022 sp'onSuin
2901 959 2966 1005 ut
3013 934 3210 1021 i’ugiat,
3245 951 3351 1005 hoc
3379 957 3466 1005 est

1872 1039 2217 1092 velocissime
2244 1056 2343 1109 per
2363 1040 2745 1094 ascensionem
2773 1041 2844 1094 ad
2902 1042 3127 1094 Patrem
3158 1041 3367 1094 redeat.
3396 1042 3466 1095 Et

1870 1122 1959 1203 est
1987 1118 2183 1203 sensus
2217 1145 2228 1180 :
2262 1116 2432 1181 iubes
2462 1145 2549 1182 me
2578 1129 2924 1199 praedicare?
2960 1131 3040 1183 vis
3068 1147 3256 1184 vocem
3279 1148 3464 1185 meam

1872 1198 2108 1269 audire?
2136 1198 2286 1285 iuge,
2315 1216 2518 1269 dilecte
2576 1198 2673 1281 mi,
2707 1217 2762 1270 id
2801 1223 2905 1281 est,
2939 1219 3167 1288 impleto
3199 1220 3463 1273 incarna-

1870 1304 2042 1357 tionis
2072 1310 2185 1357 ωδε
2216 1309 2273 1357 et
2301 1304 2577 1374 passionis
2610 1306 2901 1375 mysterio,
2934 1312 3210 1360 revertere
3262 1308 3332 1361 ad
3359 1325 3466 1361 cae-

1872 1392 2008 1454 lum,
2036 1398 2099 1445 ut
2123 1408 2234 1445 non
2256 1394 2366 1462 jam
2393 1398 2450 1445 te
2484 1392 2631 1445 sicut
2670 1393 2974 1455 hominem,
3010 1394 3103 1446 sed
3117 1394 3262 1447 sicut
3283 1395 3465 1448 Deum

1872 1497 2042 1551 super
2061 1481 2248 1534 omnia
2298 1480 2545 1553 cogitare
2577 1481 2839 1551 incipiam
2893 1482 3048 1535 Tunc
3084 1481 3230 1535 enim
3272 1483 3466 1536 audies

1873 1576 2062 1623 rccem
2079 1568 2283 1631 meam,
2307 1568 2583 1638 quiatunc
2607 1576 2662 1622 te
2684 1570 2917 1623 liberius
2933 1570 3080 1623 omni
3108 1570 3314 1624 mundo
3330 1588 3467 1640 prae-

1871 1658 2085 1709 dicabo.
2122 1657 2189 1710 Et
2212 1658 2315 1710 hoc
2347 1662 2432 1710 est
2455 1658 2602 1727 quod
2634 1657 2905 1711 Dominus
2956 1658 3014 1711 in
3047 1659 3345 1728 Evangelio
3376 1658 3465 1712 di-

217 1742 358 1796 diunt
381 1745 609 1805 multos,
639 1743 933 1814 fulgebunt
969 1744 1127 1814 quasi
1181 1744 1357 1798 stellae
1384 1745 1441 1798 in
1485 1742 1790 1815 perpetuas
1813 1738 1950 1826 'Bcit
1982 1760 1993 1795 :
2034 1766 2058 1792 ιι
2092 1737 2205 1813 Ego
2228 1745 2520 1798 veritatem
2565 1746 2688 1798 dico
2744 1744 2915 1808 vobis,
2948 1746 3170 1815 expedit
3219 1745 3374 1799 vobis
3401 1752 3467 1800 ut

221 1832 562 1885 aeternitates.
603 1852 622 1882 ο
657 1833 772 1886 Hos
801 1833 948 1887 enim
979 1833 1281 1903 Apostolus
1312 1833 1610 1903 dupliciter
1630 1832 1795 1903 jubet

219 1919 484 1983 honorari,
527 1920 755 1974 dicens:
794 1940 816 1970 ι
850 1914 1170 1991 Presbyteri
1212 1921 1308 1991 qui
1355 1920 1410 1975 in
1441 1902 1600 1975 nobis
1639 1912 1790 1987 sunt,

217 2006 400 2077 duplici
430 2008 648 2071 honore
674 2008 828 2078 digni
859 2009 1193 2073 habeantur,
1245 2011 1488 2064 maxime
1525 2010 1621 2080 qui
1650 2027 1794 2082 prte-

216 2103 331 2150 sunt
356 2096 538 2160 vobis,
572 2104 630 2151 et
656 2096 915 2151 taborant
943 2099 1002 2151 in
1032 2098 1218 2153 verbo.
1253 2116 1275 2148 ι

279 2185 450 2248 «Qum
481 2184 711 2240 habitas
756 2187 815 2240 in
873 2184 1072 2247 hortis,
1105 2187 1272 2241 amici
1323 2180 1662 2253 auscultant,
1706 2188 1793 2242 fac

213 2289 289 2327 me
309 2274 500 2328 audire
532 2292 722 2328 vocem
755 2281 929 2329 tuam.
954 2295 980 2328 »
1004 2274 1127 2355 Vox
1156 2276 1626 2353 dilecti‘sponsam
1658 2272 1792 2331 allo-

215 2364 445 2432 quentis:
471 2352 525 2419 Ο
551 2364 813 2429 Ecclesia,
843 2380 965 2434 quae
1012 2352 1231 2419 habitas
1262 2365 1318 2419 in
1348 2352 1545 2428 hortis,
1597 2367 1653 2419 id
1685 2371 1787 2431 est,

214 2466 316 2519 que
334 2452 649 2505 excolendis
668 2452 936 2505 virtutum
954 2450 1305 2522 germinibus
1324 2453 1555 2507 insistis.
1584 2455 1791 2507 Hortus

213 2539 393 2592 etenim
432 2538 564 2609 ipsa
596 2536 838 2594 Ecclesia
861 2546 962 2597 est.
989 2538 1156 2610 quam
1183 2536 1263 2607 (u't
1304 2538 1561 2611 superius
1580 2538 1792 2595 dictum

214 2628 305 2696 est)
327 2627 524 2680 crebro
553 2645 612 2682 se
666 2628 946 2697 promittit
992 2629 1248 2682 invisere.
1284 2618 1527 2683 Ecclesia
1564 2646 1696 2699 ergo
1735 2630 1793 2684 in

211 2712 368 2768 hortis
394 2704 639 2775 habitat.
663 2717 797 2787 quia
827 2718 1107 2787 plantaria
1132 2718 1403 2772 virtutum
1431 2720 1654 2773 assidue
1684 2737 1794 2773 nu-

211 2803 315 2866 trit,
342 2820 444 2858 nec
471 2805 805 2859 transitorie
832 2806 1115 2860 modicum
1165 2820 1473 2872 recessum,
1506 2804 1583 2861 ibi
1620 2815 1793 2878 tugu-

208 2891 337 2945 rium
357 2893 540 2963 ponit,
560 2895 657 2947 sed
687 2893 795 2947 ﬂxa
825 2894 1067 2949 statione
1096 2892 1329 2949 habitat.
1378 2915 1401 2947 «
1436 2896 1544 2950 Fac
1574 2898 1682 2961 me,
1711 2897 1792 2950 in-

214 2964 335 3049 quit,
364 2982 565 3056 audire
592 2978 786 3036 vocem
835 2990 1013 3047 tuam,
1048 3004 1070 3034 ι
1101 2984 1155 3037 id
1187 2989 1289 3050 est,
1320 2974 1560 3055 pradica
1593 2982 1793 3056 quibus

213 3058 344 3122 vales
388 3050 787 3140 Evangelium,
845 3079 1122 3143 praecepta
1171 3050 1492 3143 mese—legis
1531 3050 1701 3127 simul
1739 3081 1796 3129 et

212 3150 534 3236 promissum
579 3158 887 3212 caelestium
938 3160 1295 3230 praemiorum
1344 3163 1635 3216 annuntia.
1680 3153 1798 3216 Hoc

213 3244 342 3298 enim
371 3242 516 3300 mihi
544 3247 857 3317 jucundum
878 3255 934 3302 et
962 3248 1289 3303 delectabile
1314 3244 1417 3307 est.
1464 3242 1529 3304 ut
1570 3243 1797 3306 audiam

214 3328 379 3387 vocem
405 3341 591 3401 tuam,
625 3336 731 3390 hoc
761 3322 845 3389 est
877 3332 942 3390 ut
996 3326 1222 3391 audiam
1282 3342 1339 3393 te
1396 3338 1568 3392 verba
1600 3339 1798 3394 salutis

214 3410 415 3479 aeternae
453 3424 916 3478 annuntiantem.
977 3412 1080 3479 Sed
1119 3442 1146 3477 α
1177 3426 1341 3480 amici
1398 3429 1736 3486 auscultant,
1772 3447 1795 3478 ι

214 3508 263 3563 id
287 3520 389 3575 est,
414 3514 662 3583 angelici
694 3515 926 3584 spiritus
973 3529 1161 3567 vocem
1214 3521 1370 3568 tuam
1429 3517 1626 3571 audire
1653 3518 1801 3571 dele-

219 3604 377 3662 ctant,
396 3602 549 3679 quos
566 3598 667 3655 tibi
693 3602 902 3655 amicos
921 3600 1018 3655 feci
1045 3602 1313 3656 etTUSione
1345 3602 1633 3679 sanguinis
1665 3605 1795 3672 mei,

216 3670 448 3760 quosque
481 3670 777 3761 adjutores
821 3695 877 3744 et
929 3698 1273 3761 protectores
1302 3670 1497 3747 contra
1525 3670 1801 3764 malignos

216 3776 427 3847 spiritus
447 3766 697 3834 institui.
718 3781 846 3838 Sive
861 3780 1044 3843 amici,
1067 3780 1243 3844 idest,
1260 3780 1540 3851 justorum
1574 3784 1806 3853 spiritus

215 3868 542 3931 auscultant,
572 3883 712 3938 quos
738 3870 807 3921 de
836 3876 933 3922 tuo
964 3874 1107 3921 coetu
1135 3869 1202 3921 ad
1236 3885 1325 3943 me
1352 3869 1408 3922 in
1440 3871 1685 3925 caelestia
1713 3887 1806 3924 as-

217 3955 429 4019 sumpsi.
464 3953 601 4026 Ips’e
633 3955 780 4009 enim
816 3952 886 4009 de
915 3958 1016 4009 tua
1052 3948 1448 4031 praedicatione
1481 3963 1537 4010 et
1568 3956 1805 4011 fratrum

217 4041 379 4095 salute
402 4038 787 4114 congaudent.
809 4040 1132 4116 Respondet
1161 4040 1453 4098 confestim
1469 4043 1591 4115 ipsa
1602 4040 1810 4115 sponsa

219 4126 401 4186 dilecto
430 4140 539 4186 suo
565 4150 576 4186 :

282 4237 306 4268 ι
337 4220 515 4291 Fuge,
547 4221 751 4275 dilecte
784 4222 889 4284 mi,
920 4220 979 4276 et
1013 4221 1327 4277 assimilare
1373 4220 1586 4294 Capreae
1606 4223 1809 4277 hinnu-

219 4304 370 4376 loqu'e
394 4314 699 4389 cervorum
730 4308 898 4381 super
953 4316 1172 4365 montes
1224 4306 1558 4389 aromatum.
1609 4328 1632 4362 ι
1668 4312 1810 4367 Mira

1876 1849 1977 1901 ego
2009 1833 2221 1886 vadam.
2254 1853 2278 1905 in
2314 1833 2655 1904 Expediebat
2706 1834 2855 1889 enim
2916 1834 3183 1904 apostolis
3221 1841 3278 1888 et
3314 1835 3467 1888 omni

1876 1918 2129 1974 Ecclesiae
2160 1927 2223 1975 ut
2251 1910 2505 1975 Christus
2536 1921 2763 1985 rediret,
2794 1908 2850 1974 et
2887 1922 3241 1991 praesentiam
3273 1938 3465 1993 corpo-

1873 2009 2049 2062 ralem
2081 2008 2555 2079 absentaret,quia
2577 2010 2710 2063 dum
2728 2009 2782 2062 in
2805 2025 3037 2079 corpore
3059 2026 3300 2080 praesens
3321 2017 3461 2077 erat,

1871 2110 1982 2149 non
2009 2104 2270 2167 poterant
2296 2097 2423 2152 eum
2454 2098 2656 2168 spiritu
2673 2098 2839 2151 aliter
2856 2110 3186 2161 amare,non
3206 2105 3468 2169 poterant

1875 2200 2003 2238 eum
2034 2196 2198 2255 quem
2229 2184 2513 2240 hominem
2544 2185 2866 2252 cernebant,
2902 2192 2964 2239 ut
2989 2178 3170 2240 Deum
3216 2181 3467 2241 invisibi-

1871 2256 1983 2326 iem
2013 2280 2069 2326 et
2092 2272 2304 2347 ubique
2362 2278 2689 2351 praesentem
2752 2275 3016 2345 cogitare.
3049 2264 3122 2329 At
3170 2274 3466 2349 postquam

1872 2361 1990 2432 ipse
2005 2363 2174 2416 ccelos
2193 2364 2464 2428 ascendit,
2488 2365 2657 2434 cmpit
2669 2379 2798 2417 eum
2822 2364 3065 2417 Ecclesia
3098 2364 3470 2434 spiritualiter

1874 2451 2125 2520 diligere,
2154 2458 2211 2504 et
2237 2451 2317 2505 sic
2340 2453 2458 2522 jam
2492 2453 2667 2506 Deum
2696 2451 2943 2521 cogitare
2972 2459 3030 2505 et
3056 2446 3471 2522 pres-dicarem

1874 2539 1977 2592 hoc
2006 2546 2091 2593 est
2145 2540 2292 2611 quod
2338 2530 2638 2611 Apostolus
2668 2540 2803 2593 dicit
2836 2560 2845 2593 :
2888 2558 2914 2592 α
2950 2535 3019 2593 Et
3049 2538 3096 2593 si
3135 2534 3469 2593 noveramus

1875 2628 2158 2682 Christum
2192 2630 2498 2683 secundum
2517 2644 2764 2695 carnem,
2783 2620 2880 2682 sed
2912 2645 3061 2682 nunc
3083 2629 3202 2698 jam
3235 2624 3347 2682 non
3376 2645 3472 2682 no-

1874 2717 2074 2771 vimus.
2103 2736 2129 2769 σι
2156 2704 2316 2787 Ergo,
2350 2710 2551 2772 dilecte
2581 2718 2678 2783 mi,
2712 2717 2759 2771 si
2812 2718 2891 2771 vis
2949 2717 3029 2771 ita
3077 2734 3165 2770 me
3190 2723 3246 2770 te
3276 2717 3472 2787 praedi-

1874 2820 2019 2863 care,
2047 2805 2179 2874 fuge
2206 2807 2286 2875 (id
2324 2814 2408 2859 est
2434 2802 2647 2885 recede!
2681 2806 2751 2859 ad
2799 2806 3069 2867 caalestia,
3103 2812 3160 2858 et
3187 2806 3282 2876 qui
3312 2802 3471 2858 fuisti

1874 2893 2391 2964 comprehensibilis
2420 2911 2519 2965 per
2542 2888 2974 2961 humanitatem,
3000 2894 3221 2948 efﬁcere
3246 2894 3467 2947 incom-

1878 2976 2268 3051 prehensibilis
2302 2982 2400 3053 per
2446 2982 2819 3049 divinitatem,
2848 2974 3235 3055 verumtamen
3281 2980 3351 3036 ne
3380 2990 3472 3037 me

1878 3069 1938 3123 in
1951 3071 2211 3140 praesenti
2229 3071 2350 3126 sine
2379 3068 2478 3125 tua
2497 3071 2815 3125 visitatione
2845 3072 3090 3136 deseras,
3114 3071 3212 3125 sed
3238 3071 3472 3140 dignare

1879 3174 1969 3211 me
2008 3159 2203 3213 crebra
2251 3170 2350 3214 tua
2405 3158 2722 3213 visitatione
2768 3160 3075 3229 requirere,
3136 3159 3387 3230 mihique
3415 3166 3473 3214 te

1882 3248 2083 3317 saepius
2111 3246 2411 3303 videndum
2436 3247 2703 3325 praebere.
2738 3244 2806 3325 Et
2845 3246 2950 3301 hoc
3003 3246 3088 3302 est
3112 3244 3259 3319 quod
3290 3240 3426 3302 dicit
3452 3242 3469 3302 ξ

1888 3356 1910 3386 (
1950 3336 2160 3390 Similis
2190 3346 2311 3391 esto
2334 3340 2547 3408 capreae
2594 3328 2942 3408 hinnuloque
2995 3336 3282 3413 cervorum
3306 3332 3476 3410 super

1882 3432 2103 3479 montes
2134 3422 2675 3480 aromatum.»Sicut
2696 3426 2913 3496 (inquit)
2939 3442 3152 3497 capreae
3168 3432 3227 3480 et
3255 3425 3476 3479 hinnuli

1882 3528 2172 3568 cervorum
2204 3515 2478 3568 indomita
2504 3515 2773 3568 animalia
2792 3516 3101 3569 humanum
3131 3515 3472 3568 consortium

1882 3602 2187 3672 refugiunt,
2217 3610 2275 3657 et
2302 3609 2491 3656 tamen
2522 3600 2772 3656 crebrius
2800 3602 2859 3656 in
2877 3600 3159 3656 montibus
3191 3602 3471 3664 videntur,

1888 3691 1967 3744 sic
1998 3697 2052 3744 et
2082 3701 2141 3745 tu
2167 3694 2291 3761 post
2346 3676 2500 3745 tuam
2548 3692 2950 3753 asCensionem,
2981 3690 3108 3744 licet
3162 3684 3473 3758 invisibilis,

1888 3766 2122 3852 dignare
2152 3781 2289 3833 mihi
2311 3787 2501 3834 tamen
2522 3781 2723 3850 saepius
2751 3780 2898 3834 dono
2926 3788 3037 3834 tuae
3077 3780 3274 3850 gratiae
3302 3796 3478 3851 appap

1887 3886 2032 3929 rere,
2059 3876 2115 3922 et
2148 3870 2249 3921 hoc
2264 3886 2433 3939 super
2459 3876 2677 3921 montes
2728 3874 3065 3922 aromatum.
3099 3870 3317 3922 Montes
3347 3878 3477 3922 aro-

1886 3956 2103 4007 matum
2134 3954 2315 4005 sancti
2346 3952 2446 4006 Dei
2473 3959 2622 4016 sunt,
2657 3950 2985 4006 excellentia
3021 3948 3226 4006 saneta)
3254 3948 3480 4005 Canv‘er-

1887 4042 2121 4096 sationis
2154 4040 2290 4095 ccelo
2321 4041 2580 4112 proximi,
2608 4046 2665 4096 et
2693 4041 2865 4095 odore
2912 4038 2980 4095 ac
3027 4040 3178 4093 fama
3206 4028 3476 4094 virtutum

1888 4122 2053 4202 longe
2082 4132 2304 4200 lateque
2333 4122 2664 4201 fragrantes.
2700 4130 2836 4187 Hinc
2862 4116 3163 4201 Apostolus
3183 4128 3254 4183 de
3275 4142 3335 4182 se
3367 4127 3478 4182 sui-

1891 4237 2000 4291 que
2029 4219 2306 4273 similibus
2333 4220 2469 4273 dicit
2498 4231 2511 4266 :
2548 4240 2569 4269 ι
2604 4217 2812 4274 Nostra
2837 4216 3184 4274 Conversatio
3238 4218 3298 4272 in
3326 4217 3480 4272 caelis

1890 4317 1993 4364 est.
2027 4326 2053 4360 »
2077 4306 2148 4363 Et
2176 4306 2308 4363 alibi
2335 4323 2347 4358 :
2384 4328 2406 4359 «
2432 4296 2641 4363 Christi
2667 4306 2849 4364 bonus
2869 4302 3012 4364 'odor
3030 4308 3225 4364 sumus
3243 4304 3479 4362 inomni

218 4388 518 4467 respOnsio.
546 4380 831 4454 invitatur
854 4397 923 4452 ad
952 4386 1455 4470 praedicandumm't
1484 4388 1549 4454 ut
1575 4392 1866 4470 sponsuSD
1886 4399 2028 4453 loco.
2064 4421 2092 4448 υ
