3970 6150
505 201 3727 248 mh

1474 248 2784 524 HAYMONIS

1590 613 2272 670 HALBERSTATENSIS
2311 616 2641 671 EPISCOPI

753 705 964 953 1N
1035 783 1668 954 DIVINI
1741 791 2344 954 PAULI
2417 792 3490 959 EPISTOLAS

1627 1061 2634 1176 EXPOSITIO

1177 1259 1364 1325 (Juxta
1390 1255 1696 1310 editionem
1725 1255 2055 1328 principem,
2087 1273 2235 1312 anno
2267 1258 2402 1314 1519
2432 1260 2792 1330 Argentorati
2820 1261 3007 1316 datam
3039 1267 3106 1331 ι).

1501 1495 2153 1572 OTTOMARUS
2195 1494 2762 1572 LUSCINIUS

1728 1675 1894 1720 αυλις
1936 1674 2258 1720 PONTIFICII
2299 1676 2534 1722 DOCTOR

1119 1817 1330 1873 SIXTO
1369 1799 1778 1881 HERMANNI,
1813 1820 2050 1887 parocho
2088 1821 2213 1872 Divi
2257 1820 2468 1873 Thomas
2504 1819 2940 1885 Argentinensis,
2983 1817 3041 1873 s.
3081 1819 3149 1874 D.

569 1968 630 2024 Si
654 1967 796 2022 votis
833 1971 1251 2040 proﬁceremus,
1281 1977 1451 2040 atque
1480 1987 1545 2024 eo
1571 1971 1922 2040 potissimum
1943 1971 2154 2040 quis-A
2175 1971 2359 2024 omnis
2387 1970 2717 2024 litteratum
2738 1977 3011 2040 expertes,
3042 1976 3162 2023 tum
3193 1986 3324 2023 vero
3361 1970 3559 2023 horum
3587 1969 3736 2022 etiam

539 2055 612 2112 ue
631 2047 1055 2112 promoveretur
1079 2059 1189 2112 quo
1214 2041 1452 2095 maxime
1473 2042 1659 2109 vellet,
1688 2059 1838 2095 nunc
1860 2042 2014 2096 aliud
2039 2043 2095 2094 in
2179 2042 2273 2111 qui
2305 2041 2484 2094 titulis
2500 2041 2762 2112 inanibus
2774 2041 3016 2094 doctoris
3032 2040 3366 2112 gloriantur,
3389 2041 3538 2112 dictu
3555 2041 3738 2093 mirum

499 2057 609 2161 que
631 2057 1055 2110 promoveretur
1079 2059 1189 2112 quo
1214 2058 1452 2095 max1me
1473 2057 1659 2109 vellet,
1688 2059 1838 2095 nunc
1860 2057 2014 2096 anuu
2039 2057 2094 2094 in

537 2110 778 2164 esiderio
800 2113 1121 2166 mortalium
1154 2113 1358 2166 videris
1377 2114 1594 2166 caeteris
1615 2114 1900 2174 anteferri,
1920 2113 2094 2178 Sixte,

2179 2119 2446 2182 quantam
2471 2111 2691 2164 zizanite
2713 2112 2816 2164 vim
2859 2112 2914 2164 in
2944 2118 3251 2165 sementem
3283 2111 3491 2164 Christi
3507 2127 3740 2180 consper-

493 2179 698 2254 litteris
719 2187 776 2235 et
794 2182 1115 2252 integritate
1126 2183 1464 2252 spectabilis,
1489 2200 1655 2253 quam
1671 2185 1815 2254 quod
1839 2189 1900 2238 tu
1923 2183 2094 2237 veluti
2175 2179 2518 2250 gereFallor
2532 2183 2576 2236 si
2600 2199 2708 2235 non
2731 2183 2883 2254 mille
2899 2182 3348 2254 superstitiones,
3372 2183 3522 2235 mille
3541 2179 3738 2254 praesti-

495 2251 721 2306 unicum
756 2251 958 2323 scope’n
993 2254 1137 2324 plebi
1160 2251 1704 2308 ’Christianae'etiani
1725 2263 1893 2324 atque
1923 2254 2093 2308 etiam
2174 2254 2297 2321 gias
2325 2259 2381 2305 et
2406 2254 2637 2306 totidem
2669 2253 2902 2324 anilium
2934 2252 3246 2306 fabularum
3296 2251 3740 2306 deliramentain-

494 2323 779 2392 pr0ponis,
801 2323 1026 2394 repetis.
1050 2325 1316 2389 inculcas;
1338 2341 1539 2394 nempe
1555 2323 1824 2378 bonorum
1839 2326 2090 2378 omnium

494 2393 941 2459 afﬂuentiam,et
966 2395 1278 2448 absolutam
1304 2393 1604 2465 quamdam
1630 2396 1950 2450 felicitatem
1973 2396 1997 2448 ?
2027 2397 2089 2450 ld

493 2470 581 2538 est
601 2481 735 2518 sane
757 2467 900 2538 quod
919 2467 1254 2534 jamdudum
1277 2467 1616 2536 indagarunt
1631 2467 2088 2538 philosophorum

493 2535 725 2608 diversae
755 2537 996 2598 familiae,
1032 2553 1354 2607 quanquam
1385 2535 1552 2608 paulo
1585 2535 1894 2601 remissius,
1923 2539 1978 2591 id
2005 2545 2089 2591 est

493 2607 641 2676 quod
668 2623 832 2661 nemo
857 2608 1107 2661 omnium
1135 2625 1244 2662 non
1299 2607 1675 2678 maximopere
1706 2610 2082 2680 concupiscat,

492 2693 660 2750 nemo
689 2694 801 2730 non
849 2686 1006 2749 optet
1042 2696 1163 2733 esse
1194 2695 1360 2750 quam
1413 2680 1930 2749 praesentissimum.
1975 2681 2083 2733 Sed

491 2747 656 2820 longe
684 2766 844 2803 secus
873 2747 1056 2804 evenit
1083 2747 1253 2820 atque
1273 2747 1582 2819 cogitamus
1605 2752 1878 2812 futurum,
1906 2751 2084 2804 ardua

491 2819 645 2873 ducit
671 2821 740 2872 ad
772 2820 876 2874 hoc
905 2821 1088 2890 ipsum
1141 2819 1226 2874 via
1278 2821 1424 2891 quod
1456 2830 1539 2874 est
1595 2839 1898 2881 summum,
1943 2823 2081 2875 nulli

491 2897 688 2962 sponte
717 2907 781 2962 ac
811 2899 1013 2960 praiter
1041 2892 1244 2945 merita
1290 2895 1522 2946 ollertur
1559 2893 1782 2962 quando
1821 2893 2082 2946 sudorem

491 2960 660 3012 etiam
695 2961 906 3034 virtuti,
935 2979 1060 3016 cum
1089 2969 1146 3014 et
1185 2963 1438 3016 ethnicus
1489 2960 1766 3034 qui—spiam
1807 2964 2084 3032 attingere

489 3037 692 3099 potest,
729 3032 882 3104 Deus,
905 3033 1274 3104 proposuerit.
1305 3034 1386 3086 Ad
1410 3032 1692 3088 summum
1733 3035 1906 3104 igitur
1943 3035 2086 3088 istuc

489 3101 860 3172 conscendere
873 3103 1305 3172 haudquaquam
1331 3105 1606 3172 possimus
1627 3105 1734 3158 nisi
1747 3101 1873 3158 eum
1889 3105 2080 3159 tollem

488 3170 583 3240 qui
600 3187 854 3245 summus
873 3170 1286 3245 estteneamus.
1331 3170 1454 3244 ipse
1476 3181 1560 3227 est
1580 3179 1671 3245 qui
1695 3177 1837 3229 viam
1869 3193 1991 3229 sese
2011 3177 2082 3230 ad

2177 2325 2382 2388 venias,
2417 2341 2540 2394 quze
2569 2324 2773 2376 sensim
2794 2323 2850 2376 in
2881 2323 3253 2377 Christianam
3278 2325 3595 2393 religionem
3623 2325 3739 2376 irre-

2174 2395 2406 2463 pserint,
2433 2411 2540 2448 non
2564 2400 2680 2447 tam
2709 2395 2876 2447 aliam
2900 2395 2969 2448 ob
2998 2411 3223 2448 causam
3252 2411 3422 2464 quam
3470 2395 3596 2465 quia
3621 2394 3741 2448 divi-

2173 2481 2275 2518 nas
2303 2465 2428 2518 illas
2451 2467 2666 2518 litteras
2710 2465 2795 2517 vel
2849 2482 3078 2534 prorsus
3132 2481 3243 2518 non
3285 2467 3628 2535 attingimus,
3665 2465 3736 2517 vel

2170 2535 2312 2588 forte
2327 2537 2584 2604 frigidius
2605 2541 2704 2588 aut
2734 2536 2934 2588 minori
2962 2536 3278 2600 sedulitate,
3303 2537 3602 2599 fervore,ac
3622 2551 3738 2589 cura

2171 2623 2336 2677 quam
2369 2623 2472 2676 par
2501 2613 2640 2660 erat.
2691 2607 2920 2660 Scatent
2950 2614 3140 2660 nostro
3170 2623 3284 2660 aevo
3338 2607 3562 2677 passim,
3601 2608 3739 2660 inex-

2167 2676 2642 2748 haustaquadam
2673 2677 2906 2732 colluvie
2937 2678 3308 2748 quaestionum
3337 2676 3544 2738 omnia,
3571 2677 3741 2731 factio-

2167 2763 2266 2800 nes
2277 2747 2706 2818 sopliisticarum
2720 2747 3067 2817 argutiarum
3083 2755 3195 2802 tam
3209 2749 3283 2801 im
3292 2765 3488 2803 menso
3497 2756 3742 2818 tanquam

2168 2819 2319 2870 vario
2360 2820 2615 2872 examine
2645 2825 2971 2888 eruperunt,
3004 2825 3067 2872 ut
3094 2835 3314 2872 summo
3346 2822 3517 2874 etiam
3539 2818 3740 2889 ingenio

2168 2889 2415 2958 praeditis
2435 2891 2572 2942 satis
2602 2890 2812 2942 factum
2870 2891 3125 2943 videatur
3173 2891 3218 2942 si
3271 2903 3396 2958 post
3441 2891 3741 2943 innumeros

2167 2961 2478 3013 exantlatos
2494 2961 2711 3014 labores
2731 2961 2814 3013 vel
2833 2977 2957 3014 sero
2981 2961 3514 3014 tandemThomistae
3537 2975 3736 3022 nomen,

2168 3031 2418 3084 Scotistze
2445 3038 2545 3084 aut
2572 3031 2880 3086 Occanistaa
2907 3031 3012 3084 sibi
3045 3032 3208 3084 liceat
3242 3031 3543 3086 vindicare.
3575 3033 3736 3100 Atque

2167 3101 2382 3154 interea
2413 3103 2539 3170 quis
2562 3115 2646 3156 est
2675 3102 2768 3171 qui
2793 3103 2844 3155 in
2877 3103 2998 3172 lege
3029 3103 3249 3156 Domini
3280 3103 3403 3156 dies
3460 3102 3738 3172 meditetur

2165 3172 2506 3244 noctesque?
2533 3174 2670 3227 Cum
2691 3189 2758 3226 ne
2778 3173 2929 3244 aliud
2944 3171 3175 3242 quidem
3211 3173 3319 3226 dici
3354 3173 3610 3244 possitad
3629 3171 3737 3225 bea-

489 3257 712 3316 su_mma
739 3243 1080 3316 enitentibus
1103 3243 1430 3316 adfuturum
1463 3243 1646 3314 palam
1679 3247 1992 3316 pollicetur,
2021 3254 2084 3300 ut
2103 3245 2144 3303 Β
2165 3243 2464 3316 ῐὶιυςίίηεξῐῐι
2488 3243 2898 3316 assequendam
2930 3243 3379 3316 οοτηρβηᾰὶοεὶυὲ
3399 3245 3538 3298 etad
3569 3258 3735 3316 veram

489 3311 761 3366 sciremus
789 3329 898 3383 qua
926 3315 1070 3386 foret
1098 3315 1364 3369 eundum.
1395 3311 1522 3385 Ipse
1551 3323 1638 3369 est
1667 3311 1761 3386 qui
1789 3319 2080 3371 veritatem

488 3398 548 3436 se
574 3399 696 3436 esse
725 3385 1076 3458 monstravit,
1103 3401 1172 3438 ne
1198 3402 1389 3458 errore
1415 3385 2084 3458 quopiam’perambages

488 3469 522 3506 a
543 3462 696 3528 recta
723 3455 1164 3528 deflecteremus.
1189 3457 1314 3526 Ipse
1353 3466 1438 3509 est
1467 3455 1748 3527 postremo
1791 3459 1886 3528 qui
1912 3455 2081 3514 vitam

490 3541 612 3598 sese
641 3525 846 3598 obtulit
877 3543 946 3580 ne
973 3525 1388 3598 ambiger’cmus
1419 3525 1530 3597 quo
1561 3535 1707 3582 esset
1749 3525 2088 3584 contenden-

489 3595 641 3672 dum.
679 3597 1014 3667 Sponsorem
1046 3595 1219 3668 igitur
1249 3595 1499 3672 veracem
1527 3606 1696 3670 atque
1735 3602 1872 3654 adeo
1903 3601 2080 3672 ipsam

489 3667 792 3741 veritatem
811 3667 1090 3741 sectemur
1117 3675 1356 3741 oportet,
1391 3670 1480 3724 cui
1523 3667 1623 3724 vel'
1651 3671 1753 3724 soli
1786 3667 2083 3741 conjuncta

489 3746 625 3813 sunt
644 3739 852 3813 omnia.
876 3740 1050 3813 Atqui
1070 3740 1129 3813 in
1150 3739 1344 3813 primis
1363 3741 1556 3813 htesito
1577 3759 1711 3795 num
1739 3743 1866 3795 alibi
1893 3739 2082 3813 magis

486 3809 667 3878 spiret
692 3809 812 3883 viva
843 3817 900 3864 et
915 3809 1078 3883 longe
1089 3809 1380 3883 simillima
1405 3812 1570 3881 hujus
1591 3813 1875 3867 beatitatis
1894 3809 2080 3883 imago

486 3895 656 3948 quam
688 3879 747 3934 in
771 3882 990 3955 arcanis
1019 3879 1239 3955 litteris,
1273 3899 1398 3955 quae
1426 3879 1636 3955 spiritu
1684 3885 1781 3938 Dei
1802 3879 2081 3955 conceptae

485 3956 618 4004 sunt
637 3958 694 4005 et
722 3951 1008 4026 verissime
1027 3951 1368 4026 animantur,
1389 3954 1443 4006 in
1467 3951 1669 4024 quibus
1691 3962 1959 4026 perpetuo
1976 3951 2080 4009 nos

482 4036 740 4094 sermone
768 4023 1093 4094 alloquitur,
1121 4024 1283 4078 docet
1311 4032 1366 4078 et
1387 4023 1602 4079 solatur
1634 4023 1948 4080 Deustam
1968 4026 2078 4080 nisi

482 4109 573 4146 me
597 4093 756 4147 fallat
775 4093 984 4164 Opinio,
1012 4095 1350 4164 jamdudum
1372 4097 1740 4150 Aristotelicis
1762 4099 2079 4151 conclama-

481 4167 601 4238 tum
624 4172 711 4217 est
734 4168 901 4238 etiam
925 4165 1389 4238 decretis.Talem
1411 4183 1554 4238 esse,
1576 4184 1912 4238 quemquam
1947 4185 2079 4238 qua-

481 4232 608 4314 lem_
625 4249 725 4286 sua
749 4234 925 4314 ipsius
953 4235 1104 4314 dicta
1134 4235 1392 4314 factaque
1445 4232 1780 4314 indicarent;
1812 4232 1995 4308 Atque

479 4302 705 4380 quidem
731 4302 840 4356 nisi
865 4304 1022 4357 libris
1051 4321 1081 4380 e
1109 4306 1282 4360 sacris
1301 4302 1526 4380 'discere
1546 4307 1706 4361 nobis
1730 4302 1926 4363 liceret
1939 4310 2074 4380 quid

477 4373 745 4441 gessisset
759 4380 864 4447 aut
891 4391 1013 4447 quae
1033 4375 1301 4445 dogmata
1322 4379 1561 4447 posteris
1590 4381 1862 4434 sanxisset
1885 4373 2078 4435 Serva-

479 4450 572 4497 tor
590 4451 782 4522 noster
808 4445 1087 4522 Christus,
1108 4445 1418 4522 __ielicitat_i_s
1462 4467 1696 4504 summae
1722 4469 1920 4522 przeco,
1962 4453 2075 4506 imo

479 4530 609 4592 ver?
634 4515 753 4592 ipsa
782 4516 1029 4592 perfecta
1051 4517 1304 4592 felicitas,
1339 4519 1673 4592 dispeream,
1709 4515 1889 4576 sinon
1913 4523 2074 4592 jam-

483 4584 695 4640 dudum
727 4584 801 4661 in:
819 4589 1026 4661 erroris
1050 4589 1218 4642 chaos
1247 4584 1494 4661 prolapsi
1540 4584 1860 4647 fuisSemus.
1889 4584 2075 4658 Quan-

479 4672 739 4736 quamne
758 4659 840 4712 sic
849 4659 1075 4736 quidem
1087 4659 1314 4736 omnino
1331 4659 1709 4716 abSitlabendi
1741 4666 2070 4736 periculum.

2165 3314 2497 3385 sapientiam
2529 3315 2902 3383 indagandam
2927 3315 3235 3384 expeditius
3273 3316 3593 3385 perducere.
3618 3315 3736 3368 Jure

2167 3383 2342 3452 igitur
2370 3385 2604 3454 Optimo,
2660 3385 2768 3438 nisi
2808 3385 2970 3438 malis
2998 3383 3234 3438 inostris
3262 3383 3500 3440 velimus
3537 3385 3737 3508 longius

2167 3455 2452 3508 delectari.
2487 3455 2760 3508 cogimur.
2793 3456 2942 3508 Sixte
2972 3457 3328 3508 amicissime.
3367 3458 3483 3508 iam
3529 3463 3621 3508 tan
3658 3471 3736 3508 em

2165 3455 2452 3514 delectari,
2487 3455 2760 3524 cogimur,
2793 3456 2942 3508 Sixte
2972 3457 3328 3515 amicissime,
3361 3458 3483 3525 jam
3529 3455 3736 3509 tandem

2167 3525 2513 3596 resipiscere,
2542 3533 2598 3578 et
2627 3527 2963 3596 contemptis
3021 3543 3218 3596 parum
3275 3527 3512 3581 sinceris
3547 3526 3734 3588 rivulis,

2166 3595 2289 3649 imo
2313 3597 2464 3650 omni
2493 3613 2722 3667 prorsus
2749 3613 2813 3650 ex
2854 3595 3037 3667 parte
3066 3597 3324 3659 turbidis,
3357 3599 3432 3651 ad
3471 3598 3737 3667 fontanam

2164 3665 2628 3738 puritatem,'quo
2675 3665 2902 3738 propius
2949 3668 3071 3721 fieri
3099 3669 3322 3738 poterit.
3359 3669 3647 3732 accedere;
3677 3665 3739 3719 ad

2164 3744 2400 3809 veteres.
2438 3739 2688 3808 inquam,
2719 3739 2845 3792 illos
2873 3756 3071 3808 graves
3099 3757 3164 3793 ac
3220 3740 3431 3793 solidos
3461 3740 3738 3809 scriptores

2163 3808 2258 3877 qui
2289 3809 2564 3877 profunda
2585 3817 2807 3880 aeternae
2837 3810 3122 3880 sapientiae
3145 3826 3310 3863 sensa
3334 3827 3398 3863 ex
3459 3808 3740 3880 Scriptura:

2163 3894 2378 3932 arcanae
2400 3879 2796 3948 penetralibus,
2825 3879 3050 3950 patente
3075 3887 3260 3934 meatu
3291 3881 3454 3935 nobis
3469 3879 3736 3944 eruérunt;

2161 3955 2332 4030 atque
2347 3950 2576 4030 ntinam
2607 3951 2729 4020 pari
2761 3951 2946 4004 studio
2976 3958 3304 4030 tenerentur
3321 3952 3741 4030 omnes,videres

2161 4021 2308 4093 enim
2340 4021 2562 4074 Christo
2580 4031 2823 4093 nontam
2852 4023 3078 4075 nomine
3100 4023 3384 4076 nobiscum
3406 4039 3572 4093 quam
3595 4022 3737 4084 votis,

2163 4090 2328 4164 verbo
2349 4099 2405 4164 et
2419 4109 2585 4164 opere
2601 4092 2913 4164 convenire.
2927 4094 3144 4146 Habent
3165 4094 3311 4146 enim
3358 4090 3465 4148 hoc
3487 4093 3740 4164 quodam-

2161 4162 2326 4234 modo
2341 4161 2447 4215 sibi
2460 4161 2571 4216 icon
2574 4164 2830 4232 junctum
2856 4163 3158 4217 faeculentaa
3174 4161 3520 4234 disciplinae,—
3532 4171 3592 4218 ut
3620 4178 3741 4216 con-

2158 4232 2385 4304 tagione
2410 4249 2513 4286 sua
2538 4251 2646 4287 non
2676 4251 2876 4304 parum
2897 4235 3146 4288 efﬁciant
3167 4232 3432 4289 moribus.
3458 4237 3738 4295 Ceterum,

2159 4302 2295 4356 dum
2316 4319 2512 4358 omnes
2527 4302 2712 4372 ejusce
2733 4305 3513 4370 tarinae,utdicitur,doctores
3542 4303 3740 4360 excuti-

2159 4390 2304 4448 mus,
2327 4376 2681 4448 commodum
2707 4375 2867 4430 nobis
2890 4377 3236 4448 Haymonem
3252 4383 3350 4430 tua
3367 4395 3539 4448 opera
3557 4391 3742 4446 suppe-

2157 4444 2483 4516 ditasti.qui
2513 4446 2672 4500 Pauli
2703 4446 2943 4516 apostoli
2978 4444 3186 4510 'verba,
3244 4465 3342 4502 seu
3399 4444 3578 4505 malis,
3623 4444 3740 4500 cum

2157 4515 2283 4589 divo
2322 4515 2685 4589 Hieronymo,
2718 4515 2966 4571 tonitrua
2994 4517 3200 4584 dicere,
3233 4535 3299 4572 ea
3317 4519 3608 4589 diligentia
3635 4532 3740 4589 ine-3

2158 4585 2316 4660 titur,
2347 4603 2412 4640 ea
2441 4585 2654 4660 trutina
2683 4589 2960 4660 expendit,
2991 4605 3056 4642 ea
3082 4589 3350 4643 facilitate
3384 4585 3584 4660 aperit,
3617 4593 3682 4660 ut
3701 4586 3741 4638 si

2160 4657 2330 4731 etiam
2362 4658 2617 4731 nonnihil
2647 4659 2695 4712 ei
2728 4657 2974 4712 defuisse
3005 4660 3260 4731 videatur
3311 4657 3458 4731 (quis
3489 4667 3575 4714 est
3602 4657 3740 4731 enim

479 4727 576 4782 ubi
607 4729 798 4784 videas
825 4727 1026 4802 vulgus
1058 4731 1372 4794 hominum,
1407 4739 1527 4786 tum
1577 4727 1772 4790 eorum
1814 4736 1909 4806 qui
1947 4735 2138 4794 suntc
2161 4728 2258 4798 qui
2284 4727 2342 4782 in
2363 4745 2424 4782 re
2454 4743 2571 4783 tam
2597 4730 2876 4784 immensa
2897 4746 3006 4784 non
3023 4729 3228 4786 alicubi
3257 4727 3518 4800 vacillet),
3551 4727 3742 4786 seduli-

547 4871 573 4900 ⁸
601 4862 822 4938 Titulus
839 4863 921 4938 sic
938 4882 997 4919 se
1018 4864 1216 4920 habet:
1249 4868 1562 4921 Doctissimi
1591 4871 1897 4938 Ilaymonis
1908 4873 2075 4927 Saxo-

480 4933 588 4992 nis,
607 4936 847 5010 episcopi
871 4937 1384 5010 lIatberstattensis,
1407 4942 1470 4991 in
1499 4941 1617 4992 diri
1631 4933 1798 4993 Pauli
1813 4943 2080 5010 Epistolas

479 5017 605 5080 cuin
641 5005 812 5080 oreris
824 5009 958 5080 tum
969 5009 1262 5080 perlucida
1285 5009 1580 5076 Expositio,
1615 5027 1792 5079 nuper
1819 5005 2081 5080 Argento-

478 5075 596 5151 τρίτ’
610 5077 1104 5151 stanneiscalamis
1119 5081 1266 5151 prim
1277 5075 1375 5131 um
1393 5097 1611 5134 ert-usa.
1635 5075 1934 5151 sequitur:
1965 5086 2076 5138 illa.

474 5142 658 5198 Hiero.
699 5145 1000 5199 Gebuilerii
1027 5148 1100 5198 ad
1119 5142 1378 5202 lectorem
1413 5142 1765 5206 tetrastichon
1798 5172 1814 5206 :

599 5221 800 5287 My_sti_ca
828 5221 979 5287 divini
1009 5239 1282 5285 pernoscere
1308 5228 1530 5287 dogmata
1555 5231 1698 5279 Pauli

660 5283 748 5355 Qui
777 5284 926 5355 cupit,
956 5283 1081 5355 hunc
1109 5287 1284 5336 librum
1310 5283 1548 5355 comparet
1576 5298 1718 5355 atque
1740 5294 1880 5354 legat.

601 5345 847 5417 lla-etenus
864 5346 1052 5417 obscuri
1081 5364 1246 5398 sensus
1270 5355 1316 5398 et
1339 5345 1591 5412 enigmata
1613 5345 1814 5417 (fuetu

661 5406 802 5455 Lucis
828 5409 980 5467 magis
1005 5411 1132 5458 clara
1165 5426 1290 5461 nunc
1317 5406 1524 5462 resoluta
1553 5406 1730 5478 patent.

471 5477 558 5534 Ad
581 5478 792 5534 calcem
815 5478 943 5534 libri
974 5495 984 5527 :
1011 5483 1314 5538 Excussum
1337 5477 1650 5554 Argentius
1662 5505 1765 5559 per
1798 5493 2069 5549 Renatum

2159 4861 2279 4931 Bect
2307 4863 2477 4914 civem
2495 4863 2972 4928 Argentinensem,
2997 4879 3150 4918 anno
3167 4862 3396 4919 l5l9.In
3419 4864 3600 4918 fronte
3628 4876 3741 4931 ope-

2163 4930 2240 4984 ris
2271 4931 2387 4984 ι]ωο
2417 4937 2548 4985 nota
2569 4932 2778 5002 legitur
2813 4933 3108 4987 recentiori
3131 4951 3302 4988 manu
3329 4935 3538 5004 scripta
3563 4953 3574 4986 :
3613 4930 3741 5001 Opus

2162 5017 2384 5062 rarum,
2421 5008 2544 5056 teste
2572 5005 2671 5058 Th.
2715 5005 3038 5058 Bartholino
3066 5005 3135 5058 de
3158 5005 3365 5058 Morbis
3385 5005 3740 5070 Biblicis,cap.

2162 5070 2327 5143 23,4p.
2357 5071 2449 5132 84:
2487 5075 2582 5126 Th.
2616 5076 2852 5128 Honerto
2881 5079 2945 5128 in
2975 5079 3183 5142 Proleg.
3215 5078 3288 5129 ad
3304 5078 3452 5143 Epist
3478 5078 3554 5129 ad
3577 5077 3736 5135 Rom,

2158 5159 2216 5211 p.
2249 5141 2338 5210 21;
2369 5147 2518 5217 Dan.
2557 5146 2822 5207 Gerdesio,
2858 5147 2920 5199 in
2950 5141 3248 5217 Florilegio
3279 5141 3548 5200 librorum
3581 5144 3741 5199 rario-

2155 5230 2299 5279 rum,
2317 5215 2518 5280 p.16l,
2545 5232 2686 5284 seqq.
2715 5217 2806 5270 Est
2837 5233 2960 5270 vero
2983 5217 3090 5270 hac
3118 5215 3283 5270 editio
3299 5221 3604 5285 praesrtim
3635 5230 3739 5268 me-

2154 5287 2439 5339 morabilis
2467 5287 2529 5338 ob
2559 5289 2844 5353 epistolam
2869 5287 3148 5341 Ottomari
3167 5289 3433 5352 Luscinii,
3445 5291 3602 5356 juris
3618 5300 3737 5354 pon-

2155 5358 2314 5418 tiﬁcii
2339 5358 2572 5410 doctoris
2591 5373 2701 5424 qua
2721 5358 2794 5410 ad
2821 5360 3108 5424 epistolam
3147 5360 3543 5412 dedicatoriam
3575 5359 3737 5411 edito-

2151 5429 2250 5486 ris,
2286 5427 2432 5482 Simti
2460 5429 2789 5491 Ilermanni,
2813 5429 3111 5495 respondet,
3137 5435 3185 5482 et
3217 5433 3278 5482 in
3307 5446 3418 5498 qua
3445 5432 3628 5482 vivum
3654 5442 3735 5480 cc-

2151 5499 2341 5552 ritatis
2369 5498 2700 5553 Christianas
2737 5501 3114 5554 testimonium
3143 5501 3460 5555 exhibetur.
