3926 6164
201 268 277 323 361
538 284 545 287 -
800 259 1180 315 EXPOSITIO
1220 258 1298 314 IN
1340 260 1493 314 EPP.
1537 261 1592 314 s.
1636 252 1871 313 PAULI.
1917 290 1979 298 .-
2023 257 2099 313 IN
2128 258 2362 323 ,EPIST.
2405 258 2499 313 AD
2541 258 2713 313 non.
3292 254 3397 318 352

196 393 514 444 tatemtamen
530 382 1720 453 etsummamdiligentiamdefuissehomini
1744 395 1788 451 Α
1815 398 1922 435 non
1974 388 2184 451 postest
2223 399 2353 435 suos
2391 383 2746 451 professores.
2780 384 2895 436 Nos
2934 384 3213 436 cmlestem
3256 385 3400 438 hanc

199 460 568 528 haudquaquam
592 455 780 507 dicere
797 452 1109 524 queas.l£at
1130 455 1302 522 igitur
1318 455 1432 528 tuis
1461 452 1723 528 auspiciis
1806 453 2128 528 alimoniam
2171 454 2492 528 vegetandis
2522 454 2724 528 animis
2769 454 3247 528 ai-conmiodatam
3274 470 3397 528 cre-

199 533 244 584 in
276 522 440 583 lucem—
475 526 691 596 Haymo
738 522 948 589 noster,
1000 531 1056 577 et
1086 542 1222 596 cuiu
1277 525 1574 596 plerisque
1600 522 1725 575 aliis
1806 526 1905 596 bro
1926 522 2377 596 degustabimus,
2411 540 2473 575 ac
2498 524 2666 576 veluti
2697 525 2905 576 munda
2945 524 3211 577 animalia
3232 525 3400 577 ruini-

195 600 327 673 prisci
344 594 775 673 ievi‘doctoribus
802 596 909 673 hoc
935 595 1136 649 saeculo
1168 594 1728 673 renascatur-.Facesf
1808 594 2287 673 nabimus,ut‘l)eo
2317 603 2542 673 auctore
2565 611 2626 645 ex
2658 596 3076 673 conversatione
3099 601 3289 673 nostra
3307 610 3402 673 ve-

197 664 296 726 sant
316 667 605 738 sophisticae
635 667 809 735 spinte
838 665 1148 738 etiamnum
1177 673 1372 728 acutae,
1399 665 1732 738 delitescant
1810 682 1914 738 ros
1931 680 2031 738 nos
2050 664 2290 738 instituet
2309 664 2599 738 theologos
2623 666 2875 738 quisquis
2899 665 3063 738 nobis
3077 665 3402 738 convixerit,

195 757 329 812 penes
354 733 468 791 suos
488 733 796 812 assertpres
822 735 1115 812 verborum
1160 751 1447 812 nunquam
1486 734 1733 812 finienda
1813 741 1876 812 et
1905 734 2025 786 istis
2056 734 2150 803 qui
2179 734 2296 785 sola
2325 733 2523 812 umbra
2549 735 2867 812 glpriantur
2894 751 3022 812 suos
3051 736 3247 812 inanes
3268 735 3405 789 titu—

194 804 462 869 certamina,
497 807 720 877 quando
750 807 932 859 omnis
964 805 1253 877 contentio;
1274 822 1384 877 quo
1410 822 1439 857 a
1462 806 1734 877 charitate
1814 807 1897 859 los
1926 804 2369 877 ccupersonatis
2409 805 2809 877 tragoediarum
2857 805 3083 874 regibus
3129 806 3407 877 relinque-

193 880 370 951 longius
387 873 556 951 abest,
588 893 622 929 a
652 877 876 951 Christo
905 875 1174 951 nimirum
1205 875 1388 929 aberit
1416 891 1585 951 quam
1608 874 1736 927 lon-
1816 891 1961 951 mus.
1990 874 2392 951 ‘Vale..__0ptime
2441 873 2614 939 Siste,
2648 886 2703 951 et
2732 873 3086 951 (_)_ttomarum
3114 873 3406 951 tuum-(ita

191 944 742 1028 gissimezlieﬂoreant
768 947 962 1028 prisca
982 946 1151 1027 simul
1177 962 1303 1000 cum
1327 944 1598 1028 moribus.
1615 951 1737 1028 stu-
1819 944 2057 1028 utfacis)
2083 944 2278 1028 dilige;
2305 946 2717 1028 Argentoratix
2737 946 3123 1028 Kalendarum
3171 946 3406 1000 Decem-

194 1013 283 1087 δία,
303 1014 500 1091 profani
543 1024 665 1072 esto
693 1013 965 1088 quidquid
994 1017 1115 1088 pios
1144 1033 1209 1071 ac
1255 1022 1478 1070 sanctos
1506 1015 1740 1069 reddere
1819 1016 1971 1082 bris;
2000 1030 2146 1068 anno
2185 1013 2415 1067 reddita:
2434 1015 2632 1069 salutis
2660 1014 2817 1070 1518.

1274 1536 1651 1612 SIXTUS
1696 1537 2303 1613 ΗΕΒΜΑΝΝΙ

1494 1743 1729 1787 ARTIUI
1773 1742 2075 1802 HAGISTER

741 1915 1155 1969 Consultissimo
1183 1912 1575 1968 OTTOMARO
1605 1913 1943 1969 LUSCINIO
1961 1916 2118 1983 juris
2140 1917 2415 1982 pontiﬁcii
2442 1916 2667 1979 doctori,
2698 1917 2752 1970 S.
2786 1916 2853 1970 D.

236 2122 371 2186 Quas
390 2121 457 2175 ad
488 2135 770 2192 mersuper
784 2118 1094 2192 Hayinonis
1112 2118 1476 2192 Paulinarum
1490 2117 1749 2192 epistola-
1766 2117 1810 2176 B
1834 2117 1983 2192 circa
2036 2117 2376 2192 recentiores
2425 2120 2762 2192 theosophos
2811 2121 3212 2192 quaestionibus
3264 2124 3427 2178 insu-

183 2208 285 2265 ruin
299 2191 603 2265 ﬁdelissimi
632 2189 961 2265 eipositoris
986 2189 1285 2265 praeconio,
1311 2189 1510 2265 eximie
1530 2189 1746 2265 doctor,
1832 2189 2033 2265 dantes
2059 2190 2288 2265 omnino
2307 2189 2695 2265 eliminandos,
2720 2208 2785 2245 ac
2807 2189 2877 2246 de
2907 2200 3075 2261 ponte
3105 2194 3264 2265 quasi
3292 2194 3430 2265 deji-

184 2262 356 2316 dedisti
388 2263 610 2316 litteras
631 2277 740 2314 non
772 2262 923 2332 citra
953 2259 1258 2332 niaximum
1311 2260 1487 2332 animi
1518 2259 1630 2312 mei
1659 2276 1750 2312 re-
1836 2259 2079 2322 ciendos,
2138 2260 2384 2332 arbitror
2437 2261 2688 2323 minime,
2725 2259 2921 2316 verum
2979 2259 3174 2317 omnes
3218 2259 3431 2332 ingenii

182 2349 411 2386 creamen
442 2332 774 2402 diligentius
810 2330 1040 2401 perlegi,
1083 2331 1229 2402 quod
1257 2346 1381 2402 cum
1413 2330 1596 2402 docte,
1625 2345 1753 2382 cum
1836 2345 2034 2382 nervos
2054 2330 2449 2384 vetustioribus
2465 2333 2762 2401 praeteritis
2779 2334 3247 2389 doctoribusilluc
3272 2330 3434 2389 dum-

184 2403 385 2475 erudite,
415 2400 648 2475 penates
672 2400 1003 2475 Christianae
1033 2400 1325 2475 theologia:
1350 2400 1539 2471 subire
1568 2405 1758 2475 peten-
1836 2406 1989 2475 taxat
2012 2401 2426 2475 estentlissime,
2449 2400 2578 2475 ipsa
2598 2404 2904 2457 stoliditate
2928 2406 3155 2459 stultius
3176 2407 3302 2475 quis
3356 2423 3433 2462 on

182 2472 308 2544 tibus
333 2469 592 2527 semitam
609 2478 667 2525 et
688 2472 914 2544 quidem
936 2472 1386 2544 compendiosum
1402 2469 1758 2544 proposueris
1836 2469 2154 2544 judicabit?
2182 2472 2454 2544 Quocirca
2472 2469 2534 2525 in
2568 2474 2673 2526 hoc
2703 2475 3015 2544 theologica
3036 2469 3220 2530 studio
3249 2483 3313 2531 ut
3339 2495 3434 2532 ne-

182 2488 308 2527 tiuus
333 2488 592 2527 semitam
609 2488 667 2525 et
688 2488 914 2541 quidem
936 2488 1758 2594 compendiosumproposueris
1836 2488 2113 2537 Juoicamt
2135 2488 2153 2522 ί
2182 2488 2454 2534 quocxrca
2478 2488 2534 2525 in
2569 2488 2673 2526 noc
2703 2488 3015 2544 theologica
3036 2488 3220 2530 studio
3249 2488 3313 2531 ut
3339 2495 3431 2532 ne-

180 2543 307 2618 haud
352 2551 571 2618 temere
599 2543 845 2618 notando
876 2541 1473 2618 quosuantiquioribus
1547 2540 1759 2618 cclesire
1844 2540 2357 2618 quid-nimisjtem,
2391 2549 2456 2618 et_
2491 2545 2696 2618 nequid
2743 2545 2929 2598 minus
2965 2552 3169 2618 agatur
3209 2550 3431 2618 prospi-

182 2613 471 2668 doctoribus
498 2612 858 2685 posthabitis,
891 2610 1248 2685 cavillatorige
1281 2610 1616 2685 quaestiones
1636 2610 1762 2680 plus
1843 2610 2122 2685 ciendum:
2173 2612 2413 2685 l’rodeat
2443 2610 2619 2682 igitur
2647 2616 2862 2683 Haymo
2891 2610 3082 2669 noster
3122 2617 3181 2670 in
3209 2610 3432 2685 'luce'm,

179 2699 320 2756 aeqqu
339 2679 643 2747 delectant,
663 2683 867 2756 quibus
899 2684 969 2737 ad
999 2679 1341 2756 decrepitam
1357 2682 1536 2756 ferme
1550 2687 1764 2756 aetatu-
1846 2679 2300 2756 auspicatissima
2314 2683 2447 2756 alite
2462 2679 2559 2756 tuo
2582 2679 2836 2754 epistolio
2856 2686 3354 2756 adornatus,quem
3378 2679 3435 2743 te

181 2751 275 2806 lein
302 2754 597 2809 Stentorea
628 2751 711 2813 (ut
737 2754 916 2817 aiunt)
942 2770 1071 2807 voce
1100 2753 1249 2806 inter
1266 2768 1326 2805 se
1354 2751 1755 2821 digladiantur.
1847 2757 2083 2820 patrono
2104 2751 2174 2804 ab
2199 2754 2352 2806 omni
2373 2753 2560 2807 livoris
2583 2751 2945 2809 niordacitate
2962 2762 3150 2810 tutum
3185 2751 3253 2809 iri
3279 2758 3438 2812 dubi-

181 2824 282 2877 Non
310 2826 524 2880 inﬁcior
538 2825 932 2879 scholasticam
953 2824 1105 2877 illam
1132 2823 1472 2891 theologiam
1492 2837 1590 2891 pro
1608 2822 1762 2890 inge-

178 2894 374 2949 niorum
404 2895 678 2951 exercitio
706 2895 995 2949 litterariis
1019 2893 1486 2964 archigymnasiis
1505 2907 1759 2964 necessa-

180 2964 301 3018 riam
323 2985 335 3031 ;
368 2983 560 3020 verum
596 2982 821 3020 omnem
843 2966 967 3019 vitae
988 2962 1233 3025 cursum,
1250 2962 1491 3017 classicis
1510 2969 1567 3016 et
1594 2962 1757 3017 avitis

179 3050 435 3090 sacrarum
450 3038 776 3091 litterarum
799 3036 1161 3106 scriptoribus
1180 3033 1401 3106 spretis,
1426 3033 1607 3086 eidem
1628 3048 1757 3086 con-

177 3108 390 3161 tentioni
417 3108 715 3161 dedicasse
760 3104 932 3160 veluti
969 3104 1264 3160 ridiculum
1304 3104 1506 3173 cuique
1551 3120 1753 3157 nasum

180 3174 381 3231 babenti
402 3178 795 3231 damnandum
823 3193 1038 3231 censeo.
1075 3175 1142 3229 In
1167 3175 1339 3238 omni,
1371 3183 1437 3229 ut
1462 3174 1630 3237 nosti,
1661 3189 1755 3228 ac-

178 3245 308 3301 tione
329 3266 455 3303 cum
477 3264 748 3303 excessus
759 3255 882 3302 tum
899 3247 1149 3303 defectus
1162 3245 1416 3316 fugiendi
1433 3249 1595 3311 sunt;
1615 3259 1755 3314 quo-

1844 2828 2031 2899 tamus
2056 2838 2429 2899 nequaquam.
2458 2825 2947 2899 Pergeprseterea,
2973 2827 3437 2899 excellentissime

1841 2892 1944 2953 vir,
1961 2892 2138 2945 musis
2176 2895 2290 2967 tuis
2318 2892 2764 2967 humanioribus,
2784 2897 3028 2965 politiori
3052 2898 3438 2967 quoquelitte-

1837 2967 2052 3027 ratura,
2087 2965 2291 3035 probos
2320 2981 2384 3018 ac
2421 2965 2611 3019 doctos
2628 2963 3149 3021 viros’immortales
3178 2963 3434 3035 reddere,

1836 3048 2038 3112 meque
2062 3034 2369 3112 amicorum
2412 3041 2639 3090 tuorum
2680 3037 3230 3112 rat_iona_rio_trabali,
3266 3045 3329 3092 ut
3356 3034 3440 3093 di-

1836 3104 1951 3180 citu
1962 3119 2014 3180 r,_
2032 3104 2185 3159 clavo
2211 3104 2802 3180 intige_re,quem_votis
2824 3108 2936 3162 tuis
2957 3108 3193 3162 vicissim
3215 3125 3440 3180 semper

1835 3173 2082 3249 offendes
2129 3173 2569 3249 paratissimum.
2610 3178 2778 3249 fVale.
2815 3180 3195 3249 Argentorati,
3247 3173 3436 3236 idibus

1838 3243 2073 3309 Martiis,
2103 3243 2251 3300 anno
2280 3247 2504 3301 Domini
2533 3246 2683 3304 1519.

1009 3773 1130 3850 ΙΝ
1178 3775 1787 3853 EPISTOLAM
1834 3776 1988 3851 AD
2036 3775 2584 3852 ROMANOS.

692 4039 1221 4097 ARGUMENTUM.

228 4128 271 4180 Α
295 4129 575 4184 Corintho
615 4128 841 4183 civitate
900 4129 1196 4201 metropoli
1252 4129 1475 4184 Achaiae
1513 4129 1759 4199 regionis

169 4215 371 4286 scripsit
399 4218 705 4290 apostolus
733 4217 944 4271 Paulus
963 4217 1233 4271 Romanis
1253 4217 1397 4272 hanc
1430 4218 1757 4288 Epistolam,

171 4318 293 4371 quos
304 4321 415 4360 non
433 4306 585 4376 ipse,
611 4320 728 4358 non
757 4305 977 4380 Petrus,
996 4321 1109 4359 non
1127 4304 1361 4375 quilibet
1380 4305 1761 4375 apostolorum

167 4390 441 4447 duodecim
474 4394 739 4465 primum
755 4392 1040 4462 instruxit,
1056 4394 1153 4447 sed
1181 4394 1406 4464 quidam
1437 4394 1762 4448 Judzeorum

170 4480 527 4548 credentium,
563 4482 668 4552 qui
688 4481 759 4534 ab
786 4481 1193 4552 Hierosolymis
1208 4483 1441 4536 Romam
1456 4483 1760 4547 venientes,

166 4566 252 4621 ubi
279 4570 543 4642 princeps
565 4569 726 4623 orbis
749 4569 1155 4634 residebat,cui
1179 4576 1343 4624 erant
1371 4570 1477 4641 ipsi
1506 4570 1760 4640 subjecti,

162 4654 313 4710 ﬁdem
346 4676 525 4729 quam
555 4658 714 4729 apud
737 4657 1181 4729 Hierosolymam
1218 4658 1531 4714 didicerant
1558 4659 1765 4711 Roma-

161 4744 239 4798 nis
262 4748 822 4818 evangelizaverunt.
851 4747 1034 4800 Causa
1063 4752 1253 4801 autem
1296 4746 1574 4801 scribendi
1621 4747 1765 4800 hanc

164 4831 479 4902 Epistulam,
516 4837 651 4890 hanc
680 4834 950 4905 probatur
977 4835 1283 4889 exstitisse:
1315 4841 1440 4890 orta
1468 4841 1554 4889 est
1573 4841 1762 4889 autem

163 4923 432 4978 contentio
469 4924 639 4979 inter
664 4923 888 4978 Iudaeos
916 4923 1207 4978 credentes
1244 4930 1299 4979 et
1331 4924 1571 4994 gentiles
1595 4924 1765 4977 etiam

164 5008 225 5061 ad
250 5010 417 5065 ﬁdem
446 5016 870 5065 concurrentes
896 5028 908 5064 :
936 5010 1113 5064 Judaei
1150 5011 1428 5081 siquidem
1449 5011 1763 5075 credentes,

166 5104 383 5169 propter
404 5106 654 5154 sanctos
674 5105 863 5169 patres
890 5115 925 5151 a
945 5098 1146 5169 quibus
1166 5099 1440 5169 originem
1469 5098 1766 5164 ducebant,

168 5190 218 5237 et
242 5193 473 5258 propter
503 5188 703 5258 legem
736 5203 907 5257 quam
925 5187 1029 5240 soli
1054 5186 1201 5240 inter
1230 5193 1456 5242 caeteras
1473 5194 1671 5258 gentes
1686 5204 1773 5241 ac-

170 5281 443 5344 ceperant,
478 5274 883 5345 despiciebant
899 5276 1137 5345 gentiles
1164 5276 1449 5330 venientes
1477 5276 1545 5329 ad
1585 5276 1772 5339 fidem,

171 5366 227 5413 ut
252 5368 380 5431 pote
404 5362 764 5417 idololatriae
794 5362 1179 5433 superstitioni
1226 5364 1495 5418 hactenus
1538 5363 1774 5424 deditos,

175 5446 413 5504 dicentes
437 5456 690 5523 propter
709 5449 1148 5505 observationem
1171 5452 1310 5522 legis
1330 5452 1420 5506 cui
1448 5451 1775 5515 servierant,

1796 5326 1846 5384 D

1794 4041 2083 4112 Cgentiles
2111 4040 2480 4112 praferebant
2507 4058 2568 4095 se
2596 4042 2961 4097 nihilominus
2990 4042 3215 4111 Iudaeis,
3241 4046 3425 4118 impro

1841 4134 2101 4201 perantes
2121 4130 2202 4183 eis
2222 4135 2459 4183 mortem
2477 4129 2604 4184 Filii
2623 4130 3030 4202 Dei,simulque
3050 4134 3439 4203 protestaban-

1841 4224 1937 4271 tur
1972 4234 2032 4271 se
2061 4217 2226 4271 idolis
2264 4216 2594 4287 obsequium
2617 4218 2992 4273 venerationis
3017 4221 3249 4277 minime
3278 4223 3435 4277 exhi-

1842 4305 2030 4360 buisse
2066 4305 2110 4359 si
2139 4305 2279 4375 legis
2319 4311 2596 4377 praecepta
2642 4312 2743 4360 aut
2779 4307 3179 4378 prophetarum
3213 4312 3443 4366 oracula

1842 4392 2189 4447 habuissent.
2209 4393 2483 4448 Omnibus
2511 4394 2600 4448 his
2641 4394 2817 4464 igitur
2842 4396 3081 4466 praebuit
3126 4415 3186 4452 se
3233 4400 3441 4455 Paulus

1846 4483 2133 4553 apostolus
2189 4482 2459 4549 medium,
2517 4499 2713 4538 omnes
2768 4484 2992 4539 illorum
3057 4488 3442 4544 contentiones

1846 4570 2160 4633 destruens,
2178 4586 2302 4641 quae
2320 4570 2377 4624 in
2400 4571 2630 4641 prologo
2646 4572 2815 4641 hujus
2836 4572 3097 4642 Epistolas
3116 4582 3437 4630 narrantur:

1848 4665 1906 4713 et
1934 4658 2095 4729 quasi
2124 4657 2303 4712 bonus
2323 4660 2684 4733 concionator
2714 4666 2936 4713 extenta
2965 4676 3137 4715 manu
3159 4662 3285 4716 illos
3297 4664 3440 4718 allo-

1848 4763 2043 4817 quens,
2068 4764 2263 4801 omnes
2294 4748 2365 4800 ad
2396 4764 2564 4801 unam
2593 4747 2947 4801 concordiam
2976 4747 3226 4813 adduxit,
3250 4755 3442 4807 osten-

1848 4835 1987 4889 dens
2005 4835 2220 4889 nullum
2253 4851 2446 4889 eorum
2474 4835 2593 4888 suis
2622 4834 2837 4887 meritis
2863 4850 2986 4887 esse
3013 4836 3310 4903 salvatum,
3342 4840 3443 4895 sed

1849 4940 1950 4994 per
1965 4923 2205 4993 gratiam
2237 4923 2370 4976 Jesu
2397 4921 2767 4991 Christi,quia
2794 4935 2990 4976 omnes
3017 4920 3196 4978 Judaei
3221 4931 3281 4980 et
3312 4942 3448 4998 gen-

1848 5012 1979 5066 tiles
2006 5011 2110 5065 sub
2140 5016 2365 5082 peccato
2392 5009 2745 5065 tenebantur.

2444 5147 2850 5205 PROLOGUS.

1932 5277 2195 5345 Epistola,
2224 5274 2417 5329 Graeco
2457 5272 2746 5340 vocabulo,
2786 5273 2986 5330 Latine
3024 5276 3235 5335 dicitur
3259 5298 3452 5351 super-

1864 5368 2033 5418 missa
2078 5363 2162 5417 vel
2203 5364 2416 5427 addita,
2467 5362 2612 5418 sicut
2638 5364 3007 5436 epigramma,
3041 5364 3101 5420 id
3137 5373 3225 5424 est
3249 5385 3454 5442 super—
3494 5430 3504 5440 ,

1863 5450 2112 5522 scriptio,
2132 5456 2190 5505 et
2207 5450 2554 5521 epitaphium
2573 5469 2742 5524 super
2759 5453 3214 5533 sepulcrum.Epi
3228 5457 3457 5528 quidem

175 5534 1784 5612 meruissegratiamChristiﬁdemqueEvangelii.Econtra
1864 5546 2046 5609 sonat,
2075 5554 2259 5608 super,
2289 5543 2427 5595 stola
2455 5556 2607 5609 vero,
2632 5544 2822 5597 missa.
2844 5541 3107 5614 Epistolas
3126 5549 3316 5599 autem
3337 5544 3458 5601 ista

412 5635 706 5701 PATROL.
739 5637 972 5702 CXVII.

3152 5643 3228 5701 12
