3926 6164
601 205 705 266 363
1013 202 1393 259 HAYMONIS
1433 199 1922 256 HALBERSTAT.
1965 198 2190 253 EPISC.
2233 195 2390 250 OPP.
2434 195 2618 250 PARS
2655 196 2700 254 Ι.
2743 226 2811 236 --
2851 198 3222 256 COMMENT.
3260 201 3433 257 BIBL.
3698 203 3777 262 364

594 333 805 388 idcirco
841 328 1105 385 dicuntur
1141 325 1497 398 supermissae
1527 324 1614 377 vel
1643 323 1867 385 additae,
1916 339 1982 377 eo
2040 319 2388 394 quoquui,
2421 320 2536 373 Deo
2595 320 2952 391 praecipiente
2999 329 3170 394 atque
3218 326 3443 390 volente,
3474 342 3561 396 per
3597 327 3778 396 Moysen

593 438 764 492 super
782 420 957 473 Vetus
983 419 1404 472 Testamentum
1433 418 1488 466 et
1505 413 1746 482 gratiam
1771 411 2067 480 Evangelii.
2090 410 2185 465 ubi
2268 409 2472 462 missus
2511 414 2616 471 est,
2654 409 2862 478 aliique
2885 412 3302 482 quamplurimi,
3334 413 3422 483 qui
3449 413 3678 469 electione
3702 433 3779 486 po-

595 511 842 582 perfecta
861 508 1012 561 salus
1037 504 1312 566 consistit,
1337 501 1406 556 ab
1435 501 1684 571 apostolo
1705 500 1821 554 sint
1850 500 2032 554 missae
2063 517 2184 554 cre—
2266 497 2380 566 puli
2414 513 2513 566 pro
2543 496 2664 550 vitae
2693 498 2908 551 meritis
2930 501 3044 553 Deo
3073 502 3284 555 volente
3305 502 3456 555 electi
3483 503 3782 557 sunt.Volun-

593 597 874 659 dentibus,
911 595 982 650 ad
1021 592 1323 647 resecanda
1373 591 1666 660 praesentia
1720 594 1889 658 atque
1943 589 2182 642 orientia
2265 595 2354 638 tas
2381 585 2528 637 enim
2577 587 2765 654 populi
2799 587 3130 658 plerumque
3160 591 3406 644 voluntas
3430 589 3526 643 Dei
3562 597 3652 644 est.
3675 593 3782 644 Ter-

587 689 725 743 vitia
758 706 769 740 :
803 692 860 740 et
885 689 947 738 ut
965 684 1012 737 si
1043 682 1168 753 quis
1196 687 1578 749 transgressus
1607 677 1776 730 fuerit
1797 678 2177 746 Evangelium,
2261 673 2425 734 tium,
2459 673 2604 742 quod
2636 673 2706 725 ab
2744 675 2972 729 homine
2997 682 3082 731 est
3128 678 3519 742 tantummodo,
3555 685 3605 732 et
3637 696 3729 732 non
3757 698 3782 733 a

584 778 676 832 hic
700 775 945 832 inveniat
963 770 1294 825 medicinam
1318 767 1854 836 salutiszquatenus
1880 764 2181 818 vindictam
2263 760 2399 824 Deo,
2440 777 2566 814 cum
2611 761 2798 816 favore
2848 764 3140 818 hominum
3196 766 3394 836 aliquis
3432 767 3648 835 eligitur,
3697 785 3782 822 non

584 863 865 934 Evangelii
894 860 1072 933 possit
1114 859 1379 926 effugere,
1412 854 1666 908 redditur
1688 854 1770 906 illi
1812 869 1913 922 per
1948 853 2176 922 dignam
2264 865 2363 917 pro
2394 847 2541 902 bona
2569 851 3012 909 conversatione.
3047 870 3227 924 neque
3257 871 3424 908 causa
3440 854 3780 923 religionis.sed

578 951 988 1027 paenitentiam.
1015 945 1157 1001 Sunt
1171 945 1528 1016 super-missae
1554 959 1664 996 non
1699 941 1988 1011 dignitatis
2008 957 2176 995 causa
2258 936 2570 1027 nobilitatis
2599 941 2898 1007 parentelaa
2928 957 2939 991 :
2981 957 3081 994 seu
3125 959 3249 995 cum
3278 943 3400 1012 quis
3439 943 3602 1012 pretio
3625 943 3779 998 subro-

578 1014 727 1114 quod
756 1036 1221 1110 superexcellant,
1244 1014 1347 1086 sed
1379 1031 1448 1084 ad
1487 1030 1916 1099 completionem
1945 1030 2171 1082 illorum
2251 1014 2420 1114 gatui'
2449 1025 2506 1078 in
2527 1027 2828 1080 sacerdotii
2847 1028 3213 1096 dignitatem:
3250 1031 3318 1082 de
3347 1047 3568 1100 quorum
3595 1047 3780 1086 numero

573 1111 770 1204 βοειθδ
789 1127 1027 1196 scriptaz.
1053 1121 1301 1192 Epistola
1329 1124 1520 1172 autem
1548 1119 1658 1171 ista
1687 1133 1799 1170 non
1828 1117 1987 1170 illum
2017 1117 2170 1170 ordi-
2406 1113 2503 1166 uni
2536 1113 2732 1166 beatus
2753 1115 3085 1170 Ambrosius
3115 1118 3429 1188 episcopus:
3469 1118 3578 1172 Nisi
3603 1125 3778 1173 centum

571 1201 703 1275 nem
731 1220 888 1271 tenet
915 1214 973 1266 in
1005 1226 1236 1280 corpore
1268 1207 1642 1277 Epistolarum
1690 1222 1800 1274 quo
1830 1206 2031 1274 scripta
2061 1211 2163 1266 est,
2251 1201 2455 1254 solidos
2477 1202 2746 1267 dedisses,
2772 1203 2935 1257 hodie
2957 1205 3250 1276 episcopus
3275 1223 3383 1260 non
3401 1223 3560 1260 esses.
3579 1205 3651 1260 De
3675 1208 3775 1260 isto-

567 1309 666 1362 sed
695 1321 866 1359 causa
891 1297 1180 1369 dignitatis
1209 1293 1716 1362 Romanorum,qui
1743 1299 1878 1346 tunc
1897 1292 2168 1362 temporis
2251 1304 2376 1341 rum
2407 1290 2575 1343 etiam
2606 1307 2840 1345 numero
2869 1300 3032 1346 erant
3061 1294 3144 1347 illi
3190 1295 3258 1348 de
3299 1294 3494 1364 quibus
3527 1294 3704 1349 dicitur
3735 1296 3774 1350 in

565 1393 842 1451 universis
869 1387 1130 1459 gentibus
1159 1382 1531 1453 imperabant.
1566 1382 1871 1451 primatum
1898 1381 2160 1435 obtinuit.
2249 1375 2390 1429 libro
2452 1378 2666 1447 Regum
2702 1381 2752 1444 (Ι
2797 1381 2919 1446 Reg.
2969 1385 3084 1447 χιι),
3141 1382 3236 1452 qui
3283 1382 3612 1452 temporibus
3655 1384 3775 1436 Jero-

564 1485 684 1538 Hoc
714 1486 903 1535 autem
929 1477 1138 1530 factum
1185 1478 1271 1526 est
1300 1488 1412 1524 non
1438 1470 1507 1522 ab
1527 1471 1816 1540 Apostolo,
1845 1470 1942 1522 sed
1974 1471 2159 1540 potius
2246 1463 2405 1517 boam
2440 1467 2745 1537 implebant
2795 1485 2995 1522 manus
3025 1487 3157 1523 suas
3188 1476 3244 1523 et
3289 1471 3493 1524 ﬁebant
3516 1472 3774 1524 sacerdotes

562 1571 632 1626 ab
657 1571 752 1624 ίιιο
779 1567 874 1638 qui
916 1579 1110 1619 omnes
1139 1562 1262 1631 ejus
1303 1559 1578 1630 Epistolas
1619 1557 1722 1611 sub
1769 1573 1880 1611 uno
1927 1573 2160 1627 corpore
2242 1552 2539 1607 idolorum.
2573 1555 2652 1608 De
2702 1556 2826 1609 istis
2864 1573 2997 1627 ergo
3025 1557 3236 1612 talibus
3274 1560 3410 1612 dicit
3440 1560 3680 1613 Dominus
3703 1577 3776 1630 per

555 1657 772 1714 curavit
799 1653 1078 1723 colligere.
1101 1649 1424 1704 Notandum
1451 1651 1640 1699 autem
1660 1647 1806 1716 quod
1827 1645 1972 1698 sicut
1994 1645 2155 1715 Moy-
2176 1666 2224 1725 B
2242 1641 2575 1711 prophetam
2608 1661 2618 1694 :
2638 1645 2751 1710 Ipsi
2769 1652 3160 1711 regnaverunt,
3184 1649 3275 1699 sed
3301 1664 3411 1701 non
3436 1665 3497 1700 ea;
3525 1664 3600 1700 me
3624 1668 3637 1700 :
3650 1651 3772 1716 prim

551 1765 642 1802 ses
672 1744 958 1815 legislator
984 1738 1292 1793 Israelitico
1312 1736 1516 1806 populo
1545 1752 1579 1787 a
1609 1734 1900 1788 Pharaone
1919 1733 2156 1788 liberato
2238 1738 2380 1798 cipe:
2405 1735 2752 1792 exstiterunt,
2780 1738 2828 1785 et
2854 1749 2964 1786 non
2985 1738 3212 1801 cognovi
3239 1737 3372 1801 (086.
3394 1743 3526 1805 VIII).
3552 1737 3773 1799 Quartum

550 1837 742 1891 decem
765 1834 1040 1903 praecepta
1072 1827 1209 1896 legis
1230 1824 1465 1879 tradidit
1487 1824 1675 1888 (Exod.
1701 1827 1874 1887 xxix),
1895 1823 1974 1876 ita
1993 1839 2150 1892 apos-
2235 1835 2456 1888 quoque
2483 1835 2662 1888 genus
2691 1826 2777 1873 est
2807 1823 3369 1893 apostolorum,quod
3403 1841 3572 1894 neque
3606 1841 3635 1876 a
3669 1825 3771 1886 Deo,

546 1925 698 1979 tolus
718 1921 926 1976 Paulus
972 1913 1328 1971 credentibus
1373 1912 1431 1965 in
1477 1911 1784 1976 Christum,
1824 1917 1881 1964 et
1925 1927 1960 1964 a
2007 1911 2148 1964 Pha-
2230 1921 2413 1977 neque
2441 1924 2543 1978 per
2571 1908 2854 1962 hominem
2886 1911 2979 1971 sit,
3014 1911 3112 1964 sed
3160 1928 3195 1964 a
3252 1914 3548 1983 semetipso
3595 1918 3772 1965 tantum

545 2028 720 2066 raone
767 2005 1008 2079 spiritali
1060 2003 1255 2062 erutis,
1311 2001 1502 2054 decem
1565 1999 1845 2069 Epistolas
1900 1999 2141 2069 scripsit.
2229 2002 2466 2058 constat,
2501 2003 2564 2050 ut
2593 2003 2724 2050 sunt
2744 1999 3240 2069 pseudoprophetse
3273 2009 3331 2055 et
3358 2001 3769 2072 pseudoapostoli,

542 2103 688 2155 Nam
737 2100 980 2167 quatuor
1031 2091 1278 2161 reliquas
1321 2089 1392 2142 ad
1439 2089 1746 2158 discipulos
1792 2087 1964 2151 misit,
2007 2088 2147 2141 duas
2229 2083 2524 2137 dicentes:
2565 2085 2700 2140 H326
2737 2086 2872 2139 dicit
2909 2087 3200 2149 Dominus,
3247 2106 3376 2143 cum
3411 2089 3658 2144 Dominus
3687 2105 3772 2142 non

540 2186 801 2241 videiicet
842 2181 1155 2241 Timotheo,
1189 2193 1363 2231 unam
1388 2176 1534 2240 Tito,
1585 2192 1760 2228 unam
1803 2176 2138 2229 Philemoni.
2231 2172 2450 2226 miserit
2477 2190 2590 2227 eos.
2627 2175 2930 2228 Sciendum
2970 2183 3056 2229 est
3085 2184 3278 2231 autem
3309 2179 3457 2233 inter
3482 2180 3579 2232 bos
3599 2194 3769 2239 omnes,

539 2271 722 2328 Pauli.
749 2269 978 2333 Paulus,
1009 2275 1073 2321 ut
1103 2266 1479 2335 Hieronymus
1508 2264 1660 2326 dicit,
1686 2281 1718 2316 a
1751 2264 1932 2333 primo
1963 2265 2141 2334 spolio
2225 2262 2498 2330 quosdam
2523 2268 2696 2317 tantae
2726 2264 3016 2332 dignitatis
3048 2282 3190 2331 esse,
3224 2274 3292 2320 ut
3321 2267 3710 2338 etapostolatas
3729 2272 3770 2318 et

539 2361 688 2434 quod
737 2365 941 2413 sancta:
984 2355 1242 2410 Ecclesiae
1285 2353 1541 2415 contulit,
1585 2369 1617 2404 a
1664 2351 1840 2405 Paulo
1889 2351 2142 2405 videlicet
2223 2350 2528 2420 prOphetize
2551 2351 2926 2406 sublimentur
2944 2353 3252 2418 honore,ut
3269 2354 3767 2426 fuitMoyschsaias,

538 2449 734 2520 Sergio
764 2445 1116 2518 proconsule,
1159 2459 1324 2513 quem
1375 2441 1522 2511 apud
1571 2441 1820 2510 Cyprum
1869 2441 2143 2494 convertit
2224 2435 2467 2492 Joannes
2495 2456 2718 2510 quoque
2750 2441 3019 2510 Baptista,
3060 2442 3130 2495 de
3155 2460 3267 2512 quo
3297 2445 3500 2498 dicitur
3533 2463 3542 2496 :
3574 2445 3682 2498 Ecce
3699 2458 3767 2509 ego

536 2539 670 2603 μοι.
698 2543 840 2601 xm),
873 2535 975 2587 hoc
999 2547 1204 2586 nomen
1234 2530 1340 2583 sibi
1371 2529 1674 2599 imposuit:
1704 2535 1769 2582 ut
1812 2529 1959 2582 sicut
2000 2530 2139 2582 Par-
2224 2530 2384 2579 mitto
2411 2529 2676 2594 angelum
2705 2536 2892 2582 meum
2919 2536 3048 2583 ante
3069 2533 3467 2598 faciemtuam,
3486 2535 3578 2600 Qui
3591 2546 3764 2600 prapo-

534 2623 737 2689 thicus,
767 2622 862 2693 qui
891 2619 1129 2674 Parthos
1165 2617 1470 2688 superavit,
1503 2623 1560 2670 et
1598 2616 1988 2681 Germanicus,
2045 2618 2141 2686 qui
2223 2616 2372 2667 rabit
2402 2619 2551 2669 viam
2586 2622 2740 2669 tuam
2761 2623 2889 2670 ante
2912 2624 2959 2671 te
2981 2620 3246 2686 (Manu),
3279 2621 3557 2692 exquibus
3582 2621 3764 2674 ﬁlerunt

532 2712 901 2769 Germaniam
925 2709 1074 2774 vicit,
1106 2706 1340 2778 quilibet
1367 2705 1478 2759 dux
1525 2705 1907 2759 Romanorum
1957 2705 2139 2760 dictus
2223 2710 2279 2755 et
2309 2705 2568 2773 apostoli,
2596 2705 2690 2775 qui
2731 2707 2963 2775 praemia
2993 2707 3302 2762 electorum
3332 2715 3388 2763 et
3409 2717 3665 2764 tormenta
3694 2725 3763 2761 re-

532 2807 639 2867 αι,
661 2801 742 2856 sic
766 2799 841 2854 ab
863 2815 928 2852 eo
959 2796 1208 2868 principe
1239 2811 1406 2866 quem
1433 2793 1587 2864 prius
1617 2794 1903 2863 superavit
1933 2795 2008 2848 sit
2045 2812 2139 2865 ap-
2222 2791 2524 2861 proborum
2575 2793 2691 2846 suis
2738 2795 3088 2850 auditoribus
3127 2798 3526 2867 priedixerunt,
3565 2797 3760 2868 quodam

529 2890 774 2961 pellam
807 2886 1035 2940 Paulus.
1069 2883 1282 2937 Beatus
1310 2899 1439 2935 vero
1471 2882 1817 2952 Augustinus
1849 2881 1985 2935 dicit
2023 2899 2139 2936 mo-
2221 2879 2433 2933 honore
2461 2883 2768 2951 prephetie
2798 2883 3070 2953 insigniti.
3099 2887 3184 2939 Ad
3212 2887 3505 2942 Romam».
3530 2888 3762 2941 Romanos

530 2980 719 3033 dicam
748 2973 1108 3045 interpretari
1140 2972 1396 3035 Paulum,
1432 2971 1490 3022 id
1531 2975 1617 3023 est
1647 2971 1942 3023 humilem.
1991 2971 2135 3023 Unde
2155 2975 2196 3032 Ο
2221 2968 2466 3038 appeilat
2489 2970 2579 3022 hic
2602 2971 2922 3039 Apostolus,
2957 2973 3053 3042 qui
3083 2989 3148 3026 ex
3168 2974 3382 3028 J'udais
3403 2975 3648 3044 gentibus
3667 2989 3760 3026 cre-

529 3066 650 3136 ipse
678 3063 848 3117 dicit:
882 3061 991 3128 Ego
1019 3077 1144 3114 sum
1175 3063 1448 3113 minimus
1471 3058 1724 3112 omnium
1753 3061 2132 3126 apostolorum
2215 3055 2411 3130 dentes
2439 3057 2494 3110 in
2519 3058 2771 3127 partibus
2802 3060 2974 3114 Italia:
2995 3060 3759 3134 babitabantJnterpretantur

525 3155 581 3221 (1
608 3154 728 3208 Dor.
761 3153 866 3218 xv).
896 3148 1110 3204 Dicitur
1138 3153 1195 3200 et
1222 3147 1624 3216 apotyspaulys
1659 3141 1780 3217 [ἀπὸ
1807 3146 2130 3217 τῆςήαὒλης]
2214 3151 2402 3197 autem
2425 3145 2667 3200 Romani
2694 3149 2954 3201 sublimes
2979 3149 3092 3202 sive
3115 3151 3524 3222 tonantes,quia
3543 3152 3628 3205 illo
3648 3159 3757 3204 te-

528 3240 839 3296 secundum
871 3237 1160 3307 quosdam,
1196 3236 1252 3288 id
1274 3241 1359 3288 est
1381 3249 1416 3286 a
1443 3234 1756 3287 cessatione
1785 3235 2130 3304 persecutio-
2212 3248 2348 3302 pore
2362 3249 2472 3302 quo
2492 3235 2950 3304 Apostolushanc
2973 3237 3284 3316 Epistolam
3306 3240 3388 3293 eis
3411 3238 3754 3301 misitcunctis

527 3329 618 3384 nis
650 3347 662 3382 :
694 3328 781 3381 vel
810 3333 978 3389 certe,
1031 3331 1094 3378 ut
1134 3324 1360 3394 quidam
1394 3323 1607 3385 dicunt,
1645 3322 1927 3376 binomius
1957 3323 2129 3376 fuisse
2210 3321 2473 3390 gentibus
2495 3323 2972 3393 principabantur.
2995 3324 3243 3396 Ideoque
3272 3327 3615 3382 sublimiorcs
3633 3331 3758 3381 erant

525 3417 880 3486 intelligitur,
903 3419 968 3468 ut
995 3411 1223 3484 plurimi
1252 3411 1616 3464 inveniuntur
1637 3411 1854 3464 duobus
1893 3412 2130 3464 nomini-
2211 3409 2469 3463 omnibus
2500 3412 2737 3481 populis,
2769 3419 2827 3466 et
2871 3413 3205 3487 intonabant
3255 3423 3533 3487 prmeepta
3571 3416 3754 3487 publica

526 3506 634 3560 bus
660 3485 857 3567 vocati,
917 3502 1061 3556 sicut
1091 3501 1253 3555 Ozias
1303 3499 1400 3569 qui
1457 3507 1513 3551 et
1560 3499 1787 3552 Azarias
1835 3499 1892 3552 in
1932 3500 2122 3553 Veteri
2207 3504 2265 3550 et
2294 3498 2527 3567 privata,
2567 3517 2876 3572 eorumque
2905 3502 3058 3556 fatua
3090 3485 3156 3556 in,
3507 3485 3752 3559 hominum

522 3595 916 3658 Testamento;
945 3591 1003 3643 in
1031 3590 1184 3643 Novo
1213 3603 1341 3641 vero
1384 3585 1704 3650 Matthaeus,
1740 3587 1834 3656 qui
1884 3594 1941 3640 et
1969 3588 2118 3641 Levi.
2205 3587 2505 3641 resonabat
2532 3605 2646 3642 ore.

523 3683 685 3739 Unde
713 3683 771 3735 in
802 3679 1033 3734 Actibus
1053 3677 1434 3748 apostolorum
1481 3675 1685 3745 legitur
1718 3693 1728 3726 :
1765 3675 1990 3740 Saulus,
2025 3676 2122 3746 qui

525 3731 1234 3828 e'tuPaulus—invaleseebat
1263 3771 1319 3818 et
1347 3731 1722 3818 confuddeba-t
1746 3731 1989 3818 Iudaeos:
2022 3731 2123 3817 V‘el
2721 3731 2956 3787 CAPUT
2978 3732 3285 3790 PRIMUM-

521 3859 693 3914 etiam
724 3874 880 3911 more
915 3863 1258 3917 sanctorum,
1301 3851 1866 3906 communicationem
1917 3851 2125 3905 meruit
2276 3853 2485 3905 Paulus
2513 3869 2701 3908 servus
2727 3858 2854 3908 Jesu
2901 3857 3125 3911 Christi.
3167 3858 3246 3912 De
3287 3860 3518 3914 nomine
3545 3854 3752 3930 Apostoli

519 3947 784 4013 nominis,
819 3951 883 3999 ut
927 3943 1212 3998 Abraham
1243 3947 1300 3995 et
1344 3940 1532 4002 Jacob,
1581 3945 1637 3994 et
1684 3939 1876 3994 Simon
1922 3941 2015 4010 qui
2065 3947 2122 3994 et
2195 3936 2312 4005 jam
2346 3940 2604 4008 superius
2630 3940 2842 3995 dictum
2863 3948 2948 3996 est
2985 3961 2996 3996 :
3025 3944 3122 3997 sed
3157 3948 3525 4014 quaerendum
3553 3952 3628 4000 est
3650 3961 3753 3999 cum

517 4040 722 4093 Petrus
743 4040 972 4089 vocatus
997 4039 1084 4086 est
1107 4048 1144 4084 a
1167 4030 1424 4093 Domino,
1450 4035 1514 4083 ut
1538 4029 1634 4099 qui
1664 4034 1991 4098 persecutor
2021 4045 2118 4082 νο·
2201 4024 2473 4080 Dominus
2507 4027 2657 4082 dicat
2691 4048 2702 4082 :
2747 4031 2867 4099 jam
2922 4044 3035 4086 non
3064 4032 3247 4086 dicam
3289 4052 3388 4089 vos
3445 4053 3634 4099 servos,
3675 4033 3751 4086 sed

514 4132 675 4181 catus
693 4131 778 4178 est
809 4124 1030 4184 Saulus,
1073 4121 1130 4173 id
1173 4125 1259 4174 est
1293 4117 1606 4181 infamatis,
1625 4124 1752 4187 post
1783 4117 2116 4186 praedicator
2198 4114 2408 4168 amicos
2428 4133 2584 4171 meos
2599 4119 2787 4185 (Joan.
2814 4124 2922 4187 xv),
2945 4137 3119 4190 quare
3154 4124 3464 4192 Apostolus
3491 4135 3749 4179 seservum

515 4213 746 4269 effectus
797 4211 1078 4263 diceretur
1128 4207 1356 4268 Paulus,
1401 4205 1580 4298 idﬂest
1633 4205 1859 4298 humilis
1905 4205 2111 4298 Christi
2131 4205 2460 4298 Dappeilet.
2493 4205 2576 4259 Ad
2607 4207 2755 4275 quod
2777 4207 3074 4263 dicendum
3106 4210 3218 4264 duo
3245 4227 3462 4280 genere
3482 4229 3596 4268 esse
3609 4209 3750 4266 seni-

511 4299 840 4368 discipnlus.
866 4297 1125 4363 Apostoti.
1146 4296 1427 4362 Apostolus
1449 4293 1659 4356 Graece,
1684 4293 1879 4345 Latine
1905 4293 2112 4346 dicitur
2133 4291 2171 4298 ”
2195 4291 2334 4345 tutis
2365 4308 2377 4342 :
2405 4309 2582 4347 unum
2609 4295 2865 4350 videlicet
2891 4297 3129 4362 timoris,
3161 4299 3410 4356 alterum
3437 4301 3649 4356 moris.
3673 4299 3747 4352 Fat

508 4390 730 4442 missus.
762 4385 830 4438 Et
858 4385 962 4436 iste
979 4381 1194 4435 audivit
1215 4397 1251 4434 a
1275 4381 1516 4434 Domino
1543 4397 1554 4431 :
1577 4381 1769 4449 Longe
1803 4381 2022 4434 mittam
2052 4388 2107 4435 te
2191 4381 2418 4450 quidem
2448 4383 2686 4436 servitus
2708 4384 2948 4450 timoris,
2977 4370 3092 4456 qua
3107 4386 3271 4442 timet
3284 4405 3482 4444 servus
3499 4389 3748 4444 dominum

507 4477 796 4544 adgentes
807 4469 1514 4542 (Act.Xxm.Apostolorum
1536 4474 1726 4522 autem
1742 4485 1953 4537 genera
1973 4477 2105 4524 sunt
2187 4485 2376 4533 suum,
2403 4471 2608 4524 timens
2637 4471 2709 4525 ab
2736 4489 2801 4526 eo
2831 4474 3105 4543 ﬂagellari
3125 4476 3177 4529 si
3204 4493 3303 4546 per
3332 4480 3524 4532 omnia
3541 4480 3648 4547 ejus
3668 4491 3746 4527 vo-

503 4569 762 4638 quatuor.
789 4561 1048 4616 Primum
1068 4563 1154 4612 est
1183 4557 1330 4628 quod
1357 4556 1542 4610 nccab
1575 4556 1896 4610 hominibus
1923 4559 1984 4611 fit
2001 4575 2104 4612 nec
2169 4557 2389 4611 'luntati
2421 4576 2531 4613 non
2563 4559 2855 4615 obedierit.
2889 4562 2961 4615 Et
2987 4568 3074 4616 est
3113 4565 3357 4619 servitus
3396 4567 3601 4621 unoais
3625 4563 3743 4618 filia-

491 4667 596 4727 per
622 4651 927 4713 hominem,
951 4648 1049 4703 sed
1079 4661 1116 4700 a
1162 4647 1280 4700 Deo
1307 4645 1721 4709 tantummodo,
1761 4645 1830 4698 de
1860 4663 2099 4716 quorum
2182 4645 2488 4718 tionisque,
2510 4665 2623 4718 qua
2640 4650 2812 4702 servit
2836 4649 3016 4704 bonus
3045 4652 3195 4706 ﬁlius
3226 4656 3403 4723 patri,
3421 4656 3617 4709 timens
3641 4652 3738 4720 ejus

489 4753 732 4799 numero
770 4731 1002 4794 fuerunt
1038 4735 1277 4806 Moyses,
1322 4732 1500 4788 Isaias
1549 4733 1758 4803 aliique
1807 4736 2100 4806 quamplu-
2180 4735 2470 4802 oﬂ‘ensam,
2505 4754 2616 4808 quo
2667 4739 2882 4792 scilicet
2925 4756 3141 4809 genere
3186 4743 3478 4798 seruitutis
3518 4748 3666 4797 νοαι
3693 4754 3741 4792 οε

484 4831 621 4885 rimi
653 4829 1074 4901 prophetarum,
1105 4822 1400 4878 duodecim
1447 4838 1671 4892 quoque
1703 4823 1963 4892 apostoli,
1999 4825 2095 4894 qui
2177 4825 2479 4893 Apostolus
2508 4843 2729 4880 servum
2764 4826 2904 4882 Jesu
2932 4829 3156 4882 Christi.
3194 4831 3282 4884 De
3296 4848 3410 4902 qua
3439 4838 3498 4887 et
3529 4831 3639 4903 ipse
3657 4829 3740 4884 Ho-

484 4918 739 4988 qmmvis
767 4917 847 4971 ab
866 4915 1330 4969 homine‘Christo
1360 4917 1549 4966 essent
1580 4910 1953 4974 missi,tamen
1969 4912 2088 4982 ipse
2173 4913 2358 4967 minus
2379 4914 2460 4968 ait
2487 4932 2497 4965 :
2530 4916 2668 4970 Cum
2691 4918 2938 4983 feceritis
2958 4921 3150 4972 omnia
3188 4933 3309 4986 qua
3352 4927 3613 4990 precepts
3632 4919 3738 4972 sunt

483 5006 651 5058 homo
699 5009 822 5058 erat
856 5009 913 5057 et
953 5020 1111 5057 verus
1138 5004 1307 5056 Deus.
1341 4997 1522 5072 Moysi
1552 5015 1688 5069 ergo
1706 5000 1920 5054 dictum
1953 5007 2040 5054 est
2070 5020 2081 5054 :
2166 5004 2330 5064 vobis,
2357 5004 2721 5064 dicite,Scrvi
2746 5007 2976 5058 inutiles
2998 5021 3194 5058 sumus
3218 5008 3524 5075 (Luam!)
3550 5007 3738 5062 Hocast

484 5093 704 5147 Mittam
735 5096 782 5144 to
810 5093 885 5144 ad
913 5092 1256 5144 Pharaonem
1285 5091 1584 5155 (Emodnu).
1626 5087 1785 5160 Isaiae
1808 5105 2029 5158 quoque
2065 5106 2076 5140 :
2167 5105 2282 5142 non
2302 5106 2494 5144 servus
2547 5091 2766 5145 timoris
2797 5097 2854 5145 et
2879 5108 3073 5162 pense,
3111 5093 3209 5146 sed
3237 5110 3442 5150 servus
3479 5093 3673 5149 amoris
3692 5094 3738 5144 et

480 5181 649 5248 Quem
678 5180 940 5232 mittam?
970 5183 1018 5231 et
1048 5181 1169 5246 quis
1198 5180 1294 5231 ibit
1326 5180 1482 5230 nobis
1505 5184 1528 5230 ?
1557 5178 1623 5229 Et
1646 5177 1738 5229 ille
1772 5192 1782 5223 :
1816 5176 1944 5229 Ecce
1965 5193 2075 5244 ego,
2167 5178 2472 5243 ﬁliationis,
2507 5196 2640 5250 quo,
2665 5180 2739 5234 ad
2767 5181 2950 5234 inata:
2975 5181 3105 5248 lilii,
3153 5198 3270 5237 non
3313 5186 3435 5238 vult
3485 5182 3734 5239 otl‘endel'e

474 5270 633 5323 mitto
663 5283 766 5332 me,
827 5270 885 5318 et
926 5264 1197 5318 Dominus
1230 5280 1242 5313 :
1300 5265 1436 5319 Vade
1491 5267 1564 5318 ad
1603 5267 1873 5334 populum
1913 5269 2084 5318 istum
2171 5267 2456 5321 Christum
2475 5271 2623 5322 Juu.
2647 5270 2762 5323 Hoc
2778 5286 2979 5323 nomen
3003 5269 3404 5341 θειώδηώο
3426 5266 3731 5327 humatitati

481 5358 615 5424 (Iba.
649 5357 746 5423 vr).
795 5353 1115 5408 Secundum
1162 5352 1389 5422 quidem
1419 5354 1566 5423 quod
1610 5371 1643 5407 a
1689 5355 1804 5408 Deo
1852 5359 1954 5416 est,
1987 5355 2086 5408 sed
2169 5353 2523 5425 impositum,
2541 5357 2759 5410 dicente
2783 5357 2853 5411 ad
2875 5359 3144 5412 Mariam:
3181 5360 3393 5414 Voca“:
3427 5361 3731 5425 mutandus

472 5442 942 5521 ‘perhcminem:
993 5441 1070 5496 de
1101 5451 1342 5514 quorum
1367 5454 1611 5498 numero
1641 5442 1862 5499 exstitit
1893 5443 2082 5505 Josuo,
2165 5445 2352 5499 losum
2382 5446 2534 5505 (.Luc.
2555 5459 2607 5514 1.;
2641 5448 2750 5502 13a.
2776 5447 3371 5516 m;.Matth..i)..Jesus
3387 5445 3729 5508 eniam
