3970 6150
571 281 673 338 367

1017 285 1393 340 HAYMONIS
1437 284 1928 338 HALBERSTAT.
1965 281 2188 336 El’lSC.
2227 281 2385 334 OPP.
2412 283 2597 338 PARS
2626 285 2671 338 l.
2706 315 2770 325 —
2802 286 3178 344 COMMENT.
3217 289 3402 347 BIBL.

3695 296 3778 357 368

568 409 890 481 Apostolus,
921 410 1018 464 sed
1047 411 1116 464 de
1147 409 1389 475 homine,
1435 409 1529 480 qui
1565 425 1678 462 non
1707 414 1830 462 erat
1857 413 2157 477 antequam
2175 413 2222 465 A
2243 411 2338 458 tur
2365 405 2496 475 quia
2525 407 2668 461 sicut
2697 426 2859 463 suam
2893 411 3360 467 resurrectionem
3389 422 3688 486 procuravit,
3715 424 3780 478 ita

571 499 754 554 factus
773 503 937 553 esset.
986 500 1319 552 Humanitas
1350 498 1498 552 enim
1532 514 1654 567 quae
1688 513 1799 550 non
1825 503 1946 549 erat
1973 501 2157 561 antea,

568 587 666 642 illa
695 594 782 642 est
799 588 1196 658 praedestinata
1225 592 1282 640 et
1309 587 1605 657 praeﬁnita,
1630 585 1744 638 sive
1765 584 2159 655 praeordinata,

569 677 692 731 sine
731 677 850 730 suis
901 677 1138 738 meritis,
1171 680 1236 728 ut
1266 674 1443 728 Filius
1490 674 1592 728 Dei
1621 679 1787 740 esset,
1813 679 2102 744 assumpta
2130 690 2164 725 a

567 764 752 819 Verbo
780 765 839 818 in
867 765 1073 818 virtute
1097 763 1426 830 divinitatis,
1460 767 1518 817 et
1544 762 1604 815 in
1632 761 1883 832 potentia
1909 761 2078 814 Verbi
2108 766 2163 814 et

567 854 733 908 unita
774 853 855 907 illi
912 853 970 906 in
999 853 1215 907 unitate
1245 868 1514 924 personae,
1549 853 1854 904 secundum
1882 851 2162 918 Spiritum

566 944 1041 1009 sanctiﬁcationis.
1074 941 1318 1012 Spiritus
1352 939 1811 993 sanctiﬁcationis
1846 938 2163 1008 appellatur

564 1031 694 1085 hinc
723 1029 963 1100 Spiritus
982 1035 1227 1092 sanctus,
1258 1029 1390 1098 quia
1419 1028 1775 1082 sanctitatem
1806 1031 2035 1096 praestat
2066 1043 2163 1080 an-

563 1120 706 1190 gelis
726 1125 784 1173 et
809 1118 1134 1172 hominibus
1157 1118 1326 1188 justis
1355 1117 1451 1187 qui
1473 1117 1642 1170 etiam
1673 1116 1951 1180 formavit,
1986 1115 2161 1168 viviﬁ-

564 1208 710 1262 cavit
729 1212 786 1261 et
809 1207 1176 1260 sanctiﬁcavit
1197 1206 1379 1276 ipsum
1396 1205 1682 1258 hominem
1713 1205 1772 1257 in
1799 1209 1960 1257 utero
1985 1202 2157 1272 virgi-

563 1296 771 1360 nali,ex
802 1295 1015 1348 semine
1042 1294 1272 1363 virginis
1286 1294 1407 1346 sine
1426 1293 1638 1346 semine
1656 1292 1774 1345 viri.
1787 1292 2158 1346 Consideran-

563 1385 698 1438 dum
730 1390 816 1438 est
831 1389 1019 1437 autem
1048 1383 1180 1453 quia
1211 1399 1321 1436 non
1347 1383 1453 1435 fuit
1485 1383 1532 1434 ei
1552 1382 1792 1452 Spiritus
1815 1387 2040 1434 sanctus
2054 1398 2153 1450 pro

561 1473 796 1537 semine,
825 1488 928 1526 nec
949 1471 1186 1525 dicimus
1203 1471 1360 1524 illum
1382 1476 1599 1540 patrem
1621 1487 1740 1524 esse
1761 1469 2148 1532 humanitatis,

561 1578 633 1615 ne
661 1561 922 1615 dicantur
955 1577 1076 1614 esse
1103 1560 1214 1613 duo
1236 1565 1444 1629 patres,
1477 1559 1624 1629 quod
1646 1559 1872 1612 omnino
1904 1559 2152 1612 nefasest

559 1649 783 1704 dicere:
816 1665 929 1703 non
969 1649 1118 1702 enim
1167 1664 1332 1701 omne
1378 1647 1526 1716 quod
1582 1646 1834 1700 nascitur
1882 1664 1946 1699 ex
1993 1646 2152 1700 nobis

2245 510 2467 564 quoque
2496 497 2800 551 multorum
2849 507 3201 555 mortuorum
3244 519 3470 573 corpora
3508 513 3560 560 et
3599 510 3780 566 animas

2245 583 2457 651 pariter
2485 585 2838 640 resuscitavit
2866 604 3073 653 secum,
3122 594 3238 643 tam
3287 591 3502 646 illorum
3529 595 3591 648 de
3617 598 3783 666 quibus

2245 670 2451 724 dicitur
2483 690 2494 723 :
2521 675 2697 726 Multa
2735 691 2964 744 corpora
3006 683 3331 731 sanctorum
3362 685 3457 747 qui
3489 683 3787 740 dormierunt

2242 766 2610 813 surrexerunt
2663 764 2874 829 (Matth.
2921 765 3120 834 xxvu),
3171 782 3341 835 quam
3387 768 3547 822 etiam
3575 773 3786 826 omnium

2243 846 2572 903 electorum.
2611 849 2688 902 Ex
2729 867 2968 920 quorum
2999 869 3131 922 ergo
3159 856 3555 910 resurrectione
3582 866 3788 914 mortuo-

2243 951 2368 988 rum
2399 937 2661 1006 apparuit
2688 937 2941 992 Christus
2980 957 3144 994 verus
3175 942 3350 996 Filius
3391 944 3487 997 Dei
3531 962 3657 1013 esse,
3685 951 3785 1000 Jesu

2245 1022 2472 1090 Christi,
2506 1024 2560 1078 id
2592 1032 2677 1078 est
2704 1026 2927 1081 illorum
2957 1029 3051 1098 qui
3082 1030 3152 1082 ad
3182 1047 3241 1084 se
3285 1032 3644 1101 pertinebant,
3676 1052 3786 1105 quos

2242 1110 2362 1181 ipse
2385 1113 2683 1167 resuscitat
2700 1115 2770 1168 ad
2785 1115 2954 1168 vitam
2971 1122 3029 1170 et
3047 1117 3116 1170 de
3136 1117 3337 1187 quibus
3364 1119 3508 1173 idem
3532 1123 3787 1191 Apostolus

2241 1199 2398 1266 dicit,
2431 1207 2493 1254 ut
2538 1205 2608 1254 sit
2653 1206 2762 1270 ipse
2799 1208 3203 1272 primogenitus
3242 1209 3302 1260 in
3332 1212 3526 1261 muttis
3554 1212 3786 1276 fratribus

2245 1291 2414 1357 (Rom.
2447 1292 2738 1356 vm).Nam
2760 1292 2828 1346 de
2857 1295 3266 1348 resurrectione
3290 1296 3642 1366 reproborum
3675 1299 3787 1352 nihil

2236 1377 2327 1430 hic
2353 1378 2575 1432 dicitur.
2609 1380 2802 1434 Potest
2830 1387 2887 1434 et
2931 1382 3010 1434 ita
3066 1384 3363 1453 conjungi:
3406 1385 3605 1438 Paulus
3631 1403 3788 1440 servus

2234 1472 2462 1520 vocatus
2491 1469 2776 1538 apostolus
2807 1487 2870 1522 ex
2890 1472 3300 1525 resurrectione
3321 1479 3655 1528 mortuorum
3681 1475 3788 1528 Jesu

2235 1555 2462 1608 Christi.
2489 1556 2698 1610 Omnes
2711 1558 2936 1627 quidem
2951 1561 3190 1630 apostoli
3211 1568 3342 1614 ante
3365 1538 3588 1616 Domini
3615 1563 3788 1633 passio-

2234 1659 2362 1695 nem
2388 1649 2522 1697 sunt
2549 1645 2726 1698 vocati
2754 1646 2824 1699 ab
2854 1646 2974 1717 ipso
3007 1664 3019 1698 :
3064 1649 3271 1702 Paulus
3305 1666 3432 1703 vero
3479 1656 3599 1721 post
3632 1666 3789 1704 resur-

556 1739 754 1808 utique
779 1738 928 1792 ﬁlius
957 1743 1150 1790 noster
1173 1736 1453 1792 est.Verbi
1475 1735 1662 1805 gratia
1689 1753 1700 1787 :
1726 1735 1959 1806 capillus
1976 1736 2151 1788 nasci-
2167 1767 2214 1826 B
2233 1731 2535 1785 rectionem
2563 1735 2701 1803 ejus.

555 1833 650 1881 tur
675 1827 744 1881 de
772 1826 969 1897 capite,
1008 1832 1062 1879 et
1084 1835 1276 1879 tamen
1299 1841 1409 1878 non
1437 1824 1561 1877 ideo
1592 1824 1742 1876 ﬁlius
1771 1823 1970 1893 capitis
1996 1831 2149 1877 recte

554 1916 776 1970 dicitur.
811 1914 1060 1968 Pediculi
1091 1930 1155 1966 ex
1181 1913 1342 1966 nobis
1373 1928 1596 1983 quoque
1617 1917 1943 1975 nascuntur,
1977 1916 2033 1965 et
2062 1917 2148 1964 ta-

553 2021 683 2058 men
704 2003 804 2056 ﬁlii
835 2003 1012 2057 nostri
1033 2018 1388 2072 nequaquam
1413 1999 1791 2055 dicuntur.Ita
1819 2017 1951 2070 ergo
1981 2006 2038 2053 et
2055 2000 2150 2053 ille

551 2091 719 2146 homo
745 2098 1070 2162 assumptus
1113 2107 1147 2144 a
1199 2089 1398 2153 Verbo,
1432 2090 1501 2144 de
1538 2089 1751 2159 Spiritu
1791 2094 1984 2142 sancto
2015 2105 2147 2144 con-

551 2186 767 2252 ceptus,
798 2181 856 2235 id
891 2186 977 2235 est
996 2195 1164 2250 opere
1179 2178 1421 2250 Spiritus
1439 2178 1616 2232 sancti
1636 2177 1910 2231 formatus
1940 2178 2147 2242 est,sed

549 2275 742 2325 tamen
770 2285 884 2324 non
913 2274 997 2323 est
1025 2268 1176 2322 ﬁlius
1207 2267 1449 2337 Spiritus
1479 2266 1677 2319 sancti.
1709 2267 1737 2320 ,Ι
1745 2272 1990 2335 ungatur
2013 2282 2146 2335 ergo

548 2358 631 2414 ita
659 2358 819 2412 beato
845 2356 1159 2427 Augustino
1189 2356 1442 2409 docente.
1476 2355 1584 2418 Qui
1611 2354 2042 2425 prmdestinatus
2063 2361 2148 2408 est

547 2447 724 2503 Filius
746 2446 845 2500 Dei
868 2446 925 2500 in
952 2445 1155 2499 virtute
1167 2443 1480 2498 divinitatis
1509 2449 1565 2497 et
1593 2443 1846 2514 potentia
1865 2442 2050 2506 Verbi,
2084 2459 2148 2496 ea:

549 2538 950 2591 resurrectione
979 2539 1352 2599 mortuorum,
1383 2533 1602 2604 primus
1631 2548 1927 2602 resurgere
1952 2537 2009 2585 et
2029 2531 2148 2602 pri-

547 2640 675 2678 mus
699 2624 867 2678 caelos
892 2628 1206 2694 penetrare.
1232 2623 1526 2675 Destructo
1552 2620 1702 2674 enim
1737 2620 1934 2674 mortis
1963 2620 2144 2690 impe-

549 2712 653 2780 rio,
686 2713 805 2784 ipse
827 2712 1042 2784 primus
1071 2710 1321 2765 omnium
1347 2716 1698 2764 mortuorum
1720 2709 2024 2763 electorum
2055 2725 2144 2762 re-

547 2801 808 2867 surrexit,
822 2803 989 2872 juxta
1015 2800 1160 2870 quod
1211 2800 1455 2854 Joannes
1487 2799 1556 2852 de
1587 2799 1683 2851 illo
1709 2797 1842 2852 dicit
1870 2815 1883 2852 :
1919 2798 2025 2862 Qui
2056 2804 2142 2852 est

544 2890 956 2962 primogenitus
982 2892 1355 2950 mortuorum,
1385 2894 1441 2941 et
1457 2888 1715 2958 princeps
1735 2902 1930 2957 regum
1950 2892 2136 2951 terra,

545 2983 604 3032 et
629 2976 889 3048 primitiae
917 2975 1320 3029 dormientium
1337 2974 1594 3028 Christus
1612 2976 1796 3044 (Apoc.
1827 2977 1894 3041 1);
1923 2980 1980 3028 et
1995 2975 2142 3029 sicut

2302 1821 2404 1872 Per
2437 1837 2596 1888 quem
2640 1825 2947 1889 accepimus
2987 1828 3235 1891 gratiam
3279 1831 3328 1878 et
3364 1828 3791 1894 apostolatumad
3849 1885 3864 1894 ι

2232 1908 2589 1962 obedientium
2619 1912 2747 1976 ﬁdei
2793 1914 2853 1964 in
2911 1915 3166 1966 omnibus
3193 1918 3448 1980 gentibus
3471 1932 3570 1984 pro
3603 1917 3794 1968 nomine

2231 1998 2364 2063 ejus.
2401 1997 2598 2050 Gratia
2627 1998 2831 2052 dicitur
2857 2001 3035 2070 gratis
3063 2001 3217 2056 data.
3248 2003 3320 2056 Et
3345 2004 3586 2073 gratiam
3611 2004 3691 2057 hic
3715 2003 3794 2056 de-

2232 2082 2428 2138 bemus
2448 2085 2760 2156 intelligere
2782 2089 2948 2141 ﬁdem
2977 2095 3033 2142 et
3061 2090 3448 2145 remissionem
3476 2099 3796 2162 peccatorum

2228 2173 2315 2225 vel
2345 2174 2676 2242 patientiam
2711 2177 2961 2230 omnium
2984 2177 3260 2243 laborum,
3294 2197 3396 2250 pro
3426 2197 3538 2251 qua
3567 2196 3796 2234 remune-

2229 2259 2481 2314 rabimur
2517 2263 2575 2315 in
2604 2263 2873 2327 futurum,
2910 2282 3033 2335 qua;
3063 2267 3252 2320 omnia
3283 2269 3457 2322 nullis
3481 2267 3799 2338 praecedenti-

2229 2347 2332 2402 bus
2363 2350 2578 2404 meritis
2604 2353 2782 2420 gratis
2811 2354 2942 2407 data
2973 2361 3104 2408 sunt
3134 2357 3348 2410 cunctis
3379 2357 3654 2421 ﬁdelibus,
3679 2357 3801 2410 sicut

2228 2436 2428 2490 iisdem
2459 2439 2717 2509 egregius
2743 2433 3078 2510 praedicator
3105 2443 3239 2496 dicit
3268 2463 3279 2496 :
3305 2445 3503 2499 Gratia.
3533 2447 3666 2498 salvi
3686 2445 3800 2509 facti

2229 2527 2582 2594 estistEphes.
2622 2535 2698 2594 ιι).
2743 2530 3104 2599 Apostolatus
3147 2548 3276 2586 vero
3306 2534 3536 2588 nomine
3565 2532 3802 2587 debemus

2228 2612 2543 2684 intelligere
2573 2615 2912 2685 legationem
2939 2619 3372 2687 prazdicationis,
3407 2637 3579 2692 quam
3599 2621 3696 2691 ipsi
3715 2619 3800 2673 soli

2225 2703 2465 2772 apostoli
2493 2719 2799 2775 eorumque
2821 2722 3088 2776 sequaces
3109 2717 3450 2778 acceperunt
3460 2710 3555 2780 qui
3571 2708 3804 2763 similiter

2222 2796 2350 2861 post
2400 2789 2525 2844 illos
2567 2792 2811 2847 ofﬁcium
2845 2795 3253 2864 praedicationis
3300 2803 3623 2852 tenuerunt.
3660 2798 3721 2850 Et
3745 2813 3802 2848 ne

2224 2879 2350 2948 quis
2378 2885 2605 2949 putaret
2621 2883 2769 2952 quod
2800 2883 2853 2936 in
2878 2900 2990 2936 una
3007 2890 3176 2954 gente
3195 2888 3590 2941 tantummodo
3609 2883 3806 2941 Israeli-

2223 2967 2334 3020 tica
2363 2969 2707 3040 accepissent
2751 2972 3091 3041 legationem
3145 2975 3580 3044 praedicationis,
3607 2974 3732 3028 dicit
3755 2973 3804 3025 in

542 3067 759 3138 primus
787 3064 1110 3128 resurrexit,
1145 3063 1225 3117 ita
1261 3069 1318 3117 et
1348 3063 1563 3134 primus
1591 3065 1759 3116 caelos
1808 3063 2137 3132 penetravit,
2165 3055 2484 3134 comnibus
2521 3058 2784 3127 gentibus
2813 3061 2883 3113 ad
2931 3060 3306 3117 obediendum
3341 3065 3495 3127 ﬁdei.
3545 3062 3802 3132 accepisse

543 3154 684 3208 dans
704 3151 963 3207 ﬁdelibus
993 3152 1109 3206 suis
1131 3158 1257 3223 post
1282 3168 1342 3206 se
1374 3152 1592 3206 aditum
1630 3151 1998 3221 ingrediendi.
2028 3151 2143 3204 Ali-

543 3248 651 3308 ter,
679 3241 985 3296 secundum
1015 3240 1242 3294 beatum
1267 3241 1648 3315 Ambrosium,
1673 3241 1876 3294 merito
1915 3239 2050 3293 dicit
2079 3240 2141 3292 il-

542 3331 660 3386 lum
675 3330 1134 3402 praedestinatum
1152 3345 1273 3383 esse
1294 3329 1494 3382 Filium
1509 3329 1608 3383 Dei
1628 3345 1693 3382 ex
1703 3329 2132 3393 resurrectione,

543 3420 658 3474 sive
690 3424 816 3490 post
863 3419 1352 3483 resurrectionem,
1407 3418 1540 3488 quia
1572 3423 1707 3472 tunc
1755 3417 1938 3488 patuit
1968 3434 2136 3472 verus

540 3509 716 3564 Filius
735 3507 838 3562 Dei
853 3524 994 3574 esse,
1021 3507 1246 3578 quando
1275 3507 1333 3560 in
1360 3511 1540 3560 morte
1569 3506 1719 3560 illius
1760 3507 1942 3559 multa
1965 3506 2136 3560 mira-

542 3596 1017 3677 cula.“ccidentia
1068 3596 1463 3666 compulerunt
1517 3595 1748 3648 dicere:
1810 3597 1930 3649 Vere
1961 3597 2135 3648 Filius

541 3690 641 3744 Dei
690 3692 810 3741 erat
864 3689 962 3738 iste
1002 3686 1216 3745 (Matth.
1276 3686 1464 3750 xxv").
1510 3684 1799 3754 Siquidem
1832 3689 2133 3754 antequam

543 3775 984 3846 suspenderetur
1011 3773 1068 3826 in
1088 3773 1240 3842 ligno
1258 3789 1357 3842 pro
1378 3773 1558 3825 salute
1577 3772 1799 3841 generis
1820 3773 2051 3826 humani
2081 3779 2138 3826 et

543 3869 880 3928 moreretur,
911 3861 1201 3930 multaque
1232 3859 1505 3913 miracula
1537 3860 1739 3913 ﬁerent
1777 3860 1836 3913 in
1877 3861 2137 3931 passione

546 3951 721 4020 illius,
756 3968 877 4022 quas
908 3949 1271 4020 Evangelium
1308 3953 1521 4013 narrat,
1553 3964 1589 4001 a
1616 3949 1810 4018 paucis
1836 3966 2136 4020 cognosce-

545 4021 715 4095 batur
741 4021 915 4094 Filius
941 4038 1042 4092 Dei
1073 4053 1214 4101 esse,
1238 4036 1521 4090 intentum
1547 4042 1612 4090 ut
1631 4037 1867 4107 apostoli
1893 4054 2133 4108 quoque,

546 4129 683 4183 dum
713 4125 1302 4196 comprehenderetur,
1352 4123 1544 4177 relicto
1584 4140 1669 4188 eo,
1700 4125 1979 4194 fugerent.
2028 4125 2138 4179 Sed

547 4221 846 4287 postquam
898 4213 983 4267 sol
1011 4212 1342 4266 obscuratus
1371 4216 1458 4265 est
1499 4211 1556 4264 in
1601 4219 1782 4266 morte
1810 4214 1952 4283 ejus,
1985 4219 2138 4268 terra

547 4302 804 4366 tremuit,
856 4306 1222 4355 monumenta
1265 4306 1462 4370 aperta
1498 4307 1650 4366 sunt,
1680 4302 1862 4354 velum
1892 4317 2134 4372 quoque,

2223 3145 2349 3199 illos
2374 3149 2774 3217 apostolatum,
2796 3149 2853 3202 id
2883 3156 2969 3204 est
3011 3157 3073 3204 ut
3101 3168 3296 3206 omnes
3334 3158 3538 3222 gentes
3568 3151 3808 3205 obediant

2222 3236 2353 3289 ﬁdei
2386 3237 2731 3306 Evangelicee
2771 3245 2826 3292 et
2853 3239 3084 3303 Christi,
3117 3242 3267 3310 quod
3296 3258 3476 3296 unum
3508 3247 3613 3295 est.
3663 3237 3808 3293 Fides

2222 3330 2412 3376 autem
2437 3325 2642 3379 dicitur
2670 3343 2735 3380 eo
2758 3329 2906 3396 quod
2930 3329 3028 3381 ﬁat
3047 3330 3194 3399 quod
3217 3330 3812 3400 promittitur.Constat

2219 3418 2408 3488 autem
2437 3414 2588 3467 inter
2615 3415 2794 3468 Deum
2818 3421 2876 3469 et
2902 3417 3178 3472 homines.
3207 3419 3376 3472 Verbi
3402 3419 3594 3488 gratia
3623 3437 3634 3470 :
3662 3418 3809 3470 Tem-

2186 3554 2188 3557 .
2219 3493 2378 3571 pore‘
2402 3501 2754 3572 baptismatis
2783 3505 3116 3575 proﬁtemur
3147 3523 3250 3560 nos
3290 3508 3524 3561 credere
3554 3508 3613 3560 in
3652 3507 3813 3559 Deum

2219 3589 2465 3655 Patrem,
2491 3597 2548 3644 et
2580 3591 2878 3646 Dominum
2907 3594 3096 3648 Jesum
3127 3595 3434 3658 Christum,
3469 3603 3529 3650 et
3558 3596 3616 3649 in
3649 3591 3810 3664 Spiri-

2217 3684 2339 3732 tum
2369 3685 2646 3746 sanctum,
2669 3681 3069 3736 abrenuntiare
3101 3700 3322 3754 quoque
3353 3684 3586 3738 diabolo
3617 3691 3673 3738 et
3705 3697 3816 3736 om-

2219 3766 2383 3821 nibus
2426 3769 2644 3839 pompis
2699 3770 2838 3839 ejus,
2885 3771 3256 3842 omnibusque
3288 3773 3556 3843 operibus
3601 3774 3737 3842 ejus.
3763 3768 3814 3821 Si

2221 3872 2353 3926 ergo
2379 3857 2481 3910 hoc
2510 3857 2891 3923 observamus,
2935 3860 3067 3914 ﬁdei
3121 3861 3413 3916 obedimus
3442 3877 3453 3909 :
3488 3863 3582 3916 sin
3619 3866 3814 3920 autem,

2218 3945 2568 3999 inﬁdelitatis
2599 3947 3012 4017 redarguimur.
3057 3948 3222 4003 Fides
3247 3950 3421 4020 igitur
3450 3956 3561 4016 est,
3597 3955 3663 4004 ut
3683 3947 3816 4002 dixi-

2219 4049 2364 4098 mus,
2391 4034 2664 4088 confessio
2695 4042 2902 4091 sanctaa
2924 4037 3215 4092 Trinitatis
3245 4045 3302 4092 et
3343 4039 3597 4094 solidum
3627 4036 3819 4093 funda-

2219 4130 2474 4176 mentum
2513 4123 2819 4193 religionis,
2853 4141 2965 4195 qua
2988 4126 3259 4180 veraciter
3283 4127 3575 4181 credimus
3599 4128 3658 4180 id
3683 4122 3819 4196 quod

2220 4228 2575 4282 nequaquam
2605 4213 2793 4267 videre
2813 4214 3078 4269 valemus.
3122 4214 3181 4268 Si
3219 4221 3410 4269 autem
3459 4216 3621 4286 quod
3649 4212 3823 4269 credi-

2221 4316 2345 4354 mus
2387 4302 2506 4369 jam
2537 4301 2807 4356 videmus.
2846 4303 2984 4356 ﬁdes
3009 4304 3127 4373 jam
3159 4320 3270 4357 non
3301 4308 3388 4357 est
3413 4305 3708 4370 habenda,
3733 4300 3822 4355 sed

548 4389 746 4460 templi
767 4387 1003 4442 scissum
1029 4394 1132 4452 est,
1166 4394 1222 4442 et
1251 4388 1574 4454 resurrexit,
1609 4389 1864 4460 cognitus
1895 4394 1980 4442 est
2015 4405 2137 4442 esse
2156 4381 2203 4440 D
2220 4389 2481 4458 cognitio.
2506 4390 2959 4461 Notandumque,
2987 4391 3120 4461 quia
3143 4409 3244 4462 pro
3262 4393 3493 4447 nomine
3515 4391 3753 4451 Christi,
3773 4387 3825 4441 id

549 4494 712 4532 verus
737 4477 910 4532 Filius
938 4478 1060 4542 Dei,
1093 4477 1206 4532 sive
1236 4477 1406 4532 etiam
1445 4479 1669 4548 quando
1698 4485 1825 4548 post
1852 4493 2135 4532 resurrec-

547 4568 758 4623 tionem
789 4566 1284 4637 ascensionemque
1305 4583 1466 4621 suam
1485 4567 1640 4620 misit
1667 4567 1936 4638 apostolis
1968 4565 2138 4636 Spiri-

545 4662 668 4712 tum
697 4661 976 4720 sanctum,
1005 4672 1115 4726 quo
1143 4653 1479 4709 inﬂammati
1508 4661 1799 4725 cceperunt
1834 4653 1986 4724 loqui
2014 4669 2137 4707 om-

546 4746 702 4802 nium
738 4745 995 4817 gentium
1042 4743 1246 4815 linguis
1296 4743 1580 4814 magnalia
1623 4743 1744 4808 Dei,
1777 4747 1913 4796 tunc
1949 4741 2134 4812 potius

547 4835 806 4907 cognitus
836 4839 923 4889 est
941 4849 1064 4888 esse
1088 4849 1252 4886 verus
1301 4833 1476 4887 Filius
1513 4831 1636 4897 Dei,
1665 4831 1734 4884 ab
1772 4831 1858 4884 his
1881 4829 2140 4883 videlicet

546 4925 616 4978 de
647 4923 851 4994 quibus
880 4923 1060 4976 Lucas
1088 4920 1225 4974 dicit
1240 4920 1388 4990 quod
1407 4935 1519 4974 una
1538 4920 1630 4973 die
1649 4919 2010 4974 crediderunt
2027 4918 2142 4972 tria

547 5011 747 5076 millia,
805 5011 986 5063 altera
1027 5009 1118 5063 die
1163 5007 1408 5079 quinque
1432 5008 1610 5062 millia
1660 5009 1794 5074 (Act.
1830 5010 1905 5076 II).
1959 5007 2140 5078 Digna

545 5101 735 5154 autem
773 5097 1218 5152 consideratione
1251 5096 1808 5151 animadvertendum
1855 5101 1957 5161 est,
2009 5097 2141 5167 quia

545 5204 658 5243 non
675 5186 814 5241 dixit
831 5185 1130 5256 Apostolus
1158 5185 1411 5240 absolute
1439 5205 1450 5238 :
1486 5185 1592 5251 Qui
1611 5186 2038 5254 praedestinatus
2063 5190 2138 5238 est

546 5277 721 5330 Filius
770 5277 868 5330 Dei
905 5277 968 5328 in
997 5277 1200 5328 virtute
1243 5291 1308 5327 ea:
1336 5277 1735 5328 resurrectione
1760 5279 2132 5339 mortuorum,

543 5365 642 5420 sed
673 5364 856 5418 adhuc
886 5363 1102 5418 addidit
1129 5362 1364 5432 aliquid,
1398 5361 1604 5426 dicens,
1639 5378 1706 5415 ea:
1740 5365 2138 5416 resurrectione

543 5459 900 5507 mortuorum
918 5455 1044 5507 Jesu
1067 5452 1404 5516 0hristi,hoc
1424 5457 1510 5504 est
1525 5451 1919 5504 tantummodo
1939 5450 2142 5504 electo-

541 5558 669 5601 rum
689 5542 763 5598 ad
783 5557 844 5598 se
858 5541 1264 5616 pertinentium
1287 5558 1301 5612 ς
1325 5539 1604 5612 simulque
1624 5539 1786 5596 nobis
1811 5539 2141 5597 demontra-

2219 4483 2303 4530 est
2330 4478 2446 4530 vice
2475 4479 2718 4532 nominis
2748 4481 2870 4549 ejus
2891 4479 3095 4533 dicitse
3114 4482 3396 4551 accepisse
3413 4483 3820 4552 apostolatum.

2220 4565 2310 4619 Sic
2338 4566 2490 4620 enim
2513 4565 2590 4620 ait
2621 4567 2702 4620 eis
2733 4568 3041 4622 Dominus:
3075 4570 3228 4624 Sicut
3260 4573 3412 4623 misit
3444 4587 3537 4623 me
3565 4573 3748 4629 Pater,
3781 4571 3824 4619 et

2218 4670 2309 4722 ego
2341 4658 2497 4708 mitto
2518 4671 2606 4708 vos
2633 4658 2818 4726 (Joan.
2851 4659 2962 4724 xx),
2994 4657 3052 4710 id
3078 4663 3163 4711 est
3189 4657 3332 4711 sicut
3364 4658 3521 4712 misit
3555 4675 3653 4712 me
3669 4658 3831 4711 Pater

2217 4743 2278 4796 in
2295 4744 2521 4796 nomine
2540 4760 2661 4808 suo,
2687 4743 2768 4797 ita
2795 4750 2852 4798 et
2870 4761 2974 4814 ego
3001 4762 3095 4799 vos
3124 4745 3241 4799 vice
3262 4747 3510 4800 nominis
3531 4747 3651 4800 mei
3676 4745 3828 4798 mitto

2220 4831 2290 4884 ad
2321 4831 2790 4901 praedicationem.
2823 4833 2983 4887 Unde
3013 4838 3070 4886 et
3109 4833 3307 4888 iisdem
3349 4836 3672 4904 Apostolus
3701 4833 3832 4887 alias

2221 4919 2374 4981 dicit,
2407 4937 2508 4990 pro
2538 4921 2782 4986 Christo,
2805 4921 2861 4975 id
2893 4927 2980 4975 est
3005 4922 3120 4976 vice
3147 4922 3357 4976 Christi
3385 4923 3686 4993 legatione
3710 4923 3832 4976 fun-

2219 5008 2427 5078 gimur.
2476 5010 2748 5080 Itemque,
2785 5011 3147 5065 Obsecramur
3176 5027 3281 5079 pro
3311 5011 3557 5078 Christo,
3591 5011 3838 5067 reconci-

2223 5099 2454 5150 liamini
2479 5099 2583 5151 Deo
2610 5099 2691 5167 (ΙΙ
2710 5099 2832 5152 Cor.
2860 5099 2935 5168 v).

2290 5187 2358 5241 In
2381 5187 2602 5254 quibus,
2641 5187 2911 5241 subaudis
2950 5186 3230 5258 gentibus,
3263 5192 3390 5242 estis
3427 5194 3478 5242 et
3503 5205 3627 5255 vos,
3653 5189 3841 5243 Romae

2219 5273 2540 5328 habitantes
2569 5276 2743 5330 Judaei
2787 5281 2844 5329 et
2861 5276 3120 5346 gentiles,
3145 5280 3324 5330 vocati
3347 5279 3476 5331 Jesu
3510 5279 3764 5344 Christi,
3788 5274 3841 5328 id

2221 5368 2306 5416 est
2335 5361 2405 5414 ab
2428 5362 2521 5417 illo
2542 5363 2718 5417 vocati
2748 5364 2882 5417 estis
2906 5380 3120 5434 pernos
3141 5364 3276 5418 utin
3305 5381 3435 5419 eum
3467 5361 3846 5428 credatis,vel

2225 5452 2395 5506 etiam
2425 5452 2482 5504 in
2514 5453 2619 5506 hoc
2646 5452 2824 5505 vocati
2855 5453 2990 5506 estis
3018 5453 3188 5519 illius,
3223 5453 3353 5524 quia
3375 5453 3445 5512 ab
3472 5453 3584 5508 illo
3638 5467 3845 5516 nomen

2225 5540 2668 5599 Christianitatis
2694 5541 3108 5613 promeruistis.
3360 5527 3365 5533 ’
