3970 6150
207 167 286 248 36ξ)

830 189 1212 244 EXPOSITIO
1253 189 1330 244 IN
1373 190 1524 264 EPP.
1569 191 1624 248 S.
1671 191 1904 245 PAULI.
1950 219 2014 231 -
2055 190 2130 244 IN
2172 189 2396 243 EPIST.
2437 187 2534 242 AD
2573 187 2745 242 ROM.

3317 187 3423 246 370

259 313 486 368 Omnibus
513 315 610 380 qui
636 317 769 364 sunt
795 314 988 374 Romae,
1015 315 1226 367 dilectis
1253 316 1351 368 Dei
1379 320 1579 369 vocatis
1608 317 1804 374 san-A
1825 317 2050 368 tlittl’tdo.
2085 316 2131 368 Λ
2156 320 2274 368 toto
2320 321 2535 384 partem
2585 313 2770 384 accipe
2806 331 2816 365 :
2872 329 3052 383 neque
3089 313 3236 368 enim
3268 319 3421 370 totus

198 405 292 455 etis.
311 403 508 455 Dilectis
527 402 625 453 Dei
653 400 805 465 dicit,
827 401 880 452 id
909 407 993 454 est
1023 403 1213 456 electis
1233 405 1301 456 ad
1337 405 1501 457 tidem
1533 410 1590 458 et
1615 421 1741 474 gra-

197 490 324 543 tiam.
355 490 498 553 Quod
521 495 709 543 autem
732 491 866 544 dicit
893 496 1094 545 vocatis
1123 497 1347 557 sanctis,
1377 494 1454 546 sic
1486 495 1743 547 videntur

194 580 284 632 haec
317 577 465 630 verba
503 595 723 645 sonare,
761 580 907 649 quod
946 581 1064 650 jam
1097 582 1274 635 sancti
1303 589 1490 636 essent
1516 583 1740 652 quando

192 666 340 720 vocati
362 672 497 730 sunt,
530 667 628 720 sed
655 683 768 721 non
797 670 1073 724 convenit.
1103 671 1211 733 Qui
1241 671 1389 724 enim
1422 678 1584 724 erant
1612 688 1740 741 pec-

189 760 370 807 catores
396 760 448 808 et
474 755 791 823 justissimi,
823 758 1003 811 vocati
1041 765 1174 812 sunt
1205 759 1403 824 sancti,
1439 759 1494 812 id
1526 765 1612 812 est
1640 759 1742 813 ad-

189 843 272 896 hoc
294 843 439 896 electi
466 847 524 896 et
549 845 729 898 vocati
769 852 922 914 sunt,
954 851 1018 900 ut
1055 854 1244 902 essent
1282 849 1613 903 sanctificati
1641 863 1742 920 per

188 931 505 1002 baptismum.
543 933 678 986 Tale
708 938 794 986 est
823 939 879 988 et
907 935 1066 1001 illud,
1096 937 1244 1007 quod
1290 937 1349 990 in
1387 939 1604 991 cantico
1641 939 1739 992 Za-

187 1020 355 1073 chariae
379 1021 549 1090 patris
575 1019 813 1075 Joannis
842 1023 1123 1094 Baptistae.
1157 1026 1422 1089 Visitavit,
1457 1026 1651 1095 inquit,
1686 1030 1738 1079 et

182 1109 287 1175 ﬁcit
311 1107 721 1176 redemptionem
744 1113 917 1177 plebis
943 1129 1052 1165 sua!
1075 1114 1218 1175 (Luc.
1242 1117 1298 1178 ι).
1326 1114 1448 1165 Non
1481 1113 1629 1166 enim
1657 1114 1738 1167 in-

181 1197 304 1249 venit
329 1196 470 1249 illam
492 1213 613 1251 esse
634 1197 849 1268 plebem
877 1217 1058 1262 suam,
1091 1202 1188 1254 sed
1211 1201 1484 1254 visitando
1509 1207 1566 1254 et
1585 1202 1734 1255 redi-

180 1283 350 1336 mendo
384 1301 541 1337 suam
567 1285 698 1339 fecit
726 1304 862 1339 esse.
895 1288 1216 1342 Notandum
1253 1295 1442 1342 autem
1474 1289 1604 1360 quia
1632 1290 1738 1342 ini-

177 1372 292 1425 tium
322 1373 477 1440 hujus
507 1374 765 1443 Epistolze
808 1376 976 1446 longo
1006 1378 1240 1431 circuitu
1279 1378 1637 1440 distenditur,
1671 1394 1737 1430 ac

174 1475 256 1530 per
276 1461 363 1512 hoc
390 1462 512 1530 ejus
533 1462 814 1517 distinctio
835 1466 1072 1519 solerter
1091 1473 1176 1520 est
1200 1467 1606 1520 consideranda
1627 1486 1638 1520 :
1667 1467 1736 1520 si-

177 1549 368 1618 mulque
384 1551 849 1606 considerandum
862 1554 1230 1608 salutationes
1242 1555 1616 1625 Epistolarum
1633 1555 1735 1609 sub

1821 404 2065 457 mundus
2093 403 2314 457 illorum
2345 403 2514 456 fidem
2546 401 2934 464 annuntiabat,
2977 403 3073 455 sed
3105 419 3206 473 per
3232 404 3420 473 plures

1824 492 2018 546 mundi
2032 498 2218 561 partes
2229 490 2621 560 divulgabatur
2635 507 2832 543 novam
2854 491 3309 560 tidemEvangelii
3326 508 3420 546 eos

1821 581 2154 651 percepisse,
2183 586 2248 634 ut
2273 585 2400 650 pote
2420 579 2513 648 qui
2542 585 2674 632 tunc
2701 578 2970 650 temporis
2991 596 3132 649 pene
3157 581 3417 635 omnibus

1820 668 2084 739 gentibus
2114 667 2568 722 dominabantur.
2599 667 2684 720 Ab
2711 667 2822 720 illis
2851 669 2947 738 qui
2963 668 3198 722 Romam
3231 669 3421 723 venie-

1827 757 1978 823 bant,
2015 757 2257 827 indeque
2278 756 2348 810 ad
2379 756 2604 826 propria
2643 755 3026 826 rependebant
3050 773 3246 811 eorum
3276 758 3416 812 fides

1821 846 2014 900 multis
2033 844 2475 900 annuntiabatur
2484 844 2766 914 gentibus.
2790 846 2941 898 Fides
2955 845 3162 900 dicitur
3176 862 3242 900 eo
3263 847 3414 917 quod
3439 870 3447 879 ο

1824 935 1941 999 fiat,
1967 935 2116 1006 quod
2145 934 2290 987 sicut
2318 934 2682 1004 promittitur,
2707 934 2786 987 ita
2813 933 3016 987 debeat
3043 934 3264 1004 impleri
3294 952 3305 988 :
3331 934 3419 989 sin

1821 1028 2009 1079 autem
2040 1040 2152 1078 non
2179 1023 2348 1077 fuerit
2374 1022 2699 1092 adimpleta,
2720 1021 2835 1092 jam
2867 1038 2979 1076 non
3001 1026 3086 1076 est
3113 1022 3270 1077 fides.

1896 1115 2058 1168 Testis
2087 1116 2235 1166 enim
2267 1114 2411 1165 mihi
2439 1118 2515 1165 est
2543 1112 2700 1165 Deus.
2734 1111 2971 1165 Videtur
2999 1117 3194 1166 contra
3230 1114 3418 1168 Domi-

1817 1203 2004 1256 nicum
2029 1208 2366 1272 praeceptum
2388 1203 2584 1271 jurare
2606 1201 2890 1272 apostolus
2912 1218 3020 1271 quo
3044 1201 3283 1256 dicitur:
3307 1203 3419 1257 No-

1818 1291 1916 1344 lite
1949 1293 2142 1361 jurare
2173 1291 2419 1344 omnino.
2447 1290 2555 1343 Sed
2586 1289 2718 1360 quia
2744 1289 3036 1343 veritatem
3067 1292 3277 1360 jurare,
3313 1308 3414 1345 ne-

1817 1381 2081 1434 cessitate
2099 1380 2604 1450 compellente,non
2623 1383 2707 1431 est
2727 1393 2974 1448 peccare,
2991 1385 3054 1432 ut
3072 1379 3141 1432 ab
3160 1380 3416 1450 Augusto

1818 1469 2041 1523 dicitur.
2067 1470 2304 1524 Coactus
2331 1468 2630 1537 Apostolus
2652 1472 2716 1521 ut
2743 1467 3066 1520 crederetur
3087 1467 3137 1520 ei
3159 1466 3228 1521 ab
3253 1468 3416 1522 audi-

1818 1557 2050 1623 toribus,
2075 1557 2207 1611 dum
2225 1559 2381 1627 jurat
2401 1573 2510 1610 non
2536 1560 2745 1626 peccat.
2770 1556 2968 1610 Tutius
2987 1560 3178 1610 tamen
3201 1560 3287 1610 est
3304 1573 3418 1613 non

174 1637 325 1690 tertiis
364 1639 616 1706 personis
645 1641 967 1696 consistere.
1000 1644 1245 1712 Legatur
1274 1661 1409 1713 ergo
1455 1661 1556 1715 per
1583 1627 1797 1698 com-B
1811 1647 2022 1716 jurare,
2040 1646 2173 1716 quia
2189 1646 2284 1716 qui
2303 1661 2590 1716 nunquam
2604 1646 3083 1714 jurat,nunquam
3103 1644 3415 1714 perjurium

172 1730 299 1778 mata
321 1742 382 1779 ac
408 1727 515 1780 sub
543 1728 994 1784 distinctionibus
1027 1750 1037 1784 :
1073 1735 1282 1785 Paulus
1309 1749 1496 1786 servus
1529 1733 1736 1787 Christi

171 1814 288 1877 Jesu,
311 1820 434 1880 etc.,
465 1833 666 1887 usque,
703 1819 768 1871 In
813 1822 1012 1886 quibus
1054 1823 1182 1874 estis
1210 1826 1258 1872 et
1290 1837 1378 1874 vos
1407 1825 1582 1875 vocati
1607 1824 1733 1875 Jesu

172 1900 359 1965 Christi,
390 1903 583 1975 ibique
611 1911 856 1976 ponatur
879 1908 1060 1962 media
1091 1908 1393 1974 distinctio,
1418 1910 1621 1964 deinde
1640 1911 1735 1964 in-

170 1989 371 2059 feratur,
392 1993 660 2048 Omnibus
679 1999 780 2063 qui
797 2002 928 2048 sunt
949 1999 1141 2059 Romae,
1165 2002 1365 2051 vocatis
1388 2003 1612 2064 sanctis,
1637 1999 1738 2052 ibi-

170 2093 255 2146 que
279 2080 369 2134 ﬁat
394 2082 566 2152 plena
589 2083 894 2150 distinctio,
929 2090 985 2138 et
1007 2085 1379 2139 subaudiatur
1403 2086 1572 2140 tertia
1602 2102 1734 2157 per-

170 2182 297 2232 sona,
322 2170 560 2223 salutem
588 2177 763 2242 optat.
787 2174 930 2226 Nam
964 2174 1111 2244 quod
1132 2174 1406 2244 sequitur,
1430 2173 1623 2228 Gratia
1652 2192 1737 2229 vo-

172 2254 247 2320 bis,
265 2263 407 2311 extra
425 2260 828 2315 salutationem
852 2269 958 2326 est,
977 2263 1108 2333 quia
1127 2263 1370 2317 secunda
1390 2280 1628 2334 persona
1649 2269 1734 2318 est:

169 2342 222 2395 ad
260 2361 414 2414 quam
451 2347 626 2403 debet
669 2356 796 2419 post
841 2351 1236 2405 salutationem
1273 2351 1513 2422 primam
1553 2353 1724 2423 loqui.

169 2431 328 2487 Gratia
355 2439 503 2489 vobis
535 2443 582 2490 et
615 2453 731 2505 pax
763 2454 798 2490 a
841 2441 944 2492 Deo
985 2441 1145 2492 Patre
1190 2446 1374 2494 nostro
1409 2447 1458 2493 et
1497 2443 1730 2495 Domino

164 2521 266 2572 Jesu
285 2524 514 2586 Christo,
541 2525 810 2579 subaudis
839 2527 931 2580 sit.
966 2527 1159 2581 Gratia
1190 2528 1362 2594 vobis,
1391 2529 1448 2583 id
1478 2536 1562 2584 est
1593 2530 1730 2584 fides

164 2612 207 2658 et
229 2611 364 2664 salus
384 2629 501 2682 qua
520 2615 892 2668 remittuntur
909 2622 1138 2685 peccata
1155 2623 1407 2688 tempore
1430 2618 1730 2688 baptisma-

160 2695 232 2760 tis,
260 2705 310 2752 et
331 2717 432 2769 pax
462 2717 582 2771 qua
609 2703 1037 2757 reconciliamur
1057 2705 1171 2758 Deo
1201 2706 1355 2758 Patri
1386 2723 1487 2776 per
1507 2707 1730 2777 sangui-

161 2798 261 2838 nem
277 2787 390 2840 Filii
404 2790 515 2842 sui.
533 2790 773 2854 Quidam
795 2792 873 2844 ita
895 2793 1089 2846 volunt
1106 2793 1419 2863 intelligere
1438 2795 1720 2862 distincte,

157 2879 208 2925 ut
228 2874 430 2930 dicatur
442 2879 637 2948 gratia
666 2881 817 2934 vobis
838 2897 872 2934 a
892 2882 1007 2935 Deo
1031 2883 1216 2946 Patre,
1247 2883 1343 2954 qui
1369 2885 1549 2954 gratis
1571 2885 1726 2939 misit

1816 1741 2120 1807 perpetrat.
2145 1737 2252 1792 Cui
2277 1737 2450 1788 servio
2475 1737 2537 1786 in
2565 1736 2771 1802 spiritu
2798 1749 2930 1785 meo.
2966 1733 3090 1786 Non
3113 1733 3193 1786 ait
3217 1733 3413 1799 adoro,

1817 1825 1912 1878 sed
1947 1828 2138 1877 servio.
2181 1824 2325 1878 Sunt
2350 1822 2575 1892 quidam
2604 1822 2698 1892 qui
2735 1837 2968 1891 corpore
2998 1827 3055 1875 et
3080 1837 3210 1874 voce
3244 1822 3414 1876 Deum

1818 1917 1918 1966 aut
1949 1912 2206 1966 homines
2257 1913 2382 1965 ficte
2412 1911 2667 1971 adorant,
2701 1910 2797 1963 sed
2839 1925 2952 1963 non
2981 1909 3203 1981 spiritu,
3234 1909 3292 1964 id
3330 1915 3416 1966 est

1817 2001 2023 2055 mentis
2043 2001 2264 2054 atl‘ectu.
2288 2000 2421 2053 Plus
2441 2004 2526 2054 est
2545 2015 2677 2069 ergo
2698 1998 2903 2064 dicere,
2921 2002 3013 2052 cui
3029 2002 3204 2052 servio
3224 2001 3288 2052 in
3306 2002 3415 2067 spi-

1817 2094 1935 2144 ritu
1951 2106 2120 2160 quam
2138 2088 2347 2142 adoro:
2365 2087 2498 2158 quia
2507 2087 2598 2140 hic
2615 2086 2950 2156 intelligitur
2959 2087 3246 2140 servitium
3261 2103 3414 2140 amo-

1817 2179 1894 2233 ris
1916 2183 1974 2232 et
1998 2179 2230 2247 integrae
2259 2175 2592 2230 dilectionis.
2626 2179 2690 2230 In
2719 2176 3013 2242 Evangelia
3037 2177 3171 2229 Filii
3197 2179 3329 2244 ejus,
3354 2175 3414 2229 id

1817 2272 1902 2321 est
1938 2266 2333 2338 prtedicatione
2363 2265 2592 2329 Christi,
2625 2263 3010 2335 Evangelium,
3053 2269 3117 2318 ut
3144 2264 3408 2332 diximus,

1815 2357 2019 2410 bonum
2065 2359 2336 2409 nuntium
2369 2357 2532 2408 sonat
2597 2352 2739 2408 Dicit
2780 2352 2932 2406 enim
2967 2371 2978 2406 :
3020 2355 3410 2408 Paenitentiam

1811 2447 1974 2511 agite,
2008 2444 2468 2511 app-ropinquabit
2498 2457 2733 2509 regnum
2761 2443 3019 2494 calorum
3047 2439 3262 2510 (Matth.
3297 2445 3410 2509 III).

1810 2532 2121 2586 Praedicare
2139 2547 2362 2602 quoque
2382 2531 2799 2600 conceptionem
2815 2535 2872 2583 et
2890 2528 3238 2583 nativitatem
3253 2529 3413 2584 Chri-

1810 2622 1882 2675 sti
1911 2626 1968 2674 et
1997 2621 2230 2690 reliqua,
2262 2618 2696 2690 dispensationis
2726 2619 2848 2687 ejus
2876 2617 3145 2688 mysteria
3173 2633 3410 2688 evange-

1808 2710 1978 2763 lizare
1998 2717 2098 2764 est.
2125 2709 2276 2775 Quod
2293 2711 2412 2761 sine
2442 2709 2850 2760 intermissione
2881 2709 3210 2759 memoriam
3238 2710 3407 2760 vestri

1806 2800 1968 2866 facio,
1987 2813 2194 2866 semper
2213 2800 2275 2850 in
2295 2796 2638 2849 orationibus
2659 2797 2810 2848 meis.
2835 2794 2966 2849 Sine
2995 2796 3406 2848 inter-missione

1806 2887 1957 2950 dicit,
1978 2887 2111 2956 quia
2131 2886 2285 2939 omni
2304 2885 2414 2949 die,
2434 2884 2586 2937 omni
2609 2889 2770 2936 nocte
2790 2882 3031 2936 orationi
3052 2881 3402 2952 incumbens,

157 2960 345 3028 Filium,
376 2974 431 3019 et
468 2983 580 3038 pax
611 2984 645 3021 a
671 2967 909 3023 Domino
948 2971 1081 3024 Jesu
1117 2971 1360 3037 Christo,
1401 2975 1563 3043 cujus
1594 2981 1782 3044 pas-C
1805 2992 2000 3030 eorum
2046 2973 2377 3028 memoriam
2424 2972 2678 3026 faciebat.
2713 2973 2856 3026 Nam
2897 2973 3062 3026 aliter
3088 2972 3206 3026 haec
3232 2971 3402 3026 verba

155 3047 282 3104 sione
299 3055 730 3110 reconciliamur
747 3063 864 3111 tam
889 3059 1003 3112 Deo
1025 3075 1191 3129 quam
1212 3061 1460 3130 angelis;
1493 3062 1589 3115 sed
1611 3078 1723 3114 me-

155 3136 240 3190 lius
252 3147 554 3215 utrumque
571 3162 604 3198 a
620 3147 732 3199 Deo
749 3147 916 3200 Patre
932 3148 1124 3202 datum
1141 3148 1493 3218 intelligitur,
1509 3155 1723 3203 utrum-

155 3242 240 3294 que
257 3244 287 3281 a
307 3229 466 3298 Filio,
497 3233 635 3302 quia
651 3235 836 3304 gratia
856 3243 912 3288 et
930 3252 1036 3306 pax
1059 3253 1093 3289 a
1111 3238 1279 3290 Patre
1296 3245 1353 3290 et
1372 3237 1510 3290 Filio
1531 3255 1720 3308 aequa-

154 3313 258 3368 liter
270 3322 580 3376 confertur.
598 3323 838 3392 Spiritus
854 3325 1031 3378 sancti
1051 3341 1181 3379 vero
1201 3341 1495 3396 personam
1517 3326 1721 3380 idcirco

152 3405 362 3472 reticuit,
391 3410 530 3480 quia
555 3411 616 3463 in
645 3411 805 3466 donis
842 3413 958 3467 suis
995 3431 1122 3468 eum
1149 3415 1628 3485 comphrehendit,
1664 3415 1720 3469 id

151 3501 218 3546 est
241 3495 293 3548 in
317 3500 504 3566 gratia
539 3505 594 3554 et
623 3517 777 3571 pace.
803 3502 902 3555 Ait
929 3503 1079 3556 enim
1109 3504 1331 3557 Veritas
1356 3504 1720 3557 Samaritanze
1753 3529 1764 3536 -

150 3583 340 3638 mulieri
367 3606 378 3640 :
408 3589 471 3643 Si
503 3593 671 3643 scires
696 3592 906 3644 donum
934 3593 1032 3645 Dei
1059 3595 1241 3657 (Joan.
1268 3596 1368 3660 1v),
1403 3593 1457 3645 id
1488 3599 1572 3646 est
1601 3594 1722 3663 Spi-

149 3671 290 3726 ritum
317 3683 603 3731 sanctum.
629 3678 770 3741 Quia
794 3681 944 3733 enim
973 3697 1074 3751 per
1102 3698 1232 3734 eum
1252 3681 1518 3735 divinitus
1541 3682 1719 3736 hono-

151 3765 318 3815 rantur
334 3765 524 3826 electi,
550 3766 694 3833 ideo,
718 3772 783 3820 ut
809 3769 1070 3835 diximus,
1091 3770 1150 3823 in
1171 3770 1332 3823 donis
1359 3770 1715 3840 intelligitur.

147 3849 311 3904 Gratia
359 3855 539 3920 enim,
589 3855 645 3908 id
700 3864 785 3910 est
821 3858 1076 3912 remissio
1113 3865 1490 3930 peccatorum,
1548 3876 1716 3930 quam

146 3940 430 4011 percipiunt
472 3944 771 3998 credentes
800 3946 857 3999 in
886 3947 1106 4001 lavacro
1130 3947 1502 4018 baptismatis,
1535 3955 1582 4002 et
1606 3965 1719 4017 pas;

143 4042 224 4094 per
259 4047 421 4100 quam
452 4034 975 4090 reconciliationem
1018 4043 1325 4103 merentur,
1358 4039 1650 4108 mqualiter
1686 4055 1720 4092 a

145 4120 240 4168 tota
262 4119 542 4176 Trinitate
570 4130 928 4193 prmstantur.

199 4207 442 4264 Primum
465 4214 694 4279 quidem
721 4217 934 4280 gratias
952 4231 1054 4280 ago
1074 4215 1178 4268 Deo
1198 4231 1314 4269 meo
1337 4231 1440 4283 pro
1465 4217 1718 4269 omnibus

1805 3069 1954 3118 stare
1983 3080 2094 3117 non
2125 3063 2330 3128 valent,
2361 3061 2455 3132 qui
2484 3061 2828 3126 comedebat,
2852 3060 3183 3114 dormiebat.
3219 3061 3402 3116 Homo

1803 3151 2077 3223 siquidem
2127 3151 2378 3205 mortalis
2422 3155 2546 3204 erat
2586 3151 2769 3204 adhuc
2810 3150 3129 3220 Apostolus,
3164 3148 3402 3221 ideoque

1805 3241 2059 3294 mortalis
2078 3239 2368 3310 indigebat
2382 3239 2623 3309 operari.
2638 3239 2928 3292 comedere
2943 3243 3112 3308 atque
3128 3238 3397 3292 dormire.

1805 3329 1904 3383 His
1924 3330 2074 3383 enim
2095 3327 2354 3382 omnibus
2375 3327 2590 3397 indiget
2616 3327 2780 3381 homo
2800 3327 3027 3381 mortali
3047 3327 3297 3398 tegmine
3316 3326 3398 3382 in-

1803 3418 1990 3472 dutus.
2017 3417 2084 3472 In
2105 3418 2209 3472 hoc
2233 3433 2363 3470 vero
2388 3404 2526 3487 quia
2547 3416 2784 3470 orationi
2815 3416 3081 3478 instabat,
3106 3416 3166 3470 in
3189 3421 3400 3472 semet-

1802 3507 1924 3578 ipso
1947 3507 2191 3578 primum
2213 3523 2381 3576 opere
2399 3505 2800 3576 praetendebat,
2818 3505 2964 3576 quod
2985 3507 3104 3576 ipse
3125 3505 3256 3559 alibi
3278 3507 3397 3559 suis

1802 3595 2151 3651 auditoribus
2171 3595 2514 3648 exhortando
2545 3599 2919 3664 praeceperat:
2950 3594 3084 3650 Sine
3115 3597 3400 3648 intermis-

1800 3687 1968 3746 sione,
1988 3683 2266 3752 inquiens,
2291 3681 2784 3743 orate.0bsecrans,
2809 3684 2859 3734 si
2880 3682 3147 3749 quomodo
3172 3682 3397 3736 tandem

1798 3772 2102 3840 aliquando
2132 3785 2456 3838 prosperum
2483 3771 2590 3822 iter
2621 3769 2847 3822 habeam
2889 3771 2953 3823 in
2990 3773 3270 3824 voluntate
3299 3772 3398 3826 Dei

1800 3861 2055 3913 veniendi
2090 3859 2163 3912 ad
2190 3875 2280 3912 vos
2310 3855 2361 3927 (Ι
2393 3857 2566 3910 Thess.
2601 3860 2669 3920 v).
2708 3857 2766 3911 Si
2806 3858 3104 3926 quomodo,
3135 3859 3193 3913 id
3235 3863 3322 3915 est
3351 3859 3401 3915 si

1801 3949 1988 4018 aliquo
2008 3948 2192 4008 modo,
2217 3946 2464 4007 tandem,
2481 3945 2553 3999 ad
2572 3944 2833 3999 ultimum
2855 3947 2940 3998 vel
2963 3946 3068 3999 vix.
3093 3947 3244 4001 Bene
3262 3947 3400 4003 dicit

1802 4039 2084 4091 obsecrans
2113 4035 2160 4089 si
2184 4035 2371 4104 aliquo
2396 4033 2561 4087 modo
2586 4048 2913 4101 prosperum
2943 4037 3049 4087 iter
3075 4035 3305 4089 habeam
3333 4039 3398 4092 in

1801 4128 2080 4179 voluntate
2099 4126 2194 4178 Dei
2217 4123 2469 4176 veniendi
2486 4123 2560 4175 ad
2578 4138 2688 4184 vos,
2711 4122 2976 4192 quoniam
3008 4127 3142 4177 sunt
3168 4123 3397 4195 quidam

1804 4215 1899 4285 qui
1929 4213 2030 4268 Dei
2056 4211 2441 4284 permissione,
2466 4227 2576 4266 non
2600 4211 2905 4276 voluntate,
2931 4227 3263 4282 prosperum
3289 4213 3400 4269 iter

142 4295 277 4347 vobis.
314 4299 435 4352 Huc
468 4317 653 4370 usque
682 4303 945 4356 salutatio
970 4322 980 4356 :
1015 4309 1141 4373 post
1165 4304 1561 4358 salutationem
1587 4321 1716 4358 vero
1734 4296 1782 4353 D
1804 4303 2064 4357 videntur
2090 4302 2340 4372 accipere
2361 4301 2433 4354 ad
2462 4301 2690 4365 malum,
2710 4299 2757 4354 si
2787 4301 3010 4370 quando
3032 4302 3398 4357 homicidium

140 4386 371 4454 sequitur
389 4391 592 4444 statim
613 4396 800 4445 textus
819 4392 1099 4463 Epistolas.
1120 4392 1329 4447 Beatus
1346 4395 1644 4464 Apostolus
1660 4394 1719 4447 in

1803 4397 1901 4446 aut
1927 4391 2152 4461 aliquod
2181 4390 2446 4444 festinent
2473 4390 2653 4444 scelus
2679 4391 3141 4459 perpetrare.Sed
3164 4392 3402 4462 Aposto-

141 4476 339 4530 exordio
368 4496 488 4534 suae
534 4480 800 4550 Epistolas
835 4498 870 4534 a
908 4482 1220 4552 gratiarum
1261 4499 1490 4537 exorsus
1519 4489 1605 4537 est
1634 4500 1722 4536 ac-
1803 4481 1890 4532 lus
1919 4479 2111 4532 omnia
2141 4493 2406 4548 prospera
2430 4479 2552 4548 quaé
2581 4478 2702 4532 sine
2729 4479 3017 4532 voluntate
3037 4479 3139 4532 Dei
3167 4479 3402 4535 veniunt

140 4560 287 4629 tione,
319 4567 642 4640 adimpleor
685 4570 879 4640 utique.
923 4571 1206 4625 mandatis
1246 4573 1364 4626 suis
1409 4574 1556 4642 quod
1586 4573 1726 4626 dixit
1806 4568 1965 4622 nihili
1993 4567 2205 4638 pendit,
2228 4573 2284 4620 et
2309 4583 2409 4637 pro
2434 4566 2608 4620 nihilo
2634 4567 2886 4637 deputat.
2908 4568 3053 4621 Nam
3083 4567 3249 4622 aliter
3276 4585 3402 4638 pro-

139 4653 253 4708 alibi
283 4675 292 4709 :
322 4661 389 4712 In
417 4659 684 4712 omnibus
713 4663 928 4725 gratias
949 4664 1093 4727 agite
1113 4663 1167 4728 (Ι
1195 4661 1368 4714 Thess.
1392 4666 1463 4728 v).
1481 4662 1718 4733 Gratias,
1806 4673 2033 4728 sperum
2056 4657 2166 4710 iter
2184 4672 2242 4709 se
2265 4672 2425 4725 posse
2445 4654 2652 4709 habere
2670 4671 2783 4708 non
2805 4655 3054 4725 putabat,
3079 4656 3187 4709 nisi
3213 4656 3405 4710 volun-

137 4740 317 4813 inquit,
348 4762 475 4814 ago,
501 4747 561 4800 id
591 4752 678 4801 est
705 4747 898 4802 laudes
924 4749 1104 4802 refero
1131 4748 1245 4802 Deo
1273 4766 1397 4803 meo
1427 4767 1528 4820 pro
1550 4749 1719 4804 vobis-

133 4831 266 4887 Bene
309 4843 505 4890 autem
545 4836 706 4889 addit
743 4853 881 4898 meo,
926 4837 1058 4906 quia
1094 4853 1221 4891 cum
1252 4839 1503 4893 omnium
1530 4855 1722 4893 rerum

136 4935 262 4976 unus
288 4925 364 4978 sit
391 4925 550 4980 Deus
571 4942 674 4995 per
700 4931 982 4990 naturam,
1007 4943 1072 4979 eo
1099 4927 1244 4996 quod
1272 4927 1346 4980 sit
1367 4933 1588 4982 creator
1606 4945 1723 4981 om-

136 5009 291 5077 nium,
323 5014 440 5067 illis
468 5014 698 5084 proprie
724 5019 912 5067 tamen
938 5030 1040 5084 per
1065 5014 1305 5083 gratiam
1343 5016 1490 5069 Deus
1519 5015 1725 5071 dicitur

137 5112 257 5160 esse,
284 5102 438 5171 quod
471 5103 676 5156 merito
697 5102 827 5155 ﬁdei
853 5107 910 5155 et
932 5102 1168 5172 justitia:
1196 5104 1318 5171 ejus
1339 5104 1580 5157 cultores
1602 5119 1724 5157 esse

134 5187 448 5254 probantur,
479 5190 627 5242 sicut
647 5189 810 5243 beato
832 5191 1006 5243 Paulo
1036 5190 1275 5260 aliisque
1301 5191 1511 5244 Christi
1543 5191 1723 5244 ﬁdeli-

135 5271 242 5327 bus.
273 5278 418 5332 Hinc
465 5279 710 5332 dicitur:
751 5279 858 5346 Ego
886 5295 1010 5331 sum
1054 5280 1194 5332 Deus
1234 5279 1535 5339 Abraham,
1583 5281 1724 5332 Deus

135 5363 291 5427 Isaae,
324 5373 374 5419 et
410 5369 558 5421 Deus
585 5369 749 5421 Jacob
774 5369 954 5424 (Exod.
999 5372 1080 5428 II),
1115 5383 1214 5436 per
1249 5368 1488 5437 gratiam
1517 5373 1572 5420 et
1601 5368 1726 5420 vitae

134 5453 405 5508 meritum.
434 5457 578 5522 Quia
604 5457 736 5521 ﬁdes
763 5460 940 5509 vestra
965 5458 1350 5510 annuntiatur
1380 5460 1439 5508 in
1469 5459 1725 5509 universo

1807 4752 1895 4800 tas
1926 4746 2044 4805 Dei,
2077 4760 2200 4815 quae
2228 4744 2418 4798 omnia
2446 4743 2617 4805 novit,
2650 4749 2707 4796 et
2737 4743 2794 4795 in
2823 4742 3081 4796 omnibus
3111 4758 3214 4796 nos
3254 4759 3402 4813 pra:-

1808 4835 1960 4888 venit
1986 4834 2164 4896 bonis,
2190 4832 2451 4904 praecedit
2469 4837 2526 4884 et
2543 4833 2709 4896 tovet,
2733 4830 2864 4884 illuc
2883 4846 3010 4884 cum
3031 4830 3281 4898 duceret,
3304 4831 3404 4886 ubi

1802 4923 2048 4978 fructum
2075 4922 2320 4992 aliquem
2345 4919 2596 4973 haberet.

1876 5013 2128 5066 Desidero
2153 5003 2310 5064 enim’
2335 5010 2514 5062 videre
2535 5024 2640 5060 vos.
2675 5006 2810 5061 Ideo
2838 5007 2977 5061 dicit
3002 5008 3322 5065 desiderare
3343 5027 3405 5066 se

1805 5100 1994 5154 venire
2023 5099 2093 5152 ad
2121 5099 2265 5161 illos,
2293 5103 2357 5150 ut
2387 5096 2510 5149 illos
2535 5096 2604 5149 ad
2635 5112 2884 5150 amorem
2920 5113 3085 5151 suum
3116 5098 3406 5165 excitaret,

1806 5195 1870 5243 ut
1889 5195 1946 5242 et
1965 5188 2069 5258 ipsi
2087 5186 2474 5241 desiderarent
2490 5184 2669 5238 illum.
2687 5185 3055 5240 Desiderabat
3069 5192 3258 5240 autem
3279 5187 3410 5242 illos

1807 5279 2013 5341 videre,
2041 5282 2105 5329 ut
2131 5274 2344 5344 aliquid
2363 5274 2559 5343 gratiae
2587 5275 2994 5345 praedicationis
3023 5281 3080 5328 et
3105 5276 3409 5329 miraculo-

1809 5384 1932 5421 rum
1957 5367 2064 5418 illis
2085 5365 2406 5432 largiretur,
2432 5364 2577 5418 sicut
2599 5365 2890 5434 sequentia
2912 5364 3292 5418 manifestant.
3316 5366 3411 5417 De-

1808 5457 2004 5513 sidcro,
2030 5451 2232 5521 inquit,
2256 5453 2434 5507 videre
2455 5469 2544 5506 vos
2568 5473 2583 5506 :
2607 5457 2668 5504 ut
2687 5455 2905 5522 aliquid
2920 5455 3115 5519 gratiae
3134 5453 3410 5522 spiritalis
