3970 6150
218 273 303 332 373
855 269 1239 327 exposmo
1280 271 1358 328 IN
1397 271 1548 328 EPP.
1595 273 1656 328 s.
1695 268 1933 325 PAULI.
1976 296 2041 310 —
2080 267 2159 322 IN
2197 224 2420 319 EPIVST.
2459 260 2558 317 AD
2597 256 2776 315 sou.
2812 272 2825 289 -
3340 240 3447 310 374

208 413 315 457 rum
350 396 620 454 transient
665 396 998 470 quandoque
1048 398 1121 452 ad
1166 398 1335 454 ﬁdem
1384 414 1595 461 rerum,
1630 396 1761 466 quia
1776 394 1993 457 Asicut
2018 394 2198 451 fertur
2219 390 2289 445 ab
2310 386 2558 443 Hebraeis
2578 384 2647 439 de
2672 374 3097 448 Melchisedech,
3114 378 3245 452 quia
3264 379 3445 433 consi-

210 488 343 556 iuxta
365 487 506 557 quod
532 468 1185 557 promittitEvangelium
1206 486 1448 542 fideliter
1474 485 1769 540 exhibetur
1849 484 2045 539 derata
2096 482 2307 537 fabrica
2364 477 2579 539 mundi,
2628 490 2802 531 unum
2852 472 3031 525 Deum
3078 468 3442 522 excellentem

207 574 306 645 spei
344 554 712 646 pramiorum,
763 554 1005 648 quando—
1030 576 1180 649 quod
1210 576 1374 633 modo
1408 581 1668 631 tenemus
1707 575 1766 629 in
1848 571 2121 627 creaturis
2169 585 2292 624 esse
2334 565 2473 619 dixit
2509 581 2520 616 :
2554 568 2611 617 et
2639 561 2762 615 ideo
2808 557 3220 622 excellentiora,
3262 554 3317 609 id
3357 559 3444 609 est

211 643 452 721 ﬁlice—till
474 680 596 734 SPO.
628 643 1197 735 tunc—passidebimus
1227 664 1288 719 in
1316 680 1396 728 re,
1424 666 1588 734 juxta
1617 662 1765 733 quod
1849 676 2050 731 panem
2083 665 2140 715 et
2159 657 2349 711 vinum
2378 655 2494 708 Deo
2526 649 2730 705 obtulit
2758 664 2916 703 vero.
2960 648 3094 701 Deus
3135 647 3285 698 enim
3324 643 3442 697 illis

210 751 378 811 beatas
400 752 647 813 Joannes
837 771 849 807 :
880 754 1217 811 Gharissimi
1229 755 1364 807 Filii
1380 729 1687 811 Deisumus
1706 753 1766 805 in
1848 729 2129 802 reuelauit.
2154 746 2278 801 Sive
2302 743 2453 798 enim
2477 756 2578 812 per
2606 736 2864 792 naturale
2881 733 3169 805 ingenium
3191 737 3248 786 et
3270 729 3441 784 ratio-

166 882 171 895 ε
206 856 305 911 “Pen
330 844 376 894 ει
404 842 655 899 nondum
668 844 941 911 apparuit
969 842 1114 910 quod
1140 844 1351 899 erimus
1365 841 1425 897 in
1444 857 1522 900 re.
1546 841 1766 897 Scimus
1823 836 1935 891 ‘nis
1959 836 2172 895 donum
2202 840 2370 903 atque
2398 844 2635 884 acumen
2667 825 2857 889 studii,
2898 823 3010 901 sive
3038 838 3140 894 per
3163 820 3440 874 occultam

203 934 363 983 autem
386 933 651 997 quoniam
678 946 807 983 cum
843 933 1188 999 apparuerit,
1221 933 1430 985 similes
1458 934 1509 987 ei
1530 934 1759 997 erimus,
1846 922 2272 997 inspirationem
2301 915 2565 972 revelavit
2593 916 2742 967 Deus
2771 911 2870 976 eis,
2904 909 3037 981 quia
3066 923 3179 961 non
3217 906 3323 961 hoc
3352 904 3440 959 est

204 992 437 1086 quoniam
486 1019 789 1071 videbimus
820 992 946 1072 eum
972 1022 1141 1072 sicuti
1168 992 1243 1072 est
1276 1020 1325 1079 (Ι
1348 1021 1507 1074 Joan.
1540 1024 1645 1087 nl).
1678 992 1765 1074 Si-
1847 992 2081 1069 Creator
2136 1008 2286 1080 quod
2338 1010 2613 1069 creatura,
2665 1001 2799 1072 quia
2842 999 3077 1053 Creator
3121 998 3210 1050 est
3257 992 3434 1060 Deus,

201 1111 278 1161 cut
297 1108 557 1173 scriptum
576 1112 688 1161 est:
714 1109 905 1161 Justus
935 1112 1122 1161 autem
1147 1125 1211 1161 ea;
1238 1110 1342 1174 [ide
1370 1111 1523 1161 vivit.
1549 1107 1632 1161 Ad
1654 1107 1759 1161 hoc
1845 1105 2105 1155 creatura
2132 1114 2262 1152 vero
2290 1100 2380 1150 est
2407 1094 2622 1148 factura
2651 1088 2772 1146 Dei.

200 1194 484 1265 exemplum
512 1195 570 1248 in
597 1196 822 1250 oraculo
843 1194 1109 1251 Habacuc
1124 1196 1409 1267 prophetis
1423 1197 1757 1251 continetur.
1916 1192 2231 1247 Invisibilia
2257 1191 2407 1243 enim
2433 1188 2606 1253 ipsius
2633 1199 2668 1236 a
2696 1184 2955 1236 creatura
2991 1177 3209 1243 mundi,
3238 1192 3346 1246 per
3373 1190 3436 1232 ea

200 1282 262 1336 Ex
285 1282 383 1336 fide
410 1284 588 1353 igitur
615 1300 738 1354 quae
758 1285 1071 1355 concipitur
1095 1265 1259 1339 corde
1271 1289 1328 1339 et
1344 1285 1625 1355 profertur
1643 1302 1757 1352 ore,
1843 1296 1962 1349 quae
1991 1283 2139 1349 facta
2181 1284 2331 1339 sunt,
2380 1276 2655 1329 intellecta
2693 1270 3131 1338 conspiciuntur.
3159 1265 3319 1337 Quod
3350 1268 3439 1325 est

198 1374 243 1422 et
257 1368 400 1424 bonis
427 1371 694 1441 operibus
707 1374 1168 1437 exornatur,vivit
1180 1375 1369 1444 justus
1394 1375 1506 1428 vita
1527 1380 1757 1429 aeterna.
1845 1369 2032 1424 dicere
2066 1387 2080 1422 :
2115 1365 2421 1423 Invisibilia
2454 1363 2806 1417 sacramenta
2836 1353 3235 1428 omnipotentis
3271 1351 3374 1409 Dei
3406 1367 3442 1405 a

199 1458 325 1511 Fides
349 1464 532 1513 autem
561 1463 681 1514 sine
702 1463 953 1529 operibus
980 1440 1203 1516 mortua
1232 1468 1307 1516 est
1336 1465 1470 1527 (Jac.
1503 1466 1585 1529 ΙΙ).
1841 1462 2103 1512 creatura
2143 1453 2361 1519 mundi,
2402 1452 2458 1506 id
2502 1455 2589 1504 est
2636 1447 2705 1501 ab
2736 1444 2961 1500 homine
3007 1440 3361 1515 maximeque
3397 1456 3435 1497 a

252 1545 526 1600 Revelatur
561 1524 832 1603 enim-ira
858 1552 952 1605 Dei
979 1551 1043 1604 de
1070 1553 1195 1604 creto
1218 1524 1384 1619 super
1411 1524 1628 1606 omnem
1659 1554 1759 1604 im-
1841 1545 2186 1621 philosophis
2208 1542 2490 1615 gentium,
2519 1554 2620 1609 per
2649 1553 2717 1591 ea
2746 1551 2868 1607 quae
2914 1533 3061 1589 facta
3090 1534 3223 1585 sunt
3249 1524 3434 1581 visibi-

193 1634 414 1700 pietatem
435 1642 491 1689 et
516 1639 862 1705 injustitiam
883 1640 1197 1692 hominum.
1213 1616 1305 1693 Ira
1322 1638 1424 1692 Dei
1443 1632 1762 1710 appellatur
1780 1705 1816 1710 _
1841 1616 1938 1699 lia,
1966 1616 2251 1689 intellecta
2288 1633 2405 1686 sive
2432 1631 2697 1701 percepta
2741 1629 2799 1678 et
2837 1621 3061 1693 cognita
3087 1616 3435 1688 conspiciun-

193 1720 283 1774 isto
322 1723 375 1775 in
424 1722 550 1778 loco
575 1703 738 1780 ultio
791 1726 904 1780 diei
947 1726 1169 1797 judicii,
1200 1732 1257 1781 et
1278 1703 1753 1795 vindicta-divina,
1776 1705 1955 1790 Btur,
1986 1740 2099 1779 non
2139 1722 2314 1777 oculis
2337 1716 2640 1789 corporeis,
2675 1713 2774 1768 sed
2794 1710 2968 1767 oculis
2992 1707 3199 1763 mentis
3222 1703 3434 1761 intelli-

196 1824 337 1877 quam
364 1812 627 1867 omnibus
654 1814 909 1884 reprobis
944 1793 1437 1870 inferetDominus
1463 1815 1523 1869 in
1544 1816 1633 1871 die
1662 1793 1761 1871 illa
1839 1817 2070 1882 guntur.
2101 1812 2212 1867 Per
2243 1826 2311 1864 ea
2336 1808 2485 1863 enim
2520 1821 2644 1876 quae
2675 1802 2822 1856 facta
2850 1802 2983 1853 sunt
3010 1797 3130 1866 ejus
3157 1809 3317 1849 sacra
3343 1793 3432 1853 in-

193 1895 353 1952 dicens
374 1899 491 1953 illis
517 1918 528 1952 :
554 1904 631 1956 Ite
650 1879 917 1970 inignem
941 1911 1210 1957 aeternum
1228 1905 1439 1967 (Matth.
1471 1904 1760 1969 xxv:.Quae
1840 1879 2081 1954 visibilia
2113 1918 2126 1953 :
2158 1901 2493 1966 sempiterna
2523 1907 2733 1962 quoque
2762 1893 2878 1957 ejus
2924 1889 3104 1940 virtus
3133 1889 3182 1937 et
3219 1879 3431 1935 divini-
3534 1908 3545 1927 ι

196 1985 401 2040 \indicta
429 1988 625 2044 divina
649 1991 717 2045 de
732 1991 870 2046 caelo
883 1991 1355 2058 manifestabitur,
1381 1994 1512 2063 quia
1530 1992 1659 2048 inde
1672 2011 1762 2048 ve-
1844 1994 1946 2043 tas.
1973 1987 2253 2043 Subaudis
2281 2002 2383 2057 per
2406 2000 2474 2038 ea
2501 1999 2623 2053 quae
2660 1980 2807 2033 facta
2834 1980 2967 2030 sunt
3002 1971 3239 2026 visibilia
3268 1984 3434 2023 cons—

194 2074 289 2127 niet
323 2075 597 2132 Dominus
632 2080 701 2133 ad
726 2081 1021 2151 judicium,
1053 2081 1197 2135 sicut
1227 2081 1344 2151 ipse
1385 2059 1483 2151 per
1510 2081 1757 2154 seipsum
1840 2078 2125 2149 piciuntur
2154 2072 2436 2141 mente,ab
2457 2071 2566 2125 illis
2586 2064 3040 2140 philosophitha
3057 2066 3119 2115 ut
3138 2062 3253 2114 sint
3274 2059 3434 2154 inea:-

193 2162 330 2216 dicit:
352 2167 530 2219 Filius
552 2142 795 2223 hominis
830 2142 1018 2223 veniet
1043 2175 1106 2223 ut
1134 2142 1330 2223 reddat
1354 2142 1655 2239 unicuique
1676 2189 1757 2225 ,ςε-
1840 2142 2126 2220 cusabiles.
2155 2164 2347 2217 Virtus
2389 2159 2487 2215 Dei
2516 2164 2601 2214 est
2628 2173 2755 2229 quae
2785 2157 2986 2208 cuncta
3016 2154 3206 2207 creata
3228 2142 3430 2217 guber-

192 2253 406 2306 cundum
436 2270 607 2322 opera
634 2272 737 2311 sua
764 2258 974 2322 (Matth.
1007 2256 1230 2321 xv:),vei
1250 2262 1399 2311 certe
1422 2236 1661 2312 vindicta
1681 2258 1761 2312 di-
1841 2260 1941 2308 nat
1971 2271 1984 2308 :
2018 2253 2281 2307 divinitas
2312 2267 2460 2317 vero,
2492 2264 2614 2319 quae
2643 2244 2906 2299 universa
2933 2240 3114 2310 replet
3149 2254 3163 2291 :
3194 2236 3432 2304 ideoque

192 2339 297 2393 vina
308 2343 371 2395 de
393 2343 539 2397 coelo
561 2344 1086 2405 manifestatur,hoc
1102 2346 1267 2401 estde
1288 2346 1532 2400 Ecclesia
1555 2363 1656 2417 per
1673 2353 1761 2401 tu-
1839 2344 1989 2397 Deus
2032 2342 2387 2412 omnipotens
2414 2354 2514 2409 per
2545 2333 2802 2397 naturale
2832 2329 3141 2401 ingenium,
3169 2330 3225 2379 et
3251 2339 3352 2395 per
3370 2336 3437 2375 ea

192 2424 296 2480 bam
318 2429 636 2501 Evangelii:
659 2433 791 2505 quia
816 2448 884 2486 ea
913 2450 1034 2503 qum
1054 2434 1122 2487 de
1140 2433 1231 2487 die
1246 2433 1443 2503 judicii
1459 2440 1515 2487 et
1536 2414 1758 2488 Domini
1843 2448 1966 2502 quae
1997 2430 2141 2485 facta
2170 2436 2304 2484 sunt
2332 2423 2757 2491 visibilia,dedit
2776 2416 3121 2491 philosophis
3149 2414 3327 2468 multa
3345 2427 3436 2465 co-

191 2516 399 2572 adventu
419 2518 689 2576 diximus.
707 2520 1173 2576 ibicontinentur.
1200 2522 1334 2575 Caeli
1352 2523 1502 2576 enim
1532 2523 1757 2578 nomine
1840 2499 2111 2590 gnoscere
2139 2518 2208 2571 de
2250 2516 2543 2572 divinitate
2582 2528 2701 2575 sua,
2742 2515 2806 2564 ut
2832 2507 2915 2567 illi
2938 2505 3237 2559 adorantes
3262 2499 3430 2566 idola,

190 2602 403 2660 Ecclesia
426 2609 1014 2681 censetur.Sicutipsa
1034 2610 1254 2664 Veritas
1270 2611 1651 2666 dicit:Simile
1681 2617 1758 2665 est
1841 2588 2159 2662 creaturam
2214 2605 2471 2660 videlicet
2521 2617 2623 2673 pro
2679 2600 2962 2659 Creatore,
3030 2588 3435 2646 inexcusabiles

188 2709 390 2762 regnum
419 2702 686 2754 calorum
715 2703 891 2755 decem
918 2703 1230 2769 virginibus
1259 2703 1471 2760 (Matth.
1506 2702 1654 2767 xxv).
1688 2701 1756 2757 In
1838 2697 1969 2760 sint,
2004 2702 2062 2750 et
2088 2711 2200 2749 non
2231 2693 2449 2769 possint
2477 2691 2662 2744 dicere
2685 2685 2817 2756 quia
2834 2684 3010 2737 Deum
3031 2677 3426 2750 ignoraverint.
3500 2734 3515 2749 1

187 2784 487 2857 Apocalypsi
513 2804 738 2859 quoque
767 2765 1221 2843 Joannis'multis
1258 2790 1316 2843 in
1337 2790 1472 2843 locis
1500 2765 1625 2844 coeli
1652 2806 1755 2844 no-
1838 2784 2031 2839 Virtus
2083 2765 2241 2838 enim
2281 2782 2381 2837 Dei
2422 2794 2545 2851 quae
2575 2774 2921 2845 sempiterna
2947 2774 3050 2835 est,
3084 2773 3142 2823 et
3168 2765 3434 2822 divinitas

184 2871 311 2927 mine
342 2856 696 2947 designatur.
724 2878 916 2932 Potest
947 2884 1004 2932 et
1031 2878 1283 2933 absolute
1309 2878 1568 2950 intelligi,
1606 2879 1755 2949 quod
1839 2890 1961 2944 quae
2007 2871 2378 2927 nihilominus
2424 2873 2636 2923 aeterna
2681 2867 2786 2929 est,
2814 2876 2885 2915 ex
2907 2856 3245 2937 conjecturis
3272 2869 3431 2911 crea-

185 2959 359 3016 dicitur
383 2964 451 3019 de
482 2967 630 3019 coelo
658 2967 1005 3020 manifestari
1034 2967 1281 3021 divinam
1310 2967 1631 3032 vindictam,
1652 2968 1755 3021 hoc
1779 3018 1817 3032 η
1837 2964 1978 3016 tum
2008 2959 2342 3015 ostenditur.

184 3055 253 3104 est
274 3051 337 3106 de
360 3053 668 3123 Evangelia
692 3054 763 3107 de
800 3071 912 3125 quo
1775 3018 1819 3077 Ο
1908 3050 2051 3114 Quia
2079 3065 2204 3103 cum
2240 3044 2629 3116 cognovissent
2656 3041 2834 3095 Deum
2863 3053 2965 3110 per
2989 3033 3247 3090 naturale
3278 3031 3434 3105 inge-

183 3154 388 3206 rsgnum
414 3145 686 3197 cce-lorum
714 3146 1001 3210 fermento,
1038 3145 1185 3211 quod
1229 3146 1438 3197 mulier
1470 3146 1755 3198 abscondit
1836 3139 1994 3193 nium
2027 3139 2108 3192 vel
2130 3154 2231 3209 per
2249 3140 2565 3190 creaturam
2586 3128 2943 3190 invisibilem,
2958 3141 3071 3181 non
3095 3127 3237 3178 sicut
3256 3123 3432 3177 Deum

183 3228 232 3281 in
254 3230 447 3294 farina
474 3234 621 3285 satis
660 3232 856 3293 tribus,
907 3233 1076 3286 donec
1110 3231 1548 3286 fermentaretur
1578 3238 1753 3287 totum
1833 3232 2289 3304 gloriﬁcaverunt
2316 3229 2415 3281 aut
2434 3224 2649 3292 gratias
2668 3223 2898 3287 egerunt
2918 3235 2937 3280 ;
2965 3214 3062 3270 sed
3082 3218 3432 3275 evanuerunt

185 3318 369 3382 (Matth.
400 3327 551 3388 xm).
588 3320 966 3385 Revelabitur,
1015 3321 1220 3391 inquit,
1266 3321 1455 3375 divina
1486 3322 1750 3388 vindicta,
1832 3302 1891 3378 in
1921 3314 2351 3389 cogitationibus
2378 3313 2515 3377 suis,
2547 3309 2606 3364 id
2632 3312 2719 3362 est
2763 3305 2893 3361 vani
2932 3302 3065 3361 facti
3105 3307 3240 3356 sunt
3266 3316 3298 3355 a
3327 3313 3432 3358 sua

181 3421 325 3477 super
347 3425 578 3464 omnem
617 3409 968 3481 impietatem
999 3415 1056 3464 et
1087 3388 1442 3479 injustitiam.
1486 3411 1752 3482 Impietas
1834 3405 2107 3478 sapientia
2136 3412 2366 3476 prOpter
2390 3416 2550 3455 suam
2599 3394 2942 3468 superbiam.
2970 3398 3032 3447 et
3060 3390 3133 3444 ad
3163 3388 3431 3461 pristinos

181 3476 531 3552 idololatrian:
583 3476 882 3568 signiﬁcat,
926 3502 993 3552 ut
1035 3476 1277 3552 habetur
1326 3498 1385 3552 in
1437 3476 1705 3553 lacuaria
1734 3517 1747 3552 :
1832 3476 2124 3548 redierunt
2151 3507 2391 3555 errores,
2411 3486 2756 3543 ascribentes
2781 3482 2888 3536 sibi
2918 3480 3241 3534 facultatem
3259 3494 3293 3531 a
3312 3476 3430 3530 Deo

180 3580 415 3653 Impietas
443 3566 671 3643 sedebit
697 3602 866 3657 super
892 3586 1171 3641 talentum
1200 3586 1434 3657 plumbi.
1468 3588 1753 3657 Iniustitia
1833 3582 1977 3637 dats:
2005 3580 2315 3651 sapientia,
2347 3583 2395 3632 et
2425 3579 2779 3630 obscuratum
2821 3575 2899 3625 est
2941 3584 3034 3622 cor
3065 3583 3259 3620 eorum
3282 3566 3430 3619 insi-

180 3677 251 3725 εει
275 3690 377 3742 qua
401 3680 609 3730 contra
628 3675 932 3731 Dominum
964 3680 1021 3729 et
1048 3675 1361 3745 proximum
1396 3675 1521 3746 quis
1534 3654 1751 3747 injuste
1826 3674 1985 3740 piens
2012 3690 2028 3723 :
2057 3671 2238 3727 Deum
2269 3683 2381 3722 non
2409 3663 2886 3736 gloriﬁcaverunt,
2911 3656 3029 3710 sive
3058 3670 3173 3709 non
3190 3654 3431 3707 honora-

180 3741 368 3829 δείξει
384 3769 472 3819 est
490 3780 726 3819 sensus:
749 3764 1010 3819 Vindicta
1028 3741 1197 3835 quam
1210 3741 1483 3818 Dominus
1502 3764 1560 3818 in
1579 3741 1753 3819 Evan-
1831 3766 2052 3821 verunt,
2081 3757 2213 3829 quia
2242 3755 2592 3826 majestatem
2611 3750 2763 3809 illius
2789 3762 2901 3802 non
2920 3742 3140 3821 publice
3165 3741 3427 3814 pra-dica-

177 3849 300 3917 ἕειίο
323 3854 727 3919 comminatur,
755 3853 910 3908 venit
933 3870 1105 3924 super
1132 3869 1327 3907 omnes
1354 3853 1681 3908 idololatras
1693 3858 1750 3908 et
1828 3854 2048 3913 verunt,
2096 3861 2280 3917 neque
2329 3844 2642 3897 docuerunt
2686 3837 2846 3891 illum
2875 3834 3058 3889 solum
3087 3848 3211 3886 esse
3238 3830 3426 3886 colen-

178 3946 487 4006 peccatores.
525 3942 798 4013 Sequitur
836 3960 847 3995 :
890 3919 1079 3997 eorum
1117 3946 1217 4010 qui
1241 3943 1527 3999 veritatem
1559 3943 1657 3996 Dei
1687 3946 1750 3996 in
1832 3937 1989 4006 dum,
2030 3935 2266 4007 abjectis
2309 3932 2493 3987 idolis.
2547 3927 2770 3982 Gratias
2816 3939 2930 3977 non
2959 3925 3215 3993 egerunt,
3259 3919 3317 3975 id
3341 3923 3427 3977 est

177 4028 432 4096 iniustitia
461 4007 736 4087 detinent.
770 4031 1020 4102 Simplex
1066 4007 1290 4094 veritas,
1322 4031 1473 4087 Deus
1502 4030 1751 4086 invisibi-
1832 4026 2046 4089 laudes,
2064 4040 2176 4079 non
2194 4021 2513 4077 retulerunt
2538 4016 2622 4074 illi
2652 4030 2753 4086 pro
2782 4007 3259 4067 demonstratione
3279 4022 3429 4060 sum-

177 4093 232 4169 lis
254 4124 307 4170 et
332 4119 814 4177 incommutabilis
834 4093 938 4187 est,
953 4122 1112 4191 cujus
1136 4120 1465 4191 religionem
1491 4119 1549 4173 in
1565 4120 1748 4191 injus-
1832 4114 1911 4168 mi
1940 4120 1997 4170 et
2017 4111 2308 4168 invisibilis
2334 4107 2486 4163 boni.
2535 4106 2645 4160 Cor
2670 4116 2892 4172 quoque
2920 4099 3147 4153 illorum
3172 4094 3322 4166 quod
3353 4093 3427 4151 il-

174 4202 281 4258 titia
302 4207 692 4273 detinuerunt,
717 4209 814 4280 qui
839 4187 1055 4263 cultum
1080 4207 1187 4263 soli
1202 4187 1316 4262 Deo
1337 4208 1566 4279 dignum
1590 4187 1747 4262 crea-
1830 4203 2168 4257 luminatum
2199 4204 2286 4254 est
2326 4213 2430 4270 per
2465 4192 2724 4250 naturale
2753 4187 3042 4280 ingenium
3072 4190 3131 4239 et
3156 4200 3258 4259 per
3291 4198 3425 4253 gra-

318 4271 780 4369 corruptibilibus
796 4297 1239 4368 impendentium
1264 4271 1611 4367 judicarunt.
1645 4297 1814 4387 Ve-D
1831 4287 1970 4343 tiam
2000 4286 2121 4349 Dei,
2154 4289 2454 4356 postquam
2508 4279 2797 4349 coeperunt
2842 4271 2992 4327 idola
3020 4275 3079 4325 et
3104 4273 3425 4368 creaturam

174 4378 371 4438 atatem
412 4357 519 4442 Dei
561 4386 622 4445 in
665 4357 947 4457 injustitia
979 4357 1326 4448 detinebant,
1369 4385 1463 4455 qui
1493 4385 1606 4439 veri
1646 4357 2066 4439 Deiuadorare
2096 4389 2197 4445 pro
2227 4372 2512 4431 Creatore,
2537 4366 2897 4421 obscuratum
2929 4364 3015 4417 est
3026 4374 3129 4435 pro
3158 4357 3425 4430 ignoran-

174 4470 479 4540 religionem
507 4481 683 4546 aulae
712 4476 983 4533 honorem
1011 4474 1219 4545 injuste
1247 4449 1537 4539 creaturae,
1571 4489 1747 4543 quan.
1827 4464 1983 4519 tiam.
2020 4462 2166 4528 Quid
2195 4461 2344 4516 enim
2374 4455 2621 4512 deterius
2633 4449 2989 4508 etobscurius
3001 4463 3171 4523 quam
3198 4460 3425 4517 serpen-

173 4561 273 4615 tum
300 4561 356 4616 in
400 4565 545 4634 ipsis
587 4545 731 4629 erat,
777 4562 1183 4625 attribuebaut,
1228 4562 1480 4617 dicentes
1521 4562 1741 4633 lapidi:
1829 4558 1913 4608 tes
1940 4569 2042 4625 pro
2061 4567 2191 4605 vero
2210 4550 2325 4605 Deo
2355 4545 2508 4603 coli?

171 4642 300 4702 Dens
323 4667 481 4708 mens
500 4669 583 4715 es,
617 4658 676 4707 et
703 4651 854 4723 ligno
889 4670 899 4681 ο
925 4652 1009 4705 Tu
1037 4667 1128 4704 me
1152 4649 1423 4720 genuisti.
1578 4622 1601 4633 ⁸
1903 4622 2147 4701 Dicentes
2176 4641 2326 4693 enim
2350 4652 2403 4689 se
2429 4650 2536 4688 esse
2560 4634 2829 4700 sapientes
2855 4644 2890 4681 a
2911 4622 3228 4695 semetipsis
3264 4623 3426 4679 stulti

237 4744 369 4810 Quia
397 4745 549 4813 quod
568 4710 777 4797 uotum,
789 4744 867 4795 est
896 4742 993 4797 Dei
1019 4710 1381 4807 manifestum
1411 4742 1485 4793 est
1517 4740 1581 4791 in
1609 4739 1749 4799 illis.
1831 4733 1968 4800 facti
2011 4734 2141 4785 sunt
2175 4729 2233 4783 in
2262 4728 2386 4790 hoc,
2414 4740 2540 4781 cum
2570 4722 2642 4777 ab
2673 4719 2786 4774 illis
2812 4733 2926 4772 non
2953 4710 3420 4813 essetﬁsapientia,

169 4798 293 4887 Huic
450 4838 654 4887 contra
674 4829 1035 4901 philosophos
1063 4798 1228 4882 istius
1254 4827 1447 4882 saeculi
1478 4844 1545 4881 ex
1575 4826 1747 4881 maxi-
1831 4798 1867 4875 a
1894 4838 1954 4876 se
1996 4820 2134 4893 ipsis
2182 4833 2305 4871 eam
2350 4830 2410 4868 se
2455 4810 2663 4866 habere
2694 4808 3051 4901 putaverunt.
3086 4799 3248 4900 Quod
3268 4798 3423 4898 enim

168 4934 247 4979 ω
268 4887 422 4991 parte
444 4887 704 4990 loquitur
730 4887 1039 4989 Apostolus
1067 4921 1125 4971 et
1155 4922 1240 4971 est
1266 4933 1466 4971 sensus
1490 4932 1501 4968 :
1532 4916 1746 4971 Idcirco
1828 4887 2066 4964 contulit
2108 4906 2220 4960 illis
2266 4903 2456 4958 divina
2496 4897 2686 4971 gratia
2728 4893 2926 4965 gratis,
2967 4889 3202 4947 abstulit
3227 4887 3424 4959 utique

168 5006 238 5061 ira
262 5009 358 5065 Dei
378 5007 788 5079 omnipotentis
812 5006 999 5060 veniet
1025 5022 1199 5076 super
1238 5004 1524 5077 reprobos,
1566 5003 1746 5061 maxi-
1810 4999 1962 5054 .dum
1984 5000 2172 5052 essent
2197 4991 2422 5063 ingrati.

170 5107 347 5164 meque
373 5069 561 5167 super.
574 5095 954 5166 philos0phos,
970 5069 1273 5164 quia-quod
1298 5069 1495 5147 notum
1513 5069 1604 5146 est
1621 5107 1747 5161 pro-
1898 5088 1965 5143 Et
1994 5085 2353 5139 mutaverunt
2388 5077 2631 5147 gloriam
2664 5072 3112 5141 incorruptibilis
3140 5069 3240 5127 Dei
3264 5070 3329 5123 in
3351 5070 3426 5123 si-

171 5183 270 5248 prie
293 5185 395 5239 Dei
424 5189 516 5238 est
543 5200 684 5249 esse,
719 5183 935 5237 scilicet
958 5182 1094 5253 quia
1120 5181 1241 5252 ipse
1274 5182 1427 5236 solus
1453 5180 1535 5233 sic
1560 5159 1742 5245 verus,
1829 5175 2209 5231 militudinem
2229 5168 2498 5235 imaginis
2529 5162 2911 5231 corruptibilis
2927 5160 3188 5223 hominis,
3214 5163 3263 5212 et
3276 5159 3425 5212 volu-

170 5282 311 5324 Verus
336 5273 577 5325 Creator
603 5271 853 5325 omnium
871 5286 1081 5337 rerum,
1116 5269 1477 5324 manifestum
1506 5273 1592 5321 est
1611 5267 1742 5321 illis.
1829 5280 2007 5329 crum,
2040 5268 2089 5315 et
2120 5255 2565 5328 quadrupedum,
2592 5256 2649 5311 et
2671 5251 3031 5318 serpentium.
3051 5246 3249 5301 Omnis
3276 5260 3428 5299 crea-

170 5356 234 5411 Ex
259 5360 676 5429 pulchritudine
708 5360 858 5415 enim
893 5333 1195 5413 visibilium
1236 5374 1469 5428 cperum
1499 5355 1743 5426 cognitio
1824 5358 1957 5407 tura
1999 5366 2121 5421 quae
2171 5344 2379 5400 mutari
2409 5347 2593 5414 potest
2625 5340 2685 5401 in
2715 5338 2918 5392 melius
2944 5340 3046 5391 aut
3090 5334 3150 5390 in
3178 5333 3426 5389 deterius

390 5456 449 5505 et
476 5451 746 5519 majestas
783 5448 1033 5507 innotuit
1070 5420 1434 5518 philosophis,
1469 5420 1600 5516 quia
1626 5451 1743 5498 tam
1825 5420 2206 5511 corruptibilis
2233 5439 2335 5488 est.
2372 5430 2549 5485 Verbi
2576 5428 2763 5499 gratia
2794 5438 2807 5473 ε
2836 5427 3017 5480 Homo
3046 5420 3427 5519 corruptibilis

170 5537 413 5604 speciose:
426 5544 701 5592 creaturae
711 5537 1103 5608 speciosiorem
1117 5534 1389 5589 haberent
1400 5534 1747 5602 Creatorem,
1828 5536 1916 5586 est
1942 5528 2074 5600 quia
2099 5521 2481 5592 corrumpitur
2501 5535 2600 5591 per
2619 5522 2985 5579 senectutem,
3013 5528 3114 5583 per
3129 5507 3425 5563 inﬁrmita.
