3970 6150
493 194 598 254 375

901 195 1279 257 HAYMONIS
1317 199 1804 257 HALBERSTAT.
1849 203 1960 259 EPI
1970 203 2071 258 SC.

2185 202 2272 256 PP.
2315 201 2498 256 PARS
2538 201 2581 256 Ι.
2625 232 2688 242 -
2726 200 3097 289 ΟΟΜΜΕΝΤ.
3140 202 3320 259 BIBL.

3621 204 3710 262 376

493 323 610 374 tem
640 339 651 374 :
683 320 753 374 ad
784 324 1093 376 extremum
1126 323 1294 377 etiam
1329 326 1552 395 quando
1583 343 1683 396 per
1716 333 1951 380 mortem
1994 343 2084 381 re-
2105 329 2153 386 A
2172 326 2522 380 mendacium
2555 330 3061 388 commutaverunt,
3092 325 3322 380 tradidit
3345 326 3464 381 illos
3488 327 3639 389 Deus.
3665 329 3713 384 id

496 406 712 477 digitur
730 408 790 463 in
809 409 1093 479 pulverem
1123 424 1135 456 ε
1161 412 1306 466 Deus
1321 429 1450 467 vero
1472 415 1943 486 omnipotens,qui
1976 432 2086 468 non

496 499 684 564 potest
711 498 936 561 mutari,
971 504 1073 553 aut
1120 500 1177 553 in
1228 502 1426 555 melius
1456 508 1555 555 aut
1592 502 1648 556 in
1682 503 1950 562 deterius.
1992 505 2087 557 sed

498 597 721 653 semper
736 584 883 637 idem
901 592 958 639 et
976 588 1206 656 aequalis
1223 595 1432 656 manet,
1466 589 1901 660 incorruptibilis
1938 592 2090 645 solus

500 670 707 724 existit.
742 672 914 742 Cujus
931 674 1170 743 gloriam
1200 681 1258 729 et
1282 678 1580 742 culturam,
1615 695 1737 748 quae
1764 678 1869 732 soli
1897 695 2091 733 conve-

500 758 589 811 nit
619 758 669 811 ei
698 760 792 829 qui
823 762 970 815 Deus
1000 770 1103 829 est,
1145 770 1500 820 mutaverunt
1522 767 1779 821 homines
1813 768 1873 820 in
1900 767 2093 821 simili-

499 845 752 899 tudinem
773 848 1010 903 aliorum
1040 851 1352 920 hominum,
1380 860 1445 908 ut
1479 855 1712 926 Assyrii,
1732 855 1825 926 qui
1866 855 2090 910 simula-

503 948 660 987 crum
692 935 810 989 Beli
855 939 1030 1007 patris
1071 940 1203 995 Nini
1245 943 1393 1012 regis
1432 960 1531 1014 pro
1563 944 1676 997 Deo
1715 944 2005 1011 colebant;
2035 952 2094 999 et

502 1022 798 1093 Babylonii
841 1024 1106 1097 idipsum,
1159 1047 1327 1099 quem
1374 1031 1644 1086 vocabant
1691 1032 1809 1094 Bel,
1861 1033 2092 1104 Sydonii

502 1110 658 1173 Baal,
690 1112 867 1166 Judazi
894 1114 1220 1183 Beelzebub,
1253 1123 1310 1172 et
1337 1119 1645 1174 Philisthazi
1673 1121 1872 1175 Zebet:
1905 1128 1961 1175 et
1980 1138 2093 1176 non

502 1199 682 1254 solum
730 1201 789 1254 in
819 1200 1246 1259 similitudinem
1274 1207 1517 1261 hominis
1545 1209 1752 1262 mortui
1785 1216 1841 1264 et
1868 1227 2094 1281 corrup-

501 1285 698 1351 tibilis,
747 1289 844 1343 sed
890 1291 1059 1344 etiam
1107 1293 1163 1346 in
1208 1294 1632 1349 similitudinem
1672 1298 1980 1362 volucrum,
2016 1299 2093 1353 si-

503 1376 621 1429 cuti
650 1376 889 1430 Romani
919 1380 1014 1448 qui
1038 1380 1298 1436 colebant
1317 1399 1594 1451 anserem,
1631 1392 1687 1439 et
1715 1386 1969 1458 {Egyptii
1999 1389 2095 1458 qui

504 1463 763 1517 colebant
790 1467 1131 1536 accipitrem.
1165 1469 1231 1524 In
1253 1472 1681 1528 similitudinem
1713 1492 1934 1547 quoque
1955 1492 2094 1547 qua-

505 1550 838 1621 drupedum,
869 1554 1014 1609 sicut
1042 1556 1287 1629 {Egyptii
1310 1562 1403 1631 qui
1433 1561 1689 1617 colebant
1709 1564 1991 1634 apim.hoc
2012 1571 2097 1619 est

507 1652 727 1691 vaccam
760 1639 966 1696 albam.
1000 1645 1065 1698 1n
1087 1645 1511 1702 similitudinem
1532 1649 1702 1704 etiam
1725 1653 2092 1722 serpentium,
2114 1636 2162 1696 Β

506 1724 651 1779 sicut
680 1727 971 1799 Babylonii
1002 1733 1097 1802 qui
1126 1734 1383 1790 colebant
1411 1739 1730 1805 draconem,
1766 1744 1822 1792 et
1851 1741 2097 1812 Egyptii

506 1812 602 1882 qui
630 1815 889 1871 colebant
916 1821 1273 1888 crocodilum,
1300 1825 1394 1894 qui
1417 1833 1504 1880 est
1523 1843 1753 1898 serpens
1782 1830 2094 1899 aquaticus,

504 1908 708 1956 natans
734 1904 790 1958 in
821 1923 969 1977 aqua
996 1915 1059 1963 ut
1083 1911 1267 1981 piscis,
1288 1930 1517 1983 pascens
1542 1915 1600 1969 in
1630 1924 1781 1970 terra
1811 1923 1877 1971 ut
1908 1917 2037 1970 bos:

576 1993 804 2059 Propter
835 1997 995 2062 quod,
1037 1998 1092 2052 id
1137 2008 1223 2054 est
1252 2003 1384 2071 quia
1431 1996 1645 2058 cultum
1680 2012 1737 2058 et
1766 2006 2094 2075 religionem

504 2078 607 2132 Dei
633 2078 787 2135 falsis
826 2082 1167 2153 imaginibus
1207 2091 1580 2156 tradiderunt,
1612 2098 1668 2147 et
1705 2094 2010 2148 noluerunt
2047 2094 2098 2147 ei

464 2216 467 2219 .
503 2168 718 2237 gratias
773 2170 982 2226 referre
1033 2191 1132 2244 pro
1175 2177 1392 2232 collatis
1439 2179 1544 2233 sibi
1593 2181 1860 2235 divinitus
1895 2182 2094 2249 donis;

508 2256 742 2310 tradidit
768 2260 891 2312 ittos
920 2262 1061 2314 Deus
1080 2266 1142 2316 in
1170 2265 1439 2320 desideria
1478 2270 1655 2322 cordis
1679 2286 1868 2323 eorum
1905 2275 1963 2324 in
1992 2275 2097 2325 im-

506 2345 869 2414 munditiam,
904 2349 960 2402 id
1002 2358 1088 2405 est
1106 2353 1253 2406 tradi
1297 2356 1554 2424 permisit
1581 2374 1610 2410 a
1645 2357 1863 2428 seipsis,
1896 2360 1979 2412 vel
2019 2359 2101 2412 ire

507 2433 817 2489 secundum
848 2436 1127 2493 desideria
1147 2442 1331 2496 cordis
1352 2460 1544 2498 eorum
1577 2446 1633 2498 in
1657 2446 2095 2510 immunditiam,

507 2524 570 2573 ut
622 2527 991 2585 contumeliis,
1049 2528 1103 2582 id
1153 2536 1240 2583 est
1282 2532 1729 2602 turpitudinibus
1781 2535 2098 2604 libidinum,

506 2609 762 2675 afﬁciant
803 2613 917 2667 sive
955 2615 1258 2690 deturpent
1299 2637 1529 2689 corpora
1558 2640 1660 2676 sua
1689 2627 1751 2677 in
1782 2629 2098 2694 semetipsis.

506 2694 722 2752 Idcirco
748 2701 1004 2770 permisit
1033 2722 1127 2759 eos
1157 2707 1239 2760 ire
1267 2708 1322 2761 in
1363 2709 1637 2765 desideria
1665 2714 1849 2767 cordis
1879 2731 2090 2781 eorum,

505 2790 572 2839 ut
614 2787 840 2856 gravius
882 2793 1236 2861 punirentur.
1288 2798 1577 2860 Quomodo
1628 2803 1944 2871 permiserit
1970 2805 2096 2858 illos

505 2873 657 2929 Deus
677 2878 985 2933 secundum
1015 2882 1292 2938 desideria
1322 2886 1756 2944 delectationum
1786 2893 2093 2948 suarumin

506 2963 871 3032 sequentibus
901 2968 1118 3036 plenius
1149 2972 1407 3027 refertur.

582 3050 689 3115 Qui
702 3060 1179 3110 commutaverunt
1211 3065 1488 3116 rerit'ztem
1516 3066 1612 3117 I)ei
1631 3068 1694 3119 in
1722 3067 2096 3131 mendacium,

509 3140 559 3188 et
588 3139 880 3194 coluerunt
905 3148 952 3195 et
976 3149 1926 3222 servieruntcreaturwpotiusquam
1946 3156 2104 3210 Crea-

513 3227 643 3290 tori,
675 3230 775 3293 qui
799 3233 876 3282 est
908 3232 1213 3287 benedictus
1242 3240 1305 3290 in
1334 3243 1546 3293 sarcula.
1584 3241 1891 3296 Veritatem
1923 3244 2022 3298 Dei
2044 3245 2104 3298 in

511 3313 867 3369 mendacium
904 3329 1412 3391 commutaverunt,
1441 3327 1496 3380 id
1528 3334 1614 3382 est
1648 3331 1860 3384 cultum
1889 3339 1946 3385 et
1972 3332 2105 3385 reli-

510 3399 737 3470 gionem
766 3404 881 3457 veri
913 3406 1015 3460 Dei
1052 3408 1112 3461 in
1154 3410 1552 3473 idololgatriam.
1587 3417 1807 3471 Veritas
1827 3420 1976 3472 enim
2016 3424 2106 3474 est

508 3487 1042 3552 Deus,mendacium
1057 3514 1186 3552 vero
1200 3499 1430 3554 idolum:
1456 3504 1621 3558 aliter
1637 3523 1647 3557 :
1663 3506 1883 3561 Veritas
1899 3508 2104 3579 quippe

511 3583 699 3631 creata
728 3595 762 3632 a
793 3580 906 3635 Deo
932 3588 1035 3651 est,
1068 3585 1305 3658 ideoque
1333 3589 1452 3659 ipsa
1483 3598 1741 3648 creatura
1768 3612 1876 3649 non
1907 3602 1992 3650 est
2016 3614 2106 3652 ve-

511 3666 669 3730 ritas,
707 3685 874 3739 quam
897 3671 1004 3742 ipsi
1030 3674 1086 3728 in
1115 3678 1463 3733 mendacium
1493 3687 2105 3750 com-emerunt,dicen-

511 3759 599 3808 tes
627 3757 799 3811 solem
851 3764 910 3813 et
958 3761 1148 3817 lunam
1191 3766 1442 3837 aliasque
1485 3779 1772 3826 creaturas
1799 3774 1933 3827 deos
1963 3791 2103 3841 esse,

512 3859 615 3913 pro
644 3845 822 3900 nihilo
851 3847 1186 3918 deputantes
1216 3854 1395 3909 Deum
1426 3860 1522 3928 qui
1560 3869 1644 3913 est
1684 3861 2008 3917 benedictus
2046 3864 2107 3917 in

513 3932 733 3987 secula.
780 3934 1089 3993 Veritatem
1129 3941 1228 3995 Dei
1260 3942 1316 3996 in
1349 3947 1700 4001 mendacium
1727 3956 2108 4006 commutave-

511 4026 664 4084 runt,
706 4025 930 4093 quando
965 4043 1151 4082 veram
1200 4038 1516 4088 creaturam
1547 4052 1583 4089 a
1610 4037 1726 4091 Deo
1766 4039 1966 4093 factam
2008 4056 2110 4110 per

512 4109 867 4167 mendacium
901 4115 1163 4171 dicebant
1189 4135 1310 4173 esse
1334 4123 1480 4191 quod
1504 4139 1615 4177 non
1636 4132 1773 4179 erat.
1805 4128 1990 4183 Solem
2013 4109 2108 4181 iet-

514 4197 662 4250 enim
690 4204 748 4252 et
773 4200 964 4255 lunam
1004 4204 1264 4260 dicebant
1292 4210 1638 4265 mendaciter
1661 4213 1795 4267 deos
1824 4231 1963 4280 esse,
2007 4217 2107 4270 de-

2172 420 2256 467 est
2305 414 2453 467 tradi
2502 413 2780 484 permisit,
2826 414 2910 467 vel
2941 414 3104 489 irein
3139 414 3415 485 passiones
3455 420 3505 469 et
3534 417 3716 487 ﬂagitia

2170 502 2510 571 ignominia}.
2543 503 2859 570 Ignominia
2883 503 3090 556 dicitur
3111 503 3268 573 quasi
3290 504 3507 573 quisine
3520 507 3717 559 nomine

2171 589 2480 658 dignitatis.
2497 591 2633 644 lnde
2649 591 2855 645 dicitur
2880 592 3285 662 ignominiosus
3307 593 3399 662 qui
3426 592 3614 646 desinit
3630 594 3717 646 ha-

2171 676 2304 731 bere
2349 677 2643 748 dignitatis
2691 695 2914 745 nomen,
2966 680 3191 751 quando
3231 680 3643 750 deprehendit-ur
3668 682 3717 734 in

2172 765 2361 836 aliquo
2390 766 2623 820 crimine
2656 786 2667 819 :
2701 768 2846 823 sicut
2873 768 3155 838 ignobilis,
3195 768 3317 822 sine
3340 767 3481 822 bono
3502 768 3718 833 nomine,

2174 861 2230 908 et
2257 853 2481 909 infamis
2508 857 2630 910 sine
2658 856 2808 910 bona
2829 858 2998 924 fama,
3032 858 3226 929 quales
3255 863 3414 912 erant
3439 857 3517 911 illi
3543 858 3605 912 de
3623 858 3726 930 qui-

2174 942 2277 996 bus
2306 941 2669 1014 subjungitur
2701 963 2713 998 :

2244 1069 2387 1121 Nam
2436 1068 2658 1135 femina
2709 1086 2897 1123 eorum
2950 1074 3391 1127 immutarerunt
3445 1072 3730 1127 naturalem

2173 1171 2361 1220 usum,
2396 1159 2457 1210 in
2484 1173 2608 1210 eum
2638 1174 2797 1211 usum
2832 1162 2931 1226 qui
2960 1164 3038 1213 est
3065 1165 3259 1214 contra
3285 1150 3563 1214 naturam.
3589 1160 3733 1214 Simi-

2176 1247 2303 1298 liter
2329 1250 2515 1297 autem
2541 1248 2777 1299 masculi
2798 1248 2983 1299 relicto
3015 1250 3273 1301 naturali
3295 1265 3397 1302 usu
3426 1250 3735 1315 femina,”-

2175 1338 2434 1386 arscrunt
2465 1336 2525 1386 in
2558 1335 2841 1388 desideriis
2860 1338 2977 1389 suis
3007 1340 3244 1391 masculi
3273 1340 3331 1390 in
3364 1341 3619 1391 masculos
3638 1343 3737 1391 tur-

2172 1421 2485 1485 pitudinem
2516 1426 2815 1489 operantes.
2845 1422 2905 1477 Id
2929 1428 3015 1477 est
3039 1424 3311 1479 naturalis
3341 1441 3475 1479 usus
3495 1430 3575 1479 est
3596 1430 3653 1479 ut
3668 1425 3735 1479 vir

2177 1512 2234 1560 et
2262 1508 2467 1562 mulier
2504 1509 2561 1563 in
2603 1525 2777 1565 unum
2805 1512 3160 1567 concubitum
3191 1520 3422 1568 coeant:
3455 1519 3636 1567 contra
3658 1530 3738 1568 na-

2177 1601 2363 1649 turam
2394 1613 2520 1651 vero
2552 1605 2653 1664 est,
2686 1605 2753 1653 ut
2780 1601 3063 1656 masculus
3100 1602 3658 1674 masculumpolluat,
3692 1608 3739 1657 et

2181 1685 2384 1757 mulier
2413 1686 2723 1741 mulierem.
2758 1688 2815 1743 Si
2834 1690 2976 1759 quis,
3012 1690 3207 1744 relicta
3236 1692 3616 1762 conjuge,cum
3643 1691 3737 1745 alia

2179 1774 2561 1840 concubuerit,
2591 1777 3001 1848 turpitudinem
3033 1779 3256 1849 quidem
3282 1786 3543 1851 operatur
3561 1786 3613 1834 et
3632 1796 3739 1853 pec-

2181 1869 2290 1929 cat,
2322 1863 2421 1918 sed
2472 1882 2584 1919 non
2628 1877 2825 1920 contra
2863 1873 3144 1922 naturam.
3194 1869 3301 1930 Qui
3340 1886 3467 1923 vero
3497 1886 3614 1923 cum
3641 1869 3743 1939 ipsa

2180 1953 2413 2023 conjuge
2439 1953 2604 2008 aliter
2631 1971 2798 2025 quam
2821 1955 2988 2010 debet
3006 1956 3390 2023 concubuerit,
3403 1957 3458 2011 id
3480 1964 3562 2011 est
3580 1958 3630 2011 in
3650 1957 3741 2010 alio

2179 2042 2432 2095 membro
2457 2060 2626 2112 quam
2653 2045 2832 2105 decet.
2848 2051 3042 2098 contra
3063 2052 3327 2100 naturam
3366 2046 3739 2118 turpitudinem

2180 2137 2466 2200 operatur,
2493 2137 2550 2184 et
2570 2132 2966 2201 gravissimum
2998 2135 3179 2189 scelus
3211 2140 3513 2207 perpetrat,
3544 2140 3591 2189 et
3618 2149 3743 2189 mer-

2183 2219 2358 2272 cedem
2386 2235 2554 2287 quam
2575 2224 2815 2288 oportuit
2846 2223 2909 2276 in
2929 2224 3229 2291 semetipsis
3260 2227 3590 2291 recipientes,
3606 2223 3655 2276 id
3674 2227 3745 2276 est

2183 2306 2315 2376 quia
2369 2307 2611 2378 primum
2650 2309 2826 2363 Deum
2875 2318 3274 2381 cognoscentes
3321 2329 3433 2366 non
3472 2312 3746 2367 honorare.

2182 2401 2334 2461 runt,
2358 2397 2512 2466 justo
2542 2397 2640 2451 Dei
2669 2398 2882 2467 judicio
2908 2401 3226 2455 mercedem
3265 2406 3517 2455 mutuam
3548 2415 3744 2470 recepe-

2184 2490 2318 2537 runt
2344 2485 2431 2538 sui
2452 2486 2677 2549 erroris,
2693 2492 2757 2540 ut
2776 2504 2887 2542 non
2912 2495 3203 2543 servarent
3232 2489 3746 2553 sibihonorem,tra—

2184 2571 2287 2625 diti
2324 2573 2675 2643 passionibus
2709 2577 3068 2646 turpissimis.
3109 2579 3233 2633 Sive
3260 2579 3434 2632 etiam
3465 2576 3747 2631 mercedem

2182 2665 2404 2714 aeternae
2451 2662 2829 2718 damnationis
2869 2673 3221 2736 receperunt,
3254 2683 3424 2738 quam
3456 2680 3750 2738 promerue—

2183 2756 2316 2803 runt
2344 2766 2444 2820 pro
2476 2751 2684 2806 talibus
2728 2753 2993 2823 operibus
3043 2774 3054 2808 :
3103 2755 3171 2809 de
3202 2772 3316 2825 qua
3347 2755 3497 2809 idem
3525 2753 3752 2824 egregius

2178 2838 2510 2907 prmdicator
2537 2840 2678 2894 alias
2708 2841 2844 2894 dicit
2876 2860 2885 2889 :
2916 2842 3291 2911 Stipendium,
3324 2844 3606 2915 inquiens,
3640 2856 3751 2910 pec-

2119 2945 2168 3008 C
2189 2929 2300 2979 cati
2327 2942 2478 2980 mors
2509 2934 2583 2981 est
2616 2929 2784 2997 (Rom.
2816 2931 2913 3000 Iv).

2256 3050 2326 3104 Et
2369 3051 2512 3104 sicut
2562 3068 2673 3106 non
2724 3052 3117 3124 probaverunt,
3151 3053 3206 3107 id
3236 3058 3323 3108 est
3345 3070 3464 3109 non
3493 3054 3757 3124 elegerunt

2184 3153 2287 3191 nec
2314 3138 2648 3203 dilexerunt,
2672 3143 2841 3195 Deum
2874 3143 3069 3196 habere
3093 3147 3157 3196 in
3182 3145 3406 3204 notitia,
3442 3143 3665 3196 tradidit
3691 3142 3753 3193 il-

2189 3228 2264 3280 los
2291 3228 2450 3285 Deus.
2476 3229 2535 3282 id
2562 3233 2648 3283 est
2676 3230 2757 3283 ire
2774 3230 3047 3300 permisit,
3067 3234 3129 3284 in
3153 3233 3451 3299 reprobum
3478 3245 3685 3285 sensum
3702 3233 3754 3281 ut

2187 3316 2401 3382 faciant
2432 3333 2493 3371 ea
2524 3334 2642 3385 quae
2686 3334 2797 3372 non
2838 3322 3191 3387 conveniunt,
3224 3320 3329 3373 hoc
3351 3326 3443 3374 est
3467 3336 3587 3390 quae
3614 3326 3666 3372 et
3687 3316 3755 3369 di-

2189 3403 2330 3457 vina).
2359 3410 2419 3458 et
2443 3404 2704 3461 humanae
2726 3407 3201 3477 prohibentleges.
3218 3408 3301 3461 illi
3322 3408 3756 3463 dicunturDcum

2187 3491 2394 3546 habere
2417 3493 2474 3547 in
2503 3495 2722 3559 notitia,
2747 3496 2842 3566 qui
2862 3512 2988 3550 eum
3018 3512 3240 3567 semper
3256 3503 3531 3569 tanquam
3547 3509 3760 3567 praesen-

2187 3584 2302 3634 tem
2358 3582 2558 3636 timent
2584 3600 2595 3633 :
2624 3589 2683 3637 et
2709 3584 2843 3638 dum
2872 3585 3233 3640 considerant
3262 3587 3388 3655 ejus
3429 3583 3760 3657 praesentiam

2188 3669 2396 3740 ubique
2426 3687 2569 3736 esse,
2597 3689 2825 3742 peccare
2856 3690 2967 3727 non
2996 3674 3225 3728 audent.
3258 3674 3346 3729 illi
3376 3681 3569 3729 autem
3595 3673 3764 3727 dicnn‘

2190 3764 2283 3812 tur
2310 3759 2468 3813 illum
2513 3776 2625 3814 non
2662 3761 2866 3815 habere
2894 3762 2952 3815 in
2982 3763 3202 3824 notitia,
3236 3763 3332 3833 qui
3360 3765 3564 3818 nolunt
3598 3759 3761 3815 consi-

2189 3846 2387 3901 derare
2413 3849 2768 3918 praesentiam
2796 3850 2947 3904 illius
2970 3867 3094 3906 esse
3120 3851 3346 3922 ubique,
3360 3857 3427 3907 ut
3446 3852 3568 3906 sine
3585 3852 3764 3905 timore

2191 3935 2424 3990 liberius
2451 3942 2699 4007 peccent.

2262 4044 2497 4111 chletos
2541 4046 2697 4097 omni
2737 4047 3056 4114 iniquitate.
3104 4044 3383 4116 Iniquitas
3428 4050 3535 4111 est,
3575 4060 3691 4116 qua:
3720 4046 3769 4096 et
3825 4127 3830 4131 '

2190 4131 2417 4184 anomia
2445 4131 2673 4198 dicitur,
2689 4133 2958 4204 quidquid
2989 4139 3184 4188 contra
3209 4135 3392 4205 legem
3409 4134 3517 4189 Dei
3546 4133 3767 4187 ﬁt.Nam

2191 4236 2380 4273 nemos
2412 4221 2518 4286 lex,
2549 4225 2777 4275 anomia
2806 4239 2935 4276 vero
2963 4223 3122 4293 quasi
3155 4223 3275 4277 sine
3303 4224 3429 4293 lege
3460 4239 3471 4272 :
3500 4229 3559 4277 et
3585 4222 3772 4276 dicitur

513 4291 785 4353 negantes
814 4289 961 4357 quod
988 4299 1180 4359 erant;
1210 4295 1340 4364 quia
1368 4314 1478 4351 non
1498 4305 1632 4353 sunt
1651 4301 1747 4362 dii.
1780 4304 1875 4356 sed
1899 4305 2461 4397 solum-Diniquitas
2492 4309 2695 4363 mentis
2724 4310 3019 4372 acerbitas,
3049 4311 3184 4365 dum
3215 4312 3427 4365 malum
3460 4311 3626 4366 corde
3650 4324 3768 4364 con-

514 4371 679 4397 m“)-
714 4378 976 4397 -_--L--_-_
1020 4378 1067 4397 ἐκ,
1206 4382 1238 4397 ο.
1291 4390 1300 4397 .
1401 4387 1436 4397 Α
1547 4393 1553 4397 .
1778 4390 1789 4397 .
1992 4394 2023 4397 _
2226 4395 2234 4397 .

514 4371 681 4425 modo
711 4378 981 4431 creatum
1020 4378 1077 4432 in
1106 4382 1357 4437 veritate.
1395 4387 1668 4442 Creatura
1699 4390 1902 4463 quippe
1932 4409 1965 4447 a
1991 4394 2106 4449 Deo

512 4457 661 4512 facta
688 4476 823 4516 vera
848 4472 1106 4520 creatura
1135 4476 1238 4534 est,
1272 4473 1365 4525 sed
1398 4490 1509 4528 non
1541 4482 1627 4530 est
1656 4494 1722 4531 ea
1751 4470 1956 4534 veritas
1982 4499 2107 4553 qua:

512 4545 663 4601 Deus
693 4555 798 4614 est,
839 4552 973 4622 quia
999 4554 1137 4610 deus
1167 4573 1278 4612 non
1305 4568 1425 4615 est:
1458 4565 1552 4633 qui
1580 4571 1667 4619 est
1696 4566 2020 4624 benedictus
2046 4572 2104 4625 in

509 4637 730 4725 saecula.
766 4639 821 4694 Si
852 4657 986 4712 ergo
1012 4643 1108 4698 ille
1144 4654 1230 4701 est
1260 4647 1584 4707 benedictus
1612 4654 1765 4709 Deus
1791 4657 1848 4710 in
1879 4660 2101 4725 saecula,

507 4721 591 4776 illi
620 4726 814 4797 utique
842 4729 939 4799 qui
966 4732 1177 4787 cultum
1221 4742 1275 4789 et
1308 4738 1631 4808 religionem
1661 4745 1784 4811 ejus
1809 4744 1971 4799 idolis
1999 4721 2105 4800 im;

507 4813 847 4880 pendebant,
881 4827 1043 4874 erant
1068 4824 1351 4878 maledicti
1389 4826 1446 4880 in
1477 4831 1697 4895 saecula,
1733 4837 1788 4885 et
1816 4839 2102 4906 tempora-

2190 4395 2413 4467 cipitur.
2449 4397 2744 4452 Peccatum
2769 4405 2853 4453 est
2875 4400 3215 4470 perpetratio
3235 4400 3370 4453 inali
3397 4399 3671 4471 Iniquitas
3689 4412 3773 4451 au-

2189 4490 2304 4538 tem
2336 4490 2392 4538 et
2420 4492 2709 4554 peccatum
2738 4487 2818 4541 ita
2845 4488 3289 4558 distinguuntur,
3305 4489 3401 4558 qui
3422 4488 3691 4559 iniquitas
3710 4484 3771 4538 ad

2192 4573 2399 4627 mentis
2428 4575 2792 4629 acerbitatem
2817 4575 2930 4635 sive
2955 4576 3219 4631 duritiam
3262 4577 3528 4639 refertur,
3563 4582 3627 4631 ut
3651 4573 3774 4629 dixi-

2194 4677 2348 4727 mus;
2400 4668 2690 4733 peccatum
2740 4671 2929 4718 autem
2978 4665 3049 4719 ad
3089 4666 3509 4736 prolapsionem
3542 4662 3773 4735 corporis

2196 4752 2436 4803 malitia.
2462 4752 2679 4806 Malitia
2706 4759 2897 4807 autem
2926 4759 3013 4808 est
3033 4754 3187 4808 fraus
3210 4760 3310 4808 aut
3329 4751 3773 4825 astutia,quando

2192 4837 2449 4891 videlicet
2477 4838 2628 4894 aliud
2657 4842 2824 4895 corde
2850 4843 3070 4911 geritur
3092 4847 3151 4896 et
3177 4842 3329 4896 aliud
3354 4859 3452 4896 ore
3480 4845 3770 4914 profertur,

508 4899 611 4965 les,
644 4901 701 4954 id
728 4909 814 4958 est
837 4906 1116 4963 defectum
1148 4918 1205 4965 et
1233 4915 1757 4985 corruptibilitatem
1790 4899 2100 4992 patientes:
2192 4926 2458 4994 cogitatio
2484 4929 2783 4997 profertur.
2818 4899 3095 5000 Cbgitatio
3132 4945 3315 5002 pravae
3342 4899 3549 4984 mentis
3574 4927 3775 4984 malitia

502 4987 663 5055 juxta
692 4992 840 5060 quod
869 4996 1119 5064 psalmus
1148 5000 1283 5054 dicit
1324 5002 1393 5055 de
1439 5004 1548 5059 illis
1575 5025 1586 5059 :
1618 5009 1744 5061 Erit
1775 4987 1987 5078 tempus
2024 5030 2106 5067 eo-
2191 4987 2419 5067 dicitur.
2448 4987 2677 5070 Malitia:
2706 4987 3003 5073 votumVel
3032 4987 3173 5090 0sz
3199 5019 3526 5089 malignitas
3546 5018 3776 5090 appella-

507 5088 638 5128 t'llm
668 5080 730 5132 ίη
767 5087 963 5137 sacula
1006 5087 1168 5153 (Psat.
1218 5094 1397 5157 Lxxx),
1434 5094 1580 5162 quod
1621 5101 1707 5149 est
1735 5098 1920 5153 dicere
1953 5118 1964 5152 :
1992 5102 2102 5155 De-
2189 5107 2302 5155 tur.
2336 5104 2740 5158 Fornicatione.
2773 5107 3090 5161 Fornicatio
3108 5114 3296 5161 autem
3318 5108 3692 5170 afornicibus,

507 5161 680 5191 (Ana..-
715 5182 899 5191 ..Α-,μμ
939 5188 1059 5191 __‘,_
1084 5173 1119 5191 Al
1144 5175 1178 5191 ο,
1219 5177 1229 5187 .
1448 5181 1461 5191 .
1642 5185 1652 5191 _
2139 5172 2146 5179 -

503 5161 681 5218 fectus
711 5182 905 5223 eorum
935 5173 1188 5227 manebit
1215 5177 1273 5230 in
1298 5181 1520 5242 saecula,
1561 5185 1692 5252 quia
1723 5201 1948 5257 semper
1976 5205 2102 5243 cor-
2139 5172 2146 5179 ’
2189 5195 2278 5243 est
2304 5192 2550 5245 arcuatis
2580 5192 2838 5248 domibus
2865 5195 3089 5261 dicitur,
3118 5212 3242 5266 quae
3266 5196 3507 5250 fornices
3535 5195 3777 5267 appella-

501 5262 840 5323 rumpentur
859 5258 929 5312 ab
958 5260 1087 5330 igne
1115 5268 1170 5315 et
1200 5266 1501 5350 vermibus.
1537 5271 1802 5342 Sequitur
1844 5293 1856 5328 :
2188 5277 2416 5345 bantur,
2462 5280 2557 5332 ubi
2609 5281 2839 5349 publica
2888 5258 3211 5338 meretrices
3261 5258 3771 5355 prosternebdntur.

568 5342 860 5410 Propterea
892 5351 1128 5403 tradidit
1160 5355 1286 5406 illos
1311 5344 1451 5409 Deus
1480 5361 1542 5411 in
1571 5364 1846 5427 passiones
1867 5367 2101 5431 ignomi-
2186 5342 2519 5422 Fornicator
2546 5342 2822 5440 siquidem
2855 5379 2959 5437 est,
3002 5375 3162 5443 cujus
3192 5342 3393 5445 corpus
3417 5373 3702 5445 publicum
3725 5378 3778 5425 et

489 5431 617 5487 nia.
653 5432 965 5502 Propterea.
1008 5438 1210 5513 inquit,
1241 5442 1372 5514 quia
1404 5446 1519 5500 veri
1548 5447 1644 5502 Dei
1676 5451 2008 5520 religionem
2038 5453 2097 5513 in
2189 5456 2414 5529 vulgare
2443 5464 2551 5511 est.
2591 5431 2864 5513 dearitia.
2901 5431 3151 5515 Avaritia
3172 5468 3258 5515 est
3285 5431 3563 5533 cupiditas
3595 5477 3774 5515 rerum
