3926 6164
211 234 293 289 377
823 231 1205 289 EXPOSITIO
1244 234 1323 290 IN
1362 235 1516 290 EPP.
1558 236 1615 289 S.
1668 235 1902 289 PAULI.
1945 262 2014 277 -
2052 235 2131 290 IN
2172 234 2395 290 EPIST.
2435 234 2532 289 AD
2569 232 2746 289 ROM.
3315 231 3420 291 378
3460 209 3464 213 4

205 354 516 428 inexplebilis,
546 354 627 408 vel
659 355 996 410 adulterium
1031 380 1043 414 :
1070 364 1127 411 et
1157 362 1243 411 est
1272 358 1328 412 in
1359 359 1465 412 hoc
1494 359 1615 413 loco
1631 358 2092 418 nonAsitudinis
2140 357 2440 429 appetitor,
2473 362 2532 411 et
2584 355 2680 427 qui
2734 354 3047 426 praecellere
3092 356 3211 410 vult
3259 357 3418 411 alios.

206 446 355 500 solum
380 444 441 497 ad
468 444 774 514 pecuniam.
800 445 895 498 sed
926 446 1096 499 etiam
1129 446 1198 499 ad
1254 448 1462 500 coitum
1505 448 1746 501 referen-
1828 447 1986 500 Unde
2027 448 2219 501 Graeco
2260 446 2524 499 vocabulo
2581 445 3029 515 hyperephanos,
3063 444 3118 497 id
3149 449 3235 498 est
3256 461 3425 515 super

205 533 331 587 dum.
359 534 617 599 Nequitia.
655 532 920 602 Nequitia
976 541 1061 587 est
1089 534 1352 605 superbia
1380 536 1465 588 vel
1514 536 1746 589 audacia
1828 542 2363 606 apparensvocatur.
2409 536 2608 588 Elates.
2644 533 2837 587 Elatus
2864 533 2959 603 qui
2993 534 3223 586 effertur
3253 549 3426 603 supra

205 620 399 692 peccati.
430 620 582 673 Unde
610 619 817 673 dicitur
849 640 861 674 :
887 622 1002 691 Ego
1030 623 1156 675 novi
1178 623 1485 693 nequitiam
1516 640 1738 679 eorum.
1834 638 2155 678 mensuram
2193 639 2376 689 suam,
2425 623 2511 676 vel
2560 623 2656 691 qui
2687 622 2959 690 majorum
3009 621 3282 675 institutis
3310 637 3425 675 non

203 709 596 764 Plenosinaidia.
630 708 857 762 Invidus
871 709 1519 781 diciturplenusinvidia,
1542 713 1638 783 qui
1666 713 1750 765 al-
1834 711 2155 783 acquiescit.
2181 714 2491 766 Inventores
2519 711 2816 776 malorum,
2833 711 2929 781 qui
2949 711 3130 764 multa
3158 711 3306 764 mala
3325 710 3428 763 ad-

202 797 349 851 terius
389 795 641 850 felicitate
664 788 979 867 torquetur,
1005 804 1062 853 et
1087 799 1363 855 scinditur
1386 801 1445 855 in
1473 801 1750 871 duplicem
1833 800 2142 865 inveniunt,
2178 800 2325 854 sicut
2354 800 2435 854 illi
2461 804 2642 864 erant,
2665 799 2735 853 de
2756 798 2958 870 quibus
2988 800 3259 854 hactenus
3287 799 3430 853 dixi-

202 885 475 957 pessionem
501 901 514 938 :
542 901 665 939 cum
690 892 791 940 aut
819 887 968 957 quod
998 887 1117 959 ipse
1149 895 1253 954 est,
1281 889 1455 944 alium
1486 906 1609 945 esse
1638 906 1752 944 non
1835 906 1980 943 mus.
2004 890 2331 942 Parentibus
2356 904 2468 942 non
2491 889 2807 942 obedientes.
2830 887 3164 943 Parentibus
3188 887 3429 942 terrenis

200 974 311 1038 vult,
324 978 414 1026 aut
438 973 607 1026 alium
627 972 819 1028 videns
859 990 983 1029 esse
1013 975 1324 1043 meliorem,
1348 977 1501 1032 dolet
1550 994 1610 1032 se
1636 993 1750 1032 non
1835 995 1944 1033 non
1968 977 2380 1048 obtemperant,
2403 976 2499 1048 qui
2521 993 2649 1031 vero
2676 976 2793 1031 Deo
2823 976 2977 1031 Patri
3019 992 3133 1032 non
3159 975 3426 1033 obedien-

200 1060 661 1115 esseconsimilem.
685 1063 841 1117 Inter
860 1062 1125 1118 invidiam
1146 1070 1337 1120 autem
1365 1072 1419 1120 et
1439 1067 1617 1121 zelum
1646 1067 1751 1121 hoc
1831 1073 1919 1122 tes
1949 1067 2216 1120 existunt.

195 1150 355 1213 distat,
376 1149 501 1220 quia
520 1150 673 1204 zelus
703 1151 786 1205 vel
815 1153 1097 1207 aemulatio
1145 1170 1269 1225 quae
1287 1171 1461 1210 unum
1480 1162 1632 1221 sunt,
1655 1156 1754 1210 ali-
1908 1159 2228 1223 Inm‘picntes
2264 1159 2398 1209 sunt
2435 1154 2592 1209 stulti
2642 1159 2699 1209 et
2744 1156 2905 1220 fatui,
2936 1172 2969 1209 a
2996 1156 3111 1210 sale
3140 1153 3429 1226 sapientiae.

196 1238 386 1308 quando
404 1237 461 1291 in
488 1237 691 1293 bonam
718 1245 935 1310 partem
968 1243 1215 1312 ponitur,
1241 1250 1306 1297 ut
1325 1243 1402 1297 ibi
1436 1262 1448 1298 :
1475 1247 1634 1299 Zelus
1656 1247 1753 1299 Do-
1834 1243 2133 1297 immunes.
2169 1244 2534 1311 Incompositi.
2555 1242 2612 1295 id
2641 1247 2727 1296 est
2754 1243 3060 1297 inordinati
3088 1243 3387 1313 lascivique
3411 1259 3424 1294 :

194 1329 701 1381 minusea'ercituum
716 1331 879 1395 faciet
896 1331 993 1383 hoc
1015 1332 1068 1399 (Ι
1083 1333 1117 1385 ν
1140 1333 1259 1397 Reg.
1284 1338 1419 1396 xxx):
1451 1332 1679 1403 ponitur
1698 1338 1756 1386 et
1837 1331 1966 1403 quia
1993 1330 2184 1385 omnia
2211 1347 2314 1384 sua
2343 1331 2658 1385 inordinate
2700 1336 2758 1384 et
2784 1331 3074 1385 lasciviose
3129 1335 3425 1401 peragunt.

193 1414 240 1468 in
263 1414 448 1468 malam
478 1422 713 1485 partem,
748 1417 891 1471 sicut
944 1417 1013 1471 de
1069 1418 1283 1490 Joseph
1337 1420 1563 1491 legitur,
1606 1422 1752 1492 quod
1837 1419 3425 1490 Omniseniminsipiens,incompositus,inordinatusest.

195 1502 485 1557 simulantes
497 1503 612 1557 sive
630 1505 875 1560 zelantes
906 1523 1032 1561 cum
1055 1507 1256 1562 fratres
1284 1509 1391 1575 sui,
1416 1510 1469 1563 id
1494 1515 1582 1563 est
1610 1510 1754 1563 invi-
1836 1511 1967 1581 Sine
1985 1511 2281 1576 a/fectione,
2304 1509 2357 1563 id
2376 1513 2464 1563 est
2483 1509 2605 1562 sine
2630 1508 2927 1562 dilectione
2950 1508 3051 1562 Dei
3080 1513 3137 1561 et
3164 1506 3427 1578 proximi.

193 1592 359 1646 dentes
386 1591 483 1654 illi,
502 1594 875 1649 vendiderunt
901 1596 1060 1649 illum
1086 1597 1247 1668 (Gen.
1286 1602 1507 1663 xxxvii).
1537 1598 1753 1652 Invidia
1834 1597 1933 1651 Est
1958 1597 2176 1651 affectio
2196 1614 2318 1668 quae
2352 1599 2583 1669 ponitur
2603 1614 2706 1668 pro
2727 1597 3048 1661 afflictione,
3076 1602 3141 1651 ut
3169 1597 3225 1650 in
3256 1597 3434 1651 Evan-

194 1696 300 1734 vero
317 1696 526 1752 semper
551 1681 611 1735 in
634 1683 838 1738 malam
871 1690 1089 1755 partem
1114 1685 1359 1756 ponitur.
1407 1688 1741 1744 Homicidia.
1764 1703 1810 1763 Β
1830 1686 1978 1756 gelio
2008 1686 2104 1741 ubi
2134 1687 2356 1747 dicitur.
2389 1687 2537 1758 quod
2553 1703 2732 1740 servos
2760 1689 3109 1741 contumeliis
3136 1684 3430 1752 a/I‘ectos,id

191 1767 540 1823 Homicidium
576 1770 784 1825 dicitur
801 1772 873 1826 ab
897 1774 1117 1827 homine
1144 1780 1202 1827 et
1230 1777 1368 1829 cado
1384 1774 1573 1837 verbo,
1624 1776 1755 1830 inde
1837 1783 1924 1830 est
1942 1776 2196 1840 afflictos,
2232 1778 2546 1830 occiderunt
2580 1777 2790 1841 (Matth.
2819 1780 2968 1843 χχιι),
3001 1781 3058 1829 et
3097 1780 3184 1829 est
3208 1774 3430 1829 affectio

191 1855 369 1910 dicitur
413 1857 698 1912 homicida
755 1860 1042 1914 hominem
1096 1862 1333 1916 caedens.
1365 1862 1536 1917 Recte
1564 1869 1754 1918 autem
1838 1882 1960 1936 qua:
1980 1865 2211 1937 ponitur
2230 1882 2330 1935 pro
2350 1864 2669 1930 dilectione,
2693 1870 2757 1918 ut
2776 1864 2832 1917 in
2856 1864 3121 1936 praesenti
3141 1864 3282 1917 loco.
3302 1864 3432 1917 Abs-

189 1951 294 2014 post
318 1945 578 1999 invidiam
606 1947 967 2018 subsequitur
985 1949 1350 2004 homicidium
1383 1952 1597 2017 statim,
1622 1953 1757 2023 quia
1838 1972 1938 2024 que
1967 1957 2179 2021 findere,
2210 1955 2315 2008 hoc
2343 1960 2430 2008 est
2456 1953 2706 2008 amicitia
2752 1958 2808 2006 et
2860 1969 3012 2023 pace.
3045 1952 3177 2008 Sine
3214 1954 3433 2005 miseri-

191 2048 244 2085 ex
259 2032 452 2087 invidia
481 2035 739 2104 procedit
766 2036 1152 2102 homicidium,
1182 2038 1333 2094 verbi
1360 2040 1549 2111 gratia
1579 2057 1591 2092 :
1625 2040 1756 2095 Dia-
1839 2045 2046 2097 cordia.
2082 2043 2225 2097 Sunt
2254 2041 2349 2113 qui
2375 2058 2477 2095 nec
2500 2041 2589 2094 sui
2617 2057 2718 2094 nec
2748 2041 2987 2094 aliorum
3047 2040 3389 2093 miserentur
3413 2057 3428 2107 ;

187 2119 322 2174 bolus
338 2138 571 2177 cernens
588 2124 869 2179 hominem
889 2127 958 2179 ad
980 2127 1084 2181 hoc
1104 2128 1311 2182 factum
1337 2134 1400 2182 ut
1428 2129 1611 2183 locum
1633 2130 1758 2199 glo-
1838 2133 2082 2204 primum
2141 2131 2290 2186 enim
2340 2147 2566 2185 necesse
2595 2135 2679 2184 est
2706 2136 2771 2184 ut
2799 2129 2962 2184 nobis
2990 2128 3431 2184 misericordiam

188 2209 268 2263 rite
283 2211 569 2281 acciperet,
586 2229 752 2283 quem
779 2213 875 2268 ille
896 2216 1270 2285 superbiendo
1300 2218 1641 2287 perdiderat,
1674 2219 1757 2271 in-
1838 2221 2253 2292 impendamus,
2286 2219 2489 2273 deinde
2517 2234 2646 2272 vero
2677 2219 2822 2272 aliis.
2879 2218 3038 2272 Unde
3090 2218 3226 2272 dicit
3270 2216 3434 2272 Salo-

186 2296 311 2351 vidia
334 2298 531 2354 ductus
590 2300 873 2356 interfecit
928 2302 1087 2357 illum
1142 2305 1199 2358 in
1249 2305 1439 2360 anima
1464 2308 1614 2370 (Gen.
1646 2313 1750 2376 Ill).
1838 2325 1969 2362 mon
2001 2326 2012 2362 :
2048 2308 2172 2375 Fili,
2202 2312 2458 2362 miserere
2504 2310 2710 2361 animae
2756 2312 2861 2361 tua?
2882 2310 3104 2376 placens
3147 2308 3247 2361 Deo
3270 2306 3429 2374 (Eccl.

191 2385 431 2441 Similiter
480 2388 627 2443 Cain
674 2390 887 2444 invidia
941 2399 1256 2447 commotus
1293 2402 1487 2450 contra
1524 2396 1755 2450 fratrem
1838 2398 1987 2466 xxx).

188 2488 324 2527 suum
347 2474 502 2539 Abel,
538 2476 677 2547 quia
705 2480 1037 2549 respexisset
1062 2482 1335 2536 Dominus
1364 2484 1434 2537 ad
1463 2483 1645 2547 illum,
1675 2483 1758 2537 in-
1910 2488 2019 2554 Qui
2041 2502 2167 2539 cum
2205 2487 2572 2553 cognovissent
2592 2486 2881 2553 justitiam
2914 2484 3029 2543 Dei,
3066 2498 3177 2536 non
3210 2482 3434 2536 intelle-

190 2561 499 2619 flammando
529 2582 774 2621 munera
803 2569 945 2639 ejus,
978 2570 1047 2623 ad
1070 2570 1252 2640 ipsum
1284 2588 1413 2626 vero
1435 2589 1546 2626 non
1576 2589 1761 2644 respe-
1839 2579 2044 2629 xerunt
2064 2577 2329 2643 quoniam
2361 2578 2461 2643 qui
2482 2576 2620 2627 talia
2650 2578 2827 2641 agunt
2856 2573 3019 2639 digni
3044 2576 3175 2624 sunt
3211 2575 3384 2624 morte
3415 2588 3432 2624 :

188 2649 334 2705 xisset
358 2662 457 2706 nec
485 2654 557 2707 ad
588 2671 828 2709 munera
856 2658 978 2726 ejus
1024 2658 1448 2725 inﬂammando,
1481 2661 1760 2716 interfecit
1839 2664 2019 2717 Omne
2044 2663 2191 2734 quod
2215 2668 2379 2732 turpe
2408 2667 2513 2725 est,
2547 2662 2660 2715 Deo
2690 2660 2962 2731 displicet.
2990 2660 3058 2713 Et
3091 2656 3431 2730 philos0phi,

188 2738 322 2793 illum
354 2744 568 2811 (Ibid).
633 2745 1003 2799 Contentione.
1041 2748 1335 2802 Contentio
1392 2755 1478 2802 est
1519 2749 1611 2804 ubi
1644 2767 1756 2805 non
1836 2752 1970 2805 licet
1986 2752 2132 2804 mala
2148 2757 2400 2821 agerent.
2424 2750 2687 2804 tamenin
2719 2750 2823 2803 hoc
2841 2753 3004 2802 erant
3021 2746 3436 2801 consentientes

187 2828 377 2884 ratione
404 2831 643 2902 aliquid,
692 2833 790 2887 sed
820 2835 995 2889 animi
1026 2837 1334 2906 pertinacia
1386 2837 1708 2892 defenditur
1738 2856 1754 2891 :
1832 2839 2068 2910 justitiae
2095 2838 2437 2910 Dei,quiain
2464 2837 2591 2891 aliis
2609 2838 2731 2909 ipsa
2756 2836 2888 2890 vitia
2916 2832 3427 2906 reprehendebant.

187 2916 256 2969 vel
286 2917 374 2972 ubi
402 2936 513 2975 non
541 2922 753 2975 veritas
773 2925 1061 2993 quaeritur,
1084 2927 1182 2979 sed
1207 2926 1556 2993 animositas,
1592 2927 1647 2980 id
1672 2931 1758 2980 est
1779 2976 1817 2998 η
1840 2927 2066 2981 Iustitia
2088 2926 2292 2998 quippe
2308 2926 2409 2979 Dei
2427 2932 2531 2991 est,
2547 2942 2670 2996 quae
2698 2923 2818 2978 odit
2847 2940 2912 2977 ac
2940 2923 3255 2977 detestatur
3276 2921 3432 2982 vitia.

189 3006 422 3075 superbia
439 3010 737 3082 fatigatur.
762 2976 937 3084 L‘oqui
955 2976 1152 3068 contra
1172 3016 1413 3071 alterum
1434 2976 1556 3069 sine:
1571 3016 1760 3087 aliqua
1777 2976 1821 3039 c
1843 3021 1900 3069 et
1927 2976 2374 3069 docetjvitftlites.
2408 2976 2586 3078 Quam
2613 3013 2890 3084 justitiam
2924 3012 3005 3066 illi
3034 3014 3434 3083 cognoverunt,

186 3094 401 3150 utilitate
428 3099 719 3154 contentio
748 3102 993 3156 maxima
1020 3108 1205 3173 potest
1260 3102 1385 3157 dici.
1423 3104 1576 3158 Dolo.
1608 3105 1763 3158 Inter
1845 3105 1941 3177 qui
1961 3104 2098 3159 vitia
2125 3104 2578 3175 verordisplicere
2606 3102 3046 3168 intellexerunt;
3080 3105 3342 3155 ettamen
3378 3098 3438 3152 in

189 3179 405 3237 dolorem
428 3191 486 3240 et
513 3188 711 3242 dolum
738 3189 843 3243 hoc
871 3190 1063 3258 distat,
1089 3191 1224 3262 quia
1244 3192 1404 3246 dolor
1430 3192 1500 3246 ad
1528 3192 1764 3245 infirmi-
1842 3194 1948 3248 hoc
1962 3194 2222 3263 ignorare
2252 3193 2534 3255 dicuntur,
2559 3192 2693 3262 quia
2712 3208 2824 3246 non
2848 3191 3263 3253 intellexerunt,
3297 3202 3437 3259 quo-

187 3273 334 3325 tatem
356 3275 609 3345 corporis
631 3277 893 3347 pertinet,
917 3278 1078 3333 dolus
1107 3296 1236 3333 vero
1267 3286 1353 3334 est
1382 3280 1586 3334 mentis
1612 3280 1761 3334 calli-
1843 3281 1994 3335 niam
2024 3280 2120 3353 qui
2140 3280 2275 3334 talia
2296 3285 2488 3350 agunt,
2509 3280 2698 3351 qualia
2725 3280 2832 3351 ipsi
2862 3276 3285 3350 agebant,digni
3305 3280 3440 3331 sunt

189 3355 328 3425 ditas,
357 3361 539 3417 dictus
559 3364 635 3418 ab
665 3381 731 3419 eo
761 3366 907 3437 quod
948 3367 1180 3422 deludat
1208 3369 1390 3423 verbis
1411 3369 1576 3423 ﬁctis.
1608 3367 1764 3422 Inter
1846 3375 2026 3425 morte
2056 3375 2276 3424 aeternae
2304 3369 2706 3437 damnationis,
2739 3373 2797 3422 et
2822 3368 2981 3439 quasi
3010 3383 3121 3423 non
3150 3366 3441 3421 intellexe-

187 3445 351 3503 dolum
379 3458 569 3507 autem
600 3459 661 3533 et
710 3453 943 3509 insidias
990 3462 1047 3510 et
1076 3457 1332 3512 fraudem
1372 3458 1477 3512 hoc
1504 3459 1759 3522 interest,
1844 3464 1998 3523 runt,
2031 3459 2164 3512 dum
2196 3459 2316 3513 sine
2342 3458 2545 3513 timore
2571 3463 2971 3529 peccaverunt;
2997 3473 3109 3511 non
3130 3458 3308 3509 solum
3339 3457 3439 3523 qui

190 3535 300 3604 quia
319 3538 475 3594 dolus
506 3541 703 3597 animo
742 3544 821 3608 fit,
877 3544 1096 3599 insidiae
1126 3545 1248 3599 loco
1287 3546 1401 3601 sive
1430 3547 1566 3607 zelo,
1606 3547 1764 3601 fraus
1843 3566 1902 3603 ea
1935 3550 2175 3616 faciunt,
2207 3546 2474 3601 subaudis
2504 3547 2659 3617 digni
2680 3553 2813 3600 sunt
2830 3551 3028 3605 morte,
3051 3546 3142 3598 sed
3160 3547 3325 3597 etiam
3338 3546 3439 3610 qui

190 3639 296 3678 vero
323 3628 462 3683 circa
477 3631 653 3684 ﬁdem
671 3638 947 3686 mutuam.
968 3635 1662 3706 MalignitateMalignitas
1677 3641 1766 3690 est
1845 3639 2195 3689 consentiunt
2233 3637 2581 3702 facientibus.
2614 3634 2721 3699 Qui
2752 3633 2888 3688 facit
2918 3638 3204 3704 peccatum
3239 3636 3295 3685 et
3324 3646 3437 3684 non

190 3713 387 3769 malitiae
417 3735 562 3789 opus
588 3736 717 3789 qum
751 3726 809 3775 et
838 3722 1229 3777 malevolentia
1275 3730 1462 3794 potest
1489 3725 1620 3780 dici.
1654 3726 1763 3780 Su—
1846 3724 2143 3788 consentit,
2174 3724 2378 3794 dignus
2424 3729 2511 3777 est
2539 3730 2736 3778 morte.
2769 3723 2877 3787 Qui
2904 3739 3017 3776 non
3068 3720 3205 3775 facit.
3224 3725 3281 3774 et
3308 3735 3436 3773 con-

186 3818 439 3864 surrones.
457 3808 711 3864 Susurro
737 3810 806 3864 de
831 3828 969 3866 sono
995 3813 1294 3868 locutionis
1311 3830 1513 3868 nomen
1529 3805 1759 3884 accepit,
1846 3814 2020 3868 sentit
2043 3813 2100 3866 in
2134 3812 2373 3867 subditis
2400 3829 2511 3866 non
2536 3812 2841 3883 puniendo,
2873 3811 3074 3881 dignus
3118 3816 3204 3864 est
3233 3798 3433 3862 morte.

188 3891 299 3959 quia
324 3910 432 3949 non
475 3897 537 3950 in
590 3897 732 3951 facie
763 3899 953 3969 alicui,
982 3902 1080 3955 sed
1109 3902 1164 3956 in
1203 3919 1340 3956 aure
1365 3902 1631 3972 loquitur.
1663 3902 1763 3955 de-

187 3980 431 4038 trahendo
454 4003 468 4037 z
494 3992 554 4040 et
585 3992 676 4040 est
699 3990 1130 4059 ouomatopmia,
1163 4006 1368 4045 nomen
1413 3990 1481 4044 de
1512 4006 1649 4044 sono
1678 3989 1763 4043 fa-

186 4073 335 4125 ctum.

242 4159 592 4217 Detractores.
618 4164 859 4228 Quidam
878 4166 1100 4221 codices
1118 4165 1327 4221 habent
1338 4167 1761 4234 detractatores,

186 4248 266 4301 sed
292 4249 423 4305 falso
449 4252 730 4324 scriptum
777 4260 877 4308 est.
933 4255 1215 4310 Detractio
1243 4262 1329 4309 est
1355 4256 1596 4310 aliorum
1626 4256 1768 4311 bene

1845 3903 1952 3967 Qui
1982 3909 2170 3956 autem
2201 3902 2415 3956 faciunt
2438 3908 2496 3955 et
2522 3902 2899 3967 consentiunt,
2923 3900 3004 3954 illi
3018 3898 3228 3970 duplici
3255 3903 3438 3951 morte

1845 3991 1998 4062 digni
2023 3996 2176 4046 sunt.
2214 4034 2217 4039 .
3097 4005 3101 4010 ‘

2481 4113 2715 4169 CAPUT
2742 4114 2815 4168 II.

1920 4261 2145 4327 Propter
2172 4258 2333 4327 quod.
2352 4257 2485 4329 quia
2499 4273 2610 4311 non
2631 4257 2811 4311 solum
2832 4255 2924 4310 ille
2938 4255 3143 4325 dignus
3155 4256 3241 4307 est
3258 4256 3440 4307 morte

184 4342 320 4404 gesta
342 4357 515 4411 opera
545 4342 637 4396 vel
665 4342 724 4396 in
753 4343 963 4397 malum
994 4345 1273 4398 malitiose
1303 4351 1543 4411 mutare,
1572 4346 1657 4399 vel
1686 4331 1828 4399 in-D
1848 4347 1944 4417 qui
1972 4347 2107 4401 facit
2130 4351 2440 4418 peccatum,
2473 4346 2570 4400 sed
2599 4346 2768 4399 etiam
2814 4343 2922 4420 qui
2947 4341 3243 4403 consentit,
3286 4343 3443 4393 inex-

186 4423 394 4482 videndo
422 4430 616 4485 fallaci
645 4431 840 4485 fraude
874 4432 1185 4487 diminuere
1213 4448 1223 4480 τ
1252 4450 1379 4487 cum
1402 4440 1591 4488 autem
1618 4435 1768 4489 mala

187 4512 442 4583 dicuntur,
477 4536 608 4590 qua:
634 4518 780 4574 bona
801 4526 954 4583 sunt,
986 4527 1085 4575 aut
1113 4538 1288 4592 parva
1307 4521 1471 4586 bona,
1500 4540 1623 4593 quae
1644 4540 1766 4577 ma-

183 4618 278 4671 gna
300 4614 444 4662 sunt.
467 4608 787 4663 Detrahere
817 4610 966 4663 enim
996 4611 1218 4672 dicitur,
1245 4611 1341 4681 qui
1370 4611 1535 4665 alicui
1555 4613 1769 4682 aliquid

187 4691 491 4751 subtrahere
522 4697 927 4768 comprobatur
954 4704 1012 4753 et
1040 4699 1489 4755 diminuere.Deo
1518 4702 1760 4765 ollibiles,

186 4781 266 4848 qui
290 4783 387 4838 Dei
419 4787 619 4841 odium
648 4787 962 4842 incurrunt.
995 4791 1438 4845 Contumeliosus.
1463 4789 1769 4844 Contume-

186 4866 292 4923 liosi
319 4872 588 4929 dicuntur
615 4877 709 4945 qui
743 4876 952 4930 veloces
981 4884 1114 4931 sunt
1142 4877 1198 4931 in
1229 4877 1525 4932 verborum
1546 4879 1768 4949 injuriis

1848 4438 2109 4489 cusabitis
2141 4453 2211 4500 es,
2228 4453 2257 4489 ο
2279 4436 2436 4489 homo
2452 4438 2652 4501 omnis,
2668 4437 2764 4504 qui
2774 4436 2999 4503 judicas
3044 4432 3148 4486 Hic
3176 4446 3287 4484 non
3311 4435 3440 4484 tan-

1847 4530 1966 4579 tum
1996 4525 2262 4595 gentilem
2290 4524 2613 4595 quemlibet,
2633 4524 2731 4578 sed
2757 4528 2815 4578 et
2837 4523 3085 4577 Judaeum
3114 4520 3438 4591 alloquitur,

1850 4620 1907 4667 et
1926 4629 2120 4667 omnes
2146 4613 2489 4683 generaliter
2508 4614 2786 4685 praelatos.
2819 4614 2846 4667 J
2856 4613 3040 4667 udaeos
3063 4611 3190 4664 ideo
3201 4610 3440 4679 alloqui-

1846 4701 2100 4772 tur,quia
2126 4701 2207 4754 illi
2237 4700 2721 4771 reprehendebant
2747 4705 2805 4753 et
2831 4698 3173 4753 damnabunt
3201 4696 3440 4766 gentiles

1851 4790 2010 4861 quasi
2040 4789 2365 4844 idololatras
2394 4794 2451 4843 et
2466 4795 2803 4860 peccatores,
2825 4787 3133 4856 gloriantes
3149 4801 3208 4838 se
3220 4784 3290 4837 ad
3306 4798 3440 4853 gra-

1849 4880 1986 4933 tiam
2018 4879 2301 4950 Evangelii
2331 4882 2561 4949 propter
2585 4876 2996 4931 observantiam
3016 4875 3156 4945 legis
3170 4873 3441 4928 meruisse

185 4966 233 5010 et
248 4960 382 5024 aliis,
415 4972 520 5017 aut
545 4964 735 5018 verbis
764 4972 864 5019 aut
884 4966 1047 5019 factis
1077 4966 1341 5036 injuriam
1372 4967 1620 5021 faciunt:
1653 4984 1768 5021 ver-
1850 4968 2159 5039 pervenire.
2193 4968 2456 5021 Preelatos
2475 4971 2685 5030 autem,
2732 4964 2864 5035 quia
2892 4964 2951 5018 in
2995 4962 3120 5017 aliis
3148 4970 3440 5035 peccatum

185 5045 255 5100 bis
279 5051 485 5107 scilicet
503 5054 893 5120 conviciando,
925 5061 1024 5109 aut
1045 5055 1257 5126 aliquid
1284 5055 1717 5126 improperando
1751 5075 1763 5110 :
1844 5057 2104 5127 judicant
2133 5061 2190 5109 et
2216 5054 2651 5125 reprehendunt,
2687 5053 3066 5124 intelligentes
3094 5070 3216 5107 esse
3246 5070 3444 5125 pecca-

184 5135 323 5193 factis
344 5158 474 5195 vero
511 5143 871 5212 flagellando.
906 5144 1066 5198 Unde
1109 5144 1348 5214 legimus
1378 5145 1446 5198 de
1476 5145 1763 5215 apostolis,
1848 5153 1989 5207 tum,
2025 5151 2083 5199 et
2111 5146 2169 5198 in
2198 5160 2256 5197 se
2280 5159 2391 5196 non
2420 5142 2715 5208 damnant,
2738 5159 2863 5197 cum
2920 5142 3129 5196 faciant
3174 5143 3439 5215 idipsum.

187 5228 298 5295 quia
325 5229 599 5299 ﬂagellati
631 5232 689 5285 in
719 5232 955 5285 concilio
984 5234 1137 5285 ibant
1161 5235 1477 5299 gaudentes,
1497 5237 1764 5302 quoniam
1848 5235 1939 5290 Sic
1962 5234 2130 5288 etiam
2164 5231 2586 5302 intelligendum
2618 5237 2704 5285 est
2732 5230 2803 5285 de
2816 5230 3075 5285 omnibus
3093 5232 3188 5302 qui
3207 5232 3446 5287 aliorum

186 5317 325 5381 digni
353 5320 533 5373 habiti
560 5325 696 5373 sunt
722 5335 826 5387 pro
858 5322 1217 5373 nomineJesu
1230 5326 1623 5376 contumeliam
1648 5328 1769 5391 pati
1853 5323 1984 5376 vitia
2012 5321 2447 5392 reprehendunt,
2478 5325 2535 5375 et
2558 5320 2616 5374 in
2645 5337 2704 5375 se
2734 5321 2930 5374 eadem
2976 5337 3088 5374 non
3121 5323 3442 5376 emendant.

189 5402 290 5462 (Act
339 5411 414 5473 v),
444 5407 504 5459 id
536 5413 630 5460 est
676 5408 1132 5476 ﬂagellationem,
1164 5415 1222 5461 et
1250 5411 1670 5475 contumeliam,
1714 5417 1771 5465 et
1852 5414 1919 5466 In
1948 5427 2053 5478 quo
2083 5413 2231 5462 enim
2250 5411 2476 5477 judicas
2516 5411 2779 5475 alterum,
2816 5413 3050 5478 teipsum
3088 5412 3437 5464 condemnas.

187 5492 549 5560 opprobrium.
580 5494 872 5565 Superbos.
908 5496 1192 5571 Superbus
1229 5503 1316 5553 est
1343 5514 1616 5569 perverse
1654 5501 1768 5554 cel-
1852 5501 1968 5554 Hoc
1988 5499 2069 5555 ita
2088 5504 2175 5553 est
2191 5498 2617 5571 intelligendum
2640 5513 2650 5545 :
2679 5499 2736 5554 Si
2757 5499 3120 5573 reprehendis
3140 5503 3197 5552 et
3219 5497 3439 5571 judicas
