3926 6164
212 303 290 360 381

804 276 1222 359 -ΕΧΡοειτῙο
1261 306 1339 361 IN
1377 307 1531 367 EPP.
1579 309 1637 363 ε.
1678 307 1759 361 ΡΑ

1850 309 1918 365 'J.
1959 340 2025 355 -
2062 310 2147 367 IN
2184 312 2406 369 EPIST.
2445 312 2543 368 AD
2581 311 2754 371 ROM.

3327 308 3433 373 382

206 427 358 497 legem
367 427 677 487 naturalem
686 433 1115 501 spreveruntmt
1129 429 1497 502 Evangelium
1514 432 1833 503 recipereA
1847 432 1905 488 id
1933 440 1989 493 te
2014 436 2144 492 dico
2168 438 2467 494 (labentem
2495 438 2742 504 form
2762 438 3002 491 multa
3018 441 3075 490 at
3093 440 3344 491 meo
3366 440 3436 492 in

205 516 505 576 noluerunt:
534 521 586 575 et
612 519 931 586 quicunque
952 520 1015 576 in
1046 520 1157 588 lege
1193 518 1376 592 Moysi
1399 528 1760 590 peccaverunt

204 604 361 675 positi,
385 619 480 675 per
506 608 677 677 legem
692 606 1131 676 judicabantur,
1164 609 1432 687 quoniam
1463 617 1597 671 sunt
1624 628 1762 682 prmo

204 692 418 747 varicati.

258 807 367 861 Non
378 809 527 861 enim
544 808 828 861 auditores
844 811 1132 877 leglsjustt
1145 815 1440 880 suntapud
1460 816 1655 880 Deum,
1672 817 1763 869 sed

201 897 399 963 factum
421 896 552 962 legis
570 898 1055 964 jurtiﬁeabuntur.
1078 900 1196 954 Hoc
1212 905 1304 955 est
1322 902 1463 971 justi
1478 902 1763 959 habebun-

199 990 292 1048 tur,
320 990 372 1038 et
387 983 523 1054 justi
552 984 923 1056 apparebunt,
954 986 1101 1042 sicut
1127 988 1223 1058 ille
1252 990 1490 1054 volebat,
1526 992 1599 1046 de
1649 1008 1759 1064 quo

198 1072 412 1127 dicitur:
453 1074 634 1127 Valens
662 1074 849 1129 autem
880 1078 1195 1143 justi/learn
1219 1084 1567 1147 mettpmm
1604 1082 1754 1146 (Luc.

195 1160 262 1227 ι),
285 1161 334 1215 id
353 1166 432 1215 est
453 1161 642 1216 volens
661 1164 875 1232 justh
916 1178 1207 1236 apparere.
1228 1167 1337 1230 Qui
1367 1169 1527 1222 audit
1551 1169 1753 1240 legem,

196 1256 240 1303 et
262 1265 359 1303 non
388 1249 589 1321 unplet
617 1257 895 1322 precepts
920 1255 1064 1323 ejus,
1106 1270 1219 1308 non
1241 1254 1641 1325 justiflcabitur
1665 1275 1759 1312 so-

193 1337 443 1392 lummodo
463 1346 697 1410 propter
713 1340 986 1407 auditum;
1001 1342 1099 1412 qui
1120 1359 1249 1397 vero
1270 1351 1357 1399 est
1373 1347 1601 1400 auditor
1619 1348 1760 1419 legis

192 1432 237 1480 et
259 1426 436 1491 factu,
467 1428 667 1499 utique
695 1429 791 1483 ille
811 1430 1220 1499 justiﬁcabitur
1244 1447 1346 1504 per
1375 1435 1577 1505 legem.

249 1542 370 1595 Cum
398 1546 551 1596 enim
574 1547 758 1611 gentes
786 1561 905 1613 qua:
932 1549 1098 1613 legem
1122 1563 1233 1605 non
1264 1549 1479 1616 habent,
1514 1557 1756 1609 natura-

194 1632 299 1682 liter
321 1631 389 1682 ad
410 1646 532 1699 quas
560 1632 692 1699 legis
720 1637 856 1687 sunt
873 1636 1095 1701 faciunt
1118 1655 1136 1699 ;
1163 1640 1435 1705 ejusmodi
1457 1642 1622 1707 legem
1648 1658 1756 1696 non

189 1717 421 1783 habentes,
463 1721 577 1788 ipsi
593 1722 703 1773 sibi
728 1726 860 1781 sunt
890 1725 992 1787 lea,
1022 1728 1122 1792 qui
1149 1726 1443 1780 ostendunt
1475 1744 1610 1798 opus
1626 1730 1756 1801 legis
1777 1747 1823 1807 Β

188 1809 422 1873 scriptum
456 1811 521 1861 in
549 1809 804 1863 cordibus
849 1814 985 1893 suis.
1032 1813 1148 1867 Hoc
1193 1813 1492 1886 dupliciter
1522 1814 1759 1893 intelligi

187 1899 359 1965 potest.
376 1895 518 1949 Cum
539 1901 737 1966 gentes
757 1915 881 1969 quae
900 1890 1083 1970 legem
1104 1901 1369 1977 scriptam
1393 1921 1505 1959 non
1527 1890 1756 1981 habent,

188 1981 371 2037 faciunt
389 2000 450 2037 ea
490 1998 615 2054 quae
635 1985 720 2039 lex
740 1986 951 2057 scripta
977 1990 1227 2061 praecipit
1256 1990 1368 2049 illis
1400 1993 1601 2067 quibus
1628 1995 1760 2052 data

189 2076 273 2130 est.
301 2068 399 2142 ipsi
427 2073 631 2143 utique
655 2074 960 2130 ostendunt
989 2093 1049 2132 se
1078 2078 1284 2133 habere
1308 2082 1571 2153 scriptam
1599 2087 1760 2140 natu-

187 2158 336 2214 ralem
362 2161 547 2233 legem
580 2164 635 2217 in
657 2164 935 2231 cordibus,
967 2172 1024 2219 et
1051 2166 1159 2237 ipsi
1187 2168 1292 2223 sibi
1322 2176 1455 2223 sunt
1484 2168 1569 2226 lex
1594 2191 1605 2224 :
1629 2170 1761 2247 quia

187 2247 266 2301 illa
289 2249 501 2303 faciunt
529 2266 653 2321 quae
680 2251 767 2305 lex
796 2252 974 2319 docet,
1009 2248 1138 2309 licet
1187 2256 1297 2313 illis
1330 2274 1442 2311 non
1488 2258 1562 2312 sit
1604 2261 1756 2316 data.

188 2336 325 2389 Verbi
342 2337 529 2408 gratia
550 2338 832 2394 :Saraceni
848 2341 943 2417 qui
964 2358 1145 2412 neque
1163 2344 1342 2417 legem
1364 2346 1561 2419 Moysi,
1578 2366 1759 2421 neque

187 2423 437 2495 Evangelii
466 2427 704 2490 habent,
738 2426 872 2482 dum
912 2431 1248 2485 naturaliter
1294 2441 1521 2489 servant
1550 2422 1754 2507 legem,

184 2527 241 2564 ne
282 2513 643 2568 homicidium
690 2515 918 2584 faciant,
966 2534 1148 2588 neque
1187 2520 1526 2580 adulterium
1557 2542 1757 2598 perpe-

184 2605 327 2665 trent,
349 2610 554 2657 caetera
575 2619 696 2673 quae
713 2605 803 2657 lex
823 2605 881 2658 in
902 2622 961 2659 se
981 2607 1190 2676 scripta
1228 2609 1497 2677 continet,
1522 2613 1629 2683 ipsi
1654 2614 1758 2667 sibi

182 2696 291 2743 sunt
315 2690 415 2753 lex,
450 2692 722 2762 quoniam
747 2710 846 2764 per
872 2711 1046 2767 opera
1079 2712 1205 2767 qum
1235 2698 1465 2764 faciunt,
1490 2703 1758 2773 scriptam

182 2777 335 2847 legem
361 2780 420 2833 in
447 2781 716 2835 cordibus
757 2782 875 2836 suis
916 2785 1240 2843 ostendunt.
1276 2784 1391 2841 Lex
1415 2789 1551 2844 dicit
1582 2810 1594 2844 ε
1632 2792 1760 2847 Non

181 2866 391 2922 occides.
421 2866 475 2923 Is
505 2868 610 2941 qui
640 2868 823 2940 legem
865 2882 977 2925 non
1018 2874 1252 2945 accepit,
1296 2874 1344 2928 si
1387 2893 1499 2934 non
1530 2876 1755 2951 occidit,

181 2954 280 3025 ipse
304 2956 405 3011 sibi
434 2960 525 3013 est
568 2956 676 3013 lex.
719 2960 899 3014 Aliter
929 2978 941 3013 :
977 2961 1119 3015 Cum
1165 2969 1374 3038 gente;
1408 2983 1529 3039 qua:
1575 2958 1760 3039 legem

181 3043 334 3117 Moysi
359 3060 468 3103 non
491 3049 727 3115 habent,
751 3069 851 3122 per
879 3052 1194 3108 doctrinam
1217 3044 1502 3125 Evangelii
1535 3055 1757 3125 imbuti,
1782 3056 1825 3117 Ο

1740 3140 1752 3157 1

180 3135 488 3192 naturaliter
510 3154 586 3193 ea
604 3139 819 3203 faciunt
838 3157 961 3215 quae
990 3142 1076 3195 lex
1117 3140 1296 3214 Moysi
1336 3145 1619 3216 praecepit,
1648 3140 1757 3215 ipsi

180 3220 266 3276 sibi
293 3230 417 3280 sunt
464 3225 555 3281 lex
592 3228 765 3299 :quia
802 3229 1012 3289 habent
1049 3230 1306 3287 eamdem
1351 3228 1533 3302 legem
1580 3232 1761 3307 Moysi

180 3310 417 3382 scriptam
447 3316 508 3369 in
540 3316 806 3371 cordibus
827 3319 943 3373 suis
962 3318 1329 3391 inspiratione
1356 3321 1759 3393 omnipotentis

179 3397 279 3453 Dei.
298 3401 696 3458 Testimonium
722 3409 837 3462 illis
868 3406 1117 3462 reddente
1140 3411 1471 3464 conscientia
1486 3413 1754 3478 ipsorum,

178 3493 217 3539 et
242 3491 378 3543 inter
404 3506 457 3546 se
489 3497 730 3548 invicem
780 3499 1177 3563 cogitationum
1223 3502 1632 3566 accusantium,
1656 3502 1759 3554 aut

179 3579 321 3631 etiam
349 3579 769 3648 defendentium
799 3603 809 3636 :
847 3582 915 3638 Et
943 3584 1165 3660 quando
1191 3586 1297 3640 hoc
1321 3586 1345 3639 ?
1382 3586 1449 3639 In
1497 3589 1585 3640 die
1629 3605 1756 3641 cum

173 3666 417 3732 iudicabit
429 3672 708 3725 Dominus
723 3676 932 3727 occulta
943 3675 1231 3732 hominum
1248 3676 1550 3729 secundum
1573 3677 1756 3730 Evan-

178 3758 359 3819 gelium
388 3776 602 3821 meum,
637 3760 691 3814 id
722 3766 808 3815 est
835 3761 1140 3817 secundum
1171 3763 1317 3839 quod
1347 3780 1453 3835 ego
1484 3766 1758 3821 annuntio

176 3843 308 3898 vobis
335 3869 358 3895 ε
382 3860 485 3918 per
509 3849 801 3904 Christum
819 3846 847 3905 J
853 3866 1030 3904 esum.
1058 3871 1084 3909 ν
1101 3852 1207 3906 Per
1224 3852 1383 3906 illum
1400 3853 1759 3922 judicaturus

178 3938 249 3986 est
276 3934 414 3990 Deus
443 3938 625 3992 Pater
651 3938 943 4002 mundam,
973 3938 1117 3994 sicut
1143 3941 1263 4012 ipse
1285 3940 1423 3996 dixit
1441 3961 1451 3994 :
1471 3944 1631 3997 Pater
1647 3960 1759 4000 non

168 4023 361 4087 judicat
389 4040 752 4097 quemquam,
788 4030 878 4082 sed
915 4047 1074 4084 omne
1106 4032 1392 4101 judicium
1432 4028 1581 4086 dedit
1607 4030 1758 4087 Filio

176 4112 333 4169 (Joan.
363 4118 439 4183 v).
473 4116 642 4171 Sicut
681 4119 827 4190 stylo
856 4118 1200 4192 imprimitur
1227 4124 1364 4173 nota
1401 4116 1458 4173 in
1497 4136 1644 4188 cera,
1676 4121 1758 4177 sic

175 4201 408 4268 quaedam
439 4214 595 4260 noue
621 4196 897 4283 malarum
927 4212 1027 4262 aut
1056 4207 1330 4263 bonarum
1355 4208 1759 4282 cogitationum

178 4287 405 4357 ﬁguntur
432 4296 491 4348 in
526 4300 721 4349 mente
767 4301 825 4349 et
863 4297 1204 4353 conscientia
1250 4309 1463 4361 nostra,
1511 4315 1633 4369 quae
1662 4304 1762 4357 aut

175 4379 517 4445 accusabunt,
555 4388 657 4437 aut
684 4388 833 4438 certe
862 4382 1165 4443 defendent
1206 4402 1308 4439 nos
1336 4386 1394 4440 in
1424 4384 1513 4440 die
1536 4386 1756 4459 judicii,

177 4462 376 4534 quando
423 4488 542 4529 non
594 4471 776 4527 solum
824 4477 1038 4548 aperta,
1073 4473 1171 4531 sed
1210 4474 1381 4530 etiam
1428 4492 1551 4547 quae
1598 4476 1763 4530 modo

176 4560 289 4609 sunt
314 4558 474 4615 nobis
505 4560 729 4614 occulta
750 4559 1173 4635 judicabantur.
1208 4558 1272 4617 In
1300 4564 1407 4619 hoc
1436 4580 1570 4635 ergo
1600 4564 1763 4621 testi-

178 4644 404 4699 monium
432 4646 602 4729 nobis
642 4648 959 4719 perhibebit
1002 4652 1347 4705 conscientia
1388 4658 1601 4720 nostra,
1634 4654 1765 4729 quia

178 4726 544 4817 lnanﬂestabit
590 4737 752 4791 nobis
792 4743 985 4798 utrum
1035 4740 1199 4811 plura
1246 4745 1474 4817 peccata
1520 4726 1660 4796 sint-
1688 4760 1761 4798 an

178 4815 307 4876 bona
328 4840 523 4897 Opera,
556 4831 613 4880 et
640 4828 831 4883 utrum
852 4834 1042 4883 vetera
1069 4844 1141 4881 an
1171 4845 1331 4891 nova.
1357 4830 1548 4884 utrum
1578 4826 1764 4886 deleta

176 4920 266 4975 per
284 4913 677 4981 penitentiam
710 4932 783 4968 an
807 4917 964 4970 novis
993 4915 1296 4974 sceleribus
1324 4919 1631 4975 cumulata.

234 5016 295 5070 Si
344 5025 537 5079 autem
581 5027 643 5079 tu
685 5024 907 5081 Judaus
958 5028 1385 5095 cognominaris,
1418 5024 1688 5082 subaudis
1730 5044 1765 5083 a

177 5100 303 5161 Juda
328 5109 677 5191 patriarcha.
718 5111 784 5167 Et
818 5114 1107 5180 requiescis
1139 5115 1199 5169 in
1232 5114 1360 5182 lege.
1382 5114 1545 5172 Illam
1572 5116 1766 5187 legen-

179 5190 257 5258 (ιο.
301 5199 653 5268 meditando,
684 5206 740 5254 et
766 5200 1074 5259 secundum
1109 5206 1266 5257 tuam
1312 5202 1514 5259 falsam
1555 5204 1764 5263 doctri-

181 5295 296 5337 nam
344 5278 739 5363 intelligendo,
788 5294 837 5343 et
882 5291 1147 5357 gloriaris
1192 5293 1256 5348 in
1302 5293 1426 5353 Deo,
1462 5292 1567 5347 hoc
1595 5294 1765 5351 estin

182 5371 331 5427 unius
358 5377 462 5435 Dei
494 5376 714 5437 notitia.

244 5480 308 5539 Et
328 5488 474 5542 nosti
500 5489 841 5545 voluntatem
859 5490 997 5554 qius.
1025 5502 1125 5558 per
1138 5487 1322 5558 ipsam
1342 5488 1548 5558 legem,
1570 5494 1619 5543 et
1640 5504 1765 5557 pro-

185 5566 269 5620 bas
294 5574 531 5643 utiliora
549 5578 853 5630 instructus
869 5590 973 5643 per
991 5577 1175 5643 legem,
1196 5581 1255 5631 et
1271 5582 1474 5632 caetera
1491 5593 1672 5648 usque
1693 5577 1765 5632 ad

1847 527 1971 590 lege,
2004 525 2064 580 id
2093 530 2183 582 est
2206 525 2632 582 intimidius!!!
2663 524 2887 596 quidem
2913 524 3214 581 habentem

1843 611 1952 677 tiae,
1988 613 2085 669 sed
2105 630 2219 669 non
2248 615 2540 691 veritatem
2566 614 2895 685 prudentia,
2920 616 3054 686 quia
3078 614 3437 673 Christum!

1844 700 2043 759 credis.
2074 702 2159 761 Ad
2180 703 2464 761 inﬁdelem
2488 703 2748 762 Indum
2776 703 3135 775 loquitur-qui
3153 702 3434 773 gloriatur

1844 790 2088 861 qund'm
2115 778 2438 863 cognitione
2465 791 2568 847 Dei
2597 792 2766 846 unius
2791 796 2856 846 et
2894 792 2955 846 in
2986 792 3437 862 drcumcisinne,

1843 883 1902 933 et
1925 879 2130 950 probat
2159 880 2387 936 utiliora
2407 880 2469 936 in
2496 881 2623 950 legs
2650 881 2849 951 Moysi.

1910 969 3010 1037 Etpuklumdwmcmmm,“
3058 972 3436 1041 estgentlum

1842 1072 1964 1126 quae
1979 1061 2305 1114 mntem
2318 1056 2377 1113 in
2396 1056 2725 1112 inﬁdelitate
2743 1058 3077 1128 ignorantiae
3095 1065 3154 1113 et
3169 1060 3434 1130 pereatis,

1841 1144 1988 1198 sicut
2012 1150 2071 1200 et
2096 1145 2177 1202 illi
2206 1145 2436 1202 fuerunt
2460 1146 2594 1202 olim
2624 1146 2831 1217 quibm
2864 1147 3014 1202 idem
3049 1149 3340 1219 apostolus
3358 1150 3439 1204 lo-

1841 1233 2036 1303 quitur
2069 1252 2080 1288 :
2113 1235 2314 1289 θυέειὼ
2344 1237 2651 1303 aliquando
2680 1237 2923 1295 teneone,
2942 1252 3096 1289 nunc
3118 1243 3310 1291 autem
3338 1241 3439 1293 tua

1840 1324 1904 1373 in
1932 1323 2184 1386 Domino,
2218 1322 2359 1378 bene
2383 1323 2521 1378 dicit
2556 1324 2690 1394 quia
2736 1324 2936 1394 probat
2976 1324 3205 1380 utilium
3227 1325 3286 1380 in
3312 1327 3437 1397 legs

1840 1410 2041 1481 Moysi.
2070 1412 2135 1467 In
2164 1412 2287 1481 legs
2310 1417 2502 1467 autem
2521 1412 2766 1466 naturali
2777 1413 2939 1467 utilia
2955 1418 3092 1467 sunt
3119 1430 3242 1484 quae
3265 1415 3431 1470 dicit:

1912 1502 2067 1567 Quod
2097 1503 2198 1558 tibi
2225 1517 2339 1556 non
2364 1504 2443 1555 vis
2469 1504 2611 1568 ﬁeri.
2643 1504 2752 1555 alii
2784 1518 2851 1555 ne
2880 1503 3089 1569 fera-is,
3112 1503 3211 1556 sed
3231 1503 3289 1557 in
3311 1504 3439 1573 legs

1841 1588 2053 1659 scripta
2082 1594 2246 1645 erant
2267 1589 2514 1653 utiliora,
2544 1590 2681 1660 quia
2703 1590 2782 1644 ibi
2816 1596 2907 1644 est
2942 1590 3189 1661 cognitio
3226 1591 3348 1658 Dei,
3376 1592 3436 1645 in

1841 1677 2141 1747 Evangelia
2171 1683 2360 1734 autem
2391 1678 2651 1734 utillima.
2700 1678 2953 1733 Gentiles
2981 1680 3131 1734 enim
3159 1680 3437 1751 quodam-

1842 1758 2007 1823 modo
2042 1766 2203 1823 utilia
2229 1766 2636 1837 cognoscebant
2660 1784 2760 1837 per
2774 1769 3090 1821 naturalem
3115 1769 3316 1838 legem,
3333 1769 3436 1823 Ju-

1842 1853 1945 1907 daei
1967 1871 2095 1910 vero
2120 1871 2220 1925 per
2239 1855 2422 1925 legem
2452 1856 2767 1910 naturalem
2813 1861 2871 1909 et
2900 1871 3000 1926 per
3044 1855 3225 1926 legem
3258 1856 3437 1927 Moysi

1842 1943 2106 2013 scriptam
2141 1944 2385 2009 utiliora,
2409 1944 2601 1999 ﬁdeles
2620 1949 2808 1999 autem
2831 1944 2889 1998 in
2917 1960 3061 1998 novo
3077 1945 3437 2001 Testamento

1841 2032 2083 2087 utillima
2109 2037 2471 2101 cognoscunt,
2494 2033 2628 2102 quia
2654 2031 2864 2086 habent
2893 2032 3064 2086 Mem
3091 2031 3435 2089 sancde-

1840 2121 1894 2173 ni
1902 2121 2052 2176 tatis.

1915 2211 2025 2276 Qui
2047 2226 2173 2277 ergo
2210 2212 2391 2267 alium
2418 2210 2590 2271 doces,
2622 2213 2856 2275 teipsum
2889 2225 3066 2277 quare
3103 2222 3216 2263 non
3238 2210 3392 2263 doces
3414 2216 3438 2263 τ

1843 2298 1961 2354 Hoc
1988 2298 2329 2369 increpative
2356 2302 2444 2352 est
2471 2298 2768 2368 legendum
2799 2304 2858 2352 et
2883 2314 3011 2352 cum
3042 2297 3438 2353 subauditione

1841 2385 2180 2455 hujusmodi.
2198 2386 2243 2440 Ο
2258 2386 2465 2449 Judaee,
2488 2386 2582 2455 qui
2605 2387 2777 2441 alium
2797 2387 2980 2451 doces,
3004 2386 3248 2457 teipsum
3261 2400 3437 2457 quare

1840 2491 1951 2530 non
1974 2475 2189 2531 doces?
2221 2476 2326 2542 Qui
2344 2477 2610 2543 praedicas
2641 2493 2752 2529 non
2778 2476 3112 2544 furandum,
3146 2491 3321 2547 quare
3349 2479 3439 2543 Iw-

1841 2567 1990 2617 raris
2016 2562 2161 2619 bona
2184 2563 2435 2630 alterius,
2472 2564 2557 2619 vel
2587 2564 2758 2620 etiam
2788 2564 2884 2634 qui
2914 2564 3184 2639 praedicas
3228 2564 3433 2637 legem,

1841 2668 2012 2720 quare
2036 2654 2254 2719 furaris
2283 2653 2352 2705 de
2381 2653 2503 2722 lege
2534 2652 2841 2727 spiritalem
2876 2651 3347 2725 intelligentiam?

1913 2742 2020 2806 Qui
2040 2742 2179 2793 dicis
2208 2756 2317 2793 non
2346 2741 2745 2804 merchandum,
2767 2757 2940 2811 quare
2963 2742 3277 2794 macellaris?
3300 2741 3442 2797 Mue--

1839 2829 1977 2882 chus
2007 2832 2093 2881 est
2122 2827 2361 2889 adulter,
2398 2830 2455 2881 et
2489 2844 2600 2881 non
2627 2828 2807 2881 solum
2836 2828 2930 2881 ille
2956 2828 3163 2881 dicitur
3186 2827 3436 2882 moechus

1844 2915 1939 2987 qui
1968 2929 2198 2970 uxorem
2230 2916 2461 2976 alterius
2487 2916 2676 2981 violat,
2701 2914 2798 2970 sed
2826 2922 2881 2972 et
2911 2908 3005 2970 ille
3029 2916 3123 2987 qui
3145 2916 3357 2970 cultum
3378 2920 3438 2971 et

1843 3004 2171 3074 religionem
2211 3021 2332 3075 quze
2362 3003 2465 3058 soli
2506 3003 2622 3058 Deo
2653 3004 2928 3071 convenit,
2963 3008 3235 3074 quantum
3281 3004 3341 3057 in
3377 3020 3437 3057 se

1843 3099 1947 3161 est,
1978 3092 2132 3146 falsis
2163 3092 2657 3163 superstitionibus
2704 3090 2921 3147 tribuit.
2952 3084 3023 3154 Et
3065 3098 3152 3147 est
3195 3108 3432 3149 sensus:

1843 3181 1949 3246 Qui
1979 3180 2118 3235 dicis
2148 3181 2381 3235 alterius
2426 3197 2661 3236 uxorem
2708 3199 2821 3237 non
2861 3182 3066 3237 debere
3107 3175 3436 3248 adulterari,

1844 3280 2017 3342 quare
2047 3270 2423 3325 adulteraris?
2443 3271 2528 3324 vel
2545 3271 2715 3325 etiam
2738 3268 2873 3342 quid
2901 3270 3041 3326 dicis
3067 3272 3187 3326 Deo
3211 3264 3435 3337 debere,

1840 3359 2050 3414 servire
2078 3376 2253 3431 quare
2283 3356 2527 3414 deservls
2555 3358 2748 3414 vitiis?

1915 3450 2022 3516 Qui
2060 3450 2423 3515 abominaris,
2464 3449 2523 3502 id
2569 3454 2655 3503 est
2700 3449 2919 3520 respuis
2956 3449 3043 3504 vel
3093 3449 3222 3504 odio
3263 3438 3437 3504 habes

1840 3539 2009 3603 idola,
2027 3553 2202 3608 quare
2220 3540 2362 3604 facis
2377 3537 2979 3607 sacrilegiuthegere
2994 3539 3107 3591 sive
3123 3538 3434 3607 sublegere,

1841 3632 1927 3681 est
1944 3626 2139 3681 furari.
2169 3626 2304 3680 Inde
2327 3626 2680 3695 sacrilegium
2710 3626 2918 3680 dicitur
2937 3641 3223 3679 sacrarum
3246 3643 3437 3682 rerum

1838 3716 2073 3769 furtum.
2103 3714 2271 3768 Verbi
2297 3714 2485 3784 gratia
2504 3733 2516 3767 :
2535 3714 2803 3785 Quisquis
2815 3715 2884 3769 de
2901 3715 3165 3769 thesauro
3182 3714 3438 3771 Ecclesia

1840 3805 1923 3859 vel
1951 3805 2022 3859 de
2051 3803 2365 3859 substantia
2394 3804 2509 3857 Deo
2546 3803 2939 3858 famulantium
2982 3790 3194 3875 aliquid
3222 3798 3438 3860 occulte

1840 3892 2137 3957 abstrahit,
2166 3892 2522 3961 sacrilegium
2563 3898 2868 3963 perpetrat.
2893 3893 3276 3964 Spiritualiter
3305 3900 3435 3949 vero

1840 3978 2193 4052 sacrilegium
2242 3986 2330 4035 est
2364 3990 2653 4035 sacrorum
2698 3981 2991 4036 verborum
3030 3983 3432 4053 praevaricatio.

1911 4074 2019 4139 Qui
2046 4073 2109 4124 in
2140 4073 2247 4138 lege
2274 4071 2558 4137 gloriaris,
2601 4085 2776 4140 quare
2799 4082 2901 4138 per
2922 4074 3435 4138 prevaricatio‘nem

1843 4164 1973 4228 tegis
2002 4161 2174 4215 Deum
2205 4160 2512 4212 inhonorus
2536 4160 2559 4210 ?
2585 4159 2736 4213 Deus
2766 4159 3159 4227 inhonor'atur,
3173 4159 3306 4214 dum
3338 4174 3437 4216 vo-

1842 4250 2029 4303 luntas
2052 4261 2110 4303 et
2131 4248 2310 4319 jussio
2334 4246 2487 4301 illius
2508 4247 2760 4303 calcatur
2787 4254 2843 4302 et
2865 4258 2966 4319 pro
2988 4249 3164 4304 nihilo
3188 4250 3433 4307 ducitur.

1842 4337 1934 4392 Sic
1961 4337 2166 4391 dicitur
2207 4336 2536 4390 inhonorari
2579 4352 2677 4390 rex
2724 4337 2813 4390 vel
2860 4336 3124 4408 quislibet
3168 4343 3434 4409 potestas,

1783 4409 1827 4469 D
1845 4425 1980 4479 dum
2008 4425 2246 4496 epistola
2272 4425 2428 4479 illius
2457 4440 2571 4479 non
2600 4424 2946 4491 observatur,
2986 4424 3441 4498 praeceptumque

1845 4515 1965 4584 ejus
1993 4529 2106 4568 non
2134 4513 2464 4569 custoditur.
2498 4514 2717 4572 Nomen
2743 4515 2894 4569 enim
2934 4516 3035 4570 Dei
3079 4522 3180 4587 per
3204 4526 3302 4570 Vos
3324 4514 3442 4570 bla-

1844 4603 2172 4673 sphematur
2198 4603 2348 4656 inter
2372 4609 2588 4673 gentes,
2611 4603 3062 4674 sicut'scriptum
3083 4609 3168 4658 est
3187 4604 3245 4657 in
3272 4605 3437 4659 Isaia.

1846 4691 2172 4762 Captivatus
2186 4698 2273 4745 est
2286 4692 2526 4762 populus
2545 4692 2716 4745 lsrael
2734 4692 2791 4745 in
2812 4692 3072 4762 Assyrios
3098 4698 3156 4746 et
3175 4691 3233 4745 in
3264 4686 3442 4763 Baby-

1844 4780 2028 4834 lonem
2059 4786 2401 4850 caeterasque
2427 4788 2642 4849 gentes.
2681 4778 2896 4833 Nomen
2925 4779 3025 4833 Dei
3055 4784 3155 4851 per
3182 4780 3308 4835 illos
3327 4780 3442 4834 bla-

1844 4868 2247 4941 sphemabatur
2266 4868 2415 4939 quod
2440 4867 2699 4929 dicebant
2718 4867 2906 4923 hostes
2922 4868 3147 4923 illorum
3166 4885 3294 4923 cum
3315 4869 3442 4925 irri-

1846 4957 2170 5012 sionezEcce
2186 4972 2351 5027 quem
2375 4956 2553 5012 Deum
2569 4955 2854 5019 colebatis,
2869 4957 2966 5029 qui
2996 4973 3110 5013 non
3142 4957 3324 5013 valuit
3342 4975 3442 5014 vos

1846 5044 2088 5103 liberare
2115 5045 2184 5101 de
2213 5043 2470 5100 manibus
2509 5043 2737 5105 nostris,
2786 5060 2916 5099 vere
2955 5045 3108 5101 idola
3136 5053 3330 5102 nostra
3359 5049 3443 5103 vi-

1847 5133 2043 5191 ctricia
2060 5132 2399 5190 fueruntDei
2417 5132 2604 5189 vestri.
2620 5132 3142 5206 Similiter,quando
3162 5135 3448 5209 depreda-

1847 5228 1943 5278 tur
1963 5227 2155 5280 sancta
2185 5220 2430 5277 Ecclesia
2467 5220 2537 5274 ab
2581 5220 2857 5289 hostibus,
2903 5230 2961 5279 et
2989 5226 3214 5296 quando
3241 5226 3323 5281 illi
3348 5228 3453 5299 qui

1848 5327 2055 5369 nomen
2107 5309 2423 5369 sanctitatis
2473 5309 2746 5367 deberent
2785 5311 2994 5369 habere
3037 5316 3185 5371 male
3228 5316 3445 5383 vivunt,

1842 5398 2269 5469 blasphematur
2297 5414 2505 5454 nomen
2533 5399 2654 5464 Dei,
2683 5401 2817 5471 quia
2845 5402 3043 5458 dicunt
3058 5404 3238 5460 Judei
3276 5412 3447 5476 atque

1844 5488 2051 5559 pagani
2083 5506 2095 5545 :
2123 5487 2261 5545 Ecce
2289 5488 2531 5560 populus
2559 5488 2806 5559 Domini,
2837 5506 2965 5549 ocos
2994 5498 3230 5564 apparet
3252 5493 3448 5563 quales

1847 5592 2036 5632 servos
2063 5576 2235 5632 habet
2262 5578 2290 5633 J
2296 5594 2424 5633 esus
2454 5583 2657 5635 vester.
