3970 6150
431 178 533 236 383

840 182 1222 242 HAYMONIS
1260 187 1749 247 HALBERSTAT.
1793 185 2019 243 EPISC.

2121 188 2224 243 PP.
2268 189 2472 246 PARS.
2513 192 2558 246 Ι.
2603 220 2659 231 -
2697 190 3067 248 ΟΟΜΜΕΝΤ.
3107 191 3286 247 BIBL.

3563 191 3655 250 38’!

501 307 862 362 Circumcisio
891 309 1111 375 quidem
1150 313 1370 379 prodest
1397 316 1449 366 si
1478 313 1645 380 legem
1672 314 1931 367 observes.
1965 314 2031 368 In
2048 316 2099 373 A
2118 321 2335 373 sionem
2364 317 2648 372 carnalem
2678 318 2860 388 legem
2885 317 3287 393 praevaricaris?
3305 316 3498 388 Utique
3517 317 3659 374 dam-

428 394 537 448 hoc
564 395 686 449 loco
712 412 827 449 non
874 402 961 451 est
1006 399 1326 468 sequendus
1370 400 1658 463 Claudius,
1700 401 1797 455 sed
1839 401 2026 472 potius

430 482 781 539 Ambrosius.
807 486 1145 556 Hujusmodi
1170 488 1651 543 circumcisionem
1684 489 1789 543 hoc
1816 490 1874 543 in
1906 491 2026 544 loco

431 588 535 643 pro
562 573 685 644 ipso
710 590 919 644 genere
960 576 1146 646 gentis
1181 577 1388 648 accipe,
1435 578 1539 630 hoc
1567 583 1655 631 est
1691 594 1791 648 pro
1817 595 2025 648 genere

429 660 670 715 Abrahae
698 678 734 715 a
762 680 873 733 quo
889 663 984 717 ille
1009 665 1247 735 populus
1259 666 1533 735 originem
1561 667 1745 721 carnis
1774 669 1968 731 trahit,
1991 683 2026 722 a

433 765 543 820 quo
558 750 727 804 etiam
746 754 872 821 ipsa
899 752 1246 807 circumcisio
1274 755 1561 809 exordium
1582 756 1842 827 sumpsit.
1871 758 2027 811 Hanc

431 836 581 891 enim
612 838 782 892 habet
806 841 1111 910 Apostolus
1157 844 1641 906 consuetudinem,
1690 850 1755 899 ut
1799 843 2028 900 Judaaos

426 926 930 994 circumcisionem,
949 935 1148 999 gentes
1175 936 1365 986 autem
1395 933 1730 1003 praeputium
1761 935 2023 1005 appellet.

431 1013 501 1071 Et
525 1020 612 1069 est
637 1032 834 1070 sensus
867 1035 878 1070 :
914 1017 960 1072 Ο
985 1018 1195 1084 Iudaee,
1226 1024 1363 1073 tunc
1392 1021 1623 1091 prodest
1651 1020 1753 1075 tibi
1783 1023 1933 1093 quod
1957 1024 2027 1077 de

427 1121 638 1175 genere
662 1105 899 1161 Abrahae
918 1124 977 1162 es
992 1113 1048 1162 et
1075 1108 1145 1162 de
1163 1125 1369 1179 genere
1388 1110 1825 1165 circumcisionis
1853 1128 1887 1164 a
1916 1128 2025 1181 quo

429 1192 552 1262 ipsa
575 1194 925 1250 circumcisio
955 1196 1245 1251 exordium
1271 1198 1528 1268 sumpsit,
1560 1200 1607 1252 si
1640 1199 1819 1270 legem
1851 1200 2027 1270 spiri-

429 1282 662 1337 tualiter
686 1283 1008 1355 intelligens
1028 1286 1209 1339 credis
1237 1286 1296 1340 in
1327 1287 1631 1352 Christum,
1655 1288 1744 1341 cui
1764 1289 1851 1343 lex
1871 1289 2029 1343 testi-

430 1371 682 1425 monium
710 1372 984 1442 perhibet,
1011 1374 1125 1429 etsi
1140 1374 1619 1429 circumcisionem
1648 1386 1760 1430 non
1785 1378 2029 1432 carnali-

430 1462 537 1525 ter,
562 1460 659 1514 sed
677 1460 1049 1530 spiritualiter
1062 1461 1341 1518 observas.
1367 1465 1630 1536 Alioquin
1659 1482 1772 1519 non
1801 1467 2031 1537 prodest

432 1564 556 1603 esse
586 1549 655 1603 de
682 1566 890 1619 genere
916 1551 1175 1617 Abrahae,
1210 1552 1305 1606 sed
1338 1554 1519 1623 magis
1545 1554 1705 1608 obest
1731 1554 1853 1608 tibi.
1885 1556 2026 1609 Pro-

2107 409 2266 463 nabit
2292 414 2369 467 te,
2402 407 2547 461 sicut
2576 406 2834 471 diximus,
2861 407 2993 477 quia
3010 405 3453 477 illespiritualem
3474 407 3662 461 intelli-

2106 498 2357 569 gentiam
2404 495 2462 549 in
2509 496 2631 565 lege
2679 496 2981 549 scrutando
3028 495 3265 566 requirit
3311 500 3430 548 :ltu
3466 511 3665 566 semper

2109 585 2321 640 carnali
2352 584 2641 638 intellectu
2653 583 2913 654 requiris,
2928 582 3276 655 superﬁciem
3306 584 3666 638 tantummodo

2105 674 2362 745 legendo.

2178 764 2305 817 Non
2332 764 2483 814 enim
2520 763 2622 828 qui
2648 762 2713 814 in
2741 760 3035 827 manifesto
3061 760 3281 813 Judzus
3308 765 3402 824 est,
3428 758 3671 814 subaudis

2110 851 2295 923 placet
2321 851 2471 917 Deo;
2504 865 2676 917 neque
2704 851 3052 904 circumcisio
3095 864 3215 917 qua
3242 850 3303 902 in
3330 849 3606 916 manifesto
3628 854 3671 901 et

2110 943 2169 993 in
2196 955 2363 993 carne
2388 943 2485 1005 est,
2516 938 2702 1009 placet
2727 937 2861 992 Deo.

2180 1029 2283 1084 Sed
2309 1031 2408 1097 qui
2433 1031 2497 1081 in
2524 1028 2856 1092 abscondito,
2889 1026 2948 1082 id
2971 1031 3059 1081 est
3085 1027 3183 1097 qui
3208 1026 3265 1080 in
3288 1025 3452 1081 corde
3476 1025 3675 1080 Judzus

2108 1120 2181 1168 est
2212 1116 2392 1185 placet
2416 1115 2549 1169 Deo.
2573 1116 2639 1169 Et
2665 1117 3013 1168 circumcisio
3032 1116 3212 1168 cordis
3240 1117 3303 1167 in
3329 1116 3544 1183 spiritu,
3578 1129 3677 1167 non

2110 1206 2318 1269 littera,
2352 1203 2621 1258 subaudis
2650 1204 2833 1274 placet
2857 1203 2992 1269 Deo,
3007 1206 3184 1271 cujus,
3208 1201 3472 1257 subaudis
3496 1201 3674 1265 Judaei,

2111 1295 2234 1346 laus
2256 1309 2368 1346 non
2395 1310 2459 1346 es:
2498 1294 2839 1358 hominibus,
2856 1295 2946 1346 sed
2974 1310 3039 1347 ea:
3064 1294 3168 1347 Deo
3193 1297 3289 1346 est.
3322 1292 3565 1346 Camalis
3582 1292 3679 1345 cir-

2109 1381 2376 1435 cumcisio
2426 1397 2550 1452 qua;
2593 1381 2890 1436 manifesta
2917 1385 3087 1452 atque
3125 1381 3432 1436 secundum
3456 1380 3679 1434 litteram

2113 1469 2449 1540 explanatio,
2482 1470 2568 1523 vel
2598 1471 2923 1541 exspoliatio
2971 1469 3155 1524 carnis
3185 1474 3288 1536 est,
3321 1470 3416 1522 illa
3440 1468 3682 1522 laudatur

2106 1556 2177 1610 ab
2196 1558 2458 1613 omnibus
2476 1558 2706 1612 Iudaeis.
2731 1558 3094 1613 Circumcisio
3124 1574 3251 1612 vero
3280 1558 3481 1622 cordis,
3496 1573 3610 1628 qua
3629 1558 3683 1610 ﬁt

433 1634 666 1691 mittens
708 1640 857 1692 enim
905 1640 989 1694 lex
1023 1641 1330 1706 Christum,
1363 1642 1501 1696 dicit
1528 1660 1628 1713 per
1654 1643 1828 1697 Jacob
1862 1662 1874 1697 :
1908 1639 2095 1699 NonB
2115 1646 2172 1700 in
2193 1646 2576 1718 spiritum,est
2594 1647 3168 1703 ablatioinﬁdelitatis
3195 1653 3253 1701 et
3278 1648 3553 1717 susceptio
3570 1645 3684 1699 ﬁdei

433 1725 641 1791 deﬁciet
661 1728 919 1796 princeps
947 1746 1013 1782 ea;
1034 1731 1204 1797 Juda,
1229 1747 1399 1798 neque
1422 1733 1542 1784 dux
1564 1733 1628 1786 de
1655 1734 1861 1800 femore
1888 1737 2027 1802 ejus,

432 1812 599 1866 donec
628 1818 811 1869 veniat
833 1819 934 1884 qui
957 1820 1260 1872 mittendus
1285 1825 1380 1885 est,
1408 1825 1458 1872 et
1488 1823 1597 1888 ipse
1623 1824 1728 1874 erit
1757 1827 2031 1889 ett-specta-

436 1904 512 1956 tio
538 1907 791 1981 gentium
819 1904 966 1975 (Gen.
996 1912 1171 1974 XLIX),
1210 1912 1267 1962 et
1294 1925 1393 1979 per
1421 1909 1610 1979 ipsum
1651 1909 2029 1980 legislatorem

424 1992 764 2062 prophetam
794 1994 1088 2049 suscitabit
1132 1996 1404 2051 Dominus
1450 1997 1603 2051 vobis
1652 1998 1722 2052 de
1762 1998 2030 2052 fratribus

433 2079 653 2146 vestris,
671 2085 942 2152 tanquam
965 2100 1054 2137 me
1069 2084 1253 2154 ipsum
1274 2085 1515 2139 audietis
1526 2087 1689 2155 juxta
1707 2086 1898 2140 omnia
1908 2103 2030 2156 quze

434 2167 639 2223 dixerit
660 2169 829 2224 vobis.
855 2172 937 2225 De
957 2172 1380 2228 circumcisione
1396 2190 1620 2245 quoque
1643 2174 1945 2245 spirituali,
1969 2175 2027 2229 in

434 2256 650 2323 diebus,
688 2258 890 2330 inquit,
919 2261 1237 2315 novissimis
1260 2261 1623 2317 circumcidet
1641 2263 1914 2318 Dominus
1934 2280 2030 2318 cor

432 2348 597 2399 tuum
636 2352 693 2401 et
721 2363 832 2402 non
863 2365 1088 2405 carnem
1116 2354 1292 2404 tuam.

502 2462 568 2517 Si
585 2469 772 2517 autem
794 2469 1196 2539 prevaricalor
1226 2470 1355 2534 legis
1384 2470 1476 2532 sis,
1502 2467 1559 2521 id
1588 2473 1692 2534 est,
1718 2469 1764 2522 si
1796 2485 1905 2524 non
1917 2485 2033 2524 cre-

433 2547 519 2602 dis
550 2549 607 2603 in
623 2551 915 2607 Christum
948 2570 1115 2624 quem
1146 2555 1230 2609 lex
1259 2555 1559 2626 promittit,
1593 2562 1650 2610 et
1676 2557 1724 2610 si
1746 2557 2034 2612 circumci-

435 2637 649 2693 sionem
676 2641 1044 2712 spiritualiter
1071 2660 1182 2698 non
1214 2661 1423 2700 servas.

506 2754 865 2812 Circumcisio
896 2763 993 2813 tua
1016 2764 1356 2829 praeputium
1389 2763 1538 2830 facta
1565 2769 1662 2831 est,
1701 2764 1759 2818 id
1799 2769 1886 2819 est
1902 2765 2033 2819 talis

435 2859 497 2898 es
527 2845 708 2915 qualis
737 2853 796 2902 et
818 2849 1046 2918 gentilis
1076 2849 1172 2921 qui
1198 2850 1381 2921 legem
1411 2868 1522 2906 non
1554 2852 1742 2920 habet,
1776 2854 1909 2925 quia
1938 2854 2035 2925 qui

435 2931 712 2988 debueras
740 2951 861 2990 esse
888 2937 1115 2992 Iudaeus
1140 2939 1418 2994 credendo
1442 2940 1502 2994 in
1530 2941 1835 3008 Christum,
1868 2948 1925 2996 et
1950 2943 2034 2996 le-

438 3036 567 3090 gem
594 3023 966 3092 spiritualiter
994 3026 1279 3097 implendo
1312 3029 1513 3083 similis
1543 3030 1771 3085 effectus
1801 3047 1860 3084 es
1888 3047 2034 3101 gen-

440 3108 543 3172 tili,
568 3110 806 3181 ideoque
826 3112 884 3165 in
903 3113 1280 3183 gentilitatem
1307 3117 1678 3187 reputaberis.
1714 3119 1872 3173 Unde
1901 3119 2038 3173 dicit

436 3196 714 3253 Dominus
742 3217 842 3270 per
869 3201 1202 3271 prophetam
1222 3222 1234 3257 :
1257 3205 1505 3259 Chermcl
1532 3210 1595 3260 in
1624 3211 1836 3264 saltum
1868 3223 2034 3275 repu-

441 3287 655 3340 tabitur
686 3288 811 3356 (Isa.
838 3293 1028 3356 xxxn),
1055 3290 1406 3347 circumcisio
1435 3294 1693 3349 videlicet
1728 3296 1788 3349 in
1814 3296 2039 3365 gentili-

438 3378 636 3429 tatem.
1922 3384 1925 3388 ’

2114 1735 2343 1800 Christi,
2376 1741 2546 1807 atque
2577 1736 2905 1807 exspoliatio
2934 1737 3219 1791 vitiorum.
3254 1737 3323 1791 Et
3352 1741 3438 1791 est
3468 1750 3679 1789 sensus:

2112 1823 2221 1888 Qui
2247 1825 2643 1879 tantummodo
2669 1842 2879 1895 genere
2908 1832 2965 1879 et
2992 1825 3219 1879 nomine
3261 1833 3350 1879 est
3374 1824 3608 1888 Judmus,
3637 1827 3685 1875 et

2110 1914 2585 1969 circumcisionem
2607 1915 2910 1968 carnaliter
2937 1913 3212 1979 observat,
3235 1931 3350 1968 non
3369 1914 3546 1984 placet
3562 1912 3681 1975 Deo,

2111 2019 2294 2073 neque
2322 2008 2573 2057 meretur
2600 2003 2821 2058 laudari
2845 2002 2914 2057 ab
2943 2003 3405 2074 illozquanquam
3435 2000 3503 2056 ab
3520 1999 3684 2055 homi-

2111 2090 2277 2149 nibus
2300 2091 2595 2158 laudetur;
2628 2092 2723 2162 qui
2753 2108 2882 2146 vero
2925 2091 2984 2145 in
3026 2092 3262 2156 occulto,
3307 2090 3368 2144 in
3392 2082 3572 2144 {corde
3611 2091 3688 2141 cst

2109 2176 2362 2244 Judaeus,
2405 2178 2458 2232 id
2491 2183 2576 2233 est
2607 2179 2879 2233 conﬁtens
2905 2179 3211 2244 Christum,
3243 2183 3303 2233 et
3333 2178 3391 2232 in
3428 2176 3587 2231 corde
3612 2180 3687 2228 est

2110 2266 2467 2320 circumcisus
2496 2266 2566 2321 ab
2595 2267 2749 2321 omni
2788 2267 3120 2322 inﬁdelitate
3169 2272 3228 2321 et
3266 2266 3339 2321 ab
3368 2265 3517 2320 omni
3555 2264 3687 2318 mala

2110 2355 2398 2409 voluntate
2422 2360 2479 2408 et
2503 2355 2859 2425 cogitatione,
2894 2357 3077 2427 placet
3098 2357 3214 2410 Deo
3233 2361 3291 2410 et
3319 2359 3563 2409 meretur
3578 2353 3686 2407 lau-

2112 2443 2235 2496 dari
2264 2460 2300 2497 a
2327 2445 2461 2505 Deo,
2496 2444 2730 2498 audiens
2757 2444 2975 2501 abillo:
2996 2446 3165 2513 Euge,
3184 2446 3314 2498 bone
3343 2459 3487 2498 serve
3514 2447 3560 2496 et
3579 2442 3690 2508 βαρ·
3714 2500 3717 2501 ν

2116 2533 2202 2598 lis,
2234 2534 2391 2586 intra
2421 2535 2481 2586 in
2510 2534 2784 2601 gaudium
2802 2535 3029 2587 Domini
3058 2536 3145 2587 tui
3170 2533 3388 2601 (Matth.
3421 2532 3559 2598 xxv).

2727 2673 2961 2729 CAPUT
2997 2673 3101 2729 III.

2190 2799 2332 2866 Quid
2359 2815 2485 2866 ergo
2513 2801 2757 2868 amplius
2785 2804 2862 2852 est
2881 2797 3373 2855 JudaeuSubaudis
3394 2812 3561 2870 quam
3577 2811 3696 2866 gen-

2117 2888 2205 2943 tili
2232 2894 2463 2960 propter
2489 2887 2993 2942 circumcisionem.
3025 2888 3135 2942 Aut
3173 2902 3292 2955 quae
3343 2890 3563 2941 utilitas
3593 2888 3695 2937 cir-

2050 2957 2094 3017 C
2116 2979 2506 3031 cu-mcisionis?
2533 2977 2775 3031 Multum
2802 2992 2901 3045 per
2929 2993 3146 3031 omnem
3176 2976 3497 3041 modum,id
3517 2980 3598 3029 est
3610 2989 3698 3046 per

2118 3066 2327 3119 multas
2373 3081 2590 3119 causas.
2625 3067 2880 3119 Primum
2920 3067 3163 3133 quidem.
3197 3067 3263 3119 In
3306 3066 3413 3121 hoc
3449 3062 3698 3119 subaudis

2118 3153 2331 3224 profuit
2376 3153 2505 3218 illis,
2552 3156 2686 3221 quia
2729 3154 2938 3208 credita
2984 3158 3114 3207 sunt
3161 3156 3279 3207 illis
3331 3156 3548 3222 eloquia
3592 3153 3696 3206 Dei.

2118 3243 2295 3296 Erant
2318 3242 2467 3313 apud
2487 3242 2770 3296 Romanos
2793 3241 2970 3296 Judaei
3000 3248 3056 3295 et
3072 3241 3314 3312 gentiles
3342 3242 3402 3295 in
3432 3240 3697 3296 Christum

2120 3332 2432 3397 credentes,
2465 3332 2563 3385 sed
2593 3331 2718 3402 plus
2745 3330 3066 3385 habuerunt
3094 3330 3273 3385 Judaei
3313 3335 3448 3385 ante
3492 3326 3698 3385 Domini

2119 3420 2426 3474 adventum
2447 3436 2614 3491 quam
2636 3419 2896 3490 gentiles,
2929 3420 3061 3489 quia
3091 3419 3201 3473 illis
3229 3420 3447 3474 credita
3461 3423 3585 3473 sunt
3604 3416 3701 3470 elo-

509 3481 572 3536 Si
593 3484 772 3549 igitur
777 3488 1121 3553 praeputium
1147 3489 1280 3554 legis
1293 3489 1546 3554 justitias
1561 3490 2033 3555 custodiat,nonne

2122 3509 2254 3579 quia
2270 3508 2391 3561 Dei.
2425 3481 2490 3562 Et
2522 3514 2609 3562 est
2634 3481 2830 3562 sensus
2861 3481 3046 3571 :tQuid
3068 3507 3195 3561 boni
3213 3508 3468 3579 percepit
3495 3507 3703 3562 Judzeus

435 3576 775 3640 przputium
810 3576 967 3627 illius
1016 3578 1078 3628 in
1124 3572 1599 3629 circumcisionem
1644 3580 2039 3645 reputabitur?
2119 3572 2350 3667 ῥνοριειι
2376 3596 2853 3650 circumcisionem
2883 3597 3182 3666 plusquam
3203 3572 3457 3666 gentilis,
3480 3601 3578 3650 aut
3594 3610 3704 3665 qua;

442 3659 781 3756 sen§us_i3te
801 3668 930 3717 θεῖε
966 3662 1024 3717 Si
1050 3664 1277 3733 gentilis
1304 3663 2040 3756 ιιυίξίιξθιιθεθωνευειοάίειι
2119 3659 2305 3755 maior
2332 3685 2546 3739 utilitas
2585 3689 2675 3739 est
2713 3659 2906 3739 Judaee
2937 3659 3265 3739 circumciso
3309 3659 3484 3756 quam
3522 3659 3707 3755 gentili

443 3749 721 3806 credendo
745 3751 802 3805 in
823 3752 1131 3817 Chriswmv
1162 3753 1644 3808 σίτουωοίείοηθω
1673 3755 2044 3826 δρίτίῖιιθίίίθτ
2123 3749 2544 3828 incircumciso?
2569 3774 2807 3827 Multum
2828 3789 2929 3844 per
2956 3790 3152 3828 omnes
3169 3790 3367 3828 causas
3390 3774 3597 3847 profuit
3614 3771 3703 3837 illi,

340 3882 343 3883 ν
440 3838 807 3906 “servando:
841 3847 1152 3912 “itemque
1185 3859 1308 3912 (ιυεθ
1342 3843 1430 3896 lex
1463 3843 1719 3914 Ρνδῖοίρίί
1758 3844 2040 3914 spirituum
2124 3863 2256 3933 quia
2285 3862 2492 3916 meruit
2532 3863 2713 3931 legem
2765 3861 3038 3932 accipere,
3072 3879 3282 3916 manna
3324 3864 3610 3934 suscipere
3648 3860 3710 3913 de

441 3927 817 3999 intelligentia
849 3931 1235 3995 εαδίοάίθηάον
1269 3932 1525 4004 numini“
1570 3933 1863 4002 gentilitas
1890 3934 2041 3987 illius
2124 3927 2350 4014 coelo,in
2374 3927 2828 4004 terram‘intrare
2856 3927 3117 4004 omnibus
3144 3950 3460 4015 meliorem,
3482 3927 3705 4020 regnum

445 4033 561 4071 non
611 4019 968 4089 reputabitur
1011 4021 1067 4074 in
1112 4021 1631 4076 circumcisionem?
1661 4022 1865 4092 Utique
1894 4022 2033 4092 quod

2125 4044 2179 4093 et
2222 4038 2599 4093 sacerdotium
2642 4038 2947 4109 possidere.
2987 4039 3148 4093 Unde
3193 4038 3326 4093 dicit
3366 4019 3662 4110 Apostolus
3694 4053 3704 4087 :

441 4122 607 4161 verus
634 4107 730 4162 ille
767 4109 995 4163 Judaeus
1033 4110 1162 4175 erit,
1203 4110 1263 4163 id
1305 4116 1391 4164 est
1423 4112 1695 4165 conﬁtens
1732 4110 2038 4164 Christum.
2124 4127 2269 4191 Quid
2288 4127 2535 4198 primum
2555 4107 2765 4198 pro—fuit
2792 4127 2872 4181 eis
2903 4127 3052 4198 quod
3080 4128 3262 4197 legem
3289 4135 3345 4181 et
3364 4107 3707 4199 pgopheﬁam

443 4196 603 4250 Unde
629 4197 904 4266 prapheta
918 4197 1444 4252 dicit:0’onvertetur
1460 4199 1700 4251 Libanus
1718 4202 1779 4251 in
1792 4198 2040 4252 Ghermel
2060 4268 2102 4286 Π
2124 4196 2457 4270 [ηειιυὲῐιηηί
2485 4196 2736 4286 πέψει-δ
2757 4217 2782 4269 7

449 4286 572 4350 (Isa.
617 4289 785 4351 xxxx),
820 4283 877 4336 id
908 4291 994 4337 est
1019 4284 1305 4353 gentilitas
1333 4285 1391 4338 in
1420 4284 1903 4340 circumcisionem
1943 4304 2033 4341 ve-

2195 4305 2340 4372 Quid
2350 4303 2794 4367 enim,subaudis
2813 4305 3021 4367 nocuit,
3040 4322 3085 4358 St
3101 4306 3330 4372 quidam
3353 4306 3588 4358 illorum
3609 4316 3713 4355 non

446 4387 589 4424 mm'
613 4371 860 4426 Libanus
895 4372 1047 4425 enim
1068 4373 1340 4426 ἀθαίὺαίίο
1364 4372 1586 4437 dicm":
1613 4374 1875 4429 Che’mel
1913 4391 2042 4429 vero
2126 4393 2791 4460 crediderunt?Nunquid
2810 4371 3173 4446 incredulitas
3192 4395 3425 4446 illorum
3448 4393 3608 4458 ﬁdem
3627 4390 3717 4443 Dei

444 4461 675 4513 scientia
704 4474 840 4512 vera
866 4462 1324 4515 circumcisionis.
1356 4462 1601 4516 Libanus
1629 4480 1763 4534 ergo
1786 4463 1844 4518 in
1875 4464 2033 4518 Cher-

2125 4481 2741 4535 evacuavit?Absit.Hoc
2759 4480 3054 4551 tripliciter
3066 4485 3250 4549 potest
3269 4479 3531 4549 intelligi.
3553 4475 3710 4543 Quid,

445 4547 558 4601 mel
579 4563 880 4603 conversus
900 4555 1004 4615 est,
1031 4550 1554 4621 quandogentilitas
1580 4552 1840 4606 dealbata
1867 4553 1927 4606 in
1943 4553 2033 4607 ba-

2125 4569 2329 4640 inquit,
2358 4569 2550 4623 nocuit
2565 4568 2761 4635 Josue,
2784 4547 3097 4639 et‘Calepli.
3123 4569 3360 4639 aliisque
3381 4547 3481 4638 qui
3509 4573 3715 4621 terram

443 4637 710 4709 ptismate
738 4638 921 4692 locum
952 4638 1198 4693 obtinuit
1224 4640 1569 4706 Judaeorum,
1586 4640 1877 4695 scientiam
1901 4659 2044 4697 verte

441 4726 883 4783 circumcisionis
910 4726 1140 4782 habens.

516 4837 582 4890 Et
601 4837 880 4904 judicabit
904 4837 962 4888 id
982 4837 1125 4904 quod
1135 4852 1201 4889 ea:
1222 4841 1430 4890 natura
1452 4842 1529 4890 est
1546 4840 2043 4906 praeputiumdegis

448 4924 921 4988 consummans,id
939 4930 1026 4978 est
1040 4925 1462 4995 perﬁciens,qui
1471 4941 1575 4993 per
1596 4927 1841 4979 litteram
1866 4932 1914 4980 et
1938 4930 2045 4980 cir-

446 5015 835 5067 cumcisionem
850 5017 1249 5080 prmaricator
1270 5017 1401 5081 legis
1412 5014 1892 5068 es.Przevaricator
1906 5014 2046 5085 legis

447 5106 534 5156 est
561 5101 658 5171 qui
697 5100 983 5154 Christum
1014 5117 1127 5154 non
1165 5102 1361 5155 credit.
1406 5102 1476 5156 Et
1522 5102 1906 5172 superioribus
1934 5103 2045 5157 ista

444 5189 708 5262 pendent,
725 5195 782 5243 et
802 5194 890 5243 est
906 5204 1105 5243 sensus
1131 5190 1443 5260 :'Nunquid
1473 5190 1567 5244 ille
1587 5191 1683 5261 qui
1709 5191 2045 5245 naturaliter

442 5278 672 5350 gentilis
690 5283 795 5343 est,
818 5282 877 5331 et
887 5277 1069 5347 legem
1090 5283 1462 5342 consummat,
1493 5280 1607 5333 sive
1627 5280 1844 5350 perﬁcit
1871 5285 1928 5333 et
1949 5280 2045 5333 ob-

448 5374 650 5430 servat,
672 5382 783 5419 non
808 5366 1085 5436 judicabit
1112 5373 1168 5421 te
1197 5368 1633 5437 comparatione,
1668 5368 1763 5422 sed
1796 5368 2043 5421 melioris

444 5456 574 5511 facti
595 5455 729 5526 quia
755 5471 857 5526 per
884 5455 1184 5510 litteralem
1214 5456 1646 5525 intelligentiam
1674 5461 1732 5509 et
1757 5456 2044 5511 circumci-

2125 4657 2575 4728 repromissionis
2628 4662 2957 4711 meruerunt
3007 4657 3294 4728 accipere,
3356 4656 3405 4710 si
3465 4659 3717 4710 sexcenta

2128 4742 2304 4799 millia
2324 4761 2434 4799 non
2461 4744 2840 4811 crediderunt,
2872 4745 2969 4799 sed
2991 4745 3281 4815 perierunt
3313 4750 3545 4815 propter
3564 4755 3716 4796 suam

2123 4832 2602 4888 incredulitatem?
2618 4832 2883 4904 Nunquid
2899 4832 3261 4887 incredulitas
3281 4837 3335 4885 et
3350 4830 3592 4902 perditio
3607 4828 3720 4882 illo—

2126 4939 2251 4977 rum
2283 4923 2450 4975 tidem
2464 4921 2582 4986 Dei,
2603 4921 2660 4975 id
2678 4932 2765 4975 est
2782 4921 3275 4992 repromissionem
3296 4920 3398 4975 Dei
3410 4917 3718 4979 evacuavit,

2126 5017 2225 5065 aut
2251 5011 2478 5065 inanem
2507 5010 2639 5064 fecit
2662 5010 2811 5080 quod
2839 5010 2979 5064 dixit
3004 5010 3240 5064 Abrahae
3259 5027 3271 5061 :
3290 5009 3529 5062 Terram
3560 5007 3719 5060 istam

2126 5100 2224 5154 tibi
2256 5098 2400 5154 dabo
2424 5105 2483 5153 et
2507 5098 2707 5153 semini
2735 5099 2877 5153 tuo?
2921 5098 3073 5152 Nihil
3093 5099 3174 5152 eis
3194 5096 3406 5162 nocuit,
3449 5096 3586 5167 quia
3620 5091 3721 5163 ipsi

2125 5205 2238 5243 non
2262 5194 2395 5242 sunt
2420 5188 2677 5242 frustrati
2706 5187 3079 5258 promissione
3111 5186 3232 5240 Dei.
3266 5185 3445 5239 Aliter
3472 5203 3484 5238 :
3517 5184 3566 5237 si
3602 5182 3722 5253 qui-

2127 5277 2257 5331 dam
2285 5277 2509 5331 illorum
2552 5293 2663 5331 non
2694 5276 3070 5339 crediderunt,
3106 5275 3202 5329 sed
3234 5274 3441 5328 mortui
3486 5277 3621 5326 sunt
3669 5270 3724 5322 in

2125 5366 2366 5427 deserto,
2402 5364 2656 5436 nunquid
2702 5380 2852 5418 mors
2892 5365 3118 5418 illorum
3160 5362 3591 5434 promissionem
3635 5356 3726 5412 Dei

2124 5455 2351 5509 inanem
2370 5454 2519 5517 fecit,
2536 5469 2705 5524 quam
2722 5453 2983 5524 promisit
3001 5452 3259 5519 Abrahae,
3273 5452 3460 5506 dicens
3476 5448 3550 5503 de
3572 5446 3726 5502 Chri-
