3926 6164
262 272 343 330 385

891 270 1272 325 EXPOSITIO
1313 272 1390 326 IN
1430 271 1585 325 EPP.
1629 271 1685 325 S.
1730 269 1965 324 PAULI.
2012 299 2077 309 —
2118 269 2197 324 IN
2236 268 2459 324 EPIST.
2500 268 2597 323 AD
2638 267 2813 327 ROM.

3392 271 3496 329 386

259 403 329 451 sto
349 420 359 451 :
379 396 436 448 In
460 397 665 447 semine
688 399 783 447 tuo
815 395 1201 448 benedicentur
1229 411 1414 449 omnes
1442 400 1623 463 σε.ιὶιά
1653 394 1803 460 (0.12.
1826 392 1954 453 Aid
2004 398 2091 447 est
2134 356 2386 447 laudari.
2418 392 2725 463 Subjungit
2762 408 2896 462 ergo
2926 398 2984 447 et
3013 393 3151 448 dicit
3179 411 3191 447 :
3228 397 3501 466 Nunquid

260 482 415 553 xxv1)?
430 482 625 536 Nonne
655 482 785 554 quia
801 490 1199 537 remanserunt
1221 501 1285 538 ex
1306 484 1443 555 ipsis
1473 485 1542 538 de
1573 500 1811 555 quorum

257 572 484 644 progenie
513 572 868 641 postmodum
920 570 1177 625 Christus
1221 576 1387 627 natus
1436 578 1547 629 est.
1583 572 1764 626 Aliter
1799 590 1810 625 :

258 659 486 725 Quamvis
534 660 834 714 multitudo
875 660 1197 714 Judaeorum
1240 661 1297 715 in
1327 662 1568 715 adventu
1607 659 1815 716 Christi

257 765 349 802 non
373 746 678 812 crediderit,
710 754 903 802 tamen
923 765 1035 803 non
1054 754 1140 803 est
1164 756 1493 803 evacuatum
1522 749 1672 820 quod
1692 765 1817 819 pro-

258 837 456 891 missum
487 835 668 889 fuerat
696 836 904 890 David:
938 839 1011 891 De
1039 840 1231 905 [ructu
1260 841 1468 891 ventris
1498 842 1585 891 tui
1608 853 1815 907 ponam

253 941 393 994 super
418 925 588 977 sedem
612 930 767 979 tuam
792 928 957 994 (Psal.
989 930 1201 993 CXXXI),
1224 926 1355 997 quia
1379 943 1549 997 super
1577 926 1810 980 creden-

253 1020 323 1067 tes
355 1030 413 1067 ex
439 1012 644 1067 Judzeis
684 1014 873 1068 sedem
917 1014 1263 1085 principatus
1293 1015 1508 1086 accepit
1537 1015 1816 1070 Christus.

256 1100 345 1155 Sed
366 1116 534 1170 neque
563 1101 701 1155 illud
731 1106 1061 1156 evacuatum
1097 1107 1182 1156 est
1225 1102 1376 1173 quod
1414 1102 1674 1174 promisit
1720 1119 1820 1173 per

253 1189 521 1260 prophetas
554 1206 566 1241 :
596 1189 662 1245 Si
687 1192 861 1257 fuerit
887 1206 1157 1244 numerus
1180 1193 1431 1257 ﬁliorum
1461 1194 1634 1245 Israel
1657 1193 1821 1260 quasi

252 1294 401 1331 arena
426 1280 623 1342 maris,
649 1281 898 1346 reliquiae
923 1281 1065 1332 salvi
1099 1282 1249 1346 ﬁent.

309 1366 390 1419 Est
409 1371 592 1419 autem
612 1368 753 1420 Deus
775 1382 960 1432 verax,
980 1369 1160 1421 omnis
1174 1372 1360 1421 autem
1371 1368 1529 1421 homo
1558 1369 1816 1422 mendam.

250 1454 378 1507 Deus
406 1460 594 1506 autem
621 1469 784 1507 verax
806 1460 912 1517 est.
927 1456 1061 1525 quia
1087 1455 1234 1526 quod
1265 1455 1526 1526 promisit
1554 1455 1663 1509 illis
1684 1456 1820 1510 dare

246 1547 431 1595 terram
480 1542 937 1611 repromissionis
987 1560 1155 1614 opere
1196 1544 1512 1615 complevit.
1550 1544 1822 1599 Similiter

247 1630 374 1699 quod
408 1631 668 1700 promisit
701 1631 939 1687 Abrahae
984 1632 1053 1686 de
1091 1632 1314 1686 Christo
1342 1633 1494 1703 quod
1519 1633 1578 1686 in
1607 1633 1821 1687 semine

1896 484 2168 550 iniquitas
2199 487 2275 536 est
2301 484 2451 551 apud
2480 484 2651 536 Deum
2682 483 2781 549 qui
2808 482 2983 549 infert
3004 483 3251 549 iram,id
3279 490 3366 538 est
3384 485 3502 539 vin-

1896 570 2125 624 dictam.
2157 572 2225 625 Et
2258 577 2345 625 est
2372 587 2571 625 sensus
2610 587 2621 622 :
2655 570 2714 624 Si
2742 575 2934 623 nostra
2954 570 3224 641 iniquitas
3254 577 3310 626 et
3340 589 3501 628 men-

1896 658 2119 714 dacium
2171 660 2349 714 Deum
2398 658 2736 713 laudabilem
2788 658 2944 723 facit,
2973 664 3031 713 et
3067 660 3114 714 si
3145 667 3355 730 quanto
3384 678 3503 716 am-

1898 747 2044 818 plius
2073 764 2367 818 peccamus
2404 753 2562 802 tanto
2594 747 2644 800 ei
2678 747 2877 817 placet,
2921 752 2979 801 et
3016 764 3081 801 eo
3108 749 3350 820 amplius
3379 750 3500 821 ipse

1900 836 2052 889 solus
2079 837 2267 906 justus
2296 842 2353 890 et
2376 853 2542 891 verax
2570 841 2822 907 apparet,
2854 836 3109 906 nunquid
3142 837 3369 908 iniquus
3417 844 3503 893 est

1900 924 2049 979 Deus
2078 925 2369 979 inferendo
2401 925 2695 979 vindictam
2721 941 2820 995 pro
2841 924 3005 978 malis
3031 942 3156 996 quae
3185 912 3279 980 ille
3304 927 3421 981 vult
3436 932 3501 982 ut

1899 1013 2202 1079 faciamus;
2230 1014 2537 1067 secundum
2569 1013 2716 1084 quod
2741 1013 3061 1067 stultissimi
3085 1014 3282 1069 dicunt
3315 1033 3326 1068 :
3363 1015 3501 1070 Om-

1899 1101 2033 1155 nino
2072 1102 2119 1155 si
2149 1102 2242 1156 ille
2271 1102 2389 1156 vult
2426 1108 2488 1156 ut
2516 1118 2827 1172 peccemus,
2858 1102 3002 1156 sicut
3029 1102 3257 1174 quidam
3295 1104 3498 1160 stulto-

1900 1207 2029 1244 rum
2055 1190 2269 1253 dicunt,
2298 1190 2447 1261 quod
2476 1190 2631 1244 nefas
2648 1197 2731 1243 est
2754 1189 2985 1260 insuper
3002 1191 3247 1261 cogitare
3266 1193 3491 1263 quando

1901 1279 2176 1333 damnant
2218 1279 2502 1333 hominem
2531 1284 2883 1349 peccatorem
2918 1296 2929 1331 :
2964 1278 3191 1348 iniquus
3220 1286 3323 1344 est,
3360 1281 3496 1352 quia

1902 1367 2112 1437 injuste
2118 1366 2368 1437 judicat;
2397 1367 2583 1438 potius
2603 1368 2753 1421 enim
2778 1366 3009 1420 deberet
3029 1367 3188 1421 illum
3199 1368 3495 1435 honorare,

1902 1457 2063 1525 cujus
2088 1455 2353 1526 iniquitas
2381 1455 2539 1509 illum
2570 1454 2911 1509 laudabilem
2928 1454 3083 1508 facit.
3114 1455 3222 1510 Sed
3244 1456 3375 1527 quia
3393 1457 3501 1511 hoc

1903 1561 2095 1598 verum
2126 1561 2237 1599 non
2270 1550 2375 1611 est,
2408 1544 2600 1599 subdit
2628 1543 2930 1614 Apostolus
2963 1556 2975 1591 :

1972 1632 2288 1688 Secundum
2318 1633 2597 1686 hominem
2623 1634 2760 1694 dico,
2795 1631 2850 1685 id
2879 1636 2982 1697 est,
3011 1632 3317 1687 secundum
3339 1633 3502 1689 intel-

246 1718 351 1787 cjus
376 1717 765 1773 benedicendae
792 1719 977 1774 forent
1002 1737 1199 1774 omnes
1210 1727 1427 1791 gentes.
1450 1726 1508 1776 et
1526 1722 1674 1792 quod
1697 1731 1884 1792 pro-B
1902 1720 2193 1791 ligentiam
2224 1721 2464 1775 carnalis
2482 1720 2745 1785 hominis,
2764 1719 2861 1791 qui
2886 1721 2965 1774 nil
2987 1720 3117 1774 boni
3144 1722 3391 1792 cogitare
3413 1738 3504 1777 va-

246 1805 380 1859 misit
405 1805 590 1859 David
619 1806 689 1861 de
726 1805 914 1861 fructu
944 1807 1120 1862 lumbi
1162 1810 1285 1878 ejus
1310 1826 1601 1864 sessurum
1627 1826 1820 1880 regem

244 1909 393 1964 super
416 1894 609 1948 sedem
641 1896 798 1966 regni
822 1898 963 1965 ejus,
997 1902 1052 1950 et
1073 1913 1174 1967 per
1194 1897 1368 1951 alium
1395 1898 1729 1968 prophetam
1749 1900 1820 1953 de

245 1982 402 2036 salute
444 1983 815 2054 reliquiarum
843 1990 1026 2038 totum
1053 1985 1365 2056 complevit.
1400 1986 1597 2041 Omnis
1628 1992 1821 2060 autem

244 2070 391 2125 homo
415 2073 808 2127 contradicens
840 2072 1305 2143 promissionibus
1320 2074 1687 2141 Dei,mendax
1703 2082 1814 2143 est;

244 2159 315 2212 vel
337 2160 513 2214 omnis
554 2161 725 2216 homo
761 2160 820 2215 in
859 2167 1134 2232 quantum
1163 2179 1197 2215 a
1224 2163 1410 2234 seipso
1440 2168 1545 2231 est,
1580 2164 1821 2219 mendax

244 2252 347 2314 est;
377 2246 433 2300 in
464 2252 744 2318 quantum
773 2264 957 2311 verax,
988 2264 1023 2301 a
1054 2249 1180 2303 Deo.

300 2334 446 2389 Sicut
486 2338 765 2404 scriptum
788 2342 865 2389 est
896 2354 912 2389 :
944 2338 1004 2391 Ut
1022 2339 1349 2405 justiﬁceris
1388 2341 1453 2393 in
1478 2341 1822 2394 sermonibus

246 2425 358 2485 tuis,
406 2428 454 2476 et
498 2426 697 2477 vincas
737 2440 864 2477 cum
891 2427 1191 2492 judicaris.
1242 2426 1592 2493 Justiticeris,
1648 2427 1705 2481 id
1738 2433 1826 2481 est

239 2511 407 2578 justus
438 2511 786 2581 przediceris,
810 2517 867 2565 et
894 2512 1127 2566 veraxin
1152 2512 1263 2567 tuis
1286 2514 1753 2585 promissionibus
1767 2521 1826 2569 et

245 2615 389 2653 verax
411 2601 689 2672 explenda
713 2601 997 2666 illas,dum
1010 2601 1283 2671 judicaris
1303 2619 1336 2656 a
1354 2604 1591 2675 populis.
1623 2604 1821 2669 David,

242 2694 520 2759 postquam
577 2689 757 2743 factus
801 2694 887 2743 est
928 2689 1150 2744 adulter
1171 2697 1230 2744 et
1257 2691 1557 2759 homicida,
1590 2709 1823 2747 uxorem

242 2774 373 2830 Uriae
401 2777 749 2848 accipiendo,
778 2783 836 2831 et
852 2778 1011 2831 illum
1042 2778 1230 2848 gladio
1251 2779 1496 2834 ﬁliorum
1522 2782 1706 2835 Amon
1735 2781 1825 2835 in-

242 2864 842 2930 terﬁciendo,dicebant
860 2867 1024 2921 multi
1047 2884 1059 2918 :
1085 2867 1277 2921 Vacua
1293 2868 1570 2922 efﬁcietur
1582 2870 1826 2940 promis-

244 2952 314 3005 sio
332 2955 475 3007 omni
482 2955 735 3025 potentis
755 2956 876 3020 Dei,
891 2972 1012 3026 quae
1028 2955 1174 3009 facta
1186 2962 1273 3010 est
1282 2957 1352 3010 ad
1372 2956 1565 3021 David,
1589 2958 1737 3028 quod
1757 2970 1824 3012 ex

240 3041 435 3096 semine
446 3042 606 3098 illius
626 3048 776 3097 esset
797 3043 1055 3097 Christus
1070 3044 1547 3116 nasciturus,quia
1560 3061 1673 3099 non
1688 3062 1823 3099 con-

242 3131 380 3184 venit
405 3132 701 3187 Christum
732 3134 883 3187 nasci
915 3133 984 3188 de
1021 3134 1305 3188 homicida
1334 3141 1392 3189 et
1420 3135 1679 3189 adultero
1703 3135 1828 3199 ;sed

240 3216 422 3273 falsum
456 3221 572 3274 erit
594 3221 745 3291 quod
779 3221 885 3275 sibi
910 3222 1220 3292 pollicitum
1243 3222 1548 3277 asserebat.
1590 3223 1751 3287 Quod
1780 3223 1828 3277 si

243 3313 292 3360 et
318 3308 577 3363 Christus
597 3310 668 3363 de
682 3310 802 3380 ejus
822 3310 1036 3364 semine
1050 3310 1220 3365 fuerit
1239 3318 1426 3375 natus,
1449 3311 1528 3382 inj
1538 3317 1726 3366 ustum
1747 3316 1828 3366 at-

242 3410 338 3464 que
362 3396 665 3469 indignum
703 3399 813 3453 erit
848 3405 913 3453 ut
937 3399 1008 3453 de
1033 3400 1286 3454 maleﬁco
1311 3405 1370 3454 et
1396 3406 1686 3470 peccatore
1724 3400 1828 3455 ho-

242 3484 377 3538 mine
403 3487 688 3557 originem
719 3488 906 3542 ducat.
925 3486 1036 3553 Qui
1054 3505 1085 3542 e
1105 3490 1621 3543 contraconﬁtetur
1638 3506 1831 3560 pecca-

242 3577 349 3625 tum
377 3590 566 3641 suum,
591 3576 785 3630 dicens
800 3576 1125 3632 humiliter:
1158 3578 1279 3631 Tibi
1304 3580 1410 3631 soli
1427 3581 1665 3646 peccavi,
1697 3578 1830 3648 quia

242 3677 328 3714 rex
354 3679 498 3728 sum,
518 3669 571 3718 et
594 3667 811 3718 malum
832 3680 1018 3719 coram
1048 3670 1095 3718 te
1113 3667 1219 3733 feci
1248 3667 1415 3733 (Psal.
1450 3668 1523 3734 L),
1548 3672 1604 3721 et
1628 3667 1829 3737 depre-

243 3755 388 3803 catur
417 3760 483 3806 ut
519 3753 676 3807 Deus
703 3753 1137 3824 quodlpromisit
1177 3770 1345 3824 opere
1374 3756 1675 3826 compleat,
1704 3772 1833 3809 con-

240 3839 690 3912 tradicentesque
720 3842 1015 3895 mendaces
1055 3842 1329 3897 ostendat.
1365 3843 1547 3898 Aliter
1579 3861 1590 3894 :
1624 3844 1835 3899 Justiti-

242 3927 370 3982 ceris
404 3928 821 4000 indulgentiam
856 3932 1071 4001 peccati
1112 3931 1297 3985 dando
1344 3932 1416 3985 ad
1456 3938 1513 3986 te
1552 3932 1831 3987 conversis

241 4015 375 4070 sicut
398 4018 711 4089 promittis,
743 4024 800 4073 et
825 4019 1013 4074 vincas
1042 4019 1381 4074 remittendo
1426 4026 1655 4091 peccata
1695 4022 1831 4076 dum

239 4102 501 4171 judicaris
522 4123 644 4161 non
673 4123 834 4177 posse
861 4107 1163 4162 dimittere.

300 4191 361 4247 Si
382 4201 579 4250 autem
610 4198 885 4264 iniquitas
915 4201 1103 4250 nostra
1112 4200 1402 4265 justitiam
1437 4199 1536 4252 Dei
1555 4214 1831 4252 commen—

240 4281 344 4345 dat,
373 4286 514 4351 quid
542 4286 792 4337 dicemus
821 4290 845 4337 Ρ
882 4283 1064 4340 Erant
1104 4284 1329 4356 quidam
1377 4286 1565 4341 minus
1602 4286 1831 4357 perfecti

1900 1810 1998 1864 let.
2022 1809 2196 1864 Addis
2212 1810 2396 1865 adhuc
2415 1829 2426 1864 :
2444 1811 2615 1865 Absit.
2648 1810 2764 1862 Hoc
2776 1809 3128 1878 jungendum
3150 1810 3316 1864 estad
3330 1827 3501 1882 supe-

1901 1901 2070 1963 riora,
2100 1898 2195 1953 ubi
2228 1899 2367 1953 dixit
2396 1918 2408 1952 :
2445 1898 2711 1969 Nunquid
2742 1897 2970 1968 iniquus
3000 1903 3086 1951 est
3111 1898 3261 1953 Deus
3291 1900 3387 1969 qui
3417 1899 3504 1954 in-

1901 1988 2012 2042 fert
2036 1987 2381 2042 vindictam?
2426 1986 2611 2047 Absit,
2644 1985 2911 2040 subaudis
2959 1986 3065 2039 hoc
3106 1987 3256 2057 quod
3296 1988 3501 2059 aliquis

1900 2076 2148 2130 ﬁdelium
2178 2076 2388 2146 cogitet
2418 2093 2429 2127 :
2464 2075 2596 2146 quia
2616 2075 2765 2129 Deus
2791 2074 3019 2144 iniquus
3040 2073 3132 2140 sit,
3149 2081 3207 2129 et
3225 2075 3359 2146 quia
3376 2092 3505 2131 nos-

1901 2169 1993 2219 tra
2022 2165 2290 2235 iniquitas
2314 2164 2485 2220 faciat
2514 2164 2676 2217 illum
2704 2162 3063 2220 laudabilem.

1974 2255 2239 2321 Alioquin
2259 2254 2526 2321 quomodo
2534 2253 2815 2320 judicabit
2842 2252 2984 2305 Deus
3004 2252 3154 2305 hunc
3183 2253 3460 2308 mundum
3479 2260 3504 2309 Ρ

1905 2338 1972 2395 Id
2003 2346 2108 2402 est,
2130 2340 2179 2395 si
2208 2340 2359 2395 Deus
2383 2341 2488 2395 hoc
2510 2340 2630 2394 vult
2654 2345 2719 2395 ut
2747 2356 2849 2394 nos
2877 2339 3075 2409 injusti
3103 2341 3298 2407 simus,
3329 2357 3503 2412 quare

1899 2428 2176 2498 judicabit
2202 2429 2462 2483 homines
2484 2429 2581 2500 qui
2607 2428 2833 2499 quando
2855 2434 3088 2499 peccant
3112 2430 3162 2499 ej
3172 2446 3235 2484 us
3255 2431 3506 2486 volunta-

1905 2522 2020 2571 tem
2049 2517 2363 2589 adimplent
2391 2523 2450 2573 et
2480 2532 2722 2588 quorum
2756 2516 3027 2588 iniquitas
3056 2517 3217 2572 illum
3244 2519 3504 2575 laudabi-

1905 2607 2014 2659 lem
2045 2606 2203 2662 facit.

1975 2694 2041 2750 Si
2062 2698 2214 2749 enim
2238 2697 2443 2749 veritas
2468 2696 2567 2748 Dei
2587 2698 2649 2748 in
2667 2707 2788 2748 meo
2812 2695 3097 2747 mendacio
3114 2695 3421 2750 abundavit
3437 2700 3503 2752 in

1905 2785 2148 2851 gloriam
2180 2786 2373 2851 ipsius,
2398 2784 2534 2851 quid
2552 2784 2735 2837 adhuc
2764 2787 3034 2849 tanquam
3064 2786 3113 2835 et
3141 2798 3232 2850 ego
3252 2790 3504 2850 peccator

1898 2873 2127 2939 judicor
2158 2876 2182 2923 ξ’
2204 2870 2280 2925 Et
2306 2876 2391 2925 est
2419 2887 2617 2925 sensus
2652 2888 2664 2923 :
2700 2870 2759 2925 Si
2791 2870 2939 2924 Deus
2967 2869 3027 2924 in
3056 2885 3181 2924 meo
3210 2872 3502 2928 mendacio

1908 2975 2073 3013 verax
2100 2966 2354 3029 apparet,
2387 2961 2445 3013 et
2472 2961 2605 3014 dum
2635 2975 2738 3030 ego
2754 2958 2999 3012 mentior
3022 2958 3141 3029 ipse
3163 2959 3317 3013 solus
3339 2977 3503 3016 verus

1910 3064 2030 3102 esse
2059 3047 2414 3119 praedicatur,
2448 3065 2621 3120 quare
2649 3049 2884 3102 damnat
2925 3052 2983 3101 et
3004 3046 3225 3117 judicat
3251 3064 3338 3103 me
3366 3040 3506 3104 tan-

1911 3150 2080 3205 quam
2111 3141 2462 3206 peccatorem
2480 3137 2505 3189 ?
2543 3135 2677 3191 Haec
2717 3134 2888 3189 verba
2914 3150 3028 3189 non
3056 3135 3326 3191 dicuntur
3349 3137 3508 3192 afﬁr-

1910 3223 2137 3289 mando,
2164 3224 2262 3277 sed
2290 3224 2475 3294 potius
2504 3224 2865 3294 denegando;
2890 3240 2993 3277 nec
3012 3222 3179 3278 debet
3191 3225 3507 3297 hocaliquis

1911 3327 2012 3381 pro
2035 3311 2270 3366 veritate
2299 3313 2568 3383 accipere,
2593 3312 2743 3383 quod
2771 3312 2940 3376 Deus,
2972 3312 3069 3382 qui
3096 3314 3433 3368 naturaliter
3450 3320 3509 3369 et

1911 3400 2286 3455 essentialiter
2307 3402 2495 3471 justus
2537 3406 2640 3465 est,
2669 3401 2987 3455 misericors
3012 3407 3070 3455 et
3097 3418 3281 3470 verax,
3312 3409 3506 3459 nostro

1909 3494 2156 3559 peccato,
2188 3498 2383 3544 nostro
2413 3490 2708 3544 mendacio
2731 3495 2948 3543 crescat
2964 3489 3024 3543 in
3052 3489 3277 3545 laudem
3307 3497 3365 3546 et
3380 3493 3506 3562 jus-

1909 3576 2112 3637 titiam,
2146 3577 2280 3649 quia
2307 3594 2420 3631 non
2448 3578 2633 3648 placet
2660 3576 2711 3631 ei
2743 3577 3081 3648 quandoque
3117 3595 3414 3649 peccamus
3450 3586 3507 3635 et
3612 3630 3625 3639 .

1912 3665 2242 3720 mentimur.

1985 3753 2054 3807 Et
2076 3770 2188 3807 non
2202 3753 2571 3824 praedicamus
2582 3757 2723 3807 sicut
2747 3753 3219 3821 btasphemamur,
3235 3751 3508 3807 'subaudis

1913 3841 1984 3896 ab
2002 3841 2342 3908 infidelibus,
2366 3846 2413 3895 et
2440 3844 2583 3895 sicut
2609 3844 2795 3906 aiunt,
2813 3857 2915 3895 nos
2934 3840 3164 3911 quidam
3191 3841 3507 3896 inﬁdelium

1913 3930 2117 3996 dicere,
2148 3932 2423 3999 faciamus
2457 3932 2611 3983 mata
2663 3934 2724 3983 ut
2776 3932 3004 3983 veniant
3052 3931 3191 3983 bona
3215 3950 3232 3984 :
3265 3946 3508 3998 quorum

1912 4020 2202 4073 damnatio
2233 4022 2393 4087 justa
2431 4023 2526 4071 est.
2571 4016 2814 4080 Quidam
2841 4017 3182 4088 simplicium
3211 4018 3509 4090 minusque

1913 4106 2166 4177 perfecti,
2191 4106 2483 4161 audientes
2522 4104 2976 4176 praedicationem
3003 4105 3161 4159 Pauli
3189 4111 3247 4159 et
3268 4105 3510 4161 aliorum

1913 4195 2294 4266 apostolorum
2320 4211 2432 4266 qua
2458 4193 2719 4249 dicebant
2750 4210 2764 4249 :
2795 4194 2892 4248 Ubi
2919 4188 3223 4249 abundavit
3237 4197 3510 4264 iniquitas

1913 4286 2381 4353 superabundavit
2429 4286 2618 4351 gratia
2651 4287 2793 4354 (quae
2838 4282 3178 4337 sententiola
3217 4283 3277 4338 in
3313 4282 3512 4339 subse-

241 4369 328 4439 qui
357 4349 628 4427 dicebant
656 4372 782 4426 ideo
807 4373 946 4427 velle
972 4349 1151 4428 Deum
1189 4380 1253 4428 ut
1293 4391 1395 4429 nos
1420 4349 1735 4446 peccemus,
1768 4349 1898 4429 utD
1917 4349 2217 4444 quentibus
2256 4349 2586 4443 exponenda
2617 4349 2741 4433 est).
2780 4370 2876 4426 ubi
2915 4370 3234 4426 debuerunt
3259 4373 3511 4445 accipere

240 4456 350 4527 ipse
374 4460 530 4515 solus
557 4461 979 4532 comparatione
1001 4463 1177 4517 nostri
1185 4464 1372 4533 justus
1388 4469 1688 4534 appareret
1700 4464 1834 4521 dum

1916 4462 2156 4516 salutem
2169 4467 2228 4515 et
2246 4461 2437 4527 vitam,
2454 4459 2534 4515 ibi
2562 4466 2899 4532 acceperunt
2922 4460 3342 4515 damnationem
3363 4478 3375 4515 :
3399 4478 3514 4516 non

244 4554 528 4616 peccatum
558 4549 724 4604 nobis
753 4550 1144 4618 dimitteret,et
1162 4552 1293 4622 quia
1313 4552 1630 4606 misericors
1649 4553 1722 4607 sit
1743 4570 1839 4624 pa—
1919 4554 2070 4604 recte
2094 4549 2473 4620 intelligentes
2502 4548 2663 4613 illud,
2708 4547 2969 4602 dicebant
2996 4547 3145 4601 enim
3180 4566 3192 4600 z
3219 4548 3515 4603 Faciamus

245 4636 542 4693 telaceret:
578 4639 707 4695 ideo
737 4638 907 4693 etiam
929 4640 1068 4694 velle
1098 4656 1226 4694 eum
1251 4646 1315 4695 ut
1342 4657 1444 4695 nos
1471 4641 1834 4708 mentiamur,
1920 4639 2091 4704 mala,
2122 4639 2268 4694 sicut
2292 4637 2533 4709 apostoli
2557 4636 2735 4691 nostri
2777 4635 3102 4706 praedicant,
3135 4634 3269 4705 quia
3303 4639 3516 4705 quanto

249 4727 307 4777 ut
321 4723 438 4796 ipse
459 4728 622 4781 solus
641 4743 807 4781 verax
826 4728 1161 4783 inveniatur.
1195 4729 1354 4792 Quod
1382 4729 1430 4783 si
1458 4729 1538 4783 ita
1567 4735 1734 4797 esset,
1758 4730 1842 4784 in-
1924 4728 2168 4799 amplius
2198 4727 2417 4797 majora
2442 4726 2679 4780 crimina
2708 4723 3174 4788 commiserimus,
3208 4728 3368 4777 tanto
3392 4739 3519 4777 am-

247 4812 387 4880 juste
409 4816 823 4871 damnaremur
840 4816 911 4870 ab
929 4817 1025 4871 illo
1046 4817 1141 4887 qui
1167 4818 1315 4871 malo
1330 4822 1526 4872 nostro
1547 4824 1843 4886 cresceret,
1926 4816 2074 4888 plius
2092 4816 2311 4886 majora
2331 4815 2479 4869 bona
2498 4813 2868 4885 percipiemus
2888 4816 2942 4865 et
2953 4812 3226 4881 majorem
3244 4811 3516 4881 gloriam;

251 4916 606 4975 magnusque
624 4905 1021 4960 ﬁeret.Contra
1038 4905 1162 4959 illos
1182 4906 1323 4960 tales
1338 4906 1590 4977 loquitur
1612 4908 1848 4978 Aposto-
1929 4904 2061 4976 quia
2088 4904 2236 4959 Deus
2264 4904 2380 4958 vult
2397 4909 2463 4957 ut
2486 4917 2797 4974 peccemus,
2813 4905 2875 4954 ut
2900 4915 3001 4969 per
3027 4899 3133 4953 hoc
3144 4899 3353 4954 habeat
3372 4901 3525 4971 quod

252 4989 351 5056 lus,
381 5009 693 5063 personam
712 4993 873 5048 stulti
889 4993 1133 5048 hominis
1151 5010 1443 5050 assumens
1471 4994 1750 5066 simulque
1764 5012 1850 5050 sa—
1929 4994 2200 5057 dimittat,
2234 5008 2300 5046 ac
2326 5007 2426 5063 per
2453 4992 2557 5045 hoc
2580 4990 2769 5061 justus
2807 4994 2864 5042 et
2887 4987 3208 5043 misericors
3229 4995 3522 5060 appareat.

252 5078 471 5148 pientis,
514 5087 577 5136 et
604 5099 921 5153 perversam
953 5083 1178 5137 illorum
1207 5084 1544 5138 sententiam
1585 5084 1845 5139 destruit.
1934 5083 2145 5137 Contra
2166 5082 2310 5135 tales
2340 5078 2574 5150 protulit
2614 5077 2916 5148 Apostolus
2957 5077 3105 5131 hanc
3132 5079 3475 5133 sententiam
3511 5097 3525 5133 :

254 5167 329 5232 Si,
350 5169 562 5240 inquit,
598 5170 870 5241 iniquitas
896 5175 1090 5225 nostra
1113 5176 1170 5225 et
1199 5171 1555 5227 mendacium
1578 5173 1678 5226 Dei
1686 5173 1852 5243 justi-
1935 5171 2175 5236 Quidam
2204 5170 2398 5224 dicunt
2417 5168 2567 5239 quod
2590 5184 2694 5222 nos
2725 5166 2835 5221 ista
2861 5166 3113 5222 dicamus
3139 5184 3152 5235 ;
3184 5167 3283 5222 sed
3311 5184 3423 5223 non
3443 5184 3536 5223 su-

254 5252 384 5308 tiam
414 5263 475 5310 et
500 5260 864 5312 sanctitatem
893 5264 1062 5329 atque
1090 5259 1386 5314 veritatem
1415 5260 1851 5330 commendat,id
1933 5276 2060 5315 mus
2079 5260 2221 5313 tales
2250 5258 2443 5329 quales
2469 5256 2710 5311 dicimur
2739 5260 2796 5311 et
2828 5254 3307 5327 blasphemamur,
3349 5273 3533 5328 neque

258 5349 339 5397 est
381 5345 734 5400 laudabilem
763 5346 913 5413 facit,
936 5347 1071 5417 quid
1093 5347 1344 5402 dicemus
1367 5348 1392 5401 ’t
1424 5348 1852 5404 Commendatio
1937 5351 2200 5405 docemus
2225 5348 2321 5402 illa
2349 5364 2473 5419 quae
2501 5364 2604 5402 nos
2624 5347 2821 5402 dicunt
2848 5345 3049 5400 docere
3077 5365 3090 5414 ;
3116 5363 3357 5418 quorum
3382 5347 3539 5402 dam-

261 5429 561 5503 aliquando
584 5450 687 5504 pro
707 5435 873 5489 laude
906 5435 1153 5505 ponitur,
1169 5436 1308 5491 utin
1338 5437 1443 5491 hoc
1466 5437 1606 5493 loco.
1629 5438 1699 5492 Et
1723 5437 1859 5493 alibi
1938 5438 2094 5492 natio
2122 5442 2211 5492 est
2226 5438 2384 5507 justa
2410 5437 2459 5492 si
2482 5436 2563 5492 illi
2592 5437 2652 5491 in
2680 5435 2889 5490 talibus
2911 5436 3419 5507 permanserint,ut
3437 5452 3540 5508 per

261 5516 405 5576 idem
426 5522 739 5594 Apostolus
759 5523 877 5578 ait:
901 5524 1010 5593 Ego
1038 5525 1201 5580 debui
1223 5541 1260 5581 a
1284 5527 1432 5582 vobis
1457 5527 1856 5594 commendari,
1940 5526 2092 5582 mala
2112 5531 2342 5599 sperent
2365 5526 2616 5599 accipere
2643 5525 2789 5582 bona
2812 5530 2871 5581 et
2898 5524 3130 5598 insuper
3157 5525 3289 5598 quia
3308 5525 3538 5582 menda-
