3970 6150
500 174 601 282 391

929 226 1305 315 HAYMONlS
1343 214 1838 281 HALBERSTAT.‘
1875 223 2099 280 EPISC.
2142 223 2300 279 OPP.
2342 225 2526 280 PARS
2565 226 2609 280 Ι.
2653 257 2714 268 -—
2752 226 3122 283 COMMENT.
3165 229 3344 284 BlBL.

3643 234 3729 291 39?

579 351 880 417 Testi/icata
903 366 939 403 a
962 352 1069 418 lege
1098 355 1144 403 et
1162 350 1693 418 prophetisJustitia
1709 349 2087 421 baptismatis,
2109 350 2158 407 A
2178 355 2234 402 et
2255 351 2477 420 quando
2509 351 2656 405 vitiis
2684 358 2741 405 et
2770 351 2932 406 idolis
2962 352 3134 422 ccepit
3178 354 3398 408 servire.
3425 357 3542 411 Haec
3566 364 3729 414 autem

504 455 617 508 qua
631 438 1135 509 justiﬁcamur,per
1154 439 1333 509 legem
1357 438 1851 502 testiﬁcatur,dum
1874 437 2094 491 dicitur:

503 525 571 581 In
591 528 905 581 novissimis
920 526 1115 582 diebus
1135 527 1494 581 circumcidet
1510 527 1780 581 Dominus
1801 543 1896 580 cor
1914 532 2095 592 tuum,

392 648 409 657 ς
504 616 563 670 id
587 622 672 669 est
701 617 917 670 auferet
955 622 1182 687 peccata
1215 621 1353 682 tua;
1398 622 1455 669 et
1503 615 1835 685 justiﬁcabit
1889 620 1946 668 te
1999 631 2100 684 per

505 704 846 775 baptismum
872 707 1051 776 (Deut.
1086 710 1230 771 xxx).
1258 703 1615 758 Testiﬁcatur
1644 711 1701 756 et
1729 720 1828 774 per
1856 703 2096 774 prophe-

506 798 613 859 tas,
645 793 777 845 dum
809 793 1048 846 dicitur:
1082 794 1204 862 Ipse
1235 791 1563 862 iniquitates
1582 798 1803 845 nostras
1831 790 2094 862 portabit,

507 886 564 934 et
594 886 820 951 peccata
866 886 1059 934 nostra
1100 881 1220 951 ipse
1266 880 1428 934 tollet
1461 882 1596 950 (Isa.
1631 883 1769 949 Lm).
1805 881 1873 934 Et
1922 880 2055 935 alibi
2086 898 2096 931 :

505 970 1080 1037 E/fundamsupervos
1096 985 1303 1037 aquam
1326 971 1671 1033 mundam,et
1688 970 2105 1022 mundabimini

506 1058 575 1110 ab
589 1059 844 1111 omnibus
863 1060 1308 1125 inquinamentis
1329 1060 1527 1111 vestris
1545 1054 2106 1126 (Esech.xxxv1).Ipse

508 1162 729 1217 quoque
760 1146 1015 1200 Christus
1038 1146 1480 1216 justitia,nostra
1505 1145 1913 1212 testimonium,
1935 1144 2105 1199 habet

509 1251 543 1288 a
571 1236 693 1305 lege
725 1241 783 1290 et
805 1235 1113 1307 prophetis.

578 1362 811 1414 Justitia
827 1365 1010 1413 autem
1032 1362 1145 1425 [)ei,
1174 1358 1229 1412 id
1251 1364 1339 1413 est
1353 1358 1683 1428 justiﬁcatio
1706 1374 1817 1429 qua
1825 1358 2101 1428 justiﬁca-

509 1464 680 1502 mura
699 1447 813 1503 Deo
834 1463 1003 1518 super
1034 1463 1230 1502 omnes
1246 1447 1465 1502 Judeos
1485 1453 1543 1501 et
1558 1447 1797 1518 gentiles
1814 1446 2105 1501 credentes

510 1536 681 1590 venit.
712 1538 816 1590 Per
851 1537 1012 1604 ﬁdem
1039 1538 1165 1589 Jesu
1198 1537 1424 1603 Christi,
1463 1552 1575 1607 qua
1617 1535 1896 1589 credimus
1947 1535 2106 1590 illum

511 1623 715 1678 Filium
734 1624 835 1679 Dei
852 1640 976 1677 esse
998 1624 1198 1687 Patris,
1221 1624 1483 1695 reditque
1504 1640 1732 1678 causam
1750 1640 1923 1694 quare
1952 1623 2108 1677 dixe-

511 1714 588 1767 rit
607 1731 618 1765 :
638 1729 800 1782 super
811 1730 996 1767 omnes
1012 1718 1111 1781 qui
1125 1715 1355 1767 credunt
1371 1712 1653 1783 justitiam
1673 1713 1773 1766 Dei
1790 1718 2103 1777 venturam,

511 1818 638 1857 cum
681 1802 938 1873 protinus
994 1801 1219 1856 subdit:
1283 1804 1406 1855 Non
1455 1806 1531 1854 est
1582 1803 1881 1866 distinctio,
1909 1801 1967 1855 id
2022 1806 2109 1855 est

511 1890 670 1945 nulla
699 1895 785 1944 est
803 1890 1283 1944 diﬁ'erentiainter
1294 1889 1514 1944 Judzeos
1532 1894 1587 1943 et
1600 1890 1862 1959 gentiles,
1889 1889 2024 1960 quia
2045 1894 2110 1944 ut

511 1979 690 2034 Judaei
716 1984 1035 2050 peccatores
1055 1984 1189 2034 sunt
1207 1978 1434 2040 inventi,
1456 1977 1538 2031 ita
1554 1982 1612 2032 et
1648 1978 1907 2048 gentiles.
1949 1978 2108 2033 Unde

511 2069 769 2141 sequitur
787 2089 800 2124 :

586 2195 781 2250 Omnes
804 2197 954 2248 enim
976 2198 1335 2262 peccaverunt
1364 2198 1411 2247 et
1440 2196 1589 2259 egent
1612 2193 1795 2258 gloria
1818 2192 1914 2244 Dei
1922 2191 1999 2255 ,id
2025 2196 2111 2246 est

512 2282 867 2353 indulgentia
902 2287 960 2336 et
995 2282 1152 2336 venia
1185 2287 1538 2352 peccatorum
1593 2278 1847 2348 indigent
1892 2296 2107 2346 omnes,

513 2377 629 2427 tam
659 2372 838 2427 Judaei
868 2388 1035 2443 quam
1065 2371 1305 2441 gentiles
1334 2388 1345 2423 :
1399 2386 1500 2441 pro
1558 2384 1669 2438 qua
1709 2367 2109 2438 gloriﬁcandus

513 2467 599 2516 est
627 2462 796 2516 Deus.

486 2630 493 2637 ,
582 2572 883 2636 Justiﬁeati
894 2571 1072 2636 gratis
1084 2583 1186 2635 per
1197 2569 1441 2635 gratiam
1468 2566 1665 2632 ipsius:
1681 2582 1782 2636 per
1795 2567 2114 2633 redemptio-

516 2674 659 2718 nem,
686 2674 802 2725 qua:
832 2662 909 2710 est
926 2659 988 2710 in
1007 2657 1224 2710 Christo
1238 2656 1615 2711 Jesu.Cratias
1636 2657 1788 2722 dicit,
1808 2656 1866 2710 id
1887 2660 1973 2709 est
1992 2654 2113 2708 sine

514 2747 646 2801 ullis
676 2743 1118 2818 praecedentibus
1147 2744 1381 2798 meritis.
1418 2744 1587 2799 Verbi
1628 2746 1833 2815 gratia.
1881 2744 1988 2807 Qui
2041 2742 2111 2795 ad

513 2835 856 2906 baptismum
873 2832 1186 2894 venit,nihil
1201 2849 1446 2903 unquam
1472 2833 1600 2887 boni
1621 2832 2110 2903 fecit,baptizatur,

515 2925 820 2993 statimque
849 2921 1204 2987 iustiﬁcatur.
1249 2921 1388 2975 Ecce
1416 2922 1595 2991 gratis
1621 2921 1966 2992 justiﬁcatur
2011 2936 2113 2990 per

512 3011 776 3083 gratiam,
810 3010 867 3064 id
898 3016 983 3064 est
1014 3026 1116 3080 per
1135 3009 1364 3063 domum
1395 3009 1527 3063 Dei:
1556 3014 1613 3063 et
1642 3011 1746 3064 hoc
1772 3025 1870 3078 per
1898 3009 2111 3062 redem-

507 3103 756 3169 ptionem
786 3116 903 3167 quas
948 3104 1021 3152 est
1061 3101 1124 3152 in
1167 3098 1381 3151 Christo
1407 3100 1555 3161 Jcsu,
1586 3115 1700 3152 non
1744 3098 1802 3151 in
1850 3096 2112 3168 operibus

514 3188 673 3258 legis.
707 3187 1039 3257 Redemptio
1082 3191 1275 3239 nostra
1326 3202 1438 3255 qua
1493 3203 1689 3240 sumus
1729 3185 2025 3256 redempti,
2057 3190 2114 3239 et

516 3294 617 3348 per
628 3292 795 3348 quam
822 3275 1222 3346 justiﬁcamur,
1240 3272 1424 3344 passio
1445 3272 1653 3328 Christi
1674 3280 1762 3328 est
1774 3274 2113 3344 quaa.juncta

515 3362 1406 3436 baptismo,justiﬁcathominem
1429 3378 1530 3432 per
1562 3363 1729 3416 ﬁdem
1755 3379 1766 3414 :
1793 3367 2111 3432 etpostmo-

517 3455 650 3509 dum
677 3470 778 3525 per
798 3451 1208 3524 paenitentiam.
1234 3452 1319 3505 Ita
1336 3450 1485 3504 enim
1516 3450 1613 3504 illa
1632 3451 1743 3504 duo
1764 3456 1961 3504 mutuo
1979 3453 2113 3502 sunt

518 3544 839 3613 conjuncta,
866 3546 932 3594 ut
948 3556 1125 3594 unum
1138 3539 1260 3593 sine
1272 3539 1449 3593 altero
1474 3538 1760 3593 hominem
1792 3555 1906 3593 non
1930 3538 2113 3609 possit

515 3632 844 3704 justiﬁcare.
869 3630 1012 3682 Nam
1027 3644 1208 3699 neque
1223 3627 1361 3682 ﬁdes
1377 3627 1682 3682 Dominicaa
1698 3626 1974 3697 passionis
1991 3626 2112 3680 sine

520 3736 670 3791 aqua
696 3716 1050 3788 baptismatis
1088 3716 1374 3770 hominem
1425 3716 1679 3775 mundat.
1714 3715 1821 3769 nisi
1879 3715 2021 3769 forte
2055 3715 2111 3768 in

522 3806 796 3877 martyrio
817 3804 962 3875 quod
1020 3821 1122 3875 pro
1177 3803 1513 3874 baptismate
1565 3804 1877 3874 accipitur:
1932 3820 2115 3874 neque

522 3910 729 3967 aquam
751 3892 1015 3965 baptismi
1035 3893 1156 3948 sine
1176 3892 1286 3946 ﬁde
1305 3892 1608 3948 Dominicaa
1624 3892 1897 3964 passionis
1918 3892 2117 3963 puriﬁ-

521 4000 649 4040 care
682 3983 967 4038 hominem
995 3982 1160 4037 valet.
1186 3983 1508 4052 Jungantur
1531 3998 1664 4053 ergo
1716 3982 1886 4035 simul
1925 3981 2116 4051 sicque

523 4072 871 4145 praestabunt
889 4071 1190 4142 perfectam
1214 4071 1675 4141 redemptionem,
1698 4070 2116 4141 perfectamque

524 4161 970 4216 mundationem.
1001 4158 1201 4229 Itaque
1223 4174 1407 4228 neque
1429 4159 1674 4224 Judaeus,
1698 4173 1879 4227 neque.
1892 4157 2118 4226 gentilis

524 4251 642 4305 suis
687 4248 1029 4318 justiﬁcatur
1070 4246 1352 4317 operibus,
1374 4263 1501 4300 cum
1550 4251 1788 4315 uterque
1838 4246 1912 4299 sit
1974 4261 2120 4316 prae-

529 4338 804 4393 varicator
826 4351 940 4389 sua:
970 4334 1109 4404 legis
1142 4348 1153 4380 ε
1184 4334 1408 4388 Iudaeus
1462 4334 1715 4388 videlicet
1754 4335 2030 4389 naturalis
2060 4340 2118 4390 et

526 4427 775 4498 scriptae;
804 4422 1035 4494 gentilis
1069 4428 1257 4477 autem
1286 4423 1580 4477 naturalis.
1606 4423 1712 4477 Sed
1734 4423 2117 4493 redemptione

529 4530 643 4586 qua
670 4513 927 4568 Christus
964 4528 1066 4566 nos
1094 4511 1334 4565 redemit
1353 4527 1455 4564 suo
1491 4511 1767 4582 sanguine
1796 4516 1853 4565 et
1878 4511 1985 4564 ﬁde
2017 4529 2028 4563 :
2063 4515 2121 4565 et

530 4619 678 4675 aqua
720 4600 1092 4672 baptismatis,
1137 4616 1250 4671 qua
1288 4600 1525 4671 quisque
1562 4605 1817 4665 renatus,
1850 4600 1897 4654 si
1926 4600 2120 4654 statim

531 4692 756 4756 obierit,
785 4689 1097 4745 salvabitur
1127 4690 1186 4743 in
1214 4690 1327 4744 vita
1352 4707 1362 4742 :
1396 4689 1442 4744 si
1471 4696 1664 4745 autem
1696 4689 1910 4753 vixerit,
1954 4689 2120 4743 debet

531 4797 734 4837 ornare
774 4780 942 4834 ﬁdem
989 4778 1271 4849 operibus,
1319 4781 1457 4845 quia
1512 4779 1641 4845 ﬁdes
1686 4781 1804 4831 sine
1869 4779 2121 4845 operibus

531 4875 757 4924 mortua
781 4874 877 4922 est.
909 4867 1233 4922 Notandum
1260 4882 1388 4920 vero
1408 4866 1557 4936 quod
1586 4865 1724 4920 dicit
1758 4881 1859 4934 per
1905 4866 2121 4919 redem-

525 4960 773 5026 ptionem
800 4972 918 5024 qua:
935 4960 1010 5008 est
1039 4958 1102 5009 in
1127 4955 1349 5010 Christo
1378 4957 1525 5008 .Icsu.
1576 4954 1721 5007 Nam
1763 4969 1865 5024 per
1900 4954 2123 5008 redem-

536 5044 785 5116 ptionem
817 5043 1021 5113 captivi
1048 5042 1404 5096 redimuntur
1423 5041 1519 5113 qui
1548 5041 1618 5095 ab
1662 5041 1915 5096 hostibus
1944 5042 2126 5113 capti-

533 5136 763 5186 vantur.
794 5130 1083 5195 Quomodo
1111 5146 1245 5201 ergo
1274 5131 1443 5184 homo
1470 5130 1738 5202 captivari
1770 5131 1971 5201 potuit,
2001 5147 2127 5185 cum

535 5222 685 5275 Deus
703 5218 909 5289 ubique
934 5217 1045 5272 sit?
1067 5218 1175 5273 Sed
1191 5218 1504 5289 captivatus
1518 5225 1606 5273 est
1617 5219 1808 5274 animo
1832 5236 1867 5273 a
1883 5218 2127 5286 diabolo,

537 5308 761 5381 quando
782 5306 1004 5363 diabolo
1025 5324 1085 5363 se
1096 5306 1347 5362 subdidit
1363 5307 1779 5379 praevaricando
1799 5308 1982 5379 legem
2003 5307 2124 5375 Dei,

601 5463 630 5531 ί
652 5488 783 5546 Haec
805 5488 1122 5550 redundare
1152 5489 1425 5553 videntur.

2181 439 2472 509 captivitas
2513 440 2697 493 soluta
2726 448 2832 508 est,
2863 440 2994 494 dum
3025 441 3248 496 animus
3266 444 3333 496 ad
3360 444 3524 498 Deum
3567 448 3727 513 rediit,

2182 534 2239 581 et
2266 546 2325 581 se
2345 528 2653 590 inﬁrmum,
2688 529 2845 583 illum
2868 546 2996 582 vero
3030 530 3307 584 medicum
3334 530 3732 603 intelleximper-

2182 616 2436 686 tectaque
2483 617 2794 687 redemptio
2848 617 2908 670 in
2953 617 3221 672 effusione
3283 620 3503 688 sanguis
3554 620 3735 675 Christi

2183 704 2383 773 patuit.

2255 812 2422 877 Quem
2435 815 2721 879 proposuit
2739 814 2879 866 Deus
2898 813 3061 865 Pater
3070 815 3482 880 propitiatorem
3495 829 3586 881 per
3601 816 3739 879 ﬁdem

2184 901 2248 951 in
2262 902 2535 966 sanguine
2549 903 2655 967 ipsi
2660 899 2955 954 us.Filium
2968 916 3132 954 suum
3151 901 3440 971 proposuit
3448 899 3585 955 Deus
3597 902 3740 956 Pater

2185 986 2241 1041 id
2268 993 2355 1040 est
2377 987 2623 1041 decrevit
2648 994 2705 1042 et
2735 989 3030 1059 praeﬁnivit
3050 989 3471 1060 propitiatqrem
3496 996 3551 1044 et
3567 1007 3737 1045 recon-

2186 1076 2517 1141 ciliatorem,
2550 1083 2615 1131 ut
2637 1076 2755 1148 ipse
2782 1076 2943 1131 nobis
2983 1077 3285 1148 propitium
3333 1077 3535 1132 faceret
3584 1078 3742 1132 Deum

2186 1166 2409 1219 Patrem
2440 1170 2497 1219 et
2511 1165 2844 1236 placabilem
2871 1181 2972 1237 per
2992 1166 3158 1220 ﬁdem
3174 1167 3447 1238 passionis
3466 1168 3674 1232 suae,vel
3694 1166 3742 1220 in

2185 1258 2450 1324 promptu
2479 1259 2611 1307 ante
2640 1254 2829 1307 oculos
2860 1255 3113 1308 omnium
3144 1255 3348 1326 posuit,
3370 1261 3435 1310 ut
3456 1256 3742 1310 omnessal-

2185 1347 2343 1395 varet
2365 1342 2421 1394 in
2451 1358 2511 1395 se
2541 1341 2851 1406 credentes,
2886 1342 3018 1413 quia
3045 1343 3178 1396 dum
3202 1343 3259 1397 in
3299 1360 3427 1397 eum
3472 1343 3739 1409 credimus,

2191 1434 2250 1483 et
2277 1430 2398 1499 ejus
2422 1429 2755 1498 sanguinem
2780 1446 2881 1500 pro
2910 1429 3070 1484 nobis
3084 1431 3271 1485 fusum
3297 1431 3741 1497 conﬁtemur,sine

2190 1533 2299 1588 quo
2308 1517 2603 1586 justiﬁcari
2622 1533 2733 1571 non
2747 1533 3134 1588 possumus,ex
3148 1518 3369 1589 integro
3380 1518 3738 1588 justiﬁcamur.

2188 1607 2271 1659 Ad
2295 1608 2651 1660 ostensionem
2668 1610 2906 1674 justitiaa
2938 1624 3066 1670 suae,
3104 1607 3375 1662 subaudis
3400 1608 3470 1661 ab
3498 1608 3745 1661 inferiori-

2126 1655 2170 1713 Β
2189 1692 2386 1748 bus.In
2406 1694 2501 1746 hoc
2525 1655 2781 1762 tempore,
2810 1694 2867 1747 id
2888 1700 2973 1748 est
2991 1655 3370 1749 in'novissima
3390 1700 3567 1750 aetate.
3595 1694 3746 1749 Justi-

2187 1782 2270 1835 tia
2286 1782 2344 1835 in
2362 1782 2466 1836 hoc
2485 1782 2605 1836 loco
2620 1782 2827 1852 duplici
2840 1782 3006 1837 modo
3028 1788 3214 1854 potest
3232 1783 3471 1853 intelligi
3495 1801 3506 1835 :
3525 1783 3751 1836 videlicet

2188 1871 2275 1924 vel
2303 1870 2421 1942 ipse
2450 1870 2707 1924 Christus
2737 1870 2833 1941 qui
2857 1871 3132 1941 justiﬁcat
3159 1887 3281 1937 nos,
3303 1872 3392 1925 vel
3412 1871 3625 1941 justitia
3657 1886 3751 1942 qua

2185 1960 2460 2030 justiﬁcat
2488 1960 2636 2013 Deus
2666 1960 2835 2013 Pater
2890 1960 3181 2014 credentes
3222 1960 3278 2013 in
3335 1961 3537 2014 Filium
3589 1975 3747 2015 suum.

2191 2049 2450 2103 Ostendit
2467 2065 2601 2118 ergo
2621 2048 2917 2102 manifeste
2938 2048 3088 2102 Deus
3108 2049 3275 2102 Pater
3289 2049 3568 2119 justitiam
3592 2063 3749 2110 suam,

2190 2136 2247 2190 id
2281 2142 2367 2191 est
2393 2136 2597 2190 Filium
2627 2122 2811 2199 suum,
2846 2135 2931 2189 vel
2960 2136 3093 2206 quia
3121 2151 3223 2190 nos
3242 2136 3519 2206 justiﬁcat
3546 2135 3600 2189 in
3642 2135 3754 2188 etl'u-

2191 2225 2346 2280 sione
2392 2225 2683 2294 sanguinis
2713 2224 2813 2278 ﬁlii
2860 2223 2945 2278 sui
2977 2227 3041 2278 in
3078 2226 3173 2278 hoc
3218 2230 3478 2293 tempore,
3518 2224 3569 2277 id
3597 2229 3674 2277 est
3696 2221 3754 2276 ab

2192 2315 2433 2368 adventu
2457 2313 2606 2367 illius
2634 2329 2812 2383 usque
2846 2312 2904 2366 in
2955 2313 3122 2367 ﬁnem
3156 2313 3365 2377 saeculi,
3396 2313 3523 2384 quia
3550 2312 3647 2366 nisi
3672 2327 3755 2365 nos

2186 2403 2498 2473 justiﬁcare
2527 2402 2812 2466 voluisset,
2835 2402 2905 2455 ad
2938 2406 3175 2455 mortem
3220 2401 3425 2456 Filium
3475 2417 3630 2455 suum
3670 2415 3755 2470 pro

2191 2492 2352 2545 nobis
2375 2508 2487 2545 non
2507 2490 2850 2555 tradidisset,
2876 2490 2973 2560 qui
3005 2506 3117 2543 non
3147 2489 3355 2544 fecerat
3386 2490 3555 2543 ullum
3589 2504 3756 2559 pecca-

2192 2586 2335 2633 tum.
2361 2579 2657 2649 Proposuit
2686 2578 2856 2632 etiam
2887 2578 3049 2631 illum
3077 2578 3266 2632 venire
3288 2584 3346 2631 et
3399 2578 3515 2649 pati
3558 2579 3754 2645 propter

2195 2671 2572 2722 remissionem
2597 2668 3022 2735 praecedentium
3050 2668 3401 2730 delictorum,
3435 2666 3490 2719 id
3521 2672 3601 2720 est
3616 2663 3758 2733 origi-

2195 2757 2407 2810 nalium
2441 2773 2563 2826 qua":
2603 2772 2667 2809 ex
2692 2754 3019 2826 parentibus
3037 2754 3316 2808 trahimus
3357 2760 3649 2824 antequam
3676 2767 3759 2804 na-

2194 2862 2434 2909 scamur,
2466 2845 2552 2899 vel
2581 2844 2834 2898 omnium
2856 2850 3214 2913 peccatorum
3240 2859 3365 2924 quae
3388 2840 3760 2897 committimus

2127 2958 2175 3022 Ο
2194 2939 2325 2988 ante
2346 2932 2708 3004 baptismum.

2266 3041 2332 3094 In
2355 3042 2749 3093 sustentatione
2780 3038 2898 3104 Dei,
2932 3038 2991 3092 id
3050 3042 3136 3092 est
3191 3037 3259 3091 ad
3312 3036 3635 3108 patientiam
3676 3032 3760 3089 Dei

2196 3127 2698 3192 manifestandam,2
2729 3126 2861 3197 quia
2919 3142 3045 3180 cum
3094 3143 3391 3197 peccamus
3436 3143 3548 3180 non
3595 3124 3760 3178 statim

2194 3217 2496 3287 punimur;
2530 3216 2628 3270 sed
2653 3217 2776 3285 ejus
2816 3215 3092 3286 patientia
3119 3221 3290 3286 atque
3339 3212 3658 3269 suﬁ‘erentia
3702 3208 3762 3265 ad

2195 3305 2584 3376 paenitentiam
2614 3310 3019 3374 exspectamur.
3067 3304 3201 3367 Quae
3230 3303 3569 3358 sustentatio
3598 3299 3697 3354 nisi
3732 3313 3761 3350 a

2192 3394 2307 3447 Deo
2333 3400 2497 3457 esset,
2531 3394 2588 3446 in
2622 3393 2802 3463 primo
2835 3392 3061 3447 homine
3091 3392 3219 3446 ﬁnis
3249 3392 3543 3446 hominum
3572 3404 3664 3461 per
3682 3388 3760 3457 ju-

2192 3482 2400 3537 dicium
2422 3482 2642 3536 fuisset.

2264 3589 2348 3642 Ad
2377 3590 2982 3655 ostensionemjustitiw
3014 3603 3125 3641 sua
3145 3589 3206 3640 in
3239 3587 3336 3640 hoc
3367 3591 3617 3655 tempore,
3654 3579 3762 3636 sub-

2196 3676 2358 3730 audis
2386 3676 2707 3741 novissimo,
2732 3675 2783 3728 id
2817 3681 2904 3729 est
2930 3675 3001 3729 ad
3050 3675 3155 3728 hoc
3185 3674 3485 3746 praeﬁnivit
3521 3669 3762 3745 propitia-

2196 3769 2375 3818 torem
2402 3764 2524 3819 ﬁeri
2549 3763 2710 3818 nobis
2736 3764 2942 3817 Filium
2973 3779 3160 3829 suum,
3195 3769 3260 3817 ut
3294 3779 3458 3817 suam
3504 3759 3763 3833 justitiam

2199 3852 2520 3908 ostenderet
2541 3869 2643 3924 per
2669 3853 2849 3919 illum,
2875 3857 2931 3907 et
2956 3851 3400 3906 misericordiam
3433 3868 3545 3922 qua
3571 3865 3666 3903 nos
3687 3862 3767 3900 ex-

2198 3946 2417 4012 spectat
2435 3942 2505 3995 ad
2534 3941 2946 4012 puonitentiam.

2272 4052 2334 4105 Ut
2361 4054 2472 4119 ipse
2490 4052 2561 4104 sit
2580 4054 2790 4119 justus.
2844 4050 3039 4104 Justus
3087 4055 3173 4103 est
3211 4048 3305 4120 qui
3327 4064 3451 4119 quae
3494 4043 3765 4119 promittit.

2198 4139 2415 4194 tribuit.
2449 4138 2534 4192 Ita
2567 4145 2625 4194 et
2665 4140 2816 4194 Deus
2865 4140 3033 4193 Pater
3089 4139 3347 4209 promisit
3384 4137 3546 4192 nobis
3590 4132 3769 4189 Filium

2198 4245 2384 4293 suum,
2417 4235 2475 4282 et
2498 4228 2556 4281 in
2590 4244 2656 4281 eo
2680 4227 3140 4297 justiﬁcationem
3170 4245 3181 4280 :
3210 4227 3356 4298 quod
3387 4226 3584 4297 utique
3608 4222 3769 4277 adim-

2200 4317 2384 4386 plevit,
2419 4315 2649 4369 mittens
2670 4315 2828 4369 illum
2855 4315 2914 4369 in
2945 4315 3219 4370 mundum
3259 4331 3361 4386 per
3387 4307 3769 4368 incarnationis

2199 4406 2549 4477 mysterium,
2581 4406 2743 4475 cujus
2767 4405 3044 4475 passionis
3075 4405 3185 4459 ﬁde
3208 4394 3769 4475 justiﬁcamur,abluti

2199 4511 2348 4565 aqua
2358 4494 2730 4565 baptismatis.
2754 4493 2913 4548 Unde
2933 4494 3213 4563 sequitur:
3242 4494 3306 4546 Et
3321 4494 3643 4561 justiﬁcans
3660 4501 3769 4541 eum

2199 4586 2300 4651 qui
2324 4599 2390 4637 ea:
2414 4582 2522 4653 ﬁde
2549 4586 2623 4636 est
2646 4585 2774 4636 Jesu
2795 4583 3025 4645 Christi,
3051 4582 3161 4634 hoc
3180 4588 3266 4635 est
3291 4578 3599 4651 quemlibet
3616 4572 3773 4631 homi-

2201 4688 2330 4725 nem
2360 4671 2525 4724 ﬁdem
2556 4671 2688 4724 Jesu
2717 4670 2926 4724 Christi
2970 4669 3269 4723 habentem
3300 4688 3311 4723 :
3337 4685 3448 4723 non
3478 4674 3668 4721 tamen
3690 4676 3775 4733 per

2202 4776 2373 4830 opera
2399 4760 2539 4829 legis
2579 4758 2851 4829 justiﬁcat
2902 4758 3083 4824 illum,
3136 4758 3233 4812 sed
3288 4773 3389 4829 per
3441 4756 3611 4810 ﬁdem
3662 4753 3776 4807 Iesu

2204 4847 2706 4918 Christi,quoniam
2729 4846 2941 4918 absque
2952 4848 3073 4917 ejus
3095 4846 3204 4900 ﬁde
3224 4862 3338 4900 non
3362 4846 3614 4899 valemus
3626 4839 3777 4911 justi-

2204 4937 2379 4992 ﬁcari.

2285 5046 2383 5099 Ubi
2405 5059 2531 5111 ergo
2559 5047 2633 5096 est
2677 5044 2941 5109 gloriatio
2967 5046 3065 5096 tua
3092 5043 3370 5096 PEmclusa
3397 5044 3495 5094 est.
3546 5036 3782 5093 Judmum

2210 5132 2519 5204 alloquitur
2538 5136 2595 5185 et
2617 5130 3074 5200 conﬁrmat,quia
3084 5146 3197 5184 non
3222 5130 3365 5184 valet
3381 5129 3676 5200 quisquam
3696 5136 3783 5195 per

2170 5264 2177 5267 -
2210 5238 2380 5293 opera
2396 5220 2533 5291 legis
2557 5218 2874 5289 justiﬁcari.
2907 5219 2987 5272 Ac
3014 5218 3062 5272 si
3088 5219 3238 5273 dicat
3267 5238 3280 5271 :
3316 5217 3360 5273 Ο
3385 5217 3598 5279 Judme,
3627 5211 3784 5285 quiin

2210 5310 2325 5366 tuis
2344 5307 2607 5382 operibus
2622 5305 2904 5379 gloriaris,
2938 5305 3060 5362 vide
3083 5306 3517 5376 justiﬁcationes
3546 5304 3666 5359 sine
3690 5297 3784 5354 ﬁde
