3926 6164
221 302 300 360 393
869 288 1250 347 EXPOSITIO
1279 293 1357 347 IN
1387 292 1541 348 EPP.
1578 295 1635 349 S.
1668 293 1901 348 PAULI.
1936 324 2005 334 —
2034 293 2112 348 IN
2144 292 2366 348 EPIST.
2397 293 2493 348 AD
2528 293 2699 348 ROM.
3311 252 3417 363 394

218 426 295 483 Dei
310 438 409 479 esse
433 436 531 474 non
561 432 760 489 posse:
794 414 1016 480 Quare?
1047 415 1192 479 Quia
1220 417 1443 471 exclusa
1468 423 1526 471 et
1546 417 1739 489 procul
1756 419 1805 476 A
1825 417 2129 471 statuimus
2170 433 2273 471 nos
2318 423 2569 471 sanctam
2612 435 2750 478 esse.
2785 420 2917 491 quia
2943 438 2978 476 a
3005 422 3122 478 Deo
3149 425 3284 483 data
3310 437 3415 500 est,

219 514 391 584 objecta
421 513 496 563 est
518 506 607 560 lex
640 503 1065 576 justiﬁcationis
1106 504 1507 559 sacriﬁciorum
1550 506 1608 560 in
1632 521 1743 577 qua
1824 522 1949 576 quae
1973 504 2317 560 observanda
2358 506 2466 561 fuit
2484 508 2601 562 suis
2631 510 2999 580 temporibus,
3025 513 3124 568 sed
3158 515 3278 586 jam
3299 536 3422 575 ces-

216 596 503 675 gloriabaris.
534 597 636 650 Per
662 610 833 662 quam
866 595 1031 660 legem
1049 595 1266 646 exclusa
1284 599 1399 647 est?
1428 596 1746 665 Interrogat
1825 595 1967 649 savit
1994 594 2051 649 in
2081 595 2381 667 mysteriis,
2418 605 2609 651 manet
2646 604 2834 654 tamen
2875 600 2933 655 in
2966 607 3295 676 praeceptis;
3337 612 3424 667 vel

220 693 382 747 iterum
406 685 643 741 Judaeum
670 688 737 738 ut
765 680 1082 737 consideret
1110 698 1209 752 per
1235 698 1403 752 quam
1435 683 1617 754 legem
1648 700 1743 738 ex-
1826 683 2129 738 statuimus
2150 701 2273 738 eam
2297 701 2395 756 per
2417 685 2742 757 ﬁdem,quia
2759 689 3031 762 quidquid
3051 692 3149 748 illa
3167 698 3427 766 promisit

218 780 340 835 clusa
360 780 433 830 est
455 774 533 827 lex
565 772 624 826 in
668 787 778 843 qua
801 768 1172 841 gloriabatur.
1216 771 1537 842 lnterrogat
1573 772 1742 827 etiam
1829 772 1898 825 de
1923 771 2166 836 Christo,
2209 790 2312 826 nos
2341 776 2737 831 conﬁrmamus
2768 795 2960 834 verum
2999 787 3057 836 et
3084 786 3427 857 completum

219 869 379 924 adhuc.
407 864 680 918 Factorum
702 867 726 914 Ρ
751 859 809 914 id
830 865 919 914 est
946 859 1200 930 nunquid
1233 877 1333 931 per
1359 860 1540 931 legem
1572 862 1748 915 facto-
1831 877 1985 915 esse:
2012 867 2070 915 et
2096 862 2378 917 credimus
2400 863 2457 916 in
2478 863 2632 918 illum
2658 882 2823 935 quem
2856 868 2955 922 illa
2984 872 3430 941 promisit.Sicut

213 971 313 1012 rum
337 951 534 1008 exclusa
561 954 665 1013 est,
686 954 751 1001 ut
779 946 892 1001 alia
928 947 1016 1000 lex
1053 963 1154 1017 pro
1187 947 1312 1018 ipsa
1350 947 1482 1001 data
1507 948 1598 1015 sit,
1628 965 1751 1019 quae
1836 954 1921 1002 est
1950 948 2090 1003 illud
2129 972 2138 1003 :
2168 950 2505 1021 Prophetam
2528 953 2825 1008 suscitabit
2848 956 3001 1012 vobis
3025 959 3177 1016 Deus
3215 962 3285 1018 de
3313 964 3430 1021 fra-

217 1042 432 1101 similiter
461 1036 703 1092 moribus
724 1034 1040 1090 carnalibus
1079 1040 1319 1089 constat.
1361 1038 1504 1098 Non,
1538 1038 1630 1091 sed
1653 1052 1755 1105 per
1835 1034 2019 1091 tribus
2049 1037 2244 1091 vestris
2276 1039 2446 1101 (Deut.
2503 1055 2594 1094 ιλιι.
2632 1042 2699 1095 Et
2746 1042 2951 1099 iterum
2991 1064 3004 1099 :
3058 1050 3183 1103 Non
3222 1053 3431 1121 deﬁciet

218 1137 349 1201 legem
373 1130 503 1197 ﬁdei,
531 1126 589 1180 id
614 1131 701 1180 est
723 1140 834 1179 non
863 1140 964 1196 per
994 1123 1176 1193 legem
1222 1123 1496 1181 factorum
1532 1126 1755 1180 exclusa
1831 1127 2089 1193 princeps
2118 1143 2183 1179 es:
2205 1128 2351 1180 Juda
2378 1128 2546 1181 donec
2566 1133 2749 1183 veniat
2788 1136 2890 1199 qui
2920 1138 3223 1193 mittendus
3251 1146 3346 1204 est,
3383 1147 3433 1197 et

217 1227 297 1286 est,
333 1218 416 1273 sed
443 1231 536 1287 per
580 1215 767 1283 legem
796 1212 926 1267 ﬁdei
968 1219 1025 1267 et
1055 1212 1272 1267 Novum
1309 1214 1754 1268 Testamentum.
1840 1215 1951 1280 ipse
1992 1216 2097 1266 erit
2127 1218 2451 1282 exspectatio
2483 1220 2733 1283 gentium
2776 1220 2931 1289 (Gen.
2973 1231 3142 1293 XLIX),
3176 1227 3232 1282 in
3266 1246 3433 1301 quem

215 1307 461 1378 Simulque
486 1303 792 1358 notandum
844 1300 1111 1373 quoniam
1156 1318 1267 1356 non
1301 1300 1462 1372 jubet
1510 1303 1657 1357 Deus
1694 1308 1761 1356 ut
1843 1301 2007 1355 modo
2031 1307 2231 1372 gentes
2249 1303 2502 1361 credunt.

214 1396 468 1453 carnaliter
502 1391 992 1455 circumcidamur,
1023 1390 1121 1445 sed
1155 1396 1218 1445 ut
1240 1391 1350 1445 ﬁde
1379 1397 1531 1446 recta
1581 1390 1758 1463 bapti-
2456 1393 2691 1449 CAPUT
2718 1394 2815 1455 IV.

213 1502 384 1551 zemur,
405 1482 492 1539 ubi
516 1482 696 1554 gratis
713 1486 917 1536 cuncta
930 1479 1295 1534 dimittuntur
1324 1486 1571 1551 peccata.
1614 1481 1760 1536 Dum
1916 1478 2063 1545 Quid
2088 1479 2330 1535 dicemus
2359 1498 2486 1549 ergo
2517 1487 2573 1536 in
2584 1489 2788 1539 venisse
2811 1486 3097 1545 Abraham
3114 1498 3332 1561 putrem
3350 1512 3444 1550 no.

214 1574 333 1628 enim
383 1571 514 1627 dixit
561 1589 573 1624 :
639 1572 1023 1625 Paenitentiam
1073 1571 1236 1637 agile,
1291 1569 1761 1638 appropinquabit
1842 1570 2024 1621 strum
2046 1570 2699 1627 secundumcarnem:id
2722 1580 2806 1629 est
2828 1577 2961 1646 quid
2982 1578 3111 1634 boni
3132 1584 3448 1652 promeruit

214 1665 334 1717 enim
353 1676 571 1730 regnum
594 1662 855 1715 certorum
879 1658 1194 1732 (Mutilum)
1212 1703 1225 1714 .
1254 1658 1381 1712 Non
1398 1658 1509 1712 ait:
1531 1657 1762 1712 Servate
1843 1654 2125 1710 Abraham
2159 1664 2390 1730 propter
2417 1660 2899 1719 circumcisionem
2921 1671 3201 1724 carnalem
3223 1670 3247 1724 ‘.’
3266 1672 3440 1729 Nihil.

211 1752 360 1822 legem
385 1748 699 1805 carnaliter.
1781 1732 1827 1792 B
1847 1740 1985 1804 Quia
2008 1744 2247 1798 necdum
2278 1751 2396 1799 erat
2427 1746 2792 1803 circumcisus
2822 1754 3047 1821 quando
3069 1756 3280 1825 placuit
3308 1759 3443 1828 Deo,

267 1840 620 1900 Arbitrantur,
646 1838 701 1892 id
722 1842 810 1892 est
816 1835 1466 1909 judicamus,deﬁnimus
1482 1836 1597 1891 sive
1612 1837 1765 1891 testi-
1848 1838 1902 1884 et
1926 1831 2123 1886 audire
2151 1834 2360 1888 mel'Uit
2384 1849 2398 1887 ε
2432 1836 2530 1890 Eli
2559 1836 2629 1890 ἀί)
2658 1843 2811 1892 terra
2847 1847 2966 1906 tua:
2988 1849 3046 1897 et
3072 1844 3274 1901 Γυοίεω
3306 1853 3364 1902 te
3391 1848 3451 1904 ίῐι

210 1930 425 1994 ﬁcamur,
442 1929 753 1997 justiﬁcari
794 1927 1072 1981 hominem
1106 1941 1207 1994 per
1248 1927 1409 1993 ﬁdem
1444 1927 1673 1989 Christi,
1703 1925 1763 1980 in
1846 1925 2071 1989 gentem
2116 1937 2380 1992 magnam
2415 1924 2561 1991 (Gen.
2596 1936 2717 1993 xu),
2751 1933 2807 1981 et
2835 1930 2983 2000 quod
3015 1933 3194 2004 magis
3230 1934 3340 1990 fuit
3380 1936 3453 1993 de

211 2016 528 2088 baptismate,
549 2020 671 2069 sine
686 2015 942 2084 operibus
965 2012 1183 2082 legis,id
1210 2013 1434 2068 estsine
1448 2012 1768 2068 carnalibus
1849 2007 2072 2063 Christo
2098 2026 2108 2060 :
2154 2012 2222 2064 In.
2252 2015 2461 2066 semine
2494 2020 2586 2067 tuo
2631 2017 3020 2072 benedicentur
3050 2038 3236 2078 omnes
3262 2030 3450 2092 gentes

210 2102 672 2159 observationibus.
706 2102 984 2157 Arbitrari
1029 2108 1115 2156 est
1152 2101 1377 2174 proprie
1401 2101 1657 2172 judicare
1685 2099 1772 2155 vel
1857 2097 2007 2166 (Gen.
2026 2099 2185 2167 xm).

211 2192 482 2246 testiﬁcari.
513 2192 677 2246 Unde
714 2190 913 2245 arbitri
942 2191 1210 2245 dicuntur
1232 2190 1452 2261 judices
1490 2196 1547 2245 et
1575 2195 1769 2245 testes.
1926 2186 1990 2241 Si
2010 2189 2161 2240 enim
2189 2188 2473 2243 Abraham
2498 2206 2563 2243 es:
2590 2193 2841 2258 Operibus
2857 2197 3203 2263 justiﬁcatus
3220 2204 3315 2267 est,
3349 2202 3455 2256 ha-

209 2280 402 2337 Duobus
429 2280 610 2336 modis
637 2280 985 2351 justiﬁcatur
1015 2279 1182 2333 homo
1212 2295 1313 2350 per
1344 2279 1508 2333 ﬁdem
1541 2278 1771 2334 Christi.
1860 2274 2311 2342 betgtorz’am,sed
2337 2293 2449 2331 non
2475 2280 2624 2347 apud
2650 2281 2838 2334 Deum.
2862 2281 3102 2347 Quidam
3126 2287 3343 2343 codices
3362 2289 3461 2345 ha-

211 2369 350 2425 Verbi
390 2370 590 2441 gratia.
649 2369 708 2423 Si
762 2368 935 2423 fuerit
980 2367 1103 2421 sine
1137 2366 1403 2438 operibus
1448 2367 1609 2422 bonis
1646 2373 1778 2422 ante
1858 2361 1994 2417 bent
2029 2381 2094 2418 ea:
2112 2368 2364 2433 operibus
2393 2369 2545 2435 legis,
2575 2369 2674 2422 sed
2706 2370 2846 2426 false
2882 2373 3151 2444 scriptum
3184 2384 3289 2432 est.
3332 2380 3458 2436 Non

212 2456 515 2530 baptismum
546 2478 559 2513 :
607 2458 670 2513 in
712 2457 835 2530 ipso
876 2456 1215 2528 baptismate
1253 2457 1619 2526 justiﬁcatur,
1680 2462 1781 2511 aut
1861 2452 2011 2506 enim
2060 2453 2148 2507 lex
2176 2454 2360 2509 adhuc
2389 2455 2522 2511 data
2547 2463 2688 2521 erat,
2720 2459 2829 2513 nisi
2857 2461 3000 2515 forte
3024 2463 3103 2517 ita
3140 2465 3216 2520 sit
3243 2467 3458 2523 intelli-

210 2549 351 2602 etiam
379 2555 500 2620 post
518 2548 869 2621 baptismum
892 2547 1013 2602 sine
1035 2546 1175 2616 legis
1196 2545 1459 2617 Operibus
1482 2564 1494 2599 :
1521 2563 1643 2617 quae
1656 2549 1776 2617 jam
1860 2542 2105 2611 gendum
2136 2549 2199 2597 ut
2228 2544 2467 2609 dicatur,
2486 2562 2553 2600 ex
2569 2547 2831 2618 operibus
2854 2549 2994 2620 legis
3014 2557 3208 2623 postea
3223 2556 3464 2613 dutieEt

209 2653 299 2692 non
325 2643 450 2693 sum
469 2636 840 2699 observanda,
870 2637 1059 2707 justus
1078 2633 1337 2701 habetur,
1358 2635 1405 2688 si
1425 2642 1615 2689 tamen
1636 2653 1781 2707 prac-
1865 2636 1951 2684 est
1978 2647 2177 2686 sensus
2213 2650 2225 2685 :
2259 2632 2315 2687 Si
2346 2633 2629 2688 Abraham
2673 2652 2737 2690 ex
2770 2638 3034 2708 operibus
3052 2641 3171 2695 suis
3188 2644 3462 2712 justiﬁca-

208 2733 344 2798 cepta
367 2727 553 2782 divina
581 2725 937 2781 custodierit.
973 2724 1181 2779 Judacis
1211 2723 1585 2795 gloriantibus
1612 2732 1666 2778 et
1695 2725 1779 2778 di-
1864 2724 1956 2774 tus
1984 2721 2105 2775 sine
2129 2722 2239 2775 ﬁde
2261 2732 2318 2775 οε
2346 2722 2465 2777 Sine
2491 2725 2679 2794 gratia
2709 2726 2805 2780 Dei
2839 2743 2898 2781 se
2928 2730 3321 2798 Ρνωνθηίθηίθν
3356 2734 3460 2788 ha‘

208 2815 448 2883 rentibus,
464 2817 616 2871 Deus
633 2831 800 2869 verus
821 2820 877 2868 et
894 2829 1039 2867 unus
1059 2813 1379 2868 Judazorum
1402 2818 1621 2867 tantum
1638 2814 1784 2868 Deus
1865 2807 1961 2863 bet
1990 2808 2213 2880 quidem
2236 2810 2476 2880 gloriam
2506 2821 2563 2866 et
2590 2814 2813 2868 laudem
2844 2816 2992 2886 apud
3019 2834 3080 2871 se
3110 2818 3165 2873 in
3201 2823 3464 2890 praesenti

209 2909 292 2971 est,
320 2904 513 2976 quibus
543 2903 708 2958 dedit
736 2903 938 2974 legem,
981 2907 1038 2957 et
1066 2901 1270 2973 quibus
1300 2901 1507 2956 dicitur
1538 2920 1550 2955 :
1610 2903 1783 2957 Notus
1866 2904 1924 2952 et
1947 2898 2096 2968 apud
2125 2898 2401 2965 homines,
2432 2917 2499 2954 eo
2529 2902 2678 2972 quod
2705 2904 2895 2973 justus
2941 2905 3110 2962 fuerit
3139 2908 3281 2979 ipse,
3311 2910 3465 2982 apud

213 2996 260 3047 in
283 2995 457 3049 Judza
480 2994 649 3059 Deus,
685 2993 764 3046 ait
786 2991 1106 3063 Apostolus.
1802 3046 1842 3066 Α
1866 2986 2043 3041 Deum
2076 3003 2204 3040 vero
2234 3003 2347 3042 non
2375 2995 2461 3043 est
2493 2989 2792 3047 laudabilis
2823 3010 3005 3066 neque
3049 2996 3157 3050 erit
3184 2998 3466 3058 futurum.

736 3046 877 3137 Deiis
927 3086 1149 3134 tantum
1187 3098 1202 3133 :
1235 3080 1429 3134 Nonne
1457 3083 1505 3132 et
1533 3046 1843 3147 gentiumc
1866 3073 2052 3138 Quare
2073 3075 2098 3127 Ἰ
2129 3074 2274 3140 Quia
2302 3080 2422 3132 sine
2466 3079 2572 3146 ﬁde
2617 3046 3331 3154 impossibiieﬂcsl—

208 3170 337 3226 Deus
364 3177 465 3237 est,
488 3172 545 3226 id
568 3181 667 3227 est
694 3168 946 3241 nunquid
979 3168 1201 3223 Iudaeos
1220 3169 1368 3223 solos
1384 3167 1614 3232 creavit,
1633 3171 1697 3220 ut
1715 3165 1785 3219 de
1872 3165 2053 3232 (Hebr.
2084 3168 2184 3233 xl).
2227 3164 2294 3220 In
2338 3183 2400 3221 se
2451 3183 2585 3238 ergo
2613 3175 2671 3222 et
2702 3171 2850 3241 apud
2896 3172 3153 3229 homines
3181 3175 3472 3237 habuisset

206 3258 299 3315 illis
321 3260 721 3317 tantummodo
758 3274 950 3313 curam
988 3257 1188 3328 gerat?
1216 3259 1332 3311 [mo
1362 3262 1411 3310 et
1436 3252 1784 3323 gentium,id
1868 3252 2152 3309 Abraham
2180 3255 2420 3326 gloriam
2452 3262 2509 3311 et
2546 3258 2771 3313 laudem
2815 3277 2918 3332 pro
2960 3262 3080 3318 suis
3108 3264 3392 3336 operibus,
3422 3267 3474 3323 si

209 3355 279 3403 est
298 3350 468 3404 multo
508 3349 703 3420 magis
728 3347 979 3418 gentium
1008 3346 1158 3400 Deus
1206 3351 1308 3411 est,
1353 3344 1610 3399 videlicet
1654 3343 1787 3415 quia
1863 3342 2209 3413 justiﬁcatus
2241 3344 2439 3400 fuisset
2466 3345 2588 3401 sine
2614 3347 2725 3402 ﬁde
2748 3349 2867 3404 suis
2898 3352 3179 3422 operibus,
3210 3356 3356 3410 sicut
3374 3356 3470 3413 ille

204 3438 343 3492 multi
369 3439 739 3493 crediderunt
769 3437 904 3500 Deo,
936 3440 994 3489 et
1023 3434 1358 3506 placuerunt
1391 3448 1457 3487 ex
1483 3432 1788 3504 gentilibus
1870 3431 2180 3503 pharisaeus
2207 3433 2576 3504 gloriabatur,
2609 3436 2851 3507 quicum
2897 3440 3197 3510 publicano
3218 3444 3277 3498 in
3321 3451 3469 3500 tem-

207 3532 480 3598 antequam
510 3526 710 3582 Judaei
759 3525 817 3579 in
847 3524 1131 3579 Abraham
1168 3522 1408 3577 fuissent
1435 3521 1596 3577 electi
1638 3526 1695 3575 et
1730 3521 1788 3576 in
1871 3520 2026 3590 plum
2056 3522 2405 3576 ascenderat.
2458 3523 2591 3578 Fuit
2637 3541 2777 3596 opus
2818 3526 3056 3585 Abrahae
3095 3530 3466 3589 circumcisio.

202 3622 388 3672 sortem
416 3616 522 3671 Dei
552 3613 862 3684 assumpti,
896 3613 1042 3668 sicut
1063 3612 1221 3678 Abel,
1249 3612 1392 3669 Noe.
1424 3613 1574 3677 Sem,
1605 3609 1709 3666 Job
1734 3616 1789 3664 et
1876 3609 2005 3664 Fuit
2025 3610 2220 3682 utique
2251 3610 2320 3665 ob
2337 3612 2561 3681 signum
2586 3630 2802 3684 magna;
2824 3615 2953 3670 ﬁdei
2969 3634 3113 3685 suae;
3145 3619 3244 3674 sed
3276 3626 3466 3678 tamen

206 3704 348 3759 amici
370 3705 742 3777 ejus,aliique
763 3719 929 3775 quam
953 3703 1143 3773 plures
1168 3717 1308 3772 quos
1329 3700 1621 3771 Scriptura
1636 3716 1789 3753 com-
1873 3704 2174 3770 antequam
2208 3699 2723 3767 circumciderctur,
2764 3710 2896 3758 ante
2922 3721 2956 3759 a
2980 3706 3097 3760 Deo
3125 3707 3335 3765 electus
3362 3723 3468 3777 est,

203 3801 475 3860 memorat,
506 3795 599 3849 vel
631 3809 780 3865 quos
816 3791 985 3847 etiam
1012 3790 1226 3857 reticet,
1255 3790 1369 3845 sive
1398 3789 1457 3844 in
1479 3790 1585 3842 hoc
1616 3789 1791 3843 multo
1873 3787 2112 3858 ideoque
2141 3805 2254 3842 non
2286 3805 2350 3843 ex
2379 3789 2638 3860 operibus
2655 3791 3002 3860 justiﬁcatus
3030 3802 3134 3862 est,
3158 3798 3258 3853 sed
3286 3816 3386 3870 per
3410 3803 3473 3856 ﬁ-

205 3884 363 3953 magis
389 3885 539 3939 Deus
558 3883 828 3955 gentium
850 3886 955 3944 est,
984 3879 1249 3951 quoniam
1281 3878 1651 3948 multaplures
1675 3893 1791 3931 cre-
1872 3876 2018 3930 dem.
2049 3875 2209 3931 Unde
2238 3875 2523 3947 Scriptura
2556 3894 2665 3932 non
2694 3890 3099 3938 commemorat
3131 3902 3302 3959 opera
3324 3890 3468 3961 ejus,

202 3972 325 4027 dunt
357 3973 415 4029 in
462 3989 599 4028 eum
654 3988 726 4026 ex
764 3969 1027 4042 gentibus
1056 3986 1226 4041 quam
1264 3984 1329 4022 ex
1375 3966 1603 4022 Judmis.
1643 3967 1790 4021 Nam
1873 3965 1967 4019 sed
2006 3965 2195 4018 ﬁdem.
2226 3964 2497 4036 Sequitur
2532 3983 2545 4019 :
3342 4002 3345 4007 λ

203 4062 329 4130 quod
374 4063 494 4136 ipse
553 4061 637 4117 sit
693 4060 848 4115 Deus
874 4058 1129 4131 gentium
1159 4057 1432 4113 Jeremias
1472 4055 1795 4110 manifestat
1947 4056 2089 4122 Quid
2106 4054 2401 4122 Scriptura
2415 4056 2546 4109 dicit
2568 4061 2591 4108 Ρ
2612 4058 2856 4112 Credidit
2880 4061 3162 4118 Abraham
3181 4066 3305 4127 Deo,
3335 4066 3471 4123 obe-

201 4148 399 4207 dicens:
422 4154 563 4221 Quis
594 4167 717 4206 non
743 4150 954 4204 timebit
984 4153 1049 4215 te,
1086 4149 1243 4204 alter
1260 4149 1512 4215 gentium
1535 4151 1558 4198 Ρ
1578 4146 1793 4214 (Jer.x.)
1875 4143 2034 4197 diens
2058 4143 2350 4214 praeceptis
2392 4142 2564 4205 illius.
2598 4145 2732 4216 quia
2780 4147 2950 4204 exivit
2992 4150 3062 4205 de
3092 4158 3240 4208 terra
3269 4171 3392 4224 sua,
3416 4164 3474 4213 et

260 4238 526 4307 Quban
552 4242 793 4312 quidem
823 4255 972 4293 unus
1000 4239 1141 4292 ρεαδ
1162 4242 1237 4290 εει
1262 4237 1363 4305 qui
1379 4237 1655 4304 justi/ient
1686 4237 1793 4289 cir-
1876 4232 1946 4287 de
1978 4231 2348 4304 promissione
2377 4229 2538 4286 Isaac
2586 4239 2644 4288 et
2675 4234 2883 4291 Christi
2932 4240 3172 4296 credidit
3219 4244 3368 4314 quod
3421 4246 3475 4302 ei

199 4332 569 4387 cumcisionem
604 4348 679 4386 ea:
701 4331 807 4398 [ide
836 4332 896 4383 et
912 4343 1025 4382 non
1046 4343 1113 4381 ex
1142 4324 1407 4398 operibus
1438 4329 1680 4391 vocatos,
1714 4322 1794 4377 vi-
1814 4360 1862 4418 Β
1880 4321 2020 4405 dixit
2052 4321 2201 4375 Deus
2231 4346 2241 4374 .
2268 4322 2333 4376 In
2361 4324 2567 4376 semine
2598 4326 2690 4377 tuo
2720 4325 3108 4384 benedicentur
3134 4347 3320 4387 omnes
3345 4350 3481 4402 gen-

199 4417 378 4474 delicet
403 4437 470 4475 ex
509 4419 738 4475 Judmis
768 4417 863 4490 qui
890 4414 1203 4472 circumcisi
1251 4413 1627 4487 appellantur,
1663 4429 1798 4486 pro-
1816 4409 1857 4418 ”
1883 4417 1975 4466 tes.
2012 4411 2080 4465 Et
2124 4409 2256 4482 quia
2283 4411 2516 4465 credidit
2540 4413 2642 4467 Deo
2672 4420 2992 4483 reputatum
3020 4424 3095 4473 est
3138 4424 3191 4475 ei
3211 4423 3285 4475 ad
3300 4426 3480 4491 justi-

199 4512 309 4577 pter
343 4509 639 4565 Abraham
676 4508 781 4580 qui
822 4506 1038 4578 primus
1081 4505 1295 4577 accepit
1353 4520 1498 4571 eam,
1537 4504 1607 4558 de
1639 4504 1799 4574 cujus
1882 4502 2043 4561 tiam.
2076 4499 2132 4555 id
2165 4506 2251 4554 est
2278 4499 2357 4554 ad
2376 4500 2765 4557 remissionem
2804 4512 3180 4575 peccatorum,
3218 4511 3353 4581 quia
3380 4529 3482 4583 per

199 4596 357 4669 stirpe
373 4599 453 4653 illi
483 4597 944 4654 descenderunt.
1881 4589 2059 4661 ipsam
2114 4590 2280 4644 ﬁdem
2326 4606 2438 4661 qua
2480 4590 2738 4658 credidit,
2783 4592 2971 4663 justus
3020 4596 3249 4652 allectus
3278 4605 3384 4664 est,
3425 4607 3484 4655 et

262 4685 319 4740 Et
330 4692 687 4760 prmum):
703 4702 809 4757 per
827 4687 1009 4755 ﬁdem,
1032 4685 1088 4740 id
1111 4690 1198 4740 est
1215 4684 1507 4739 credentes
1527 4699 1592 4737 ex
1621 4679 1803 4753 genti-
1882 4679 2240 4751 postmodum
2268 4680 2754 4735 circumcisionem
2796 4681 3013 4753 accepit
3034 4683 3091 4737 in
3114 4685 3339 4757 signum
3363 4705 3482 4746 sum

196 4774 289 4830 bus
306 4778 449 4849 quia
469 4778 697 4833 Judaais
730 4774 1068 4846 praeputium
1095 4772 1456 4829 vocabantur.
1481 4770 1641 4836 Quod
1664 4771 1803 4826 dicit
1876 4767 2112 4841 justitiae
2139 4785 2249 4839 qua
2266 4769 2608 4838 justiﬁcatus
2636 4768 2820 4822 fuerat
2837 4786 2939 4839 per
2968 4770 3155 4828 ﬁdem.

199 4878 256 4917 εχ
270 4867 384 4933 βαι,
412 4867 573 4922 idem
602 4872 702 4921 est
732 4870 792 4919 et
824 4880 925 4933 per
955 4865 1139 4932 ﬁdem,
1163 4863 1295 4935 quia
1323 4861 1624 4933 Apostolus
1653 4877 1800 4932 saepe
1953 4857 2033 4913 Ei
2054 4862 2242 4911 autem
2271 4859 2371 4926 qui
2404 4862 2685 4925 operatur,
2705 4872 2903 4911 merces
2934 4875 3046 4915 non
3068 4864 3387 4932 imputatur
3411 4883 3489 4923 se-

199 4962 363 5009 mutat
381 4955 820 5028 propositiones
839 4952 898 5007 in
920 4968 1033 5007 uno
1063 4967 1251 5007 sensu.
1297 4952 1480 5018 Legem
1516 4966 1642 5018 ergo
1667 4966 1802 5021 prae-
1884 4948 2131 5000 cundum
2150 4947 2515 5014 gratiam,sed
2535 4944 2845 4999 secundum
2868 4948 3219 5006 debitum.Ex
3239 4953 3493 5013 humana

200 5050 492 5114 ceptorum,
533 5042 828 5099 subaudis
864 5057 988 5113 quia
1036 5040 1173 5095 dicit
1206 5058 1218 5093 :
1255 5042 1457 5108 Diliges
1495 5041 1800 5094 Dominum
1886 5034 2291 5090 consuetudine
2322 5034 2497 5088 sumit
2516 5034 3093 5108 exemplum,quando
3124 5046 3493 5114 cperantibus

200 5131 355 5189 Deum
384 5142 595 5198 tuum;
629 5139 696 5189 et,
735 5154 750 5187 ;
793 5133 959 5195 Audi,
992 5132 1189 5188 Israel.
1220 5130 1362 5184 Deus
1406 5145 1557 5181 unus
1584 5132 1680 5188 est,
1715 5130 1803 5183 de-
1886 5123 2193 5180 secundum
2225 5122 2488 5177 meritum
2507 5122 2708 5177 damus
2726 5126 3136 5195 mercedem,et
3154 5132 3366 5190 nullam
3391 5153 3494 5192 no-

202 5224 455 5278 ,ηηιίιηυε
499 5240 608 5294 ρον
636 5222 835 5291 ﬁdem,
886 5225 945 5274 et
970 5234 1072 5291 per
1111 5218 1329 5273 Novum
1358 5217 1807 5272 Testamentum.
1893 5213 1978 5269 bis
2010 5220 2187 5284 agunt
2213 5212 2457 5284 gratiam
2488 5230 2500 5265 :
2534 5228 2646 5266 non
2677 5215 3043 5285 aperantibus
3065 5235 3196 5274 vero
3217 5222 3263 5276 si
3294 5223 3498 5282 damus

202 5312 353 5366 Ab,“-
372 5314 673 5369 pmcavet
692 5312 763 5366 in
782 5309 887 5365 hoc
904 5309 1026 5363 loco
1044 5306 1345 5377 Apostolus
1382 5305 1811 5361 aestimationem
1895 5304 2123 5375 aliquod
2154 5300 2508 5364 beneﬁcium,
2537 5317 2648 5356 non
2680 5304 2913 5369 merces,
2946 5305 3042 5360 sed
3080 5310 3267 5378 gratia
3297 5330 3310 5365 :
3341 5312 3497 5370 ideo-

205 5397 531 5458 Iudaeorum,
552 5403 669 5459 Sed
695 5403 893 5467 legem,
936 5395 1205 5453 subaudis
1236 5401 1665 5468 praeceptorum,
1697 5401 1813 5449 sta-
1898 5409 2006 5464 que
2033 5390 2349 5462 gratiamur
2370 5387 2441 5443 ab
2468 5389 2599 5443 illis.
2636 5390 2705 5445 Et
2732 5396 2818 5445 est
2849 5408 3050 5448 sensus
3082 5413 3093 5448 :
3128 5397 3187 5452 Si
3215 5400 3499 5457 Abraham

206 5493 420 5559 tuimm,
451 5492 513 5546 id
554 5497 651 5546 est
680 5489 1111 5552 conﬁrmamus,
1136 5492 1193 5541 et
1215 5485 1534 5549 laudamus,
1558 5489 1616 5539 et
1640 5501 1676 5538 a
1699 5484 1815 5539 Deo
1897 5488 2128 5555 propter
2155 5494 2327 5551 opera
2358 5494 2461 5533 sua
2493 5485 2683 5551 posset
2708 5480 3011 5551 justiﬁcari
3038 5484 3160 5540 sine
3184 5489 3370 5558 gratia
3394 5491 3497 5545 Dei

207 5576 384 5634 datam
416 5580 697 5646 dicimus,
724 5577 815 5632 vel
835 5578 1004 5632 etiam
1027 5589 1254 5631 omnem
1276 5575 1455 5647 legem
1474 5574 1819 5646 generaliter
1900 5588 1961 5627 se
1990 5568 2384 5643 praeveniente,
2418 5573 2478 5623 et
2512 5567 2637 5623 sine
2665 5569 2793 5635 ﬁde,
2828 5586 2952 5643 quae
2991 5571 3162 5627 etiam
3207 5578 3387 5646 gratis
3416 5577 3499 5633 illi

429 5681 715 5743 ΡΑτιοι.
770 5676 1004 5738 CXVII.

3186 5675 3259 5733 13
