3926 6164
492 256 598 337 .395

942 250 1324 311 HAYMONIS
1355 218 1844 314 HALBERSTAT.
1878 250 2103 306 EPISC.
2136 250 2295 310 OPP.
2328 251 2513 309 PARS
2542 253 2589 307 1.
2624 282 2687 294 —
2720 250 3095 315 COMMENT.
3131 250 3302 309 BIBL.

3590 258 3671 319 396

493 344 742 453 dataest,
761 396 874 436 non
906 384 1056 434 esset
1083 379 1135 434 ei
1156 378 1452 450 praemium
1469 375 1890 448 justiﬁeationis
1908 376 2087 447 gratis
2104 378 2153 437 A
2173 376 2512 442 stinuerunt,
2540 376 2598 430 in
2626 376 2748 448 ipso
2774 377 3047 449 martyrio
3076 361 3295 433 dimissa
3327 385 3443 437 sunt
3456 381 3676 455 illis,quo-

493 457 579 526 iili
609 464 825 537 datum,
855 460 949 524 scd
976 458 1229 523 debitum
1258 471 1406 522 esset
1433 464 1552 519 :vel
1581 465 1629 518 si
1659 464 1756 518 alii
1775 456 1951 520 Judaei
1972 464 2090 519 suis

494 558 757 632 operibus
782 550 1018 613 fuissent
1028 555 1337 628 justiﬁcati,
1372 571 1483 609 non
1514 557 1701 608 essent
1729 553 1877 607 unde
1913 554 2090 608 refer-

495 655 696 704 rentur
718 648 834 703 Deo
862 646 1080 718 gratiae,
1106 650 1276 716 atque
1296 645 1420 698 ideo
1441 642 1749 714 superflua,
1769 641 1826 695 id
1855 646 1940 695 est
1964 639 2095 696 sine‘

490 732 665 793 bausa
676 736 824 791 e55et
834 724 1042 791 Christi
1057 733 1261 805 passio.
1286 734 1355 787 Ei
1370 737 1553 785 autem
1569 729 1838 785 subaudis
1860 729 2081 801 gentili,

490 828 592 895 qui
610 840 723 880 non
752 830 1016 893 operatur
1029 834 1201 893 opera
1217 818 1374 892 legis,
1396 821 1640 876 credenti
1657 826 1843 874 autem
1864 824 2082 888 incum,

490 911 550 969 id
569 919 656 968 est
672 913 731 967 in
750 910 950 967 Deum:
972 914 1071 982 qui
1076 913 1352 980 justi/ibat
1372 912 1749 979 impiummon
1771 925 1874 980 per
1891 925 2082 982 opera,

488 1003 591 1057 s'ed
622 1006 722 1073 per
768 1000 957 1063 ﬁdem,
1015 1003 1073 1054 et
1110 999 1234 1053 sine
1264 996 1709 1071 praecedentibus
1753 997 1988 1065 meritis,
2018 1015 2086 1052 ex

487 1090 665 1163 impio
695 1095 751 1145 et
770 1095 1061 1163 peccatore
1091 1088 1226 1142 facit
1250 1088 1406 1159 pium
1432 1092 1490 1140 et
1519 1088 1759 1158 justum,
1792 1086 2089 1156 reputatur

488 1177 620 1250 ﬁdes
640 1184 757 1248 ejus
785 1180 858 1233 ad
870 1181 1179 1248 justitiam,
1194 1175 1253 1231 id
1274 1181 1362 1230 est
1375 1175 1446 1229 ad
1466 1176 1875 1242 remissionem,
1891 1194 2087 1232 secun-

486 1273 625 1327 dum
646 1271 995 1339 propositum
1020 1269 1217 1335 gratiae
1243 1266 1360 1327 Dei,
1375 1264 1482 1319 hoc
1507 1271 1595 1319 est
1617 1264 1905 1320 decretum
1922 1265 2087 1336 justi-

485 1360 580 1415 tiae
609 1364 667 1415 et
709 1356 1105 1412 misericordiae
1141 1354 1264 1419 Dei,
1304 1371 1418 1410 non
1464 1353 1773 1409 secundum
1814 1355 2083 1410 meritum

487 1448 624 1521 quid
643 1445 891 1502 decrevit
910 1444 1090 1516 gratis
1120 1449 1349 1515 peccata
1379 1442 1684 1497 dimittere.
1726 1443 1844 1497 Hoc
1871 1443 2081 1498 intelli-

483 1534 731 1609 gendum
760 1539 846 1589 est
870 1533 939 1588 de
965 1531 1269 1607 gentilibus
1301 1532 1396 1604 qui
1426 1542 1555 1585 ante
1594 1531 1763 1586 ﬁdem
1793 1532 1949 1586 nulla
1979 1532 2079 1587 ha-

479 1618 657 1679 buere
688 1639 860 1695 opera
886 1621 1046 1694 legis,
1081 1627 1138 1676 et
1162 1627 1352 1675 tamen
1401 1622 1548 1676 sicut
1590 1620 1769 1676 Judaei
1826 1622 2077 1676 conversi

474 1704 861 1783 justificantur
873 1727 973 1782 per
992 1710 1161 1765 ﬁdem
1183 1709 1391 1765 Christi
1412 1709 1534 1763 sine
1553 1708 1814 1781 operibus
1831 1709 2078 1782 legis,ita

481 1801 539 1857 et
560 1801 674 1856 isti.
697 1801 768 1856 Et
786 1798 928 1854 bene
947 1799 1100 1863 dicit,
1125 1801 1429 1853 secundum
1453 1802 1801 1868 propositum
1837 1799 1953 1853 sive
1975 1794 2073 1855 de-

476 1888 695 1946 Ere‘tum
720 1889 917 1961 gratiae
945 1886 1208 1959 Dei,quia
1220 1892 1350 1943 ante
1371 1887 1569 1943 mundi
1590 1887 2068 1967 constitutionem,

474 1978 605 2034 ‘cum
634 1978 804 2033 homo
833 1978 1016 2032 adhuc
1059 1992 1173 2031 non
1221 1981 1389 2043 esset,
1434 1976 1680 2031 decrevit
1724 1976 1874 2031 Deus
1904 1976 2074 2031 Pater

476 2067 606 2124 eum
626 2066 768 2124 Filio
789 2082 889 2122 suo
909 2067 1126 2121 salvare
1134 2068 1314 2138 genus
1332 2066 1667 2132 humanum,
1685 2067 1855 2121 nullis
1874 2083 2077 2139 praece-

475 2157 738 2214 dentibus
767 2156 1006 2217 meritis.
1029 2156 1178 2210 unde
1208 2155 1361 2212 idem
1386 2156 1688 2227 Apostolus
1725 2155 1866 2209 alias
1888 2156 2026 2212 dicit
2058 2173 2070 2210 :

471 2247 629 2305 Sicut
675 2248 832 2315 elegit
862 2261 959 2301 nos
987 2248 1051 2299 in
1079 2248 1193 2313 ipso
1224 2249 1352 2300 ante
1396 2246 1601 2299 mundi
1627 2247 2074 2300 constitutionem

472 2330 685 2407 (Ephes.
733 2342 797 2402 ι),
836 2335 1030 2389 volens
1059 2350 1194 2405 ergo
1222 2333 1525 2404 Apostolus
1564 2332 1858 2388 ostendere
1904 2333 2068 2404 justi-

469 2421 630 2492 tiam,
653 2424 712 2479 id
742 2428 828 2478 est
850 2420 1309 2493 justiﬁcationem
1343 2438 1455 2493 qua
1477 2421 1865 2497 justiﬁcantur
1889 2422 2068 2478 homi-

467 2524 588 2579 nes,
608 2513 729 2568 sine
757 2510 1021 2585 operibus
1038 2511 1177 2583 legis
1198 2517 1255 2566 et
1274 2511 1488 2565 meritis
1509 2511 1653 2565 suis:
1679 2511 2067 2568 testimonium

465 2600 670 2675 psalmi
691 2601 974 2673 proponit,
1003 2600 1062 2655 in
1093 2617 1204 2671 quo
1236 2600 1646 2672 praedicabatur
1679 2600 1824 2671 quod
1865 2599 1922 2654 in
1971 2600 2068 2655 ad-

464 2698 634 2747 ventu
664 2690 894 2756 Christi,
946 2694 1003 2743 et
1029 2681 1269 2761 gentiles
1313 2688 1423 2744 ﬁde
1456 2686 1644 2743 essent
1671 2687 1943 2742 salvandi.
1973 2689 2070 2745 Ait

467 2780 617 2855 enim
651 2797 662 2833 :
686 2780 843 2837 Sicut
868 2784 915 2833 et
935 2780 1112 2833 David
1126 2779 1262 2833 dicit
1287 2780 1681 2832 beatitudinem
1702 2778 2065 2843 hominis,su-

464 2868 666 2925 baudis
685 2867 1006 2923 describens
1023 2870 1117 2922 cui
1134 2866 1351 2922 homini
1376 2868 1517 2921 Deus
1540 2872 1751 2937 accepto
1778 2868 1887 2935 fert
1896 2869 2066 2936 justi-

470 2937 610 3013 iam
640 2957 756 3012 sive
779 2954 1246 3029 justiﬂcationem
1276 2958 1395 3009 sine
1434 2956 1685 3024 operibus
1715 2953 1872 3025 legis.
1902 2954 2064 3021 Quod

467 3052 660 3103 autem
686 3043 824 3100 dicit
842 3049 1053 3114 accepto
1074 3047 1203 3112 fert,
1226 3043 1623 3098 adverbialiter
1638 3044 1777 3100 dicit
1798 3063 1811 3115 ;
1835 3050 2064 3116 accepto

464 3130 595 3204 fart,
624 3136 683 3191 id
712 3139 799 3191 est
825 3134 1068 3189 libenter
1094 3132 1328 3188 tribuit:
1360 3134 1446 3187 vel
1465 3130 1820 3207 jnngendum
1844 3130 1923 3188 ita
1936 3151 2062 3189 cum

463 3220 984 3301 subauditione,cui
1005 3229 1233 3293 accepto
1259 3238 1293 3276 a
1327 3239 1404 3288 se,
1427 3222 1483 3276 id
1512 3227 1600 3277 est
1628 3222 1803 3278 electo
1833 3228 1889 3277 et
1920 3222 2065 3277 dile-

463 3309 553 3389 éto
581 3312 783 3369 tribuit
801 3310 883 3368 illi
898 3313 969 3367 ad
992 3312 1295 3383 justitiam.
1313 3311 1563 3367 Dicimus
1589 3317 1646 3365 et
1672 3308 1840 3366 tertio
1870 3312 2056 3366 modo.

2171 465 2324 519 niam
2353 463 2747 537 paenitentiam
2773 466 3121 538 corporalem
3142 475 3489 541 susceperunt.

2241 556 2526 611 Beatitudo
2550 573 2676 624 ergo
2698 556 2825 623 hac,
2847 557 2917 610 de
2946 572 3059 627 qua
3091 557 3373 613 Psalmista
3387 557 3522 626 dicit,
3532 563 3585 616 in
3599 565 3681 616 cir-

2168 648 2500 700 cumcisione
2528 649 2749 700 tantum
2780 652 2989 712 manet,
3011 662 3090 700 an
3108 649 3269 701 etiam
3285 649 3344 701 in
3363 646 3681 719 praeputium

2170 738 2257 789 est
2284 732 2529 806 pertinet
2579 734 2929 789 solummodo
2949 734 3019 788 ad
3035 724 3249 789 Iudaeos
3269 751 3382 808 qua
3399 735 3684 792 circumcisio

2170 823 2504 895 appellatur,
2534 839 2606 877 an
2636 823 2807 877 etiam
2840 822 2910 877 ad
2937 820 3175 894 gentiles
3202 823 3294 893 qui
3315 825 3606 894 praeputium
3625 825 3686 882 di-

2168 908 2333 964 citur.
2354 911 2458 965 Illa
2486 907 2776 965 beatitudo
2799 927 2912 982 qua
2939 915 3165 981 peccata
3185 910 3301 966 sine
3325 910 3556 982 operibus
3578 912 3687 986 legis

2169 996 2533 1054 dimittuntur
2550 999 2727 1069 gratis
2743 999 2802 1054 in
2820 998 3237 1071 baptismate,et
3255 1016 3350 1073 per
3362 1001 3688 1071 paenitentiam

2169 1094 2338 1162 atque
2367 1088 2724 1160 martyrium,
2750 1093 2869 1143 tam
2891 1089 2962 1143 ad
2992 1078 3212 1144 Iudaeos
3231 1089 3298 1143 ad
3327 1088 3482 1143 ﬁdem
3505 1090 3689 1145 venien-

2168 1169 2447 1249 tes,quam
2472 1176 2543 1232 ad
2560 1177 2802 1252 gentiles
2821 1177 3066 1248 pertinet
3090 1194 3102 1230 :
3127 1194 3235 1249 qua
3246 1178 3420 1248 gratia
3435 1177 3688 1247 Abraham,

2167 1264 2299 1323 licet
2327 1283 2441 1320 non
2470 1271 2618 1320 esset
2645 1260 2976 1338 baptizatus,
2999 1282 3101 1338 per
3121 1266 3287 1321 ﬁdem
3306 1271 3483 1321 tamen
3501 1282 3609 1323 cum
3629 1283 3694 1325 es-

2164 1359 2247 1408 set
2278 1350 2335 1408 in
2357 1354 2629 1427 praeputio
2651 1355 2995 1426 justiﬁcatus
3010 1355 3278 1409 est.Unde
3297 1354 3473 1410 subdit
3492 1354 3692 1431 Aposto-

2161 1445 2251 1499 lus
2283 1446 2563 1500 :Dicimus
2590 1451 2778 1500 autem
2803 1448 2939 1515 quia
2967 1451 3223 1515 reputata
3261 1450 3334 1501 est
3358 1446 3479 1513 ﬁdes
3504 1444 3692 1505 Abraha

2160 1532 2234 1588 ad
2251 1536 2560 1603 justitiam,
2588 1550 2701 1588 non
2721 1534 3090 1600 circumcisio,
3112 1534 3169 1588 id
3191 1534 3385 1589 esthoc
3406 1534 3694 1590 afﬁrmamus

2160 1639 2263 1676 nos
2300 1623 2558 1696 apostoli,
2584 1622 2716 1694 quia
2751 1638 2864 1678 non
2886 1627 3118 1694 propter
3143 1622 3590 1678 circumcisionem
3606 1637 3696 1677 car-

2157 1708 2366 1775 nalem,
2395 1710 2492 1765 sed
2520 1716 2753 1782 propter
2778 1711 2948 1765 ﬁdem
2979 1726 3147 1782 qnam
3179 1710 3392 1783 habuit,
3435 1727 3537 1787 qua
3559 1710 3697 1769 credi-

2157 1799 2242 1854 dit
2259 1800 2393 1862 Deo,
2424 1800 2632 1855 meruit
2652 1800 2969 1870 justiﬁcari.

2230 1887 2506 1956 Quomodo
2534 1905 2658 1958 ergo
2686 1888 2924 1944 Abrahm
2949 1894 3208 1960 reputata
3226 1896 3300 1945 est
3322 1894 3346 1943 Ρ
3380 1888 3697 1961 ﬁdesadjus-

2154 1976 2361 2043 titiam,
2385 1981 2449 2032 in
2475 1982 2898 2034 circumcisione
2917 1995 2994 2033 an
3012 1982 3076 2034 in
3084 1982 3356 2049 praeputio
3376 1984 3400 2033 ἵ
3423 1978 3518 2034 hoc
3541 1984 3695 2034 estre-

2159 2072 2358 2139 putata
2368 2073 2454 2122 est
2473 2068 2523 2122 ei
2541 2067 2680 2121 ﬁdes
2700 2068 2770 2123 ad
2787 2068 3391 2140 justitiam,postquam
3409 2072 3489 2123 est
3504 2068 3695 2123 circum-

2158 2154 2304 2209 cisus
2341 2173 2352 2208 :
2387 2172 2458 2213 an
2481 2172 2610 2212 cum
2642 2162 2791 2212 esset
2837 2157 2896 2212 in
2942 2157 3268 2228 gentilitate
3305 2155 3693 2212 incircumcisus.

2156 2237 2286 2315 Ipse
2302 2244 2408 2299 sibi
2423 2245 2723 2317 Apostolus
2759 2245 3064 2319 respondet
3091 2264 3103 2301 :
3141 2247 3271 2304 Non
3292 2248 3354 2301 in
3373 2248 3691 2303 circumcisio-

2156 2350 2239 2394 ne.
2272 2336 2364 2388 sed
2390 2337 2453 2389 in
2478 2338 2768 2405 praeputio,
2801 2335 2859 2389 id
2889 2341 2975 2390 est
2992 2351 3106 2391 non
3142 2341 3441 2412 postquam
3463 2333 3697 2389 circumci-

2150 2423 2361 2479 sionem
2382 2425 2596 2497 accepit
2613 2430 2875 2495 reputata
2902 2429 2989 2479 est
3013 2424 3063 2479 ei
3088 2424 3233 2480 ﬁdes
3256 2425 3326 2479 ad
3345 2421 3697 2495 justitiam,8ed

2149 2527 2275 2565 cum
2306 2508 2489 2566 adhuc
2520 2518 2668 2567 esset
2704 2513 2763 2567 in
2793 2514 3090 2584 praeputio,
3113 2513 3169 2567 id
3203 2519 3292 2568 est
3315 2514 3375 2568 in
3399 2508 3688 2584 gentilitate,

2151 2594 2283 2671 quia
2312 2601 2548 2656 necdum
2582 2606 2707 2657 erat
2733 2592 3113 2669 circumcisus,
3138 2602 3382 2673 ideoque
3399 2608 3553 2658 antea
3569 2598 3699 2671 justi-

2150 2689 2349 2744 ﬁcatus
2377 2706 2477 2762 per
2503 2691 2705 2759 ﬁdem,
2730 2708 2898 2762 quam
2928 2697 3078 2747 esset
3106 2691 3484 2747 circumcisus.

2220 2779 2287 2832 Et
2297 2782 2523 2849 signum
2533 2784 2739 2849 accepit
2752 2783 3561 2851 circumcisionis,signaculum
3569 2778 3703 2849 justi-

2152 2871 2254 2929 tiw,
2274 2884 2392 2937 quae
2406 2874 2482 2924 est
2507 2872 2567 2923 in
2574 2872 2863 2938 praeputio.
2890 2870 2974 2924 Ne
3001 2869 3258 2925 dicerent
3279 2870 3453 2925 Judaei
3465 2868 3699 2940 superﬂue

2148 2954 2541 3011 circumcisum
2561 2974 2682 3012 esse
2694 2958 3053 3024 Abraham,si
3070 2975 3173 3030 per
3188 2960 3343 3013 illam
3365 2975 3471 3013 non
3487 2963 3564 3012 est
3575 2954 3703 3027 justi-

2147 3046 2368 3111 ﬁcatus,
2401 3045 2649 3100 ostendit
2676 3047 2833 3101 illam
2864 3047 3349 3103 circumcisionem
3375 3047 3579 3119 signum
3605 3058 3700 3098 esse

2141 3134 2397 3204 justitiaa,
2420 3151 2533 3189 non
2569 3142 2962 3206 augmentum,
2994 3141 3058 3190 ut
3085 3136 3431 3207 signiﬁcaret
3462 3132 3700 3213 justitiam

2146 3223 2375 3289 Christi,
2407 3241 2531 3296 quae
2559 3230 2645 3279 est
2674 3242 2738 3279 ex
2767 3225 2904 3282 ﬁde.
2936 3225 3173 3297 Signum
3202 3231 3291 3281 est
3320 3225 3533 3301 quando
3551 3224 3603 3279 in
3622 3222 3705 3276 hoc

2146 3312 2293 3385 quod
2326 3313 2545 3369 videtur
2572 3313 2726 3371 aliud
2769 3313 3123 3386 intelligitur,
3159 3315 3310 3370 sicut
3340 3313 3595 3369 Dominus
3613 3325 3705 3364 ma-

462 3400 772 3461 Inusitatus
801 3402 953 3458 enim
983 3401 1183 3456 modus
1209 3406 1295 3456 est
1320 3394 1638 3468 locutionis,
1666 3399 1757 3455 cui
1787 3398 1936 3455 Deus
1971 3417 2057 3457 ac-
2143 3401 2388 3462 nifestat,
2407 3401 2625 3457 dicens:
2654 3403 2944 3459 Generatio
2973 3404 3081 3459 hac
3104 3405 3337 3473 signum
3367 3404 3618 3474 quaerit,“
3641 3400 3705 3453 si-

462 3492 623 3565 cepto
652 3492 762 3547 fert
773 3484 1076 3563 justitiam,
1108 3489 1167 3544 id
1199 3494 1286 3544 est
1313 3489 1403 3543 cui
1442 3488 1591 3543 Deus
1644 3494 1928 3562 acceptam
1960 3486 2060 3544 dat
2139 3506 2316 3557 gnum
2350 3507 2461 3545 non
2488 3493 2716 3547 dabitur
2746 3494 2814 3554 ei,
2854 3494 2972 3548 nisi
3016 3496 3249 3562 signum
3274 3496 3426 3549 June
3458 3491 3706 3563 propheta

456 3578 851 3655 justitiam,vel
875 3577 1274 3651 acceptabilem
1293 3577 1598 3632 habetsine
1613 3576 1879 3650 operibus
1892 3578 2053 3651 legis.
2141 3581 2353 3641 (Matth.
2391 3583 2511 3648 xu).
2547 3579 2704 3636 Sicut
2749 3580 2857 3637 iuit
2883 3581 3055 3658 Jonas
3105 3581 3169 3637 in
3200 3587 3398 3637 ventre
3425 3580 3527 3637 ceti
3554 3576 3704 3634 tribus

484 3674 485 3681 “
530 3668 685 3728 Beati
712 3680 951 3739 quorum
981 3671 1219 3723 remissae
1236 3672 1368 3721 sunt
1381 3670 1723 3736 iniquitates,
1758 3667 1815 3722 id
1832 3672 1918 3723 est
1937 3685 2060 3723 om-
2141 3666 2336 3724 diebus
2363 3674 2419 3723 et
2438 3669 2619 3724 tribus
2648 3670 2927 3735 noctibus,
2956 3671 3034 3725 sic
3058 3670 3169 3726 erit
3197 3670 3380 3727 Filius
3411 3668 3632 3725 hominis
3658 3665 3704 3721 in

457 3756 556 3837 nia
573 3769 805 3831 peccata
830 3757 889 3811 in
906 3752 1275 3835 baptismate,
1298 3761 1348 3810 et
1372 3772 1613 3825 quorum
1635 3760 1771 3811 tecta
1799 3763 1932 3811 sunt
1944 3774 2061 3828 pec-
2143 3757 2308 3812 corde
2337 3764 2519 3814 terrm.
2554 3759 2692 3814 Ecce
2713 3760 2864 3831 quod
2890 3759 3154 3831 signabat
3171 3760 3349 3823 Jonas
3374 3764 3605 3823 voratus,
3642 3755 3706 3809 ita

459 3846 584 3904 cata
612 3862 714 3919 per
741 3844 1130 3918 pmnitentiam
1151 3850 1278 3917 post
1296 3844 1659 3919 baptismum.
1683 3844 1794 3902 Res
1820 3852 1971 3902 tecta
2004 3851 2062 3901 et
2143 3860 2364 3916 quoque
2384 3846 2731 3901 circumcisio
2754 3846 2998 3903 Abrahae
3026 3848 3199 3903 ﬁdem
3222 3848 3379 3904 illius
3399 3843 3711 3920 signiﬁcabat

459 3932 721 4010 adoperta
747 3952 860 3992 non
880 3935 1124 4002 videtur,
1151 3940 1208 3989 et
1235 3950 1338 3990 nos
1366 3940 1503 3990 tunc
1532 3934 1777 4007 tegimus
1807 3942 2056 4008 peccata,
2143 3950 2311 4005 quam
2350 3934 2594 3990 habebat
2623 3935 2681 3991 in
2710 3935 2898 4004 corde,
2943 3940 3002 3991 et
3030 3951 3143 4009 qua
3171 3937 3390 3993 meruit
3430 3930 3711 4009 iustiﬁcari.

459 4027 684 4100 quando
722 4025 887 4082 malis
923 4024 1074 4080 bona
1116 4040 1287 4096 opera
1317 4023 1552 4095 justitiae
1602 4026 2052 4097 superponimus,
2143 4012 2272 4078 Haec
2300 4023 2752 4081 'circumcisioest
2772 4024 3103 4097 exspoliatio
3121 4012 3480 4081 inﬁdelitatis
3508 4031 3560 4081 et
3575 4021 3711 4098 vitice

458 4115 850 4189 paenitentiam
876 4114 1136 4168 videlicet
1159 4114 1459 4183 praeteritis
1482 4113 1700 4184 agendo
1730 4113 1981 4185 dignam,
2004 4119 2060 4169 et
2141 4127 2269 4166 rum
2295 4111 2546 4167 abolitio.
2569 4113 2757 4169 Distat
2783 4130 2914 4169 vero
2961 4114 3112 4168 inter
3148 4114 3382 4185 signum
3412 4118 3470 4168 et
3495 4112 3711 4183 signacu-

458 4202 571 4259 alia
588 4220 700 4257 non
730 4202 1123 4274 perpetrando.
1148 4201 1266 4256 Hoc
1284 4206 1475 4255 autem
1496 4201 1670 4255 distat
1687 4202 1836 4256 inter
1862 4200 2062 4275 iniqui—
2140 4201 2260 4256 lum
2281 4201 2429 4273 quod
2446 4201 2668 4274 signum
2684 4202 2837 4258 aliud
2856 4207 2960 4271 est,
2977 4206 3035 4257 et
3047 4202 3204 4258 aliud
3217 4202 3505 4274 signiﬁcat
3522 4218 3532 4250 ι
3550 4200 3710 4270 signa-

457 4296 632 4346 tatem
664 4294 720 4344 et
743 4295 1056 4361 peccatum,
1075 4292 1141 4342 ut
1162 4288 1392 4358 quidam
1412 4285 1607 4343 dicunt
1627 4288 2059 4362 auctores,quod
2074 4336 2123 4365 η
2142 4289 2332 4345 culum
2362 4297 2551 4347 autem
2576 4292 2725 4363 quod
2767 4291 2934 4347 alicui
2972 4292 3053 4346 rei
3092 4292 3280 4347 adhuc
3311 4290 3641 4365 imprimitur
3661 4290 3714 4340 ut

456 4377 727 4449 iniquitas
754 4377 828 4431 sit
854 4382 986 4430 ante
1009 4376 1218 4449 legem,
1260 4372 1549 4446 peccatum
1579 4384 1707 4449 post
1735 4379 1937 4450 legem,
1970 4376 2058 4434 vel
2075 4372 2124 4397 "
2140 4381 2631 4456 lateat,quousque
2658 4381 2729 4439 ab
2749 4383 2847 4437 illo
2871 4388 3157 4440 reseretur
3175 4399 3209 4436 a
3234 4399 3351 4454 quo
3375 4381 3711 4454 imprimitur,

457 4466 729 4539 iniquitas
764 4464 841 4520 sit
894 4464 1317 4537 cogitationum,
1357 4471 1645 4543 peccatum
1686 4467 1761 4522 sit
1800 4485 2054 4540 operum.
2138 4469 2218 4524 ita
2247 4476 2305 4525 et
2322 4469 2416 4525 illa
2437 4470 3457 4551 circumcisiosigniﬁcabatjustitiam
3473 4469 3595 4529 ﬁdei
3613 4481 3713 4543 qua

457 4556 699 4623 Quidam
731 4553 901 4610 etiam
929 4552 1125 4609 dicunt
1140 4553 1498 4627 iniquitatem
1530 4572 1651 4611 esse
1682 4557 1829 4629 quod
1860 4566 2057 4613 contra
2137 4564 2260 4612 erat
2286 4560 2342 4612 in
2366 4558 2650 4614 Abraham
2683 4581 2698 4615 :
2729 4548 3019 4615 'etlatebat
3044 4560 3124 4616 ibi
3150 4548 3450 4637 signaculo
3478 4575 3602 4639 vera
3617 4559 3713 4613 cir-

455 4649 641 4720 legem
661 4643 1056 4710 committitur,
1087 4646 1381 4715 peccatum
1412 4643 1561 4717 quod
1584 4651 1781 4700 contra
1792 4651 2054 4702 naturam
2136 4648 2422 4715 cumcisio,
2456 4666 2567 4721 qua
2587 4649 2863 4716 Christus,
2886 4650 2984 4723 qui
3011 4666 3079 4707 ex
3102 4650 3226 4721 ejus
3252 4666 3467 4725 genere
3498 4652 3615 4705 erat
3635 4659 3714 4700 na-

456 4738 515 4794 e't
541 4732 941 4792 conScientiam
976 4750 988 4787 :
1014 4732 1115 4789 sed
1143 4731 1532 4807 indifferenter
1546 4751 1722 4789 unum
1743 4752 1846 4809 pro
1876 4734 2054 4792 altero
2136 4735 2380 4793 sciturus
2410 4755 2512 4811 per
2539 4738 2806 4811 baptismi
2836 4738 3102 4810 gratiam,
3142 4755 3277 4795 suos
3326 4740 3523 4805 ﬁdeles
3549 4740 3659 4793 erat
3686 4749 3715 4787 δ

455 4842 604 4898 saepe
635 4820 882 4899 ponitur.
2136 4827 2353 4882 cunctis
2381 4826 2640 4882 sordibus
2670 4834 3028 4907 peccatorum
3074 4826 3530 4908 circumcisurus,
3560 4826 3614 4880 in
3639 4822 3713 4876 die

525 4915 719 4969 Beatus
742 4918 834 4969 vir
862 4916 955 4970 cui
982 4929 1094 4969 non
1124 4915 1423 4983 imputavit
1452 4912 1724 4968 Dominus
1748 4917 2052 4984 peccatum.

454 4998 776 5056 Miéericors
796 4999 951 5073 Deus
962 5018 1144 5075 neque
1166 5002 1223 5057 in
1242 5001 1583 5074 baptismate
1612 4996 1799 5060 deleta
1816 5003 2057 5077 imputa-

452 5088 556 5156 δῖε,
590 5104 774 5162 neque
798 5090 1147 5161 paenitentia,
1176 5097 1328 5146 recta
1351 5092 1396 5146 si
1428 5092 1800 5164 permanserit
1827 5093 1889 5148 in
1917 5092 2046 5164 ﬁde,

455 5177 547 5232 Vel
560 5180 747 5250 potest
764 5176 874 5230 hoc
899 5177 1135 5249 intelligi
1166 5178 1234 5232 de
1255 5181 1600 5253 martyribus
1620 5181 1714 5254 qui
1736 5182 1789 5236 in
1812 5198 1916 5236 suo
1926 5199 2053 5237 san-

456 5264 629 5340 guine
682 5262 966 5339 baptizati,
997 5267 1055 5319 in
1085 5265 1206 5338 ipso
1236 5271 1506 5344 martyrio
1527 5278 1728 5327 cuncta
1758 5271 1838 5327 eis
1867 5271 2052 5326 dimit-

452 5354 656 5427 tuntur
670 5359 899 5426 peccata
925 5371 937 5407 :
962 5354 1044 5407 vel
1062 5361 1213 5408 certe
1234 5354 1303 5409 de
1316 5354 1403 5410 his
1420 5366 1603 5429 potest
1616 5359 1793 5432 accipi
1810 5359 1905 5432 qui
1927 5367 2052 5433 post

450 5442 794 5525 baptismum
806 5441 987 5496 multa
1002 5441 1407 5498 commiserunt
1421 5450 1771 5522 peccata,sed
1794 5449 2052 5506 veniente

450 5532 741 5617 d‘c‘casione
787 5526 920 5621 dum
951 5535 1052 5605 pro
1080 5531 1299 5603 Christi
1333 5535 1560 5615 nomine
1590 5539 1923 5612 martyrium
1956 5557 2051 5601 su-

2138 4932 2359 4988 quoque
2366 4916 2567 4988 judicii
2588 4916 2658 4972 ab
2672 4915 2827 4971 omni
2850 4915 3209 4972 mortalitatis
3229 4916 3541 4988 fragilitate
3554 4920 3607 4969 et
3618 4928 3717 4967 cor-

2137 5003 2417 5076 ruptionis
2445 5006 2577 5062 faece
2604 5011 2691 5061 est
2713 5006 3142 5067 emundaturus.
3172 5003 3242 5061 In
3268 5006 3379 5069 hoc
3407 5005 3575 5062 etiam
3604 5000 3716 5074 quia

2131 5100 2325 5172 octava
2353 5093 2442 5148 die
2464 5092 2654 5160 ﬁebat,
2678 5093 3033 5164 signiﬁcabat
3054 5092 3411 5151 Dominicam
3456 5104 3717 5151 resurrec-

2132 5184 2367 5251 tionem,
2405 5201 2527 5255 quae
2558 5190 2753 5240 octava
2774 5184 2866 5239 die
2893 5182 3177 5243 celebrata
3217 5189 3323 5240 est.
3356 5182 3507 5241 Nam
3536 5192 3589 5241 et
3613 5181 3716 5252 ipse

2134 5272 2390 5328 Christus
2438 5273 2863 5345 signiﬁcabatur
2885 5272 2943 5327 in
2972 5272 3198 5329 cultello
3245 5274 3475 5345 petrino
3502 5287 3607 5343 quo
3626 5267 3718 5322 cir-

2135 5362 2400 5418 cumcisio
2422 5363 2770 5434 patrabatur.
2801 5363 2927 5418 Fuit
2968 5368 3241 5437 praeterea
3269 5362 3501 5433 signum
3529 5356 3715 5419 Judtis

2135 5451 2481 5507 circumcisio
2511 5450 2661 5517 data,
2685 5468 2794 5533 quo
2807 5457 3238 5533 cognosceretur
3262 5467 3465 5507 eorum
3479 5464 3652 5522 genus
3663 5449 3719 5501 ut

2140 5539 2504 5613 permistione
2535 5558 2645 5603 non
2672 5528 3132 5610 confunderetur,
3174 5528 3324 5620 dum
3366 5540 3522 5601 inter
3564 5538 3715 5619 gente
