3970 6150
233 288 311 368 3.27
593 282 613 291 ”“
915 272 1298 353 Exposmo
1331 286 1411 341 1N
1442 287 1596 343 EPP.
1630 290 1687 343 s.
1722 289 1809 347 PA

1896 287 1961 347 ιι.
1995 316 2059 327 -
2091 287 2422 345 INEPIST.
2450 288 2546 343 AD
2577 287 2750 347 nou.
3364 292 3470 358 398

236 414 407 468 multas
431 411 769 485 habitarent,
790 411 875 465 vel
900 426 1026 479 cum
1056 411 1208 485 inter
1232 416 1430 487 gentes
1456 410 1665 466 multas
1694 429 1809 471 (ιε-ι

1896 415 1960 466 to
1979 411 2171 465 omnia
2189 412 2455 482 possidet,
2479 412 2569 481 cui
2588 412 2796 483 dictum
2823 423 2906 469 est
2929 432 2965 472 a
2990 418 3173 475 Patre.
3196 423 3414 485 Rostula
3434 441 3471 479 a

228 488 338 577 piivi
381 498 735 587 ducerentur,
783 502 838 554 et
883 497 1242 587 ignoraretur
1283 498 1432 570 quod
1475 500 1545 553 de
1578 517 1788 571 genere
1870 515 1973 587 me,
2016 506 2065 554 et
2093 501 2229 553 dabo
2261 502 2363 554 tibi
2389 507 2570 568 gentes
2603 504 2974 558 hereditatem
3005 512 3161 562 tuam
3187 510 3356 580 (Psal.
3382 513 3467 587 II).

226 576 429 664 Abrahae
468 576 832 663 descenderet
860 586 1135 663 Christus.
1169 604 1233 641 ac
1262 587 1461 659 tandiu
1494 588 1703 642 mansit
1729 588 1786 643 in
1938 586 2002 644 Si
2026 590 2178 641 enim
2207 592 2307 658 qui
2328 605 2394 643 ex
2428 592 2535 658 lege
2563 596 2714 658 sunt,
2740 592 2802 645 hi
2824 599 2956 647 sunt
2988 576 3240 664 heredes,
3272 576 3471 656 exine?

227 662 337 754 tfypo
359 683 411 733 et
436 676 637 751 ﬁgura,
673 692 965 752 quousque
986 662 1262 729 veraciter
1288 666 1665 747 comple'retur
1693 674 1788 730 ad-
1868 678 1994 730 nita
2018 681 2093 730 est
2120 676 2273 743 ﬁdes,
2296 676 2521 741 abolita,
2545 678 2602 732 id
2629 685 2716 734 est
2742 678 2945 747 deleta,
2978 689 3053 738 est
3076 662 3395 756 promissio,
3414 678 3474 751 id

225 762 449 839 veniente
478 758 723 843 Christo,
746 770 963 851 remoto
984 763 1274 851 Signaculo
1294 763 1397 818 sub
1420 781 1528 836 quo
1553 760 1786 837 latebat,
1872 767 1975 851 est,
2011 763 2107 836 qui
2145 763 2323 819 Judaei
2367 762 2464 839 qui
2496 783 2561 820 ex
2590 767 3030 834 circumcisione,
3061 778 3120 829 et
3161 775 3257 848 qui
3289 777 3474 851 legem

225 855 272 912 id
297 862 371 925 est
396 854 588 932 eadem
620 848 1040 933 circumcisione
1068 850 1277 931 carnali
1325 853 1550 926 penitus
1582 852 1788 916 ablata.
1872 849 2106 927 habent,
2155 851 2405 907 haeredes
2454 854 2587 927 sunt
2647 852 3040 939 tantummodo
3084 848 3474 939 promissionis

224 944 337 1003 Emi
363 944 530 1021 etiam
559 943 619 1000 in
648 932 873 1015 signum
903 941 1114 997 eisdem
1138 942 1366 1007 Judmis,
1396 942 1461 997 ut
1484 943 1708 1023 quando
1736 945 1793 1021 in
1873 938 2112 1017 Abrahae
2138 939 2209 1019 de
2235 939 2481 1015 Christo,
2503 948 2561 1015 et
2585 959 2698 999 non
2723 942 2891 1001 etiam
2919 932 3178 1020 gentiles,
3207 944 3477 1015 evacuate

225 1030 403 1105 praeliis
423 1047 552 1086 cum
580 1030 707 1084 aliis
732 1031 1148 1094 sternebantur,
1172 1035 1229 1084 et
1247 1030 1384 1085 nudi
1404 1028 1795 1107 relinqueban-
1875 1029 1991 1084 sive
2022 1022 2336 1103 annihilata
2364 1036 2451 1084 est
2488 1028 2630 1103 fides
2676 1050 2788 1109 qua
2817 1035 2936 1109 ipse
2964 1039 3229 1097 credebat
3255 1044 3392 1114 Deo,
3418 1051 3478 1109 et

223 1129 317 1190 tur,
344 1138 405 1193 ex
425 1118 867 1196 circumcisionis
894 1119 1056 1190 signo
1078 1118 1274 1186 notati,
1299 1120 1601 1197 sepulturae
1636 1137 1801 1174 man-
1879 1114 2108 1193 abolita,
2143 1118 2328 1172 deleta
2356 1124 2443 1189 est
2469 1118 2764 1192 promissio
2785 1121 2854 1178 de
2882 1125 3128 1191 Christo.
3150 1118 3219 1187 Et
3240 1138 3326 1189 est
3353 1116 3472 1193 seu.

223 1200 729 1287 darentur.$ignum
750 1225 882 1280 ergo
904 1206 1119 1281 accepit
1141 1206 1589 1285 circumcisionis
1610 1207 1679 1283 ob
1698 1209 1800 1283 huj-
1880 1220 2010 1261 sus:
2043 1205 2102 1277 Si
2132 1200 2483 1262 solummodo
2516 1226 2612 1283 vos
2659 1210 2838 1281 Judaei
2879 1213 3189 1284 circumcisi
3226 1221 3478 1281 heredes

218 1282 440 1369 jusmodi
463 1282 661 1352 causas
680 1282 770 1365 ut
789 1297 1047 1365 diximus)
1066 1316 1078 1367 ;
1104 1314 1227 1368 quae
1244 1282 1594 1371 circumcisio
1615 1282 1736 1373 sign
1744 1282 1799 1351 a4
1880 1294 2269 1366 promissionis
2282 1294 2383 1350 Dei
2394 1294 2528 1369 estis
2538 1302 2620 1369 ,ut
2630 1315 2725 1353 vos
2738 1282 2924 1368 vultis,
2939 1282 3050 1360 non
3068 1296 3480 1381 implevitDeus

221 1388 384 1443 culum
425 1386 538 1442 fuit
573 1386 814 1461 justitiae
843 1385 974 1443 fidei
1004 1392 1127 1461 qua;
1156 1385 1212 1440 in
1245 1385 1518 1457 praeputio
1549 1392 1655 1452 est,
1688 1376 1799 1465 qua

221 1480 333 1553 anie
351 1464 433 1531 est
445 1474 789 1548 justiticatus
806 1476 906 1547 per
917 1472 1084 1553 ﬁdem
1099 1484 1266 1553 quam
1282 1464 1794 1551 circumcideretur.

219 1548 423 1639 Iustitia
452 1564 626 1621 etiam
656 1564 787 1639 ﬁdei
816 1548 1025 1618 dicitur
1058 1548 1190 1636 quia
1220 1562 1465 1637 primum
1494 1548 1663 1617 iidem
1694 1560 1799 1617 ha-

220 1654 339 1727 buit,
362 1658 417 1708 et
445 1671 549 1727 per
566 1671 689 1731 eam
714 1638 992 1727 justitiam
1020 1638 1337 1731 promeruit
1361 1652 1495 1731 quia
1519 1651 1797 1731 justiﬁca-

218 1746 296 1813 tus
321 1749 374 1821 et
415 1726 729 1821 mundatus
755 1747 842 1815 est
868 1741 939 1795 ab
971 1738 1232 1815 omnibus
1271 1726 1532 1821 peccatis.
1564 1726 1706 1795 Nam
1739 1740 1798 1821 in

219 1814 514 1907 gentilitate
543 1814 658 1886 sive
681 1831 740 1885 in
769 1814 1043 1905 praeputio
1068 1827 1305 1907 positus,
1347 1814 1455 1883 iide
1485 1833 1570 1883 est
1591 1814 1802 1904 justifi-

220 1920 373 1976 catus.
396 1920 471 1975 Et
496 1908 683 1997 reddit
699 1920 928 1997 causam
951 1924 1125 1995 quare
1142 1919 1250 1973 hoc
1270 1917 1501 1986 scilicet,
1524 1923 1587 1993 ut
1606 1920 1679 1972 sit
1703 1934 1804 1993 pa-

223 1998 292 2063 ter
319 2012 575 2064 omnium
604 1994 946 2085 credentium
968 1994 1070 2078 per
1096 2011 1458 2078 praptdium.
1489 2002 1599 2067 Per
1635 2005 1804 2087 fidem

224 2112 369 2179 quam
388 2095 596 2175 habuit
612 2097 672 2151 in
696 2096 992 2173 praeputio,
1016 2101 1180 2171 pater
1198 2101 1285 2151 est
1304 2096 1555 2174 omnium
1576 2096 1805 2167 creden-

220 2185 344 2264 tium
361 2188 483 2261 tam
511 2184 831 2265 udaeorum
856 2202 1023 2263 quam
1044 2184 1319 2257 gentium.
1343 2184 1487 2239 Nam
1514 2200 1682 2239 carne
1708 2201 1803 2259 pa-

222 2268 295 2328 ter
318 2276 396 2353 est
422 2273 751 2351 Iudaeorum
779 2272 893 2353 non
921 2273 1292 2333 credentium,
1326 2272 1435 2328 fide
1464 2270 1654 2328 autem
1685 2290 1802 2329 om-

225 2349 364 2418 niain
392 2349 750 2439 credentium
779 2349 1100 2417 ludaeorum
1131 2360 1188 2416 et
1228 2361 1503 2439 gentium,
1537 2360 1803 2434 quoniam

223 2447 368 2528 ﬁdem
565 2450 805 2529 credidit
830 2448 1112 2506 Abraham
1142 2434 1321 2529 Deum
1364 2434 1809 2529 omnipotentem

221 2524 323 2613 esse
349 2542 400 2613 et
422 2524 773 2617 Trinitatem
809 2538 1019 2617 habere
1049 2536 1107 2617 in
1138 2524 1412 2611 personis,
1447 2543 1504 2593 et
1533 2524 1808 2594 unitatem

220 2626 269 2682 in
286 2612 823 2707 substantia,ipsam
846 2612 1007 2705 quasi
1025 2612 1092 2682 ex
1116 2624 1446 2683 haereditate
1467 2633 1703 2699 paterna
1725 2645 1810 2682 re-

219 2714 381 2793 tinent
426 2716 749 2772 eredentes.
780 2712 854 2771 Et
898 2724 1074 2791 quare
1116 2721 1250 2793 sunt
1287 2730 1481 2793 omnes
1518 2716 1809 2793 credentes

220 2792 303 2883 filii
329 2805 573 2880 Abrahae
604 2822 707 2880 per
733 2800 939 2881 ﬁdem?
962 2811 1026 2860 ut
1058 2811 1346 2885 reputetur
1369 2804 1565 2859 eadem
1597 2804 1735 2881 fides
1760 2810 1809 2858 et

218 2884 319 2948 illis
429 2886 751 2965 justitiam,
784 2893 897 2968 sive
932 2893 1003 2949 ad
1028 2892 1687 2977 justiﬁcationemhsicut
1717 2910 1808 2948 re-

219 2982 396 3053 putate
426 2988 523 3039 est
550 2972 789 3039 Abrahae
831 2974 966 3038 dum
993 2972 1142 3038 esset
1170 2980 1352 3049 adhuc
1379 2983 1437 3037 in
1462 2982 1802 3059 gentilitate.

1881 1383 2311 1472 promissionem
2340 1402 2502 1439 suam
2547 1384 2716 1457 quam
2746 1380 2904 1456 dedit
2943 1380 3199 1463 Abrahae,
3230 1403 3294 1459 ut
3318 1408 3480 1472 pater

1882 1477 2027 1531 esset
2050 1471 2355 1526 multarum
2374 1473 2651 1551 gentium.
2675 1476 2745 1543 Et
2764 1474 2811 1531 si
2831 1476 2910 1533 ita
2932 1488 3035 1549 est,
3057 1484 3177 1555 jam
3202 1471 3482 1549 videbitur

1881 1559 1997 1613 Deo
2022 1558 2236 1637 frustra
2264 1559 2583 1618 Credidisse.
2603 1560 2729 1617 Non
2755 1573 2841 1640 est
2867 1583 2999 1639 ergo
3026 1562 3156 1625 data
3183 1575 3482 1640 promissio

1882 1590 1997 1613 νῦν
2022 1590 2061 1613 ιι
2079 1590 2236 1637 unum
2264 1590 2312 1614 υι
2327 1590 2583 1618 υιιιυιδδυ.
2603 1590 2729 1617 nun
2755 1590 2841 1640 est
2867 1590 2999 1639 ergo
3026 1590 3156 1625 (lata

1882 1644 2121 1721 Abrahae
2149 1665 2250 1725 per
2277 1646 2479 1727 legem,
2509 1646 2605 1705 sed
2631 1669 2733 1726 per
2760 1650 2949 1727 fidem.
2973 1590 3219 1724 Quare?p

1954 1736 2059 1811 Leu;
2077 1738 2227 1790 enim
2258 1739 2409 1791 iram
2432 1746 2712 1809 operatur,
2737 1736 2795 1797 id
2811 1750 2897 1817 est
2912 1743 3215 1806 vindictam
3230 1742 3351 1813 Dei.
3370 1754 3485 1816 Lex

1884 1839 1996 1879 non
2027 1823 2183 1881 dedit
2211 1825 2365 1880 illam
2394 1826 2827 1901 promissionem
2862 1828 3123 1903 Abrahae,
3168 1840 3267 1897 sed
3298 1841 3482 1903 vindi-

1887 1916 2035 1987 ctam
2064 1914 2350 1991 operatur,
2383 1908 2518 1969 dum
2547 1914 2683 1972 dicit
2714 1937 2726 1971 :
2761 1918 2998 1999 Dentem
3041 1942 3144 1997 pro
3174 1918 3372 1995 dente.

1888 2000 1984 2075 qui
2014 2001 2295 2083 occiderit,
2320 2003 2623 2081 occidatur.
2648 2007 2745 2061 Ubi
2770 2025 2883 2083 non
2913 2004 2989 2065 est
3015 2015 3115 2081 lex,
3151 2026 3246 2089 nec
3267 2008 3483 2088 praua;

1886 2092 2104 2176 riceris,
2137 2089 2404 2147 subaudis
2432 2096 2612 2160 tanta,
2641 2096 2729 2149 vel
2758 2112 2870 2171 non
2899 2094 2979 2153 ita
3005 2092 3338 2176 imputatur.
3367 2094 3486 2173 Hoc

1884 2175 2184 2263 dupliciter
2209 2179 2446 2252 intelligi
2472 2186 2693 2254 potest:
2719 2176 2815 2255 ubi
2844 2186 2953 2242 non
2976 2195 3059 2245 est
3078 2175 3169 2247 lex
3186 2196 3484 2265 naturalis,

1884 2283 1997 2321 non
2019 2268 2106 2322 est
2128 2270 2289 2349 tanta
2310 2268 2694 2349 praevaricatio
2717 2272 2968 2355 ejusdem
2988 2274 3147 2352 legis.
3172 2272 3342 2351 Verbi
3359 2301 3488 2355 ενα.

1890 2355 2006 2445 tia:
2043 2356 2306 2437 Quandiu
2333 2357 2642 2414 infantibus
2671 2378 2785 2439 non
2812 2352 2960 2437 viget
2987 2352 3491 2445 intelligentia'aut

1891 2435 2217 2519 intellectus
2236 2448 2512 2502 naturalis
2540 2446 2684 2525 legis
2715 2435 3068 2527 discernendi
3100 2435 3251 2525 int-er
3277 2435 3489 2521 bonum

1892 2539 1949 2611 et
1978 2535 2213 2615 malum,
2242 2533 2377 2607 licet
2406 2536 2723 2617 percutiant
2770 2547 3010 2615 patrem,
3044 2526 3338 2606 verberent
3365 2567 3492 2611 ma-

1891 2627 2057 2713 trem,
2090 2624 2431 2713 maledicunt
2459 2626 2808 2704 parentibus,
2838 2646 2950 2704 non
2976 2639 3061 2703 est
3089 2626 3248 2707 tanta
3277 2655 3491 2713 praeva-

1889 2710 2106 2776 ricatio,
2132 2706 2235 2767 nec
2264 2713 2345 2766 ita
2374 2712 2689 2789 imputatur
2716 2714 2797 2771 eis
2824 2716 2970 2774 sicut
2994 2706 3374 2795 postmodum,
3394 2706 3493 2788 ubi

1890 2800 2147 2856 venerint
2187 2800 2257 2855 ad
2286 2801 2570 2873 legitimos
2597 2821 2795 2871 annos,
2828 2808 2885 2862 et
2913 2807 3008 2864 ubi
3050 2808 3280 2885 creperit
3304 2814 3492 2887 vigere

1890 2889 1950 2943 in
1978 2888 2087 2943 illis
2117 2891 2394 2945 naturalis
2414 2888 2749 2951 intellectus.
2770 2896 2953 2963 Aliter
2978 2917 2990 2953 :
3017 2899 3122 2963 Ubi
3150 2917 3262 2957 non
3288 2886 3375 2961 est
3401 2886 3492 2965 lei

1889 2975 2089 3050 Moysi,
2129 2974 2261 3053 licet
2305 2989 2497 3051 peccet
2527 2976 2751 3055 aliquis,
2784 3002 2897 3041 non
2927 2993 3013 3043 est
3038 2994 3199 3046 tanta
3225 2994 3506 3064 praevarie

221 3070 359 3153 Sicut
384 3073 541 3147 enim
571 3071 855 3151 Abraham
880 3081 1183 3149 antequam
1219 3058 1711 3128 circumcideretur
1735 3070 1804 3125 ﬁ-
1825 3077 1870 3139 ο
1891 3067 2057 3133 catio,
2081 3084 2182 3141 nec
2210 3067 2291 3122 ita
2317 3069 2633 3145 imputatur
2663 3071 2714 3147 ei
2744 3072 2839 3151 qui
2869 3092 2982 3132 non
3011 3071 3180 3135 habet
3207 3058 3390 3156 ipsam
3415 3074 3493 3141 le-

221 3148 565 3240 dem'habuit
591 3148 703 3235 qua
722 3158 884 3240 pater
908 3160 995 3214 est
1021 3148 1391 3237 eredentium,
1418 3164 1475 3217 et
1501 3165 1699 3232 postea
1715 3176 1811 3233 ge-

222 3238 329 3303 nuit
355 3250 540 3316 Isaac,
586 3256 651 3321 ex
682 3238 794 3328 quo
825 3254 986 3319 pater
1014 3254 1100 3303 est
1126 3247 1469 3314 Judaeorum,
1512 3247 1591 3328 sic
1621 3248 1810 3323 potius

222 3344 363 3409 pater
375 3340 460 3393 est
480 3324 869 3411 spiritualium
885 3354 1052 3408 quam
1074 3337 1408 3405 earnalium,
1423 3338 1480 3391 et
1497 3324 1579 3392 ita
1598 3336 1808 3392 factum

223 3430 295 3493 est
315 3426 375 3499 ut
399 3428 473 3482 sit
498 3431 668 3501 pater
690 3425 946 3498 gentium
967 3443 1069 3499 per
1092 3426 1281 3501 iidem.

146 3554 151 3557 -
242 3502 245 3505 ’
280 3515 340 3593 Εἰ
369 3520 441 3570 sit
463 3518 636 3590 pater
664 3516 1125 3593 circumcisionis,
1150 3515 1208 3570 id
1234 3519 1321 3570 est
1338 3514 1660 3584 Iudaeorum
1687 3532 1808 3569 cre—

222 3592 451 3685 dentium
475 3608 541 3687 et
562 3622 671 3685 non
697 3592 1045 3681 credentium
1063 3621 1166 3679 per
1183 3606 1431 3681 carnem,
1448 3621 1561 3661 non
1580 3592 1665 3659 his
1688 3604 1809 3660 tan-

222 3696 325 3745 tum
351 3696 449 3765 qui
476 3694 619 3771 sunt
645 3696 708 3748 ea:
732 3695 1169 3756 circumcisione,
1188 3694 1279 3748 sed
1300 3699 1348 3747 et
1379 3694 1463 3747 his
1486 3695 1586 3771 qui
1605 3702 1813 3748 sectan-

223 3787 305 3834 tur
328 3764 561 3851 vestigia
583 3764 734 3850 fidei,
765 3799 884 3852 quae
920 3788 995 3836 est
1038 3786 1100 3837 in
1128 3784 1394 3853 praeputio
1419 3764 1603 3852 patris
1635 3785 1812 3836 nostri

219 3872 446 3945 Abi-aha.
473 3876 563 3928 Ac
592 3873 642 3927 si
663 3871 876 3927 diceret
903 3860 1029 3926 aliis
1048 3870 1231 3927 verbis
1259 3890 1273 3925 :
1297 3872 1422 3926 Non
1448 3866 1559 3926 illis
1587 3872 1812 3926 tantum

219 3955 405 4014 Iudaeis
426 3954 723 4037 Abraham
745 3965 833 4015 est
849 3963 1030 4032 pater,
1048 3959 1134 4015 vel
1155 3964 1452 4030 reputatur
1471 3957 1610 4014 ﬁdes
1629 3957 1811 4013 Abra-

218 4044 290 4101 haz
305 4047 372 4102 ad
389 4046 887 4120 justiﬁcationem,
909 4047 1005 4121 qui
1027 4045 1437 4102 descenderunt
1457 4042 1525 4100 de
1545 4045 1813 4121 progenie

218 4124 354 4208 illius
380 4141 692 4221 postquam
725 4120 1205 4213 circumcisionem
1243 4134 1473 4213 accepit,
1505 4120 1603 4191 sed
1640 4122 1698 4189 et
1724 4132 1813 4209 his

216 4218 509 4306 gentilibus
523 4225 626 4301 qui
636 4225 653 4297 i
663 4224 937 4306 mitantur
948 4224 1202 4306 exempla
1214 4218 1494 4306 iidei,quze
1511 4229 1594 4301 est
1605 4223 1663 4279 in
1678 4240 1815 4296 prae-

217 4313 359 4381 putio
380 4298 571 4393 patris
596 4298 785 4393 nostri
813 4298 1070 4369 Abrahae.
1100 4298 1393 4393 Namrillis
1416 4299 1506 4369 est
1528 4298 1813 4389 Abraham

1890 3172 2019 3227 gem
2065 3157 2113 3211 si
2158 3159 2490 3237 peccaverit,
2527 3159 2658 3231 quia
2707 3179 2822 3217 non
2866 3161 3056 3222 existit
3098 3172 3494 3247 praevaricator

1892 3246 2035 3317 ejus,
2063 3244 2208 3326 sicut
2236 3244 2330 3301 ille
2357 3246 2445 3303 cui
2474 3244 2607 3326 data
2637 3254 2724 3309 est
2751 3252 2822 3323 ad
2850 3244 3261 3323 observandum
3291 3279 3304 3316 :
3335 3261 3493 3320 ideo-

1894 3350 2003 3406 que
2025 3333 2120 3388 ubi
2150 3341 2433 3409 praecepta
2458 3332 2618 3417 legis,
2649 3339 2745 3394 ubi
2774 3335 3249 3413 praevaricationis
3279 3336 3497 3409 occasio

1892 3429 1950 3478 et
1976 3422 2072 3477 ubi
2100 3423 2509 3503 praevaricatio,
2535 3425 2629 3481 ubi
2658 3429 2838 3501 maior
2856 3426 2942 3487 ira
2960 3434 3061 3489 Dei
3086 3442 3144 3491 et
3162 3426 3406 3505 vindicta
3432 3442 3496 3500 in

1892 3512 2392 3583 praevaricatorem.
2432 3514 2627 3570 Potest
2654 3514 2712 3571 et
2737 3513 2906 3575 tertio
2934 3514 3174 3598 intelligi
3204 3545 3216 3580 :
3247 3516 3354 3587 Ubi
3379 3546 3494 3589 non

1893 3598 1980 3652 est
2000 3599 2085 3653 lex
2109 3600 2409 3674 Evangelii,
2437 3602 2584 3659 sicut
2604 3605 2663 3659 in
2690 3605 2944 3680 paganis,
2975 3627 3088 3667 non
3116 3619 3200 3669 est
3225 3602 3495 3689 praevari-

1894 3688 2042 3759 catio
2090 3688 2268 3756 tanta,
2303 3697 2495 3746 tamen
2525 3710 2637 3748 non
2676 3694 2802 3750 ideo
2847 3697 3128 3757 immunes
3171 3718 3207 3758 ει
3247 3690 3494 3766 vindicta

1895 3775 1996 3920 Bai
2018 3770 2213 3832 erant:
2243 3778 2377 3852 quia
2401 3795 2507 3853 per
2527 3785 2841 3837 creaturam
2870 3791 3133 3860 poterant
3157 3807 3493 3869 cognoscere

1941 3869 2240 3920 reatorem.

1941 3869 2240 3920 reatorem.

1965 3954 2086 4047 ideo
2115 3971 2180 4010 ea:
2209 3954 2332 4024 ﬁde,
2365 3963 2428 4011 ut
2456 3952 2759 4016 secundum
2784 3968 3033 4033 gratiam
3061 3971 3230 4047 firma
3260 3976 3332 4034 sit
3355 3991 3492 4047 pro-

1895 4044 2085 4123 missio
2109 4047 2264 4098 omni
2288 4050 2492 4121 semini
2517 4048 2770 4115 Abrahae.
2796 4052 3005 4109 Sensus
3032 4042 3213 4127 igitur.
3234 4060 3343 4117 iste
3357 4042 3485 4119 est:

1898 4130 2042 4213 Quia
2070 4134 2183 4213 non
2208 4134 2294 4209 est
2313 4130 2472 4213 tanta
2495 4128 2879 4208 praevaricatio
2902 4141 2960 4198 in
2979 4128 3243 4217 gentibus
3264 4132 3357 4213 ubi
3377 4150 3494 4209 non

1897 4225 1983 4315 est
2012 4218 2327 4315 lex-Moysi,
2361 4221 2572 4315 quanta
2599 4223 2657 4301 in
2681 4222 2907 4315 Iudaeis,
2938 4220 3063 4288 ideo
3089 4251 3155 4290 ex
3182 4224 3293 4315 fide
3310 4226 3371 4297 et
3389 4258 3494 4315 per

1897 4309 2064 4365 fidem
2096 4311 2485 4383 justificantur
2508 4314 2702 4370 omnes
2731 4312 2929 4386 Judaei,
2961 4321 3075 4377 sive
3101 4314 3342 4395 gentiles
3370 4309 3494 4386 cre-

216 4380 602 4495 ιέξξεὲῖξξίιιῑε
624 4384 1229 4495 θειέυίβιξινβξίεῖῖελυε
1257 4380 1328 4456 ait
1352 4380 1883 4495 eaeam
1900 4380 2118 4495 dentes;
2149 4406 2206 4495 ef
2235 4417 2336 4479 ρειν
2368 4399 2536 4495 ﬁdem
2568 4409 2702 4459 sunt
2743 4380 3013 4495 heredes.
3042 4380 3156 4487 ne;
3185 4380 3496 4493 ρετῐοέξῐιι

219 4481 301 4563 qui
327 4476 636 4567 imitantur
648 4476 903 4567 exempla
919 4489 1049 4545 ﬁdei
1063 4476 1213 4545 illius
1228 4507 1351 4567 quae
1365 4489 1493 4561 data
1508 4490 1593 4567 est
1603 4489 1674 4558 ei,
1689 4476 1818 4545 cum

216 4578 384 4661 adhuc
401 4564 563 4661 esset
580 4580 640 4639 in
655 4564 975 4659 gentilitate
989 4596 1111 4659 quae
1126 4564 1461 4659 praeputium
1481 4564 1815 4652 appellatur.

277 4668 396 4724 Nan
421 4670 583 4743 enim
596 4670 704 4741 per
735 4671 903 4738 legem
918 4670 1217 4738 promissio
1241 4666 1471 4745 Abrahz
1491 4668 1592 4722 aut
1617 4666 1820 4722 Semini

216 4756 340 4831 ejus,
368 4744 433 4813 id
459 4764 554 4831 est
583 4756 813 4813 Christo
843 4756 977 4831 data
1014 4744 1118 4826 est,
1150 4754 1213 4811 ut
1241 4744 1407 4812 haeres
1437 4760 1564 4811 esset
1593 4756 1815 4831 mundi,

214 4828 297 4923 sed
308 4852 408 4916 per
407 4851 440 4919 j
446 4828 713 4919 astitian
729 4832 861 4915 ﬁdei
875 4828 1043 4923 quam
1059 4838 1256 4900 habuit
1269 4832 1571 4917 antequam
1584 4828 1820 4900 circum-

215 4916 513 5017 cideretur,
543 4916 603 5009 et
630 4916 939 5017 antequam
968 4934 1125 4988 illam
1144 4916 1575 5007 promissionem
1606 4930 1820 5017 accipe-

215 5004 473 5105 τέἱξῖᾷβρ
506 5004 836 5098 ωὶὲἰῆῬεῖιν
868 5014 1056 5105 legem
1076 5026 1079 5029 ’
1102 5004 1215 5103 non
1245 5024 1332 5101 est
1377 5021 1525 5097 facta
1557 5014 1644 5099 vel
1687 5006 1820 5103 data

217 5099 508 5193 premissio
530 5106 793 5193 Abrahze,
819 5129 930 5186 qua
950 5099 1270 5193 di'ctuml’lest
1287 5110 1368 5193 iiii
1394 5129 1405 5163 :
1432 5111 1657 5177 Patrem
1680 5099 1822 5191 mul-

217 5186 389 5256 ta‘rum
410 5186 682 5273 gentium
699 5183 866 5273 posui
889 5186 1038 5265 te,et
1068 5185 1136 5254 iri
1153 5183 1360 5254 semine
1387 5202 1479 5253 tuo
1506 5184 1822 5253 benedz'Cen-

221 5293 306 5342 tur
326 5301 521 5345 omnes
543 5297 729 5368 gentes
755 5290 906 5371 (Gen.
929 5292 1089 5367 xiiii),
1109 5288 1243 5371 quia
1262 5304 1374 5371 non
1395 5290 1517 5342 erat
1535 5274 1719 5369 adhuc

1901 4492 1966 4571 ut
1980 4488 2288 4577 secundum
2304 4488 2547 4571 gratiam
2571 4509 2738 4577 quam
2757 4488 2937 4567 gratis
2957 4501 3218 4577 promisit
3240 4522 3252 4558 :
3279 4488 3394 4563 non
3411 4526 3496 4571 se-

1900 4574 2146 4633 cundum
2174 4570 2461 4653 meritum,
2486 4597 2668 4659 neque
2693 4570 3001 4645 secundum
3026 4590 3203 4664 legem
3234 4582 3398 4655 firma
3421 4582 3497 4659 sit

1900 4665 2219 4749 promissio,
2252 4683 2421 4747 quam
2446 4668 2706 4745 promisit
2733 4672 2881 4731 Deus
2906 4678 3059 4732 omni
3086 4680 3288 4733 semini

1899 4753 2005 4851 liae,
2038 4770 2152 4836 non
2182 4754 2364 4811 solum
2404 4772 2495 4851 ex‘
2515 4755 2740 4851 Iudaeis,
2773 4752 2871 4817 sed
2911 4762 3081 4819 etiam
3110 4781 3180 4823 ex
3204 4760 3493 4849 gentibus.

1900 4842 2036 4907 Quae
2066 4847 2152 4897 est
2180 4843 2290 4897 ista
2316 4840 2618 4916 promissio
2633 4847 2658 4900 ?
2684 4846 3094 4919 Benedicentur,
3119 4840 3325 4926 inquit,
3359 4860 3422 4913 in
3449 4846 3497 4917 te

1900 4947 2087 4986 omnes
2107 4937 2292 5019 gentes
2324 4933 2470 5001 (Gen.
2501 4936 2657 5009 xsn),
2681 4942 3007 5019 patremque
3028 4945 3345 5001 multarum
3371 4934 3502 5019 gen-

1904 5022 2047 5075 tium
2065 5006 2229 5101 posui
2258 5026 2305 5075 te
2324 5018 2480 5095 (Gen.
2682 5006 2841 5081 Unde
2869 5006 3124 5103 sequitur
3148 5050 3160 5086 :
3193 5035 3318 5090 Non
3348 5006 3500 5101 enim

1903 5111 1954 5165 ei
1971 5112 2071 5187 qui
2099 5126 2165 5197 ea;
2194 5110 2303 5178 lege
2322 5113 2396 5187 est
2429 5106 2629 5175 solum,
2648 5115 2740 5168 sed
2762 5122 2813 5169 et
2830 5119 2883 5171 ei
2909 5122 3009 5187 qui
3027 5136 3090 5174 es;
3108 5124 3213 5189 ﬁde
3235 5129 3313 5191 est
3330 5114 3507 5183 Abra-

1903 5198 2001 5263 hae,
2022 5200 2123 5269 qui
2148 5203 2224 5254 est
2249 5203 2409 5267 pater
2431 5204 2685 5256 omnium
2720 5211 2992 5281 nostrum.
3023 5208 3232 5277 Sensus
3252 5204 3359 5285 iste
3381 5221 3466 5279 est
3490 5233 3502 5271 :

1905 5287 2202 5369 promissio
2234 5303 2356 5357 quae
2399 5285 2547 5363 facta
2593 5294 2675 5363 est
2725 5286 2795 5347 ad
2847 5286 3128 5354 Abraham
3160 5301 3230 5355 de
3261 5302 3505 5367 Christo.

220 5392 334 5447 quae
363 5384 496 5452 post
530 5358 977 5463 quadringentos
1001 5380 1059 5455 et
1082 5362 1321 5463 triginta
1349 5382 1528 5463 annus
1553 5358 1684 5461 data
1715 5362 1819 5457 est.
1908 5375 2042 5449 quia
2063 5360 2119 5429 in
2140 5360 2353 5453 semine
2381 5374 2505 5446 ejus
2528 5360 2932 5439 benedicentur
2944 5402 3137 5443 omnes
3155 5396 3379 5462 gentes,
3397 5358 3509 5449 non

221 5450 502 5547 Abraham
521 5450 659 5553 ergo
672 5450 1150 5553 inChri'stohreres'
1168 5450 1616 5551 estmundi,quia
1633 5450 1827 5553 omnes
1909 5464 1961 5518 ei
1990 5461 2181 5547 Judaeo
2211 5450 2437 5545 firmata
2456 5472 2542 5539 est
2561 5466 2910 5543 solummodo
2941 5472 3051 5539 ista
3068 5450 3383 5551 provmissio',
3410 5481 3505 5553 qui

218 5538 506 5643 credentes
959 5538 1361 5641 suiitABrahte,
1383 5560 1440 5610 et
1459 5538 1649 5639 ipsein
1671 5538 1829 5633 (ξᾘῆ-
1912 5570 1976 5607 ex
2007 5538 2130 5627 lege
2159 5538 2605 5633 cii'cumcisionis
2632 5538 2938 5651 descendit,
2979 5538 3087 5651 sed.
3110 5550 3278 5627 etiam
3324 5538 3504 5642 gentil
