3970 6150
481 291 586 348 399

939 291 1318 345 HAYMONIS
1351 290 1836 345 HALBERS’I‘AT.
1870 290 2093 345 EPlSC.
2127 292 2286 348 OPP.
2324 295 2508 350 PARS
2540 297 2584 350 I.
2620 326 2683 336 —
2714 295 3089 352 COMMENT.
3121 295 3306 351 BIBL.

3609 304 3693 362 400

475 424 702 477 ﬁrmata
732 424 838 487 est,
861 420 957 491 qui
988 436 1054 473 ex
1079 419 1188 473 ﬁde
1211 419 1362 474 ﬁlius
1387 425 1473 472 est
1491 417 1731 472 Abrahae
1752 417 1848 488 qui
1873 423 1958 471 est
1977 434 2078 488 pa-
2095 419 2145 476 A
2163 419 2295 473 dum
2327 428 2411 475 est
2439 426 2627 475 autem
2676 427 2920 492 quatuor
2955 420 3194 475 existere
3225 436 3409 476 causas
3429 422 3509 492 (ut
3530 423 3697 480 beatus

479 518 568 566 ter
596 511 846 566 omnium
877 509 1245 563 credentium.

548 600 704 657 Sicut
750 602 1020 668 scriptum
1062 603 1157 660 est,
1192 598 1250 651 in
1279 597 1402 666 lege
1431 594 1606 666 Moysi
1640 613 1654 650 :
1692 596 1833 663 Quia
1856 601 2077 662 patrem

479 691 794 744 multarum
813 691 1063 756 gentium
1081 689 1244 755 posui
1262 691 1326 748 te,
1351 689 1476 738 ante
1491 686 1665 738 Deum
1683 687 1778 736 cui
1795 683 2080 737 credidisti

479 779 628 846 (Gen.
642 775 912 847 xvn).Hic
933 775 1249 846 percutitur
1263 773 1583 828 Iudaeorum
1605 771 1996 844 superbia,{qui
2017 789 2077 826 se

478 866 795 937 gloriantur
837 865 907 919 de
943 863 1211 935 progenie
1253 861 1492 916 Abrahae
1536 861 1910 916 descendisse.
1951 862 2078 916 Non

481 955 632 1010 enim
663 955 742 1009 ait
771 973 781 1007 :
814 955 1038 1008 Patrem
1073 953 1243 1007 unius
1261 951 1446 1024 gentis
1465 951 1786 1004 Israeliticae
1816 949 2080 1004 constitui

473 1050 550 1111 te,
575 1044 673 1098 sed
702 1049 919 1115 patrem
943 1041 1194 1096 omnium
1222 1041 1477 1111 gentium
1501 1055 1602 1110 per
1622 1039 1789 1093 ﬁdem
1815 1038 2081 1093 constitui

473 1138 550 1191 te.
573 1133 683 1186 Per
702 1147 928 1186 carnem
951 1130 1098 1184 enim
1121 1135 1282 1201 pater
1296 1127 1622 1182 Judaeorum
1646 1133 1750 1192 est,
1777 1144 1876 1198 per
1906 1127 2076 1182 ﬁdem

473 1226 662 1277 autem
695 1221 948 1275 omnium
968 1220 1243 1290 gentium.
1259 1217 1327 1271 Et
1354 1224 1505 1270 recte
1531 1216 1746 1270 addidit
1769 1215 2075 1286 Apostolus

474 1326 541 1365 ex
564 1326 668 1364 sua
691 1308 1157 1379 interpretatione
1179 1325 1190 1360 :
1214 1308 1360 1359 Ante
1376 1305 1554 1359 Deum
1575 1304 1665 1359 cui
1685 1303 1990 1370 credidisti,
2015 1303 2072 1358 id

474 1402 562 1452 est
587 1415 778 1453 coram
806 1398 923 1451 Deo
966 1396 1055 1451 cui
1102 1394 1390 1450 credidisti
1418 1394 1479 1448 in
1508 1394 1694 1449 corde.
1728 1392 1890 1448 Multi
1920 1393 2070 1448 enim

473 1493 608 1542 sunt
635 1487 732 1559 qui
753 1487 1011 1540 videntur
1031 1485 1256 1539 credere
1277 1483 1335 1538 in
1353 1483 1554 1545 Deum,
1578 1482 1676 1535 sed
1697 1497 1808 1534 non
1835 1481 2072 1536 credunt

473 1580 607 1630 ante
634 1576 834 1631 Deum.
868 1575 955 1630 Illi
981 1579 1172 1628 autem
1202 1589 1312 1627 non
1336 1571 1572 1626 credunt
1592 1576 1723 1624 ante
1752 1571 1950 1633 Deum,
1977 1569 2073 1641 qui

474 1665 814 1719 conﬁtentur
840 1681 900 1718 se
925 1663 1154 1718 credere
1176 1662 1352 1716 Deum
1377 1659 1581 1723 verbis,
1603 1659 1700 1713 sed
1721 1659 1876 1713 aliud
1906 1658 2073 1714 corde

472 1753 739 1808 retinent.
762 1753 850 1808 Illi
872 1769 1001 1807 vero
1032 1757 1164 1806 ante
1188 1750 1366 1805 Deum
1398 1749 1654 1815 credunt,
1683 1748 1779 1819 qui
1807 1753 1928 1802 tota
1950 1747 2073 1801 ani-

2157 507 2292 562 dicit
2310 508 2655 580 Ambrosius)
2679 526 2802 580 quae
2822 508 3067 563 reddunt
3090 507 3321 562 feminas
3343 510 3560 576 steriles,
3575 513 3699 568 vide-

2156 597 2286 651 licet
2311 603 2408 652 aut
2439 598 2582 668 quod
2616 614 2807 652 semen
2835 597 2993 652 virile
3029 613 3139 650 non
3187 597 3428 667 pervenit
3451 613 3607 669 usque
3639 600 3698 654 ad

2156 685 2340 739 locum
2362 687 2756 758 conceptionis,
2791 691 2889 741 aut
2921 686 3056 758 quia
3075 685 3278 740 mulier
3298 701 3405 740 non
3433 687 3562 741 valet
3587 688 3702 742 illud

2159 775 2425 842 retinere,
2448 781 2546 830 aut
2568 775 2700 847 quia
2717 792 2829 830 non
2850 774 3020 829 habet
3039 775 3283 845 vigorem
3302 774 3554 845 coquendi
3571 776 3702 844 illud,

2161 869 2262 918 aut
2291 864 2422 935 quia
2450 864 2615 918 ambo
2637 880 2799 920 senes
2826 864 2996 919 simul
3024 863 3359 918 conveniunt
3379 868 3434 917 et
3458 870 3705 920 senectute

2159 960 2486 1023 gravantur,
2519 956 2832 1008 secundum
2875 955 3021 1022 quod
3053 954 3266 1006 dictum
3290 957 3362 1006 est
3389 955 3438 1006 ei
3466 972 3480 1006 :
3510 953 3590 1008 Sic
3618 957 3707 1008 erit

2160 1058 2342 1096 semen
2365 1046 2546 1107 tuum,
2564 1046 2708 1096 sicut
2729 1044 2895 1096 stella:
2913 1044 3031 1097 creti
3054 1047 3106 1095 et
3129 1057 3302 1096 arena
3322 1044 3504 1095 maris.
3537 1041 3707 1096 Semen

2159 1129 2394 1186 Abrahae
2422 1131 2480 1184 in
2509 1131 2615 1184 hoc
2642 1131 2763 1186 loco
2796 1131 3137 1201 intelligitur
3164 1135 3280 1184 tam
3311 1129 3591 1184 multitudo
3614 1129 3711 1184 Ju-

2157 1220 2427 1287 daeorum,
2454 1236 2692 1290 quorum
2716 1225 2876 1291 pater
2890 1236 2992 1291 per
3010 1235 3238 1274 carnem
3259 1224 3343 1273 est
3360 1225 3414 1273 et
3439 1235 3530 1290 per
3548 1218 3705 1284 ﬁdem,

2158 1319 2328 1379 quam
2377 1309 2548 1362 etiam
2580 1308 2830 1362 omnium
2873 1308 3129 1380 gentium
3160 1307 3475 1374 multitudo,
3504 1323 3710 1378 quorum

2155 1403 2316 1468 pater
2343 1397 2694 1452 solummodo
2729 1403 2815 1452 est
2841 1414 2942 1469 per
2981 1397 3168 1452 ﬁdem.
3200 1397 3272 1450 Et
3297 1396 3500 1450 dictum
3528 1401 3604 1449 est
3625 1395 3711 1449 hoc

2153 1485 2563 1557 hyperbolicos,
2582 1503 2683 1559 per
2702 1491 2927 1557 tropum
2951 1485 3160 1540 scilicet
3181 1485 3346 1540 ﬁdem
3372 1485 3706 1539 excedentem.

2154 1575 2312 1629 Licet
2354 1575 2505 1629 enim
2546 1592 2659 1646 prae
2699 1573 3061 1630 multitudine
3106 1591 3218 1628 non
3263 1573 3437 1645 possit
3464 1572 3712 1627 numerari

2146 1656 2225 1718 'ab
2239 1663 2561 1718 hominibus
2578 1679 2771 1718 semen
2785 1661 3046 1730 Abrahae,
3068 1663 3182 1718 Deo
3195 1668 3388 1717 tamen
3407 1660 3714 1717 numerabile

2155 1758 2258 1807 est.
2285 1753 2721 1824 Notandumque
2751 1770 2852 1824 per
2883 1752 3074 1806 stellas
3104 1757 3162 1806 et
3188 1768 3417 1806 arenam
3445 1749 3712 1806 secundum

471 1857 584 1906 ma,
612 1847 732 1896 toto
754 1841 939 1906 corde,
960 1847 1081 1895 tota
1105 1840 1309 1894 virtute
1336 1837 1495 1893 illum
1519 1837 1782 1928 diligunt,
1804 1841 1868 1890 ut
1892 1836 2073 1890 Abra-
2090 1869 2136 1928 Β
2155 1841 2454 1912 quemdam
2484 1841 2771 1896 doctorem
2802 1840 3226 1912 intelligendum
3261 1857 3383 1895 esse
3410 1837 3714 1911 generaliter

471 1931 623 1997 ham,
642 1937 700 1987 et
725 1931 820 2004 qui
851 1932 1037 2003 potius
1065 1929 1124 1983 in
1153 1929 1405 1983 interiori
1432 1927 1659 1982 homine
1684 1926 1742 1980 in
1771 1931 2074 1998 conspectu

470 2020 574 2075 Dei
599 2021 769 2076 ﬁdem
794 2026 1018 2075 servant
1044 2036 1056 2072 :
1085 2035 1256 2089 quam
1273 2019 1330 2071 in
1350 2016 1727 2072 ostentatione
1746 2015 2034 2069 hominum
2056 2033 2068 2068 :

473 2108 618 2164 sicut
646 2115 733 2164 est
775 2109 958 2163 carnis
989 2106 1334 2162 circumcisio
1369 2124 1380 2158 :
1414 2108 1514 2174 qui
1556 2107 1797 2172 viri/icat
1829 2109 2072 2158 mortuos

470 2214 573 2269 per
597 2199 765 2252 ﬁdem
788 2204 845 2251 et
869 2197 1113 2267 gratiam
1142 2211 1326 2257 suam,
1352 2193 1409 2248 id
1439 2199 1527 2248 est
1542 2193 1780 2264 gentiles
1801 2199 1859 2247 et
1876 2208 2072 2247 omnes

473 2283 570 2354 qui
608 2286 819 2338 mortui
860 2289 990 2338 sunt
1019 2300 1122 2355 per
1165 2282 1556 2337 inﬁdelitatem
1586 2283 1647 2336 in
1687 2282 1946 2354 peccatis.
1982 2283 2073 2338 Sic

475 2372 624 2427 enim
679 2373 815 2427 vivit
838 2374 1028 2443 justus
1058 2389 1160 2444 per
1187 2371 1378 2438 ﬁdem,
1411 2371 1494 2426 ita
1537 2371 1778 2425 moritur
1812 2376 2072 2442 peccator

468 2478 571 2534 per
597 2462 1068 2527 incredulitatem,
1099 2462 1180 2516 vel
1205 2467 1357 2516 certe
1383 2460 1524 2515 dixit
1549 2460 1790 2514 viviﬁcat
1807 2461 1912 2515 sub
1933 2478 2070 2532 prae-

468 2551 617 2606 senti
664 2556 939 2623 tempore,
993 2567 1094 2623 pro
1156 2550 1347 2605 futuro
1389 2548 1705 2604 viviﬁcabit.
1751 2550 1877 2621 Ipse
1917 2549 2069 2604 enim

467 2639 764 2695 suscitabit
791 2641 905 2695 sive
935 2639 1233 2693 viviﬁcabit
1260 2644 1512 2693 mortuos
1542 2639 1602 2693 in
1632 2639 1722 2693 die
1741 2638 1960 2709 judicii,
1989 2638 2071 2692 si-

465 2736 562 2786 cut
605 2731 666 2785 in
695 2729 994 2801 Evangelio
1024 2729 1162 2783 dicit
1190 2754 1201 2786 ;
1257 2730 1431 2782 Veniet
1465 2729 1603 2782 hora
1634 2729 1856 2798 quando
1884 2744 2069 2782 omnes

465 2819 566 2886 qui
593 2815 657 2869 in
683 2817 1058 2869 monumentis
1086 2818 1238 2880 sunt,
1262 2814 1492 2867 audient
1521 2830 1697 2867 vocem
1722 2814 1856 2866 Filii
1883 2814 1999 2878 Dei,
2022 2817 2072 2866 et

465 2908 774 2976 precedent,
807 2909 907 2975 qui
933 2907 1072 2959 bona
1098 2907 1346 2973 fecerunt
1378 2907 1439 2958 in
1465 2906 1924 2958 resurrectionem
1949 2906 2071 2958 vita:

466 2997 646 3066 (Joan.
684 2996 756 3064 v).
780 2996 847 3049 Et
871 3000 1020 3048 vocat
1043 3009 1104 3047 ea
1127 3011 1245 3062 qua
1267 3010 1377 3047 non
1403 2997 1554 3058 sunt,
1577 2997 1846 3062 tanquam
1867 3009 1928 3047 ea
1951 3009 2068 3062 qua:

463 3084 774 3138 sunt.Deus
793 3083 1148 3154 omnipotens
1169 3083 1323 3136 solus
1341 3081 1511 3135 habet
1527 3081 1907 3136 essentialiter
1920 3097 2060 3148 esse,
2082 3107 2126 3167 Ο

464 3177 523 3228 et
545 3171 642 3243 qui
671 3171 960 3226 adhaerent
979 3171 1030 3225 ei
1052 3187 1152 3240 per
1172 3169 1341 3223 ﬁdem
1371 3174 1426 3223 et
1456 3169 1833 3236 dilectionem,
1856 3169 1938 3224 illi
1957 3171 2065 3225 uti-

465 3277 575 3332 que
602 3260 814 3315 habent
832 3275 953 3314 esse
975 3259 1044 3312 ab
1073 3258 1189 3326 illo,
1219 3263 1276 3312 et
1303 3257 1384 3312 illi
1412 3264 1545 3313 sunt
1572 3258 1719 3312 sicut
1745 3258 1865 3330 ipse
1885 3259 2058 3313 dixit:

461 3350 572 3417 Ego
603 3365 729 3403 sum
758 3350 898 3402 Deus
929 3347 1232 3404 Abraham,
1263 3352 1312 3400 et
1341 3348 1482 3401 Deus
1509 3347 1682 3412 Isaac,
1714 3353 1764 3401 et
1792 3348 1932 3401 Deus
1960 3350 2063 3402 Ja-

463 3438 555 3492 cob
581 3437 775 3510 (Exod.
799 3436 904 3507 III).
926 3437 970 3491 E
989 3440 1184 3490 contra
1202 3435 1285 3489 illi
1315 3435 1411 3506 qui
1441 3451 1552 3490 non
1574 3435 1882 3500 adhaerent,
1905 3451 2063 3490 com-

461 3527 756 3599 paratione
776 3527 898 3597 ejus
918 3525 1079 3598 quasi
1097 3542 1210 3580 non
1230 3530 1382 3579 sunt.
1406 3525 1565 3579 Unde
1589 3524 1764 3578 Isaias
1788 3525 2062 3596 propheta

460 3615 625 3670 dixit:
647 3617 841 3673 Omnes
855 3621 1034 3684 gentes
1047 3618 1208 3684 quasi
1221 3630 1331 3668 non
1342 3617 1475 3679 sint,
1489 3615 1568 3666 sic
1579 3620 1708 3667 sunt
1721 3629 1906 3668 coram
1919 3630 1994 3678 eo,
2011 3619 2060 3667 et

460 3708 624 3774 quasi
636 3705 883 3759 nihilum
897 3709 943 3757 et
962 3706 1131 3757 inane
1142 3707 1406 3772 reputatae
1418 3707 1551 3756 sunt
1562 3705 1614 3755 ei
1625 3703 1854 3772 (1sa.xr.)
1879 3702 2062 3774 Igitur

461 3791 770 3847 secundum
800 3791 949 3844 hunc
976 3805 1205 3843 sensum
1229 3787 1365 3842 dicit
1381 3789 1681 3859 Apostolus
1701 3791 1886 3844 modo.
1913 3791 2058 3861 Ergo

459 3879 605 3935 sicut
627 3879 839 3934 vocavit
856 3877 1143 3933 Abraham
1165 3876 1259 3948 qui
1283 3882 1425 3941 erat,
1445 3877 1578 3948 quia
1597 3878 1712 3932 Deo
1738 3878 2060 3934 adhaerebat

457 3985 560 4041 per
583 3969 772 4036 ﬁdem,
793 3967 984 4022 dicens
1009 3983 1020 4018 :
1050 3967 1152 4020 Exi
1179 3968 1242 4020 de
1273 3971 1424 4020 terra
1450 3972 1545 4020 tua
1571 3969 1704 4022 etde
1735 3971 2057 4035 cognatione

460 4063 558 4113 tua
583 4058 731 4131 (Gen.
755 4060 878 4126 xu),
911 4056 990 4111 sic
1013 4060 1175 4109 vocat
1201 4071 1267 4108 ea
1297 4072 1419 4126 quae
1455 4071 1570 4110 non
1597 4063 1749 4123 sunt,
1775 4057 1833 4110 id
1861 4063 1947 4111 est
1976 4057 2058 4112 sic

456 4155 617 4204 vocat
637 4148 878 4219 gentiles
905 4146 1159 4200 inﬁdeles
1187 4145 1258 4199 ad
1282 4145 1450 4199 ﬁdem
1479 4151 1545 4200 ut
1564 4145 1808 4200 habeant
1827 4163 1950 4201 esse
1972 4146 2056 4201 illi

457 4238 796 4294 adhaerendo
819 4255 831 4290 :
852 4236 947 4307 qui
963 4243 1130 4290 antea
1149 4251 1262 4289 non
1278 4240 1458 4301 erant,
1474 4235 1556 4288 illi
1572 4251 1685 4290 non
1699 4236 2056 4291 adhaerendo.

531 4328 637 4393 Qui
666 4330 861 4379 contra
899 4339 1046 4392 spem
1073 4325 1135 4376 in
1165 4339 1312 4390 spem
1343 4324 1596 4391 credidit,
1629 4331 1691 4378 ut
1719 4327 1869 4392 ﬁeret
1901 4330 2059 4393 pater

457 4416 774 4468 multarum.
787 4415 1038 4480 gentium
1052 4427 1152 4481 per
1163 4410 1569 4464 tidem.Contra
1581 4428 1737 4483 spem
1750 4412 2057 4484 desperata:

457 4501 685 4569 sobolis,
703 4499 942 4554 credidit
967 4499 1026 4552 in
1045 4515 1202 4571 spem
1224 4499 1516 4569 sperandae
1544 4500 1769 4568 sobolis,
1791 4503 1877 4556 vel
1906 4508 2056 4557 certe

454 4597 652 4646 contra
673 4606 834 4662 spem
854 4595 1070 4644 naturae
1098 4588 1156 4642 in
1186 4604 1344 4658 spem
1364 4589 1560 4658 gratiae
1586 4594 1642 4643 et
1667 4590 1928 4660 potentiae
1953 4591 2054 4647 Dei

455 4680 712 4737 credidit.
739 4681 947 4734 Contra
973 4694 1131 4750 spem
1163 4677 1313 4731 enim
1343 4683 1563 4732 naturae
1593 4685 1735 4746 erat,
1766 4685 1832 4733 ut
1867 4680 2055 4735 vetula

452 4774 697 4842 pareret,
731 4785 855 4841 quae
901 4767 1228 4822 adolescens
1257 4770 1314 4820 et
1349 4765 1651 4836 juvencula
1685 4766 1894 4821 sterilis
1922 4783 2054 4839 per-

455 4863 762 4914 manserat.

523 4949 669 5002 Nam
715 4951 920 5001 natura
967 4950 1072 5012 est,
1117 4950 1183 4999 ut
1226 4942 1448 5014 juvenis
1471 4943 1704 5015 junctus
1739 4945 2054 5016 juvenculae

450 5040 704 5107 generet,
721 5033 982 5088 similiter
999 5049 1167 5087 senex
1180 5034 1409 5103 junctus
1435 5033 1772 5102 juvenculm,
1795 5035 2054 5090 naturale

450 5132 539 5180 est
567 5129 632 5178 ut
654 5127 904 5194 generet,
932 5121 1076 5176 sicut
1093 5120 1380 5175 Abraham
1408 5137 1578 5176 senex
1607 5127 1661 5176 et
1686 5125 1838 5193 Agar
1855 5124 2051 5194 juven-

449 5213 594 5281 cula,
621 5229 687 5268 ex
715 5211 920 5283 quibus
943 5215 1109 5264 natus
1137 5215 1224 5262 est
1243 5211 1464 5264 Ismael.
1496 5211 1707 5266 Contra
1734 5227 1892 5282 spem
1919 5228 2048 5266 vero

2157 1947 2323 1984 omne
2343 1947 2537 1985 semen
2557 1931 2797 1985 Abrahae
2818 1929 3108 1984 credentes
3127 1929 3386 1984 videlicet
3409 1946 3472 1983 ex
3488 1926 3716 1998 gentibus

2156 2024 2214 2072 et
2255 2036 2320 2073 ex
2364 2018 2596 2086 Judaeis,
2635 2035 2974 2089 omnemque
3013 2017 3306 2083 Israelem,
3339 2024 3393 2072 et
3444 2015 3716 2072 secundum

2155 2105 2330 2160 alium
2359 2123 2461 2177 per
2488 2107 2700 2170 stellas,
2737 2107 2946 2162 electos
2979 2106 3332 2161 solummodo
3364 2102 3716 2175 intelligendos

2155 2211 2220 2249 ex
2248 2200 2487 2266 utroque
2511 2196 2745 2267 populo;
2774 2212 2876 2267 per
2902 2212 3134 2250 arenam
3162 2211 3295 2250 vero
3315 2210 3504 2248 omnes
3528 2192 3716 2248 Iudaeos

2153 2283 2409 2338 inﬁdeles
2455 2290 2512 2338 et
2554 2285 2895 2352 incredulos,
2945 2284 3191 2355 pondere
3227 2289 3574 2355 peccatorum
3605 2297 3716 2351 gra-

2152 2378 2328 2427 vatos.
2360 2373 2432 2426 Et
2471 2388 2585 2427 non
2628 2373 3085 2428 inconvenienter
3117 2389 3218 2444 per
3246 2373 3438 2427 stellas
3462 2387 3576 2443 quae
3602 2368 3716 2423 caelo

2151 2461 2461 2526 adhaerent,
2527 2479 2744 2532 suaque
2787 2461 3042 2516 claritate
3087 2461 3367 2516 mundum
3409 2459 3716 2523 illuminant,

2151 2550 2518 2620 designantur
2549 2551 2731 2614 electi,
2767 2551 2864 2622 qui
2906 2567 3128 2622 semper
3166 2550 3421 2605 caelestia
3455 2551 3716 2620 appetunt,

2151 2639 2400 2694 dicentes
2429 2656 2556 2694 cum
2585 2640 2852 2711 Apostolo
2877 2658 2893 2693 :
2922 2641 3126 2694 Nostra
3153 2641 3488 2694 conversatio
3512 2639 3572 2691 in
3597 2637 3716 2690 catis

2153 2733 2230 2781 est
2270 2729 2527 2798 (Philipp.
2575 2729 2682 2800 III),
2728 2729 3114 2800 mundumque
3156 2727 3345 2782 verbis
3386 2734 3443 2782 et
3482 2722 3717 2795 exemplis

2151 2816 2427 2870 irrideant
2463 2830 2477 2866 :
2511 2833 2612 2889 per
2638 2833 2870 2872 arenam
2901 2834 3027 2871 vero
3057 2834 3180 2888 quae
3221 2816 3533 2888 ponderosa
3571 2818 3648 2867 est
3670 2817 3718 2865 et

2153 2904 2380 2971 sterilis,
2420 2905 2661 2976 reprobi,
2698 2906 2794 2976 qui
2831 2905 3078 2976 pondere
3108 2910 3468 2977 peccatorum
3506 2899 3712 2975 gravati.

2151 2993 2370 3047 steriles
2398 2994 2646 3048 existunt
2673 3011 2706 3047 a
2732 2993 2878 3048 bono
2909 3011 3096 3065 opere.

2220 3083 2287 3136 Et
2317 3098 2430 3136 non
2451 3085 2775 3150 inﬁrmatus
2797 3087 2874 3136 est
2899 3086 2961 3137 in
2985 3085 3107 3150 ﬁde.
3133 3081 3234 3137 Ille
3268 3083 3586 3138 inﬁrmatur
3607 3077 3716 3142 ﬁde,

2147 3170 2244 3242 qui
2299 3169 2542 3236 dubitat,
2589 3187 2693 3226 nec
2735 3171 2916 3226 credit
2961 3171 3434 3242 promissionibus
3478 3168 3592 3225 Dei.
3626 3164 3718 3221 Sed

2144 3258 2429 3313 Abraham
2461 3260 2696 3314 audiens
2713 3276 2746 3314 a
2762 3260 2899 3326 Deo,
2914 3265 3134 3328 patrem
3160 3263 3479 3314 multarum
3497 3259 3721 3327 gentium

2142 3352 2316 3416 posui
2345 3353 2410 3411 te,
2455 3353 2529 3418 et,
2561 3348 2878 3404 Secundum
2917 3349 3015 3403 hoc
3047 3353 3257 3416 tempus
3284 3352 3508 3403 veniam
3536 3347 3720 3412 eritque

2141 3435 2296 3490 Sara.-
2336 3439 2490 3504 ﬁlius
2518 3436 2694 3504 (Rom.
2728 3437 2828 3507 Ix).
2861 3437 3018 3492 Licet
3059 3442 3258 3492 contra
3300 3443 3519 3492 naturze
3571 3447 3717 3488 usum

2142 3523 2427 3579 videretur
2455 3542 2576 3582 esse
2618 3526 2766 3598 quod
2792 3525 3248 3598 promittebatur,
3280 3539 3396 3580 non
3435 3531 3618 3580 tamen
3649 3525 3721 3575 est

2142 3612 2461 3668 inﬁrmatus
2489 3615 2617 3678 ﬁde,
2651 3616 2785 3686 quia
2812 3631 2925 3669 non
2954 3614 3232 3670 dubitavit
3259 3615 3318 3669 in
3352 3611 3719 3686 promissione.

2141 3701 2297 3756 Nihil
2317 3702 2469 3756 enim
2492 3704 2631 3758 ﬁdes
2659 3703 2979 3758 considerat
2999 3709 3235 3770 naturae,
3262 3704 3401 3775 quia
3427 3703 3484 3757 in
3514 3701 3597 3756 his
3616 3713 3722 3770 qua:

2141 3791 2420 3860 promittit
2441 3792 2612 3859 Deus,
2635 3791 2798 3846 facile
2819 3792 2988 3846 servit
3016 3798 3221 3847 natura
3240 3809 3343 3846 suo
3376 3789 3604 3847 auctori.
3624 3789 3720 3843 Nec

2141 3880 2504 3932 consideravit
2531 3895 2726 3948 corpus
2746 3897 2912 3934 suum
2941 3886 3256 3934 emortuum
3280 3880 3352 3934 ad
3371 3875 3723 3952 procreandos

2144 3966 2313 4029 ﬁlios.
2338 3983 2465 4022 cum
2473 3971 2600 4037 jam
2620 3971 2733 4034 fere
2752 3975 2973 4024 centum
2993 3974 3122 4023 esset
3141 3985 3453 4031 annorum,
3476 3967 3602 4039 quia
3615 3979 3723 4019 cen-

2142 4056 2395 4110 tenarius
2423 4062 2564 4124 erat,
2597 4063 2646 4111 et
2670 4063 2983 4112 emortuam
3008 4059 3234 4112 vulvam
3253 4058 3412 4114 Sara
3433 4073 3546 4112 non
3567 4051 3725 4110 consi-

2140 4143 2374 4205 deravit.
2401 4145 2700 4200 Emortuos
2727 4146 2866 4200 dicit
2893 4145 3178 4200 Abraham
3207 4151 3265 4200 et
3291 4148 3493 4203 Saram
3522 4145 3579 4200 in
3607 4156 3721 4214 pro-

2142 4233 2415 4303 pagandis
2443 4234 2573 4288 ﬁliis
2601 4239 2831 4306 propter
2857 4244 3137 4290 annorum
3172 4235 3597 4290 multitudinem
3619 4234 3725 4304 jam

2141 4320 2487 4392 desperatos.
2518 4322 2812 4377 Abraham
2840 4339 3085 4395 namque
3115 4324 3477 4380 centenarius
3514 4327 3649 4388 erat,
3676 4324 3725 4373 et

2143 4409 2283 4464 Sara
2309 4412 2710 4482 nonagenaria,
2742 4413 2965 4484 quando
2988 4412 3250 4484 promisit
3275 4412 3450 4481 Deus,
3480 4409 3726 4484 inquiens

2141 4515 2242 4568 per
2258 4499 2618 4570 Evangelium
2637 4519 2650 4554 :
2664 4500 2981 4556 Secundum
2999 4502 3095 4555 hoc
3107 4506 3316 4569 tempus
3331 4505 3557 4557 veniam
3570 4506 3615 4554 et
3631 4499 3726 4553 erit

2137 4587 2290 4643 Sara
2345 4591 2518 4655 ﬁlius.
2553 4590 2824 4644 Emortua
2852 4589 3003 4644 enim
3032 4604 3156 4644 erat
3182 4590 3346 4644 vulva
3376 4591 3532 4646 Sarze
3561 4603 3574 4638 ε
3607 4586 3727 4659 quia

2131 4675 2252 4744 jam
2279 4683 2642 4748 praecesserat
2669 4684 2892 4750 tempus
2920 4679 3198 4751 pariendi,
3223 4685 3281 4734 et
3301 4681 3426 4751 jam
3456 4678 3728 4734 desierant

2137 4765 2260 4819 ﬁeri
2279 4767 2431 4821 Sara;
2451 4766 2764 4834 muliebria,
2780 4767 2834 4821 id
2859 4773 2946 4822 est
2957 4769 3078 4839 jam
3111 4768 3356 4823 desierat
3384 4773 3728 4823 menstruum

2136 4853 2274 4924 pati,
2297 4854 2392 4909 ubi
2414 4855 2657 4911 maxime
2686 4856 2944 4911 consistit
2972 4857 3132 4928 vigor
3157 4858 3563 4930 conceptionis,
3589 4851 3726 4927 quod

2135 4941 2231 4998 ubi
2258 4944 2558 4998 cessaverit
2582 4945 2640 4999 in
2668 4945 2910 5013 feminis,
2936 4947 3144 5001 transit
3170 4952 3393 5020 tempus
3422 4938 3727 5018 generandi

2135 5032 2298 5087 ﬁlios.
2326 5033 2434 5088 Sed
2463 5033 2750 5090 Abraham
2779 5050 2893 5090 non
2927 5036 3170 5090 attendit
3197 5036 3268 5090 ad
3296 5041 3519 5091 naturae
3546 5047 3722 5097 usum,

2134 5123 2232 5177 sed
2259 5124 2332 5179 ad
2359 5123 2459 5178 Dei
2479 5126 2813 5196 potentiam,
2838 5125 3100 5180 credulus
3120 5126 3244 5197 ejus
3265 5123 3724 5198 promissionibus

2131 5212 2280 5266 unde
2303 5213 2578 5285 sequitur.

443 5307 661 5356 naturae
681 5306 786 5366 est,
815 5303 881 5353 ut
898 5312 1065 5352 senex
1089 5312 1216 5350 cum
1244 5297 1429 5352 vetula
1445 5298 1648 5352 mistus
1665 5305 1914 5369 generet.
1937 5301 2046 5356 Sed
2200 5303 2266 5356 In
2311 5302 2747 5374 repromissione
2789 5303 2960 5359 etiam
2989 5302 3092 5359 Dei
3119 5319 3233 5360 non
3264 5302 3545 5359 haesitavit
3579 5299 3720 5355 difﬁ-

441 5388 731 5446 Abraham
745 5404 858 5442 non
877 5385 1120 5440 attendit
1137 5384 1210 5439 ad
1223 5387 1685 5440 consuetudinem
1700 5389 2038 5457 naturalem,
2126 5389 2336 5459 dentis,
2361 5392 2461 5446 sed
2487 5393 2838 5447 confortatus
2864 5398 2954 5447 est
2975 5393 3108 5463 ﬁde,
3139 5393 3282 5448 dans
3306 5393 3554 5466 gloriam
3576 5391 3712 5446 Deo.

443 5480 594 5552 quod
624 5494 736 5534 non
761 5482 953 5549 posset
970 5493 1036 5530 ex
1064 5492 1125 5529 se
1145 5480 1202 5528 et
1225 5475 1363 5529 Sara
1385 5475 1506 5544 jam
1529 5475 1726 5531 vetulis
1746 5477 1896 5532 ﬁlius
1915 5494 2042 5548 pro-
2124 5478 2193 5533 In
2225 5480 2659 5551 repromissione
2683 5481 2780 5537 Dei
2802 5479 2892 5550 (de
2915 5497 3027 5552 qua
3045 5498 3217 5554 supra
3235 5482 3494 5551 diximus)
3515 5480 3632 5535 sive
3654 5476 3718 5530 de

441 5569 643 5635 creari,
665 5567 764 5624 sed
794 5567 854 5621 in
874 5582 1031 5638 spem
1061 5565 1324 5636 potentiae
1346 5564 1449 5618 Dei
1476 5565 1732 5632 credidit,
1764 5567 1898 5637 quia
1924 5584 2040 5621 om-
2122 5569 2302 5639 Isaac,
2329 5586 2430 5624 seu
2459 5569 2530 5624 de
2559 5569 2803 5634 Christo,
2824 5585 2938 5625 non
2955 5570 3232 5626 haesitavit
3252 5570 3588 5636 difﬁdentia,
3608 5567 3720 5622 sive

435 5659 789 5732 nipotentem
814 5661 1048 5713 noverat
1073 5671 1200 5712 eum
1229 5655 1324 5729 qui
1353 5654 1627 5732 promisit.
1661 5655 2036 5714 Consideran-
2119 5673 2233 5714 non
2251 5657 2531 5714 dubitavit
2557 5658 2969 5730 incredulitate,
2992 5660 3092 5716 sed
3115 5660 3462 5718 confortatus
3490 5664 3581 5716 est
3609 5655 3716 5712 ﬁde
