3850 6168
155 313 231 369 401

796 303 1178 360 EXPOSITIO
1209 304 1286 359 IN
1317 305 1472 362 EPP.
1507 305 1565 359 S.
1599 304 1834 361 PAULI.
1867 334 1936 346 —
1966 305 2045 362 IN
2078 307 2300 364 EPIST.
2329 307 2428 364 AD
2457 306 2632 363 ROM.

3254 306 3358 366 402

155 437 210 490 de
225 427 663 506 promissionibus,
683 426 1071 498 dansgloriam
1084 429 1199 483 Deo
1215 428 1682 500 promissionibus
1699 433 1862 497 Aper
1890 429 2193 485 Dominum
2216 438 2469 486 nostrum
2495 433 2680 485 Jesum
2694 430 2998 486 Christum.
3018 430 3158 485 Cum
3177 431 3356 504 Judaei

150 525 268 579 illius
280 519 465 593 gratias
494 516 786 571 referendo
808 516 970 588 quasi
1007 517 1076 571 de
1106 519 1348 589 acceptis
1374 517 1674 582 beneﬁciis,

147 609 407 679 intelligens
433 605 603 660 solius
650 604 752 659 Dei
784 621 906 659 esse
937 621 1144 660 munus
1173 612 1232 660 et
1274 606 1539 678 gratiam,
1582 605 1679 660 ubi

146 701 354 755 humane
380 693 730 750 fecunditatis
755 700 976 748 naturae
999 710 1136 749 usus
1173 701 1506 750 cessaverat.

198 784 484 842 Plenissime
503 783 619 837 sive
651 782 964 837 certissime
991 787 1166 838 sciens
1185 787 1320 852 quia
1342 800 1678 852 quacunque

141 877 350 947 promisit
367 873 515 937 Deus,
543 875 734 940 potens
762 876 838 924 est
861 875 1040 938 facere
1071 890 1088 925 :
1119 873 1237 946 ideo
1257 871 1524 926 subaudis
1545 872 1678 943 quia

143 962 334 1020 credidit
354 959 443 1015 Dei
464 958 532 1013 de
547 959 1035 1030 promissionibus,
1049 966 1369 1028 reputatum
1399 967 1473 1013 est
1497 963 1587 1014 illi
1605 961 1680 1014 ad

137 1055 389 1122 justitiam.
415 1049 535 1103 Non
563 1053 640 1102 est
671 1054 858 1102 autem
881 1051 1150 1118 scriptum
1193 1055 1409 1102 tantum
1456 1055 1680 1118 propter

142 1145 302 1208 ipsum,
329 1141 449 1208 quia
482 1142 801 1205 reputatum
826 1143 900 1191 est
946 1140 1038 1191 illi
1063 1139 1137 1191 ad
1172 1142 1481 1206 justitiam,
1509 1139 1601 1192 sed
1628 1143 1679 1192 et

136 1234 314 1298 propter
338 1243 441 1288 nos,
473 1227 676 1294 quibus
705 1228 1060 1294 reputabitur
1087 1228 1435 1280 credentibus
1460 1231 1522 1280 in
1553 1243 1678 1281 eum

141 1319 483 1388 quisuscilavit
512 1318 701 1370 Jesum
735 1316 1018 1370 Christum
1065 1331 1100 1369 a
1148 1319 1407 1370 mortuis.
1436 1317 1562 1370 Non
1592 1321 1679 1371 est

139 1405 314 1476 (inquit)
340 1409 549 1459 tantum
572 1409 802 1476 propter
814 1404 919 1458 hoc
945 1404 1156 1476 scripta
1207 1404 1345 1460 ﬁdes
1361 1404 1600 1460 Abrahae
1617 1412 1680 1460 ut

139 1495 230 1566 ipse
264 1495 468 1564 legeret,
527 1493 622 1563 qui
663 1492 795 1547 olim
846 1493 1035 1548 fuerat
1081 1493 1400 1563 defunctus,
1453 1495 1678 1565 quando

137 1583 314 1655 Moyses
329 1583 428 1636 ista
447 1581 744 1646 scribebat,
776 1581 873 1636 sed
896 1587 1126 1653 prOpter
1153 1599 1256 1636 nos
1279 1588 1337 1636 et
1367 1583 1678 1654 profectum

138 1678 361 1734 nostrum,
389 1675 449 1725 ut
489 1671 852 1725 imitaremur
875 1670 1042 1724 ﬁdem
1082 1670 1252 1734 illius,
1282 1670 1484 1742 quibus
1509 1688 1679 1743 repu-

1761 523 1819 571 et
1841 524 2039 588 gentes
2071 519 2217 576 inter
2259 538 2318 575 se
2356 521 2756 592 disceptarent,
2801 525 2858 573 et
2904 518 2983 572 illi
3013 518 3083 578 de
3113 519 3358 591 antiqua:

1759 605 1902 676 legis
1927 607 2210 678 cperibus,
2242 609 2300 662 hi
2348 625 2478 663 vero
2523 608 2592 662 de
2632 623 2775 660 nova
2820 606 3027 661 Christi
3069 607 3358 662 vocatione

1759 698 2155 768 praesumptive
2193 698 2596 768 gloriarentur,
2628 700 2973 767 pertractata
2995 700 3052 750 et
3079 695 3358 751 elucidata

1759 797 1949 848 causa,
1977 785 2109 855 quia
2139 803 2305 840 nemo
2337 803 2532 840 eorum
2551 801 2615 839 ex
2635 784 2839 838 merito
2864 799 2966 838 suo
2987 783 3358 854 essetjustiﬁ-

1760 877 1938 937 catus,
1956 874 2054 927 sed
2075 890 2269 928 omnes
2290 891 2390 946 per
2405 874 2648 945 gratiam
2665 889 2835 944 quam
2847 871 3013 927 ﬁdem
3030 873 3274 928 infundit
3302 879 3361 928 et

1761 961 2055 1017 veritatem
2083 963 2348 1028 ostendit,
2389 970 2444 1018 et
2466 964 2599 1034 quia
2625 979 2727 1018 nec
2766 977 2965 1032 genus,
2993 977 3097 1016 nec
3125 961 3360 1016 circum-

1761 1049 1895 1104 cisio
1925 1050 2093 1104 faciat
2119 1050 2265 1104 ﬁlios
2293 1049 2551 1114 Abrahae,
2577 1051 2674 1106 sed
2695 1050 2834 1104 ﬁdes
2853 1055 3006 1103 recta
3025 1065 3136 1120 qua
3155 1048 3362 1104 claruit

1761 1138 2068 1204 Abraham,
2101 1157 2136 1194 a
2163 1140 2281 1195 Deo
2326 1140 2680 1194 illuminatus
2721 1145 2778 1194 et
2815 1145 3131 1210 praeventus
3167 1139 3359 1193 statim

1762 1227 2051 1299 subjunxit
2069 1230 2370 1300 Apostolus
2392 1247 2403 1282 :
2427 1231 2728 1296 Justiﬁcati
2745 1231 2923 1296 igitur
2950 1245 3018 1282 ea:
3036 1230 3220 1295 ﬁde,et
3244 1243 3358 1282 non

1761 1332 1827 1370 ex
1858 1315 2122 1388 operibus
2148 1317 2309 1387 legis,
2343 1333 2525 1387 neque
2555 1332 2656 1386 per
2685 1316 2909 1384 aliquod
2962 1316 3227 1370 meritum
3254 1332 3359 1371 no-

1760 1411 1940 1460 strum
1972 1406 2121 1477 quod
2151 1412 2513 1477 precesserat
2541 1405 2929 1476 ﬁdem,pacem
2959 1404 3267 1459 habeamus
3286 1405 3359 1460 ad

1763 1495 1942 1548 Deum
1975 1495 2225 1560 Patrem,
2248 1511 2348 1566 per
2375 1495 2742 1548 mediatorem
2772 1493 3077 1548 Dominum
3105 1499 3360 1548 nostrum

1762 1584 1954 1638 Iesum
1984 1583 2290 1644 Christum,
2325 1586 2484 1656 cujus
2512 1583 2771 1655 passione
2800 1582 3146 1637 reconciliati
3165 1598 3361 1637 sumus

1761 1676 1878 1730 Deo
1898 1674 2224 1738 Patri,sicut
2241 1675 2427 1746 angeli
2448 1674 2505 1728 in
2516 1676 2638 1746 ejus
2656 1674 2949 1728 nativitate
2960 1676 3358 1728 cantaverunt:

135 1766 256 1815 tatur
276 1760 400 1814 ﬁdes
427 1761 548 1830 ejus
578 1758 650 1813 ad
676 1758 959 1830 justitiam
978 1759 1336 1815 credentibus
1364 1759 1421 1814 in
1451 1777 1600 1827 eum,
1623 1761 1679 1816 id
1694 1743 1741 1802 B
1764 1765 1951 1820 Gloria
1980 1769 2043 1818 in
2062 1767 2282 1819 excelsis
2302 1743 2479 1825 Deo,et
2494 1743 2722 1818 interra
2739 1778 2852 1832 pax
2872 1762 3188 1816 hominibus
3211 1762 3360 1815 bona

139 1854 204 1902 est
220 1849 269 1902 in
294 1848 454 1903 Deum
469 1848 714 1915 Patrem,
737 1847 833 1919 qui
852 1849 1142 1903 suscitavit
1169 1850 1363 1903 Iesum
1393 1850 1678 1904 Christum

143 1953 168 1991 a
190 1938 412 2004 mortuis,
439 1937 493 1991 id
523 1942 611 1992 est
629 1952 664 1990 a
692 1937 966 2008 sepulcro,
994 1937 1088 2008 qui
1115 1938 1378 2009 proprius
1406 1938 1562 1993 locus
1591 1945 1678 1994 est

141 2033 458 2092 mortuorum,
487 2026 578 2080 vel
603 2030 754 2080 certe
769 2024 839 2079 ab
856 2025 1092 2080 inferno.
1110 2026 1170 2081 Si
1199 2027 1278 2080 ita
1297 2027 1542 2098 perfecte
1560 2044 1676 2082 cre-

137 2113 680 2170 diderimusChristum
693 2130 724 2168 a
740 2114 979 2168 mortuis
996 2115 1676 2186 resurrexisse,quomodo

135 2201 207 2255 ille
231 2203 441 2258 credidit
469 2219 676 2274 corpus
705 2203 855 2258 Sarae
885 2210 1206 2258 emortuum
1248 2220 1412 2274 posse
1440 2204 1512 2258 ad
1541 2219 1676 2258 con-

134 2291 398 2362 cipiendum
423 2292 776 2358 viviﬁcari,et
794 2292 1199 2347 crediderimus
1225 2293 1404 2347 Deum
1427 2293 1673 2358 Patrem,

135 2381 204 2450 qui
227 2380 481 2436 Christum
507 2381 803 2437 suscitavit
826 2398 860 2436 a
878 2381 1500 2453 mortuis,reputabitur
1518 2381 1678 2436 nobis

133 2469 237 2524 ﬁdes
261 2477 434 2525 nostra
453 2472 523 2526 ad
539 2471 1165 2543 justiﬁcationem,quia
1184 2471 1677 2542 repromissionem

1761 1856 2065 1908 voluntatis
2079 1854 2230 1922 (Luc.
2260 1851 2507 1922 u).'I‘unc
2524 1851 2673 1906 enim
2696 1866 2890 1922 pacem
2905 1848 3180 1904 habemus
3199 1850 3350 1921 apud

1761 1943 1960 2008 Deum,
1993 1942 2040 1997 si
2068 1943 2218 1997 inter
2243 1957 2345 1996 nos
2361 1957 2557 2012 pacem
2587 1945 2644 1995 et
2668 1938 3028 1994 concordiam
3047 1938 3355 1994 fraternam

1757 2036 2034 2085 tenemus.
2060 2030 2146 2085 Ac
2167 2030 2212 2084 si
2227 2029 2440 2084 diceret
2463 2047 2474 2082 :
2499 2029 2527 2084 J
2532 2045 2623 2082 am
2645 2029 2779 2100 quia
2796 2027 3138 2082 reconciliati
3159 2042 3356 2081 sumus

1758 2137 1862 2192 per
1889 2119 2222 2190 sanguinem
2261 2119 2389 2173 Filii
2420 2117 2540 2184 Dei,
2573 2123 2631 2171 et
2676 2133 2872 2188 pacem
2907 2115 3181 2170 habemus
3204 2115 3356 2186 apud

1756 2209 1936 2265 Deum
1959 2209 2206 2273 Patrem,
2239 2207 2417 2262 simus
2438 2212 2496 2261 et
2531 2222 2634 2260 nos
2651 2205 2911 2259 internos
2931 2220 3123 2275 pacem
3149 2203 3358 2258 haben-

1757 2304 1865 2361 tes,
1898 2314 2010 2352 non
2025 2303 2428 2369 praesumentes
2445 2295 2503 2350 in
2531 2295 2720 2366 aliquo
2740 2293 2810 2348 de
2830 2293 3142 2363 nobis,cum
3165 2293 3358 2348 omnia

1760 2404 1826 2442 ex
1854 2386 1963 2441 ﬁde
1990 2387 2092 2442 Dei
2120 2385 2430 2440 habeamus
2461 2404 2474 2440 :

1831 2478 1934 2529 Per
1961 2491 2123 2544 quem
2148 2476 2409 2529 habemus
2428 2489 2701 2528 accessum
2720 2487 2823 2540 per
2835 2473 2997 2539 ﬁdem
3017 2473 3081 2524 in
3111 2471 3359 2538 gratiam

132 2559 409 2628 accipiemus
419 2559 670 2614 omnium
685 2559 1681 2631 peccatorum,DeusPatersuscitavit
1761 2567 1929 2618 istam
1953 2567 2014 2617 in
2037 2581 2147 2634 qua
2171 2563 2516 2617 stamus.Per
2530 2561 2816 2616 Christum
2843 2560 3061 2630 (inquit)
3091 2575 3192 2613 nos
3211 2558 3358 2630 paci-

133 2645 166 2701 F
169 2646 295 2701 ilium
308 2664 460 2704 suum
482 2665 516 2703 a
528 2649 772 2704 mortuis
783 2654 841 2703 et
859 2648 979 2719 ipse
1004 2648 1176 2703 etiam
1195 2645 1372 2702 Filius
1388 2648 1678 2703 suscitavit

140 2737 530 2809 semetipsum,et
550 2743 617 2793 ut
638 2738 806 2792 etiam
824 2738 992 2792 altius
1011 2737 1410 2803 dicamus,tota
1429 2737 1674 2792 Trinitas

136 2825 371 2881 suscitavit
394 2827 551 2881 illum
587 2827 872 2882 hominem
891 2832 1244 2898 assumptum
1278 2844 1312 2882 a
1342 2825 1506 2881 verbo
1535 2827 1664 2884 Dei.

183 2914 270 2980 Qui
299 2917 525 2970 traditus
557 2923 635 2970 est
673 2923 898 2985 propter
932 2917 1131 2970 delicta
1165 2921 1356 2970 nostra
1397 2921 1446 2969 et
1491 2930 1676 2968 resur-

132 3004 242 3055 rexit
258 3011 461 3073 propter
470 3008 936 3075 justiﬁcationem
967 3010 1235 3060 nostram.
1276 3004 1467 3059 Multis
1495 3003 1676 3058 modis

131 3090 324 3146 traditus
345 3093 550 3164 legitur
578 3094 853 3149 Dominus
882 3095 1045 3149 Jesus
1073 3093 1348 3149 Christus.
1384 3094 1530 3148 Nam
1555 3099 1676 3148 tra-

131 3176 238 3233 didit
260 3180 402 3236 illum
430 3183 586 3238 Deus
637 3183 824 3248 Pater,
857 3183 1002 3237 sicut
1051 3182 1190 3236 dicit
1214 3182 1534 3254 Apostolus.
1567 3184 1676 3250 Qui

127 3272 324 3336 proprio,
374 3271 658 3342 inquiens,
698 3273 838 3326 Filio
881 3287 981 3326 suo
1020 3287 1135 3325 non
1168 3274 1427 3341 pepercit,
1461 3272 1553 3325 sed
1574 3286 1677 3340 pro

135 3355 252 3409 nobis
279 3362 520 3414 omnibus
553 3361 796 3416 tradidit
844 3364 1012 3416 illum
1043 3362 1212 3422 (Rom.
1246 3361 1387 3432 vm).
1417 3359 1676 3415 Tradidit

130 3441 220 3511 ipse
251 3444 408 3502 Filius
435 3449 713 3520 seipsum,
743 3449 888 3504 sicut
907 3449 1166 3520 egregius
1186 3449 1517 3520 praedicator
1539 3449 1676 3504 dicit

131 3528 173 3583 in
197 3538 425 3602 praesenti
455 3538 606 3605 loco,
637 3544 694 3592 et
722 3538 863 3592 alias
891 3538 986 3592 ubi
1016 3538 1265 3609 loquitur
1295 3556 1307 3592 :
1344 3540 1452 3606 Qui
1477 3540 1671 3592 dilexit

125 3633 202 3682 me,
226 3627 267 3674 et
293 3626 512 3679 tradidit
543 3629 901 3694 semetipsum
927 3641 1031 3695 pro
1050 3643 1136 3679 me
1171 3626 1308 3692 (Gal.
1357 3627 1442 3694 ιι).
1473 3625 1674 3680 Tradi-

128 3705 291 3763 derunt
312 3711 464 3767 illum
492 3714 798 3780 daemones,
847 3715 943 3785 qui
989 3720 1387 3785 persuaserunt
1425 3715 1583 3770 ludas
1611 3720 1677 3769 ut

128 3795 326 3854 traderet
351 3800 526 3868 illum,
551 3802 706 3858 unde
731 3801 869 3856 dicit
889 3802 1266 3873 Evangelista,
1295 3803 1426 3874 quia
1446 3803 1677 3857 intravit

1762 2653 1950 2707 ﬁcavit
1973 2653 2088 2707 Deo
2120 2653 2401 2724 Patri,per
2429 2652 2588 2706 illum
2617 2649 2815 2721 utique
2847 2664 3129 2702 accessum
3170 2653 3228 2701 et
3265 2646 3355 2702 in-

1758 2742 1996 2798 troitum
2033 2741 2325 2806 habemus,
2351 2757 2452 2812 per
2480 2740 2650 2794 ﬁdem
2680 2739 2833 2793 illius
2861 2737 2919 2791 in
2945 2736 3132 2808 gratia
3155 2735 3266 2790 ista
3295 2735 3355 2790 in

1757 2848 1870 2902 qua
1899 2830 2419 2896 stamus,credendo
2442 2829 2501 2883 in
2528 2829 2755 2882 Patrem
2779 2833 2836 2881 et
2854 2826 3060 2880 Filium
3088 2829 3146 2878 et
3169 2822 3354 2896 Spiri-

1758 2926 1881 2974 tum
1908 2918 2445 2974 sanctum.Gratiam
2466 2917 2713 2989 appellat
2732 2917 2792 2970 in
2811 2915 2918 2970 hoc
2931 2915 3052 2968 loco
3066 2913 3233 2968 ﬁdem
3255 2928 3358 2984 per

1759 3025 1929 3080 quam
1947 3007 2353 3080 plenitudinem
2362 3005 2787 3077 justiﬁcationis
2808 3002 3159 3076 percepimus
3177 3001 3356 3073 gratis

1758 3114 1793 3152 a
1821 3098 1937 3154 Deo
1961 3103 2214 3168 tempore
2232 3095 2606 3168 baptismatis,
2623 3100 2679 3148 et
2697 3094 2930 3164 insuper
2960 3089 3233 3162 quidquid
3253 3089 3355 3144 do-

1757 3204 1959 3242 norum
1995 3185 2264 3241 habemus
2293 3182 2930 3254 spiritualium,nomine
2945 3180 3140 3251 gratiae
3169 3179 3358 3233 istoin

1759 3277 1880 3332 loco
1911 3274 2354 3346 comprehendit.
2373 3274 2436 3328 In
2468 3288 2579 3344 qua
2600 3272 2684 3326 vel
2701 3271 2772 3326 ad
2795 3287 2962 3342 quam
2978 3269 3250 3340 gratiam,
3269 3269 3356 3322 in-

1761 3365 1997 3421 troitum
2035 3364 2118 3418 vel
2147 3379 2431 3418 accessum
2462 3361 2736 3416 habemus
2761 3377 2862 3432 per
2889 3361 3075 3432 ipsum
3107 3358 3202 3430 qui
3222 3363 3355 3413 ante

1757 3471 1982 3510 eramus
2011 3454 2196 3524 longe,
2229 3451 2363 3523 quia
2398 3451 2518 3522 ipse
2545 3457 2631 3506 est
2652 3449 2860 3506 ostium
2883 3451 3031 3504 sicut
3049 3447 3220 3503 dixit:
3246 3449 3356 3517 Ego

1755 3561 1880 3599 sum
1909 3547 2111 3598 ostium
2145 3544 2320 3610 (Joan.
2351 3540 2427 3609 x),
2459 3546 2506 3594 ct
2533 3556 2692 3594 nemo
2722 3541 2868 3592 venit
2895 3538 2968 3591 ad
2991 3539 3213 3590 Patrem
3241 3538 3356 3589 nisi

1750 3617 1852 3704 per
1873 3649 1958 3687 me
1994 3634 2172 3700 (Joan.
2206 3645 2340 3698 XIV).
2361 3630 2425 3684 ln
2444 3645 2558 3702 qua
2569 3627 2836 3699 gratia,id
2858 3631 2944 3680 est
2972 3625 3081 3678 ﬁde
3085 3624 3358 3694 justiﬁca-

1756 3717 1928 3773 tionis
1957 3723 2015 3771 et
2043 3714 2394 3787 indulgentia
2421 3721 2780 3785 peccatorum
2808 3716 2960 3765 stare
2989 3708 3357 3774 debemus,in

1757 3805 1918 3860 bonis
1939 3805 2151 3860 scilicet
2165 3803 2427 3876 operibus
2455 3803 2694 3857 viriliter
2712 3799 3036 3866 laborando,
3070 3798 3167 3870 qui
3187 3803 3357 3852 antea

129 3881 320 3942 Satanas
341 3889 393 3943 in
413 3907 508 3945 cor
530 3892 692 3946 Judae
713 3897 779 3945 ut
796 3891 1049 3945 traderet
1067 3891 1226 3945 illum
1239 3892 1426 3961 (Joan.
1445 3894 1592 3957 xm‘,
1614 3897 1671 3946 et
1746 3894 2070 3966 jacebamus
2083 3895 2140 3948 in
2157 3894 2274 3948 luto
2296 3898 2354 3948 et
2373 3893 2548 3947 fetore
2567 3891 3177 3959 vitiorum,gloriamur
3191 3891 3252 3941 in
3265 3903 3355 3956 spe

126 3971 371 4041 Apostolus
401 3980 749 4046 manifestat,
805 3979 996 4034 dicens
1031 3979 1101 4034 de
1151 3979 1497 4035 daemonibus
1548 3998 1560 4033 :
1608 3980 1672 4036 Si
1750 3987 1940 4054 gloria:
1975 3987 2226 4052 ﬁliorum
2272 3984 2391 4039 Dei.
2436 3982 2501 4035 In
2548 3978 2812 4050 praesenti
2858 3977 3062 4032 saeculo
3109 3976 3212 4030 ﬁlii
3241 3975 3347 4030 Dei

131 4065 243 4114 enim
267 4072 946 4137 cognorissentmunquam
966 4071 1270 4123 Dominum
1288 4072 1476 4137 gloriae
1495 4071 1672 4124 cruci-
1752 4089 1948 4129 sumus
1967 4071 2026 4126 in
2051 4088 2168 4142 spe,
2201 4071 2258 4124 in
2292 4071 2472 4124 altera
2502 4074 2691 4123 autem
2723 4068 2838 4121 vita
2868 4066 3079 4120 erimus
3104 4065 3162 4118 in
3194 4080 3280 4132 re,
3302 4063 3351 4118 si

129 4148 330 4209 πκίεεεηε
367 4159 412 4220 l1
437 4157 558 4212 001‘-
594 4158 684 4227 ιι).
726 4156 984 4211 Tradidit
1027 4157 1187 4212 illum
1231 4157 1406 4212 ludas
1441 4163 1671 4228 propter
1752 4162 1982 4218 inbonis
1997 4159 2543 4234 operibusarticulus
2563 4157 2761 4212 mortis
2782 4172 2884 4211 nos
2901 4151 3352 4220 invenerit,unde

126 4236 313 4306 triginta
337 4249 653 4315 argenteos.
681 4245 1060 4300 Tradidemnt
1087 4263 1218 4301 eum
1257 4245 1433 4300 Judaei
1462 4246 1664 4300 Pilato.
1754 4252 1893 4307 dicit
1919 4253 2164 4306 Joannes
2194 4268 2207 4304 :
2257 4250 2601 4313 Charissimi,
2635 4249 2747 4315 ﬁlii
2775 4247 2874 4300 Dei
2902 4261 3096 4298 sumus
3125 4242 3184 4298 in
3231 4258 3355 4314 spe,

130 4321 550 4427 ξδὶιιηιιςιᾳιιοῳιεΔ
584 4335 746 4427 illum
777 4335 1013 4427 tradidit
1049 4335 1340 4397 militibus,
1376 4335 1470 4406 qui
1499 4333 1804 4427 cruci-Det
1833 4342 2083 4396 nondum
2114 4341 2380 4408 apparuit
2409 4337 2545 4406 quid
2570 4338 2783 4390 erimus
2813 4333 2870 4388 in
2900 4349 2962 4387 re
2992 4335 3042 4397 (Ι
3055 4334 3218 4387 Joan.
3247 4344 3349 4387 un.

129 4412 325 4509 fixerunt
349 4437 492 4476 eum.
524 4423 638 4479 Sed
659 4423 809 4478 inter
821 4423 937 4479 hac
957 4425 1147 4479 omnia
1165 4424 1336 4495 digna
1355 4424 1671 4478 considera—
1691 4412 1740 4427 ”
1824 4431 1948 4485 Non
1975 4432 2154 4483 solum
2183 4435 2390 4493 autem,
2423 4425 2690 4482 subaudis
2713 4423 3099 4496 gloriamurin
3113 4437 3212 4495 spe
3230 4420 3354 4492 glo-

127 4507 242 4599 tiqne
267 4511 714 4599 perpendendum
745 4517 849 4578 est,
881 4513 1015 4584 quia
1043 4513 1190 4584 quod
1232 4514 1382 4568 Deus
1419 4514 1587 4567 Pater
1611 4517 1672 4567 et

1768 4519 1848 4575 'iae
1869 4520 2115 4574 ﬁliorum
2144 4517 2362 4581 Dei,sed
2376 4521 2424 4570 et
2450 4519 2768 4586 gloriamur
2787 4517 2850 4568 in
2872 4513 3352 4575 tribulationibus,

126 4587 260 4679 Filius
283 4597 525 4655 fecerunt
547 4619 721 4656 causa
741 4601 1056 4656 dilectionis
1070 4608 1127 4658 et
1145 4602 1669 4668 misericordiahoc
1749 4610 1808 4663 id
1833 4614 1918 4663 est
1947 4607 2224 4679 angustiis
2245 4612 2302 4661 et
2325 4604 2757 4660 adversitatibus
2777 4601 3232 4674 persecutionum
3252 4617 3355 4671 pro

127 4674 260 4735 ³⁸1⁸³⁸
274 4701 430 4740 causa
456 4690 805 4760 cupiditatiS.
830 4691 1112 4745 dwmones
1141 4707 1269 4745 vero
1298 4697 1355 4745 et
1371 4690 1558 4746 Judwi
1587 4696 1676 4745 αἱ·
1758 4697 1984 4752 Christo
2008 4674 2287 4750 :vscientes
2301 4695 2446 4762 quod
2467 4694 2760 4747 tribulatio
2783 4695 2840 4744 et
2865 4687 3094 4742 afﬂictio
3129 4688 3353 4756 patien-

127 4786 208 4839 que
231 4776 423 4834 Pilatus
449 4798 628 4836 causa
657 4781 892 4837 invidiae.
926 4785 1186 4837 Traditus
1215 4789 1289 4837 est
1315 4789 1535 4853 propter
1580 4786 1674 4837 de-

135 4862 234 4917 licta
247 4876 438 4936 nostra,
458 4879 506 4926 et
523 4879 836 4928 resurrexit
852 4881 1076 4944 propter
1089 4879 1555 4943 justi/icationem
1572 4892 1673 4929 no-

129 4957 284 5023 stram,
312 4965 371 5013 ut
402 4963 699 5018 credentes
739 4979 865 5018 eum
914 4980 1140 5034 passum
1171 4971 1401 5036 propter
1431 4965 1671 5019 salutem

130 5054 349 5117 nostram,
379 5061 435 5108 et
461 5057 843 5110 resurrexisse
869 5056 927 5110 in
957 5057 1194 5112 veritate
1221 5074 1256 5110 a
1285 5059 1546 5127 mortuis,
1571 5075 1672 5129 per

123 5129 231 5190 hanc
249 5140 400 5196 ﬁdem
422 5161 748 5200 mereamur
764 5145 1087 5215 justiﬁcari.
1105 5145 1170 5200 In
1186 5146 1490 5201 traditione
1511 5147 1670 5202 Chri-

127 5222 179 5273 sti
201 5225 465 5286 inetl‘abilis
493 5235 884 5289 misericordia
913 5233 1145 5301 exstitit,
1174 5235 1231 5289 in
1262 5235 1669 5290 resurrectione

127 5324 299 5455 (agique
317 5319 894 5394 incomprehensibilis
915 5323 1166 5395 potentia
1194 5323 1420 5378 deitatis
1447 5324 1675 5378 demon-

127 5412 145 5448 ε
215 5409 266 5455 ta
289 5415 382 5455 est-
413 5415 516 5455 etc-

126 5409 266 5456 Strata
289 5415 382 5472 est,
413 5415 517 5465 etc.

808 5500 945 5555 PUT
971 5500 1039 5554 V.

808 5501 848 5555 P
971 5500 1039 5554 V.

181 5581 444 5642 Justilicati
470 5595 654 5659 igitur
676 5500 1083 5660 εξέάεῗῖαεετη
1100 5591 1398 5646 habeamus
1411 5591 1484 5645 ad
1500 5592 1671 5651 Deum

1758 4790 1898 4840 tiam
1928 4789 2193 4854 operatur
2221 4783 2277 4837 in
2299 4781 2490 4836 electis
2513 4780 2607 4851 qui
2628 4778 2908 4851 patienter
2931 4775 3166 4829 adversa
3184 4774 3353 4844 hujus

1755 4875 1944 4930 saeculi
1974 4873 2285 4945 perferunt.
2314 4868 2598 4925 Patientia
2627 4884 2660 4920 a
2690 4865 2972 4936 patiendo,
3011 4863 3070 4917 id
3099 4868 3186 4917 est
3212 4879 3247 4916 a
3277 4863 3356 4919 fe-

1754 4966 1950 5020 riendo
1980 4965 2206 5029 dicitur,
2264 4967 2323 5016 et
2366 4964 2452 5014 est
2498 4955 2772 5028 patientia
2812 4955 3037 5026 quando
3067 4970 3272 5025 corpus
3296 4958 3356 5009 et

1755 5055 1978 5110 animus
2007 5054 2208 5107 timore
2240 5056 2296 5104 et
2337 5047 2644 5102 afﬂictione
2684 5049 3099 5100 tormentorum
3129 5044 3351 5111 feritur,

1751 5145 1849 5199 sed
1869 5143 2114 5198 vindicta
2141 5156 2253 5195 non
2273 5137 2504 5210 petitur.
2536 5135 2644 5188 Per
2669 5134 2815 5188 hanc
2840 5132 3020 5188 sancti
3051 5137 3355 5204 martyres,

1751 5234 2007 5286 vicerunt
2060 5227 2509 5302 persecutionem
2555 5230 2612 5278 et
2655 5223 2927 5278 saevitiam
2956 5228 3354 5292 tyrannorum,

1759 5339 1872 5377 non
1901 5321 2198 5376 reddentes
2229 5316 2424 5380 vicem,
2455 5313 2553 5368 sed
2587 5313 2919 5384 patientiam
2961 5310 3076 5365 sive
3106 5310 3357 5366 toleran-

1758 5413 1894 5466 tiam
1923 5413 2227 5464 servantes.

1830 5501 2104 5560 Patienlia
2132 5501 2319 5549 autem
2349 5494 2755 5562 probationem,
2776 5489 3105 5544 meritorum
3132 5491 3187 5541 et
3201 5483 3349 5546 ﬁdei,

1757 5589 1903 5648 sicut
1930 5585 2147 5662 probati
2163 5589 2297 5639 sunt
2310 5583 2488 5637 sancti
2519 5586 2816 5650 martyres,
2843 5584 2901 5632 et
2920 5577 3064 5630 sicut
3090 5572 3356 5644 probatus
