3850 6168
177 326 266 404 405~

839 338 1224 398 EXPOSITIO
1253 344 1330 399 IN
1364 342 1517 398 EPP.
1554 344 1609 398 s.
1644 344 1879 401 PAULI.
1914 375 1980 387 —
2009 345 2087 400 IN
2118 344 2342 401 EPIST.
2376 345 2472 400 AD
2500 314 2674 400 ROM.

3288 308 3395 427 ωδ

176 466 525 541 tranquillitate
544 467 770 537 judicas
788 466 931 537 (Sap.
954 470 1073 545 χιι).
1093 464 1159 524 In
1180 468 1285 525 hoc
1304 469 1425 524 loco
1447 470 1776 541 proponitA
1794 471 1947 525 modi
1979 489 1991 525 :
2025 472 2183 527 Sicut
2210 489 2312 544 per
2341 472 2522 529 Adam
2552 472 2844 544 peccatum
2870 474 2928 525 et
2958 484 3110 525 mors
3139 444 3394 533 intravit,

172 560 255 617 sibi
294 558 463 619 beatus
517 557 870 629 Augustinus
910 558 1296 632 quaestionem,
1342 559 1534 615 dicens
1582 578 1593 612 :
1630 558 1707 627 Si,

173 649 335 723 inquit,
364 646 414 700 in
439 644 709 717 sanguine
751 646 1028 723 passionis
1074 648 1201 707 Filii
1246 647 1346 707 Dei
1393 648 1711 723 accepimus

172 735 498 795 remissionem
521 741 897 815 peccatorum,
920 751 1033 799 non
1071 752 1297 815 necesse
1315 742 1403 794 est
1431 743 1495 797 ut
1526 737 1710 811 baptis

170 818 326 897 temur
341 844 353 878 :
368 828 417 880 et
432 822 476 877 si
498 810 556 878 in
578 822 918 897 baptismate
953 810 1272 897 accepimus
1293 810 1705 899 remissionem,

171 922 215 987 et
229 912 531 981 inundamur
544 911 615 971 ab
624 913 888 969 omnibus
899 914 1157 971 sordibus
1176 915 1600 988 vitiorum,quid
1616 933 1711 973 ne-

170 990 393 1075 cessefuit
410 996 691 1063 Christum
714 1000 867 1073 pati?
889 1001 1069 1067 Quam
1091 1004 1458 1073 quaestionem
1490 1004 1573 1063 ita
1591 1005 1709 1061 dis-

170 1090 333 1146 solvit:
370 1089 477 1157 Ista
512 1088 641 1155 duo,
677 1089 863 1162 passio
910 1091 1164 1145 videlicet
1207 1091 1416 1149 Christi
1445 1098 1503 1151 et
1530 1093 1711 1165 bapti-

169 1197 308 1249 smus,
327 1176 399 1232 ita
414 1183 545 1233 sunt
572 1180 890 1249 conjuncta,
916 1185 980 1237 ut
997 1197 1178 1252 neque
1201 1180 1515 1255 baptismus
1535 1183 1713 1259 possit

169 1264 318 1323 lavare
343 1284 373 1321 a
395 1268 649 1338 peccatis,
699 1274 757 1323 et
800 1268 1109 1341 perfectum
1152 1269 1437 1331 hominem
1477 1271 1713 1329 reddere

166 1356 261 1411 sine
288 1355 382 1410 fide
404 1353 677 1427 passionis
697 1354 1063 1429 Christi,quia
1083 1358 1204 1413 sine
1229 1359 1339 1419 ﬁde
1368 1359 1713 1431 impossibile

167 1450 234 1503 est
253 1445 447 1523 placere
466 1442 581 1500 Deo
605 1463 616 1497 :
636 1462 820 1516 neque
846 1446 985 1501 fides
1004 1447 1281 1518 passionis
1304 1448 1513 1505 Christi
1534 1451 1713 1521 possit

163 1534 503 1589 remissionem
530 1539 883 1605 peccatorum
905 1535 1040 1590 dare
1060 1536 1182 1591 sine
1200 1536 1389 1613 gratia
1407 1537 1712 1610 baptisma-

162 1625 237 1693 tis,
260 1622 357 1677 nisi
381 1616 437 1677 in
462 1622 737 1694 sanguine
766 1624 1026 1696 martyrii
1054 1625 1140 1680 sui
1166 1626 1337 1681 fuerit
1372 1626 1708 1705 baptizatus,

1793 558 1875 614 ita
1902 577 2003 631 per
2033 562 2320 619 Christum
2359 560 2690 632 justiticatio
2720 565 2778 619 et
2804 558 2918 619 vita
2964 564 3180 613 aeterna
3220 556 3391 619 venit.

1793 646 2120 723 Propterea.
2139 650 2324 720 inquit
2343 650 2661 721 Apostolus,
2679 646 3023 711 reconciliati
3039 662 3237 716 sumus
3251 644 3391 717 Deo,

1793 736 1926 813 quia
1942 738 2089 792 sicut
2110 755 2211 811 per
2237 754 2414 793 unum
2442 738 2728 809 hominem
2757 737 2937 807 Adam
2968 736 3031 791 in
3052 734 3204 801 hunc
3232 749 3396 805 munt

1791 824 1949 889 dum,
1969 826 2024 879 id
2044 832 2130 881 est
2144 827 2202 881 in
2223 826 2647 883 universitatem
2670 826 2896 897 generis
2914 824 3149 895 humani
3171 827 3393 895 (ριέειεε

1792 913 2079 987 Christum
2100 914 2194 984 qui
2224 914 2293 969 de
2319 915 2576 987 supernis
2604 919 2711 983 est)
2741 918 3034 985 peccatum
3064 911 3315 985 intravit,
3335 915 3397 983 φς

1789 1018 1891 1075 per
1918 1007 2210 1074 peccatum
2240 1018 2392 1057 mors
2428 1003 2599 1069 venit,
2635 1003 2715 1059 ita
2738 1008 2798 1058 et
2825 1002 2885 1059 in
2909 1017 3108 1071 omnes
3134 999 3395 1070 homines

1791 1106 1945 1145 mors
1974 1089 2221 1162 corporis
2258 1097 2317 1146 et
2359 1089 2562 1147 animae
2603 1089 2946 1161 pertransiit,
2975 1088 3123 1161 sicut
3148 1086 3208 1143 in
3230 1086 3394 1175 illum

1792 1178 2127 1250 primum,in
2143 1195 2253 1251 quo
2274 1194 2469 1233 omnes
2488 1184 2856 1251 peccaverunt
2875 1177 2957 1237 ita
2971 1194 3072 1251 per
3086 1175 3393 1251 Domian

1793 1272 2049 1323 nostrum
2072 1266 2261 1322 Jesum
2275 1265 2562 1325 Christum
2583 1266 2920 1339 justiticatio
2941 1266 3194 1343 intravit,
3210 1269 3268 1320 et
3288 1280 3394 1335 per

1788 1356 2251 1429 justificationem
2282 1356 2392 1411 vita
2419 1356 2628 1411 futura.
2665 1356 2873 1421 Sensus
2911 1353 3041 1423 talis
3071 1359 3158 1425 est
3185 1371 3200 1413 ;
3234 1353 3392 1427 Sicut

1793 1460 1894 1520 per
1918 1444 2099 1503 Adam
2129 1450 2418 1523 peccatum
2448 1444 2679 1499 intravit
2706 1444 2765 1499 in
2792 1458 2972 1515 genus
3003 1436 3314 1517 humanum
3334 1446 3395 1516 et

1792 1549 1965 1596 mors,
1991 1538 2048 1588 et
2070 1550 2167 1604 per
2187 1549 2382 1589 omnes
2417 1533 2663 1598 transiit,
2686 1532 2765 1589 sic
2790 1548 2891 1611 per
2924 1531 3213 1605 Christum
3241 1529 3395 1599 venit

1787 1623 2119 1694 justiticatio
2150 1628 2207 1678 et
2234 1623 2366 1678 vita.
2399 1621 2465 1677 In
2503 1623 2624 1694 ipso
2654 1637 2875 1695 quoque
2903 1636 3101 1677 omnes
3128 1635 3398 1695 peccaves,

162 1711 269 1789 quia
280 1708 533 1766 Dominus
552 1710 691 1767 dixit
715 1731 726 1765 :
750 1713 878 1767 Nisi
893 1716 1017 1782 quis
1038 1719 1266 1775 renatus
1284 1716 1459 1782 fuerit
1479 1732 1546 1773 ea:
1562 1733 1710 1786 aqua
1731 1782 1771 1789 Α
1790 1717 1945 1778 runt,
1979 1711 2075 1783 qui
2102 1711 2163 1767 in
2194 1710 2401 1768 lumbis
2432 1712 2555 1783 ejus
2584 1716 2767 1783 erant,
2799 1709 2946 1767 sicut
2969 1708 3101 1787 Levi
3120 1706 3398 1785 inllumbiq

161 1782 404 1869 elSpirilu
428 1806 636 1867 sancto,
660 1817 773 1855 non
790 1806 964 1871 potest
992 1804 1228 1859 introire
1260 1806 1322 1858 in
1352 1820 1587 1873 regnum
1607 1782 1716 1862 'Dei
1731 1782 1778 1845 Β
1796 1805 1920 1877 erat
1947 1800 2144 1872 patris,
2178 1800 2402 1873 quando
2448 1782 2761 1854 decimatus
2808 1803 2895 1855 est
2931 1782 3118 1866 (Hebr.
3162 1782 3279 1866 vri).

158 1886 307 1960 (Joan.
324 1890 422 1963 nr).
442 1887 509 1945 Si
528 1891 833 1954 enim,cum
854 1893 1081 1949 inimici
1095 1908 1348 1961 essemus,
1370 1897 1716 1954 reconciliati

160 1995 317 2032 sumus
332 1976 428 2041 Deo
442 1994 542 2050 per
562 1983 795 2034 mortem
826 1980 959 2035 Filii
980 1983 1114 2050 ejus,
1138 1984 1313 2037 multo
1334 1986 1511 2052 magis
1531 1999 1715 2039 recon-

164 2068 314 2125 ciliali
337 2068 472 2122 salvi
499 2069 713 2123 erimus
742 2071 804 2122 in
836 2070 954 2123 vita
996 2072 1189 2138 ipsius.
1223 2069 1301 2132 Si.
1332 2071 1537 2142 inquit,
1586 2089 1713 2129 cum

160 2146 336 2221 inimici
362 2171 630 2215 essemus.
665 2150 723 2209 id
760 2162 846 2211 est
872 2164 1211 2229 peccatores,
1244 2160 1590 2217 reconciliati
1619 2178 1715 2217 811-!

161 2240 261 2297 inus
285 2242 391 2297 Deo
417 2243 573 2298 Patri
604 2262 705 2319 per
727 2251 969 2305 mortem
998 2245 1123 2300 Filii
1150 2248 1292 2318 ejus,
1328 2249 1508 2305 multo
1539 2250 1717 2321 magis

159 2348 297 2404 quam
322 2333 627 2389 meruimus
649 2322 992 2389 reconciliati
1038 2340 1097 2390 et
1143 2336 1202 2397 in
1248 2337 1554 2409 amicitiam
1582 2355 1719 2395 con-

158 2410 295 2497 versi,
330 2422 461 2476 salvi
503 2422 717 2477 erimus
759 2423 819 2478 in
860 2424 976 2478 vita
1025 2423 1220 2497 ipsius,
1266 2426 1324 2481 id
1370 2431 1456 2482 est
1505 2426 1564 2481 in
1605 2428 1718 2484 vita

156 2502 302 2581 ipsius
328 2508 552 2575 Christi,
582 2512 678 2584 qui
704 2517 790 2587 est
809 2513 934 2578 vita,
962 2518 1020 2567 et
1047 2508 1104 2568 in
1123 2530 1233 2587 quo
1254 2515 1423 2570 vitam
1446 2522 1715 2572 aeternam

158 2595 367 2652 habituri
380 2597 691 2661 sumus.Illi
706 2586 1255 2675 reconcilianturqui
1269 2603 1482 2659 inimici
1503 2611 1635 2661 sunt
1646 2605 1718 2659 ad

156 2684 689 2755 invicem.Quomodo
726 2708 860 2761 ergo
904 2689 1120 2745 exstitit
1162 2691 1323 2747 nobis
1362 2694 1717 2765 omnipotens

156 2773 279 2830 Deus
302 2777 473 2840 iratus
505 2785 566 2834 et
594 2779 877 2841 inimicus,
909 2796 1037 2834 cum
1063 2780 1131 2835 de
1162 2780 1255 2839 illo
1288 2782 1530 2847 dicatur,
1570 2784 1718 2854 quod

153 2862 265 2919 nihil
288 2867 397 2921 odit
424 2884 624 2923 eorum
654 2885 776 2955 quae
804 2868 954 2929 fecit.
972 2869 1270 2925 Sciendum
1302 2871 1451 2942 quod
1479 2888 1591 2927 non
1614 2888 1718 2927 na-

153 2955 306 3007 turam
334 2962 606 3021 nostram,
626 2972 795 3028 quam
825 2955 945 3029 ipse
974 2956 1104 3011 fecit
1130 2964 1380 3013 sanctam
1407 2964 1463 3013 et
1491 2958 1715 3027 bonam,

156 3038 257 3094 odio
282 3041 534 3110 habebat,
578 3044 677 3099 sed
716 3044 849 3099 vitia
898 3050 955 3099 et
992 3051 1223 3119 peccata
1253 3062 1375 3117 quae
1415 3046 1522 3118 ipsi
1560 3047 1720 3105 nobis

157 3130 469 3187 attraximus.
496 3133 855 3206 Quapropter
884 3135 1125 3206 quadam
1142 3134 1366 3206 justitia
1394 3135 1494 3191 Dei
1523 3136 1719 3192 traditi

156 3232 320 3274 sumus
353 3221 599 3290 diabolo,
641 3221 891 3294 quandiu
920 3221 1022 3278 sub
1050 3229 1278 3295 peccato
1305 3224 1535 3280 fuimus.
1564 3225 1720 3281 Sicut

154 3304 347 3377 legitur,
376 3317 678 3383 postquam
710 3311 915 3366 meruit
951 3308 1120 3373 homo
1166 3312 1362 3367 audire
1396 3332 1407 3368 :
1439 3315 1614 3371 Terra
1636 3333 1713 3387 es,

154 3392 199 3461 et
221 3394 269 3461 in
298 3402 500 3452 terram
530 3394 660 3469 ibis,
686 3398 791 3454 hoc
819 3404 904 3453 est
933 3406 1085 3454 totus
1112 3405 1374 3457 terrenus
1400 3402 1628 3461 effectus
1660 3420 1719 3463 es

152 3480 197 3535 et
220 3480 406 3540 idcirco
442 3482 727 3545 morieris.
760 3486 983 3542 Dictum
1025 3493 1113 3543 est
1147 3494 1205 3543 et
1238 3489 1461 3545 diabolo
1502 3489 1561 3545 in
1599 3507 1719 3551 ser-

150 3579 289 3648 pente
314 3591 325 3626 :
348 3572 584 3629 Terram
613 3574 891 3641 comedes,
931 3574 986 3629 id
1027 3581 1114 3630 est
1140 3584 1460 3648 peccatores
1485 3578 1717 3637 devora-

150 3647 233 3717 bis.
260 3660 465 3719 Ablatis
490 3669 687 3719 autem
714 3662 863 3720 vitiis
890 3668 945 3718 et
975 3647 1239 3737 peccatis,
1272 3682 1372 3738 per
1400 3667 1718 3738 passionem

152 3738 252 3802 Filii
278 3749 394 3823 ejus
420 3752 771 3807 reconciliati
800 3770 997 3813 sumus
1010 3753 1069 3808 in
1087 3753 1143 3807 id
1164 3752 1312 3827 quod
1333 3760 1465 3809 ante
1484 3754 1713 3815 fuimus.

147 3828 279 3891 Unde
296 3828 426 3899 dicit
445 3841 757 3917 Apostolus
779 3860 790 3895 :
829 3836 906 3907 Si,
937 3840 1216 3913 inquiens,
1235 3858 1362 3897 cum
1382 3846 1606 3898 inimici
1622 3846 1719 3901 Dei

149 3938 348 3982 essemus
376 3928 620 4007 actibus,
654 3947 767 3987 non
814 3936 1038 3999 natura,
1087 3947 1189 4003 per
1236 3938 1474 3987 mortem
1507 3933 1718 3993 Christi

147 4010 312 4073 salvati
339 4034 557 4085 sumus,
594 4024 803 4090 quanto
832 4019 1011 4091 magis
1040 4012 1099 4074 in
1127 4020 1248 4091 ejus
1273 4018 1719 4092 glorificabimur

148 4097 257 4165 vita,
278 4102 321 4157 si
349 4096 474 4173 eam
504 4102 722 4162 imitati
752 4104 1044 4163 fuerimus.

201 4189 307 4246 Non
334 4197 514 4249 solum
563 4201 774 4267 autem,
811 4196 901 4251 sed
946 4202 995 4250 et
1023 4190 1345 4265 gloriamur
1387 4200 1449 4253 in
1488 4200 1592 4253 Deo
1616 4212 1717 4270 per

1796 1904 2040 1959 congrue
2066 1887 2203 1942 dicit
2230 1889 2471 1959 primum
2502 1888 2743 1943 intrasse
2775 1891 3068 1962 peccatum
3097 1902 3163 1941 ac
3191 1885 3395 1959 deinde

1795 1994 1899 2057 per
1921 1983 2218 2050 peccatum
2254 1976 2601 2033 subintrasse
2631 1980 2892 2040 mortem,
2936 1975 3071 2046 quia
3111 1973 3304 2030 statim
3332 1978 3398 2047 ut

1798 2066 2065 2138 peccavit,
2089 2066 2342 2123 mortalis
2366 2066 2545 2121 factus
2567 2072 2673 2130 est,
2690 2064 2836 2121 sicut
2848 2064 2900 2119 ei
2918 2064 3067 2123 Deus
3095 2069 3227 2137 ante
3251 2079 3396 2138 pra-3

1799 2143 2017 2213 dixerat
2047 2173 2059 2208 :
2092 2154 2157 2210 In
2179 2171 2511 2226 quacunque
2535 2153 2647 2220 die,
2679 2152 2962 2229 inquiens,
2994 2151 3307 2211 comederis
3332 2167 3400 2227 ea

1798 2261 1883 2311 eo,
1917 2250 2099 2299 morte
2130 2243 2401 2298 morieris.
2448 2242 2707 2299 Peccavit
2746 2241 3191 2314 concupiscendo
3230 2246 3401 2313 atque

1799 2334 2161 2397 comedendo,
2194 2339 2252 2388 et
2279 2333 2532 2388 mortalis
2560 2333 2743 2387 factus
2764 2331 2933 2387 estin
2960 2328 3261 2403 peccando.

1875 2424 2044 2492 [Isque
2057 2424 2130 2477 ad
2149 2426 2315 2491 legem
2335 2425 2485 2481 enim
2498 2427 2786 2490 peccatum
2808 2425 2927 2476 erat
2944 2423 3009 2481 in
3029 2420 3261 2493 mundo.
3275 2419 3402 2495 Non

1799 2511 1935 2567 dicit
1958 2528 2136 2582 usque
2161 2512 2232 2566 ad
2254 2517 2495 2581 tempus,
2528 2527 2639 2582 quo
2662 2510 2796 2571 data
2823 2514 2912 2567 est
2938 2510 3045 2576 lex,
3085 2508 3184 2565 sed
3222 2524 3401 2583 usque

1800 2601 1869 2657 ad
1899 2601 2205 2654 terminum
2224 2599 2481 2655 ﬁniendae
2496 2599 2655 2670 legis.
2672 2599 2762 2659 Sic
2792 2597 2943 2654 enim
2965 2598 3189 2653 solliciti
3205 2613 3403 2665 sumus

1799 2678 2409 2760 dicere.Regnaverunt
2429 2687 2577 2745 Huni
2598 2704 2776 2759 usque
2800 2687 2871 2742 ad
2890 2686 3139 2742 Attalem
3154 2686 3233 2757 [F.
3253 2685 3403 2759 Atti-z-

1800 2775 1941 2851 lam]
1963 2794 2170 2848 regem,
2190 2776 2247 2833 id
2265 2782 2350 2835 est
2368 2776 2624 2853 usquead
2651 2780 2890 2831 mortem
2907 2775 3094 2837 Attale
3115 2774 3285 2847 regis.
3301 2773 3405 2853 Us:

1802 2883 1910 2939 que
1930 2866 2000 2921 ad
2022 2871 2266 2937 tempus,
2291 2865 2347 2920 id
2366 2872 2453 2920 est
2463 2880 2639 2935 usque
2656 2865 2727 2919 ad
2748 2862 2917 2923 ﬁnem
2937 2862 3077 2935 legis
3097 2868 3155 2921 et
3171 2862 3401 2939 initium

1798 2955 2015 3027 gratiae.
2042 2960 2332 3026 peccatum
2353 2953 2628 3025 originale
2646 2958 2703 3009 et
2722 2953 2943 3033 actuale
2962 2952 3071 3008 fuit
3087 2953 3148 3013 in
3169 2951 3400 3031 mundo.

1801 3044 1910 3099 Per
1921 3044 2165 3115 gratiam
2180 3048 2369 3098 autem
2383 3042 2729 3098 JesuChristi
2750 3058 2864 3101 non
2885 3042 3068 3101 solum
3080 3041 3399 3119 originalia,

1802 3133 1899 3189 sed
1920 3132 2090 3188 etiam
2104 3133 2345 3191 actualia
2361 3131 2585 3187 deserta
2595 3136 2746 3187 sunt.
2768 3134 3057 3189 Peccatum
3077 3136 3263 3205 autem
3288 3146 3403 3203 non

1800 3224 2188 3291 impulabatur
2215 3238 2341 3277 cum
2373 3226 2458 3279 lea:
2483 3237 2595 3277 non
2624 3225 2773 3276 esset.
2792 3220 2911 3276 Hoc
2928 3218 3226 3290 tripliciter
3244 3219 3408 3296 inte];

1799 3308 1898 3382 ligi
1927 3317 2130 3389 potest.
2158 3311 2419 3377 Quandiu
2457 3311 2545 3366 lex
2566 3309 2841 3367 naturalis
2861 3310 3077 3395 nonest
3095 3308 3155 3364 in
3174 3309 3402 3381 homine

1801 3400 1947 3455 sicut
1966 3400 2024 3459 in
2043 3400 2309 3472 parvulis,
2339 3399 2614 3472 quidquid
2634 3404 2768 3470 agat
2782 3398 3069 3479 papvulus,
3090 3413 3205 3455 non
3222 3396 3403 3477 impu-

1800 3494 1957 3545 tatur
1987 3506 2108 3545 esse
2136 3495 2447 3562 peccatum,
2468 3488 2602 3560 quia
2622 3488 2803 3543 nescit
2829 3487 2965 3565 quid
2983 3486 3059 3542 sit
3073 3485 3281 3545 bonum
3303 3488 3404 3555 aut

1802 3576 2235 3634 malumAliter
2259 3597 2271 3632 :
2300 3584 2335 3631 Λ
2346 3582 2614 3648 ntequam
2634 3576 2724 3635 lex
2744 3576 2995 3643 daretur,
3011 3591 3125 3635 non
3139 3589 3404 3653 agnosce-

1799 3666 1968 3721 batur
2010 3672 2297 3740 peccatum
2340 3672 2459 3722 tam
2505 3681 2675 3737 grave
2713 3665 2923 3727 malum
2953 3680 3096 3729 esses
3127 3662 3271 3723 δίβῑιί
3300 3678 3403 3739 Ρὲτ

1800 3750 1981 3827 legem
2021 3761 2309 3811 ostensum
2349 3761 2454 3812 est.
2487 3754 2589 3809 Vel
2628 3753 2794 3809 aliter
2824 3766 2837 3802 :
2867 3752 3008 3808 Cum
3040 3752 3128 3807 lex
3157 3751 3397 3829 deesset.

1800 3860 1914 3917 non
1942 3842 2350 3917 imputabatur,
2387 3843 2444 3897 id
2471 3848 2561 3901 est
2592 3840 2959 3913 ignorabatur
2978 3858 3091 3915 qua
3116 3855 3282 3912 paena
3310 3838 3397 3915 di;-

1798 3912 1973 4006 gnum
2003 3912 2153 3991 esset
2175 3936 2485 4008 peccatum,
2510 3912 2803 4002 quousque
2830 3930 2953 4002 ipsa
2976 3912 3065 3993 lex
3088 3929 3264 3985 dixit:

1799 4021 1906 4083 hoc
1942 4021 2027 4076 vel
2060 4018 2199 4075 illud
2225 4016 2436 4081 fecerit,
2472 4025 2654 4072 morte
2683 4016 2978 4077 moriatur.
3011 4016 3116 4085 Sed
3143 4017 3399 4093 regnauit

1797 4125 1945 4164 mors
1985 4111 2054 4164 ab
2094 4111 2271 4164 Adam
2321 4124 2490 4185 usque
2520 4107 2593 4161 ad
2622 4107 2863 4174 Moysen,
2893 4108 3061 4185 etiam
3090 4106 3155 4165 in
3183 4120 3267 4159 eos
3297 4105 3398 4185 qui

1797 4214 1909 4253 non
1950 4201 2309 4267 peccaverunt
2343 4198 2407 4251 in
2435 4197 2870 4251 similitudinem
2912 4194 3394 4275 precaris-aliam};

140 4274 413 4335 Dominum
444 4291 705 4338 nostrum
716 4287 901 4339 Jesum
918 4285 1222 4353 Christum,
1250 4301 1353 4353 per
1374 4303 1534 4359 quem
1562 4303 1716 4343 nunc
1794 4286 1940 4349 Adae.
1959 4285 2023 4342 Id
2043 4291 2129 4341 est
2148 4302 2298 4343 mors
2317 4282 2467 4339 idem
2490 4289 2575 4339 est
2598 4282 2747 4356 quod
2767 4274 3080 4356 peccatum,
3106 4281 3232 4347 ideo
3261 4279 3398 4359 dicit
3450 4298 3463 4313 ο

145 4372 417 4440 accepimus
438 4374 978 4427 reconciliationem.
1002 4373 1128 4427 Non
1140 4372 1343 4442 solum,
1360 4373 1564 4449 inquit,
1585 4371 1775 4431 salviD
1793 4368 2059 4446 regnasse
2089 4380 2348 4438 mortem,
2367 4374 2835 4447 quiauniversum
2864 4370 3050 4428 tenuit
3066 4370 3259 4429 orbem

145 4455 341 4525 erimus,
353 4464 410 4514 et
423 4460 660 4515 dabitur
668 4459 828 4515 nobis
851 4461 963 4515 vita
983 4463 1314 4529 aaterna,sed
1327 4469 1384 4517 et
1398 4464 1711 4536 gloriamur

143 4540 187 4596 in
205 4544 306 4601 Deo
328 4548 497 4604 Patre
517 4551 639 4605 sive
678 4550 734 4604 in
773 4548 1087 4622 cognitione
1109 4552 1228 4618 Dei,
1251 4569 1421 4622 quam
1446 4552 1717 4608 habemus

145 4647 226 4701 per
250 4632 547 4693 Dominum
581 4643 841 4694 nostrum
866 4638 1058 4694 Jesum
1080 4640 1388 4706 Christum,
1405 4642 1566 4713 cujus
1586 4659 1716 4714 pas-

143 4717 272 4776 sione
282 4740 424 4782 nunc
442 4727 964 4782 reconciliationem
984 4729 1713 4803 accepimus.Nunc,inquit,

142 4808 450 4869 reconciliati
498 4833 703 4871 sumus
744 4817 859 4871 Deo
908 4816 1084 4887 Patri,
1131 4816 1187 4872 id
1228 4826 1314 4875 est
1357 4816 1414 4874 in
1464 4827 1717 4893 tempore

142 4897 380 4959 adventus
426 4898 668 4971 Christi,
715 4904 861 4958 sicut
907 4902 1056 4959 enim
1105 4905 1273 4960 verbo
1318 4906 1476 4962 Patri
1520 4926 1718 4965 sumus

141 4986 305 5052 creati,
330 4991 492 5063 juxta
518 4992 672 5071 quod
699 4992 943 5048 Joannes
971 4990 1139 5048 dicit:
1165 4996 1367 5050 Omnia
1400 5013 1497 5065 per
1528 5000 1718 5066 ipsum

141 5072 265 5170 {acta
289 5086 435 5148 sunt,
470 5085 521 5136 et
550 5085 675 5170 sine
712 5085 833 5151 ipso
879 5083 1092 5153 factum
1136 5090 1211 5138 est
1259 5086 1405 5139 nihil
1444 5087 1618 5170 (Joan.
1652 5088 1716 5170 ι)ἓ

140 5164 206 5215 ita
228 5182 438 5239 quoque
471 5176 531 5225 et
561 5168 635 5224 ab
667 5170 764 5225 illo
794 5187 989 5231 sumus
1015 5170 1295 5244 redempti
1324 5180 1378 5228 et
1417 5174 1533 5230 Deo
1563 5166 1720 5236 Patri

145 5256 482 5312 reconciliati.

203 5342 475 5412 Propterea
495 5351 646 5423 sicut
661 5363 763 5421 per
790 5365 971 5403 unum
985 5349 1263 5405 hominem
1293 5354 1356 5406 in
1384 5348 1534 5407 hunc
1566 5365 1734 5409 mun'

145 5420 258 5482 dum
276 5420 559 5500 peccatum
584 5420 841 5503 intrauit,
873 5444 920 5491 et
948 5454 1046 5509 per
1072 5453 1357 5509 peccatum
1383 5448 1610 5507 mors,et
1639 5446 1721 5498 ita

146 5516 197 5568 in
213 5535 384 5583 omnes
401 5525 656 5585 homines
678 5542 824 5591 mors
837 5530 1258 5595 pertransiit,in
1276 5546 1381 5598 quo
1401 5546 1586 5585 omnes
1603 5547 1722 5601 pec-

156 5606 413 5665 catorum.
443 5608 711 5668 Defectus
736 5606 996 5669 dictionis
1037 5612 1146 5671 isto
1171 5616 1232 5672 in
1256 5616 1376 5673 loco
1405 5624 1491 5673 est
1519 5618 1719 5690 hujus-

1800 4481 1954 4523 mors
1982 4463 2215 4537 peccati,
2235 4480 2405 4537 quam
2427 4480 2577 4518 mors
2598 4462 2867 4533 corporis.
2887 4460 3048 4526 Quod
3068 4460 3202 4539 dicit
3217 4476 3399 4540 usque

1800 4552 1871 4608 ad
1900 4554 2129 4627 Moysen
2151 4552 2231 4608 ita
2257 4559 2343 4609 est
2370 4551 2800 4622 intelligendum
2822 4556 2887 4606 ut
2908 4552 3029 4622 jam
3054 4549 3319 4614 diximus,
3337 4548 3396 4609 id

1800 4647 1887 4695 est
1912 4658 2090 4713 usque
2134 4642 2207 4697 ad
2254 4643 2426 4697 tinem
2472 4640 2614 4711 legis
2660 4646 2717 4694 et
2770 4638 2993 4717 initium
3036 4637 3252 4718 gratias.
3288 4637 3398 4713 Per

1798 4731 2030 4804 Moysen
2058 4731 2208 4787 enim
2236 4730 2571 4801 intelligitur
2594 4729 2702 4795 lex,
2734 4727 2879 4783 sicut
2904 4726 3112 4781 dicitur
3139 4724 3199 4783 in
3220 4724 3398 4797 Evan-

1796 4815 1945 4895 gelio
1974 4820 2045 4875 ad
2068 4820 2332 4875 divitem:
2358 4818 2582 4879 Habent
2615 4818 2865 4888 Moysen,
2890 4814 2947 4873 id
2978 4818 3065 4873 est
3099 4813 3413 4896 legem-EF

1800 4905 1935 4965 alibi
1979 4925 1991 4961 :
2043 4909 2318 4976 Incipiens
2364 4923 2400 4961 a
2445 4906 2623 4975 Moyse
2666 4905 2821 4974 (Luc.
2863 4902 3060 4970 xvaI),
3090 4901 3199 4959 hoc
3244 4906 3332 4976 est
3366 4918 3402 4976 β

1798 4986 1941 5083 lege.
1976 4972 2268 5081 Regnavit,
2292 4988 2495 5067 inquit,
2527 4972 2689 5089 mors
2708 4980 2910 5049 anitum
2926 4989 3135 5089 into‘to

1802 5076 1866 5161 ex
1897 5102 2009 5157 quo
2037 5072 2251 5159 primus
2280 5099 2392 5139 non
2429 5080 2680 5154 peccavit
2706 5096 2888 5151 usque
3056 5072 3227 5139 ﬁnem
3264 5072 3405 5165 legis

1802 5172 1982 5246 Moysi
2013 5180 2069 5230 et
2098 5172 2386 5229 exordium
2436 5166 2742 5242 Evangelii,
2779 5185 2893 5255 non
2938 5170 3122 5233 solum
3154 5170 3215 5239 in
3242 5170 3405 5255 alios,

1803 5262 1900 5318 sed
1928 5260 2097 5317 etiam
2129 5263 2187 5321 in
2219 5261 2342 5315 illos
2392 5259 2489 5331 qui
2534 5276 2646 5323 non
2697 5266 2896 5333 sponte
2944 5276 3132 5331 neque
3169 5260 3413 5331 scienter

1811 5357 2198 5427 peccaverunt,
2243 5349 2389 5405 sicut
2434 5348 2650 5424 parvuli
2697 5353 2879 5433 erant,
2910 5334 3008 5421 qui
3044 5334 3413 5433 originalibus

1807 5440 2047 5512 peccatis
2078 5439 2415 5495 tenebantur
2454 5436 2697 5501 obnoxii.
2743 5430 2832 5493 Illi
2873 5437 2933 5493 in
2979 5426 3408 5505 similitudinem

1805 5529 2278 5603 pnevaricationis
2294 5528 2427 5584 Adae
2453 5534 2703 5601 peccant,
2729 5528 2824 5600 qui
2846 5525 3091 5583 scienter
3120 5533 3177 5585 et
3206 5527 3402 5587 volun-

1802 5619 1947 5675 tarie
1967 5608 2224 5691 peccant,
2246 5617 2393 5674 sicut
2413 5618 2507 5674 ille
2526 5617 2618 5674 cui
2628 5617 2771 5673 dixit
2787 5617 2969 5673 Deus:
2994 5612 3073 5673 Ex
3088 5618 3242 5672 omni
3260 5612 3412 5689 ligno
