3936 6164
451 253 555 311 407

905 257 1282 313 HAYMONIS
1313 259 1799 313 HALBERSTAT.
1837 258 2059 315 EPISC.

2150 260 2250 316 PP.
2285 261 2469 317 PARS
2498 262 2543 317 ἰ.
2580 293 2644 303 -
2678 261 3051 320 ΟΟΜΜΕΝΤ.
3086 261 3264 318 BIBL.

3578 264 3666 324 408

448 380 693 449 paradisi
705 381 950 447 comede,
971 382 1403 453 delignoautem
1422 382 1666 438 scientiae
1686 381 1814 437 boni
1832 388 1887 436 et
1909 383 2039 437 mali
2060 389 2102 443 Α
2126 400 2298 439 unum
2330 391 2671 455 peccantem,
2702 385 2759 440 id
2788 392 2873 440 est
2899 403 2998 457 per
3021 385 3219 449 Adam,
3241 384 3381 441 venit
3408 402 3544 443 mors
3571 407 3581 441 :
3605 389 3671 444 ita

452 485 524 522 ne
553 471 949 533 comedas,ete.
978 472 1127 537 (Gen.
1148 476 1231 536 ιι).
1253 473 1356 527 Ille
1382 489 1510 525 vero
1541 472 1596 525 in
1614 472 2042 526 similitudinem

452 558 585 614 Adae
597 574 708 613 non
724 561 1037 632 peccat,qui
1050 578 1230 633 neque
1241 562 1418 632 legem
1430 561 1746 615 naturalem
1760 560 1944 624 habet,
1954 579 2047 616 ne-

456 663 564 719 que
594 664 720 703 cum
754 649 939 703 studio
969 656 1179 720 peccat.
1216 651 1321 717 Qui
1360 656 1437 704 est
1462 652 1646 717 forma
1688 653 1895 717 futuri.
1930 652 2047 706 Hoc

452 736 751 807 tripliciter
765 743 948 809 potest
967 739 1405 809 intelligizAdam
1430 739 1526 810 qui
1546 744 1836 810 peccatum
1858 739 2051 794 attulit

454 826 684 891 mundo,
717 827 1003 898 exemplar
1030 827 1145 882 sive
1172 827 1350 881 forma
1373 834 1459 881 est
1485 827 1659 882 futuri
1687 826 1846 893 Adze,
1878 829 1931 881 id
1964 836 2051 883 est

455 913 681 980 Christi,
709 916 840 987 quia
869 917 1018 971 sicut
1035 933 1098 971 ex
1118 916 1337 986 virgine
1355 923 1507 971 terra
1521 916 1614 971 ille
1643 917 1822 973 factus
1841 922 1946 982 est,
1971 918 2051 972 ita

456 1002 714 1059 Christus
732 1020 800 1058 ex
823 1005 1037 1075 virgine
1058 1004 1240 1059 Maria
1270 1010 1435 1059 natus
1456 1011 1559 1059 est.
1583 1005 1683 1059 Vel
1715 1022 1748 1059 a
1768 1006 2051 1060 contraria

454 1097 633 1163 parte,
659 1093 828 1148 aliter
843 1094 1118 1167 accipitur
1138 1100 1308 1166 caput
1334 1095 1565 1166 peccati,
1582 1094 1747 1148 aliter
1773 1101 1944 1166 caput
1962 1097 2051 1166 ju-

454 1181 623 1236 stitia;
647 1200 658 1235 :
682 1182 817 1254 quia
839 1183 985 1237 sicut
1004 1184 1180 1237 Adam
1204 1189 1491 1253 peccatum
1514 1183 1705 1255 attulit
1719 1189 1776 1237 et
1791 1190 2050 1250 mortem,

455 1270 538 1326 ita
565 1272 819 1326 Christus
842 1272 1306 1342 justilicationem
1329 1280 1387 1327 et
1416 1274 1608 1327 vitam.
1644 1273 1823 1327 Aliter
1853 1292 1864 1327 :
1895 1274 1954 1328 Si
1975 1274 2054 1329 sic

457 1359 784 1425 dixerimus,
816 1362 909 1431 qui
939 1368 1025 1414 est
1045 1361 1228 1415 forma
1244 1362 1470 1418 futuris.
1500 1367 1565 1416 ut
1591 1362 1817 1433 quidam
1837 1363 2055 1419 codices

459 1449 689 1514 habent,
725 1451 831 1505 erit
862 1467 1060 1506 sensus
1094 1470 1105 1505 :
1148 1453 1446 1523 Exemplar
1472 1459 1560 1507 est
1584 1453 1788 1508 futuris
1818 1455 2056 1525 posteris

459 1539 577 1594 suis
604 1539 665 1594 in
696 1547 943 1611 peccato,
976 1540 1108 1612 quia
1126 1542 1272 1595 sicut
1310 1541 1404 1595 ille
1434 1549 1694 1613 peccator
1720 1548 1778 1597 et
1804 1543 2057 1597 mortalis

461 1629 695 1693 exstitit,
727 1630 809 1683 ita
839 1646 1034 1684 omnes
1064 1631 1273 1701 posteri
1311 1633 1433 1701 ejus
1464 1638 1789 1702 peccatores
1817 1637 1874 1686 et
1903 1648 2055 1686 mor-

2128 478 2185 525 et
2202 472 2409 526 donum
2429 474 2626 542 gratiae
2656 474 2804 527 venit
2831 490 2931 545 per
2950 472 3252 528 Christum.
3275 475 3409 528 Nam
3423 477 3671 543 judicium

2128 562 2349 629 quidem
2378 578 2443 615 ea:
2470 578 2584 616 uno
2612 564 2675 615 in
2704 556 3426 631 wrtdemnationein,gratia
3444 570 3676 621 autemet

2129 652 2323 704 multis
2343 651 2557 705 delictis
2576 654 2637 704 in
2654 653 3138 720 justi/irationem.
3162 650 3192 705 ,ἶ
3197 650 3452 716 udicium,
3479 651 3582 707 sive
3599 653 3678 707 da-

2130 739 2363 801 mnatio.
2386 755 2449 794 ex
2469 756 2583 794 uno
2600 740 3151 808 homine,Adam,vel
3172 756 3282 795 uno
3300 746 3512 813 peccato
3531 742 3678 813 origi-

2129 830 2246 883 nali
2274 829 2427 883 venit
2454 830 2513 884 in
2543 830 3067 885 condemnationem
3093 830 3343 886 omnium
3378 830 3638 885 hominum
3666 850 3678 884 :

2129 918 2315 990 gratia
2342 923 2533 973 autem
2563 919 2774 974 Christi
2805 936 2916 991 qua
2945 917 3105 973 nobis
3145 919 3321 989 gratis
3362 918 3687 974 dimittuntur

2132 1011 2376 1077 peccata,
2409 1006 2465 1060 in
2488 1007 2952 1077 justiﬁcationem
2976 1007 3227 1061 ﬁdelium
3255 1007 3404 1062 venit
3429 1024 3490 1062 ex
3518 1008 3685 1063 multis

2131 1095 2349 1151 delictis
2378 1113 2505 1167 qua:
2532 1103 2655 1167 post
2700 1096 2973 1167 originale
3013 1102 3303 1167 peccatum
3336 1096 3519 1151 addita
3558 1102 3686 1152 sunt.

2137 1185 2204 1239 Et
2234 1190 2321 1239 est
2348 1201 2548 1239 sensus
2581 1204 2592 1235 :
2622 1186 2922 1240 Damnatio
2950 1186 3105 1241 venit
3131 1202 3196 1240 ex
3225 1202 3335 1240 uno
3363 1186 3591 1247 homine,
3619 1186 3690 1241 vel

2135 1290 2249 1328 uno
2278 1280 2504 1344 peccato
2535 1274 2817 1345 originali,
2858 1274 2915 1328 in
2949 1274 3463 1330 condemnationem
3498 1275 3692 1345 generis

2138 1363 2576 1433 humani,gratia
2590 1368 2779 1418 autem
2798 1362 3005 1419 Christi
3029 1364 3181 1419 venit
3199 1363 3257 1418 in
3269 1363 3692 1434 justiflcationem

2140 1452 2445 1507 electorum
2476 1469 2542 1506 ex
2570 1452 2762 1507 multis
2791 1452 3030 1517 delictis,
3062 1452 3118 1507 id
3150 1459 3236 1507 est
3266 1453 3334 1506 ad
3356 1452 3456 1506 hoc
3478 1452 3628 1516 venit,
3642 1458 3696 1506 ut

2139 1557 2249 1595 non
2278 1541 2458 1596 solum
2485 1540 2555 1595 ab
2585 1540 2680 1596 illo
2701 1557 2813 1596 uno
2843 1541 3126 1612 originali,
3149 1541 3250 1596 sed
3270 1541 3435 1595 etiam
3453 1540 3519 1595 ab
3538 1541 3694 1594 omni-

2140 1630 2246 1685 bus
2264 1629 2577 1686 actualibus
2596 1647 2699 1685 nos
2714 1629 3054 1700 justiﬁcaret
3085 1649 3097 1683 :
3130 1630 3368 1702 ideoque
3394 1629 3548 1684 aliter
3572 1629 3700 1682 venit

459 1717 602 1771 tales
617 1717 734 1772 nati
759 1724 891 1773 sunt
911 1724 967 1773 et
986 1726 1294 1774 nascuntur
1312 1720 1580 1791 quotidie,
1599 1721 1926 1776 transducto
1947 1720 2055 1775 ori-
2074 1740 2121 1799 Β
2138 1726 2449 1793 peccatum,
2478 1721 2643 1775 aliter
2664 1721 2869 1791 gratia.
2901 1719 3404 1783 Considerandum,
3447 1719 3571 1789 quia
3593 1733 3699 1772 cum

457 1804 634 1876 ginali
663 1812 887 1876 peccato
935 1807 993 1862 in
1033 1814 1306 1879 posteros,
1350 1815 1414 1863 ut
1460 1809 1660 1863 beatus
1708 1810 2056 1880 Augustinus

384 1920 389 1923 ι
460 1893 615 1958 dicit,
646 1910 748 1965 per
773 1896 1284 1967 concupiscentiam
1334 1899 1534 1963 coitus,
1568 1899 1665 1953 sed
1695 1915 1794 1970 per
1819 1900 2059 1969 gratiam

460 1982 686 2038 Domini
712 1985 889 2039 nostri
917 1986 1049 2040 Jesu
1089 1986 1296 2041 Christi
1339 1986 1652 2042 liberantur
1674 2004 1707 2041 a
1737 1988 1979 2059 peccatis
2007 1992 2066 2041 et

462 2077 646 2127 morte
671 2079 909 2128 aeterna:
927 2074 1072 2129 sicut
1096 2076 1246 2130 enim
1278 2076 1467 2130 nullus
1495 2076 1662 2131 homo
1680 2082 1836 2131 extra
1858 2077 2058 2143 Adam,

461 2161 520 2216 id
550 2167 637 2217 est
665 2168 821 2217 extra
849 2165 1174 2235 progeniem
1202 2165 1370 2227 illius,
1413 2167 1492 2220 ita
1522 2166 1710 2220 nullus
1741 2170 1897 2220 extra
1930 2182 2060 2237 pec-

462 2256 649 2306 catum
678 2253 829 2307 illius
855 2258 1060 2324 praeter
1089 2254 1395 2310 Christum.

533 2341 638 2397 Sed
664 2358 777 2396 non
806 2344 946 2396 sicut
969 2344 1252 2407 delictum,
1276 2345 1428 2408 Adae,
1452 2349 1533 2399 ita
1552 2352 1603 2399 et
1624 2347 1831 2399 donum
1852 2348 2062 2414 justiﬁ-

464 2432 718 2495 cationis,
747 2430 853 2484 hoc
873 2437 956 2486 est
978 2432 1161 2503 majus
1181 2432 1290 2487 fuit
1310 2433 1518 2488 donum
1542 2434 1886 2505 Christi,quo
1902 2434 2062 2489 nobis

465 2518 723 2573 remissio
743 2526 1102 2589 peccatorum
1124 2522 1466 2593 venit,quam
1490 2530 1778 2594 peccatum
1804 2524 2066 2595 Adae,per

467 2607 617 2679 quod
641 2608 792 2663 venit
824 2625 993 2664 mors.
1018 2611 1089 2664 Et
1136 2610 1260 2681 plus
1292 2612 1584 2682 praevaluit
1605 2612 1827 2683 justitia
1856 2613 2066 2667 Christi

466 2698 528 2753 in
548 2698 929 2769 justiﬁcando,
962 2716 1130 2771 quam
1160 2707 1447 2771 peccatum
1480 2702 1612 2756 Adae
1638 2701 1693 2755 in
1725 2701 2063 2757 occidendo:

2141 1808 2274 1864 dicit
2296 1809 2570 1879 judicium
2608 1809 2796 1863 venire
2822 1825 2887 1863 ex
2915 1825 3028 1864 uno
3054 1808 3284 1862 homine
3307 1807 3365 1862 in
3397 1806 3700 1861 condemna-

2141 1898 2374 1963 tionem,
2398 1899 2646 1969 loquitur
2672 1904 2867 1952 contra
2895 1897 3247 1967 Pelagianos,
3280 1896 3376 1967 qui
3399 1899 3596 1966 negant
3616 1893 3705 1948 ori-

2142 1987 2328 2057 ginale
2343 1992 2633 2059 peccatum
2653 1987 2801 2041 trahi
2823 1986 2894 2040 ab
2914 1985 3223 2041 infantibus
3250 1985 3473 2057 quando
3492 1999 3703 2039 nascun-

2146 2077 2524 2140 tur,dicentes
2547 2095 2559 2130 :
2582 2076 2713 2147 quia
2741 2092 2851 2131 non
2882 2092 2983 2147 per
3010 2075 3287 2145 originem
3300 2074 3433 2129 illud
3451 2078 3705 2145 peccatum

2142 2165 2405 2229 trahitur,
2429 2165 2524 2219 sed
2546 2164 3050 2236 perimitationem,
3086 2164 3234 2235 quod
3274 2163 3499 2218 omnino
3525 2161 3701 2217 falsum

2143 2260 2247 2308 est.
2279 2254 2337 2308 Si
2366 2254 2517 2308 enim
2569 2254 2651 2307 ita
2692 2260 2859 2319 esset,
2892 2259 2957 2308 ut
2983 2253 3065 2307 illi
3091 2253 3357 2315 delirant,
3389 2265 3707 2323 nequaquam

2143 2342 2418 2397 Dominus
2440 2359 2699 2414 expresse
2718 2342 2777 2397 in
2804 2342 3104 2414 Evangelia
3120 2342 3370 2396 diceret:
3393 2342 3457 2398 Si
3476 2344 3590 2410 quis
3616 2354 3707 2392 non

2126 2437 2373 2487 -renatus
2386 2433 2563 2499 fuerit
2582 2449 2650 2485 ea:
2667 2448 2813 2501 aqua
2834 2437 2883 2485 et
2906 2432 3134 2502 Spiritu
3153 2437 3363 2494 sancto,
3381 2446 3489 2485 non
3504 2428 3711 2483 intrabit

2146 2523 2210 2575 in
2236 2538 2471 2587 regnum
2502 2526 2759 2575 caelorum
2798 2522 2983 2589 (Joan.
3030 2523 3138 2583 ni).
3190 2518 3258 2575 In
3290 2519 3478 2574 Veteri
3519 2532 3711 2589 quoque

2146 2610 2509 2665 Testamento
2565 2625 2922 2681 nequaquam
2978 2609 3235 2663 diceret:
3266 2609 3538 2663 Masculus
3580 2608 3714 2674 cujus

2148 2715 2277 2753 caro
2321 2701 2651 2753 circumcisa
2682 2715 2796 2753 non
2824 2700 3018 2766 fuerit,
3056 2699 3260 2767 peribit
3301 2699 3365 2751 de
3403 2698 3592 2767 populo
3615 2710 3712 2758 suo,

468 2787 733 2859 quoniam
764 2788 822 2842 in
850 2788 938 2842 his
963 2789 1059 2859 qui
1084 2806 1185 2861 per
1212 2789 1496 2845 Christum
1527 2790 1903 2857 redimuntur,
1931 2797 2069 2846 tem-
2151 2790 2285 2856 quia
2312 2794 2539 2856 pactum
2579 2803 2764 2841 meum
2812 2791 3049 2841 irritum
3090 2789 3218 2855 fecit
3260 2788 3415 2855 (Gen.
3459 2784 3596 2848 xvn),
3624 2797 3718 2837 non

466 2877 743 2949 poraliter
758 2877 908 2931 valet
926 2878 1105 2932 forma
1129 2878 1326 2933 mortis
1355 2896 1420 2933 ex
1441 2880 1619 2933 Adam
1643 2899 1654 2933 :
1682 2880 1861 2934 forma
1880 2886 2069 2935 autem
2154 2892 2254 2947 per
2274 2893 2353 2943 se,
2387 2876 2483 2931 sed
2514 2876 2571 2931 in
2599 2881 2758 2947 patre
2788 2893 2889 2931 suo
2918 2876 3101 2931 Adam
3135 2877 3192 2930 in
3216 2875 3496 2947 paradiso.

466 2966 595 3020 vitae
612 2965 820 3020 valebit
838 2967 894 3020 in
908 2972 1179 3022 aeternum
1204 2986 1303 3038 per
1323 2969 1628 3023 Christum.
1646 2970 1709 3025 Si
1728 2972 1873 3023 enim
1900 2973 2072 3023 unius
2088 3013 2136 3077 Ο
2228 2966 2292 3020 Si
2322 2968 2474 3020 enim
2500 2969 2674 3020 unius
2706 2966 2948 3020 hominis
2971 2967 3165 3020 delicto
3195 2981 3348 3019 mors
3380 2965 3614 3032 regnavit
3636 2974 3719 3029 per

478 3053 715 3077 L-....'...'-
754 3053 872 3077 ΛΔ..
918 3056 1102 3077 ,1-1.·-ι-
1129 3073 1199 3077 --.-
1235 3059 1296 3077 ιι)
1328 3057 1341 3077 _'
1364 3058 1379 3077 ι
1420 3063 1485 3077 ΔκΑ
1519 3059 1557 3077 ΑΙ
1578 3075 1585 3077 ξ
1608 3058 1667 3077 ,4!
1780 3061 1921 3077 ___‘-,,-
1952 3074 1981 3077 η
2016 3062 2071 3077 --Α
2156 3070 2329 3077 -.μ-----
2390 3057 2561 3077 “thro-
2599 3058 2772 3077 -..--.⁵-
2810 3055 3151 3077 -Ι.----,ἳ-..ι.⁶-
3175 3056 3366 3077 -..Α-13..
3386 3052 3719 3077 Δ,..-ι.“η-.⁸.ΑΙ

473 3053 894 3120 hominis,Adaa,
910 3056 1104 3109 delicto
1126 3059 1311 3113 mulli.
1328 3057 1379 3110 id
1404 3063 1491 3112 cst
1509 3058 1694 3127 electi,
1710 3061 1921 3111 mortui
1939 3062 2071 3111 sunt
2089 3052 2136 3077 υ
2154 3070 2356 3119 unum,
2389 3057 2563 3109 multo
2598 3058 2773 3123 magis
2801 3055 3153 3108 abundantia
3166 3056 3366 3121 gratia:
3380 3052 3721 3107 donationisct

471 3141 883 3214 temporaliter,
916 3146 1092 3198 multo
1114 3148 1291 3212 magis
1316 3149 1504 3212 gratia
1535 3148 1649 3209 Dei,
1673 3163 1785 3216 qua
1810 3144 1971 3200 nobis
1992 3146 2072 3200 di-
2148 3145 2378 3212 justitia
2400 3147 2723 3212 accipientes
2737 3147 2797 3197 in
2811 3146 2985 3197 vitam
3011 3144 3325 3211 regnabant
3355 3158 3452 3211 per
3472 3156 3637 3195 unum
3653 3138 3722 3191 Je-

470 3232 779 3287 mittuntur
796 3238 1096 3303 peccata,et
1116 3234 1324 3287 donum
1346 3234 1589 3305 Spiritus
1609 3235 1791 3289 sancti
1814 3238 1869 3288 in
1882 3238 2071 3303 gratia
2152 3248 2278 3286 sum
2308 3235 2609 3288 Christum.
2639 3232 2707 3287 Et
2727 3238 2810 3286 est
2832 3248 3031 3286 sensus
3072 3249 3083 3284 :
3120 3232 3179 3286 Si
3207 3247 3310 3302 pro
3341 3231 3542 3285 delicto
3576 3226 3721 3282 unius

472 3326 648 3377 unius
674 3323 915 3377 hominis
938 3324 1064 3376 Jesu
1081 3323 1289 3378 Christi
1302 3326 1359 3375 in
1380 3326 1564 3389 plures
1578 3322 2070 3379 abundavitMulti

475 3415 532 3466 et
559 3411 747 3482 plures
774 3409 844 3465 ad
875 3411 1082 3465 electos
1109 3410 1449 3465 referuntur.
1474 3428 1573 3465 nec
1594 3417 1681 3465 est
1703 3413 2066 3483 comparatio,

476 3500 627 3572 quod
656 3500 792 3554 dicit
813 3500 1021 3571 plures.
1046 3500 1175 3569 quia
1200 3500 1387 3570 plures
1406 3507 1533 3554 sunt
1562 3500 1893 3573 reprobiqui
1915 3501 2072 3555 dam-

476 3588 782 3652 nabantur,
806 3605 973 3660 quam
998 3589 1112 3642 sint
1122 3589 1261 3657 justi
1279 3589 1375 3661 qui
1396 3590 1780 3657 salvabuntur,
1802 3591 1898 3644 scd
1919 3591 2077 3644 abso-

476 3679 596 3734 lute
626 3679 870 3751 positum
890 3684 992 3731 est.
1013 3678 1296 3748 Jungatur
1323 3683 1380 3733 et
1409 3680 1512 3733 hoc
1542 3680 1707 3734 mullo
1734 3680 1824 3735 :Si
1845 3686 2077 3751 propter

479 3769 649 3823 unius
676 3766 922 3820 hominis
952 3766 1217 3821 delictum
1240 3768 1393 3825 Adae.
1418 3785 1530 3823 non
1570 3771 1751 3823 solum
1776 3768 1997 3840 reprobi
2019 3774 2078 3823 et

480 3854 720 3910 nimium
759 3860 1099 3925 peccatores,
1138 3856 1235 3911 sed
1266 3857 1436 3911 etiam
1485 3857 1643 3912 electi
1690 3858 1899 3912 mortui
1946 3863 2081 3912 sunt

2152 3319 2558 3385 hominisAdze,
2576 3320 2724 3391 quod
2755 3336 2856 3392 per
2883 3335 3060 3375 unum
3082 3319 3370 3373 hominem
3394 3318 3563 3373 Adam
3575 3313 3720 3372 venit.

2154 3425 2305 3463 mors
2333 3409 2583 3480 corporis
2611 3414 2670 3463 et
2692 3409 2893 3463 animas
2905 3408 3161 3479 regnavit
3186 3400 3721 3479 temporaliter,etad

2151 3504 2264 3554 tem
2274 3515 2375 3569 pus
2407 3498 2463 3553 in
2494 3499 2684 3554 electis
2705 3499 2885 3553 multo
2906 3497 3085 3568 magis
3104 3495 3428 3567 regnabunt
3454 3495 3532 3550 illi
3561 3493 3614 3547 in
3632 3492 3729 3545 vita

2156 3594 2386 3651 aeterna,
2426 3589 2763 3660 accipientes
2801 3604 2903 3659 per
2924 3588 3117 3642 Iesum
3147 3585 3439 3641 Christum
3468 3582 3729 3639 abundan-

2156 3677 2315 3745 tiam,
2347 3677 2404 3731 id
2434 3683 2521 3733 est
2557 3677 2962 3749 plenitudinem
2992 3676 3209 3747 gratiae,
3243 3691 3360 3745 qua
3397 3673 3732 3728 dimittuntur

2157 3772 2409 3837 peccata.
2440 3772 2497 3820 et
2521 3765 2926 3838 plenitudinem
2964 3763 3385 3828 dominationis,
3417 3763 3474 3817 id
3503 3767 3584 3816 est
3607 3760 3734 3813 dona

2160 3856 2404 3926 Spiritus
2419 3855 2597 3909 sancti
2619 3869 2743 3925 qua:
2763 3854 2954 3908 electis
2968 3853 3269 3915 donantur,
3294 3851 3521 3923 quando
3539 3848 3643 3904 illis
3654 3847 3734 3900 da-

479 3944 869 4016 temporaliter
884 3960 1265 4016 corpore,non
1284 3947 1493 4011 anima,
1515 3946 1694 4002 multo
1708 3947 1887 4017 magis
1908 3946 2080 4001 abun-
2159 3950 2254 3998 tur
2281 3960 2384 4015 per
2412 3943 2682 4015 Spiritum
2712 3958 2896 3996 sermo
2926 3941 3236 4011 sapientiae,
3278 3946 3337 3994 et
3380 3944 3578 3995 caetera
3604 3936 3731 3989 dona

481 4033 635 4089 davit
646 4039 703 4088 et
731 4033 905 4089 crevit
923 4036 1109 4107 gratia
1132 4035 1253 4094 Dei.
1269 4040 1326 4090 et
1344 4036 1553 4091 donum
1575 4053 1676 4107 per
1691 4042 1932 4112 gratiam
1949 4036 1975 4091 Ι
1979 4051 2077 4090 esu
2160 4033 2397 4104 singulis
2425 4032 2771 4092 dividuntur.
2795 4031 3132 4102 accipientes
3161 4030 3333 4084 etiam
3350 4024 3735 4112 plenitudinem

481 4122 694 4179 Christi
719 4123 774 4177 in
798 4124 1005 4194 plures,
1027 4124 1081 4178 id
1106 4125 1265 4178 estin
1289 4124 1513 4189 electos,
1542 4124 1599 4178 in
1621 4125 1726 4179 hoc
1752 4110 1899 4178 enim
1930 4125 2073 4195 plus,
2155 4122 2411 4193 justitize,
2452 4121 2509 4175 id
2556 4125 2643 4175 est
2672 4136 2869 4175 omnes
2907 4120 3164 4185 virtutes,
3211 4124 3277 4172 ut
3323 4123 3456 4189 post
3498 4110 3736 4186 baptismi

481 4212 599 4266 sive
630 4213 808 4265 multo
836 4211 1017 4280 magis
1054 4211 1358 4266 abundavit
1396 4212 1601 4283 gratia,
1629 4213 1686 4266 id
1717 4218 1803 4266 est
1825 4213 2079 4267 remissio
2159 4211 2400 4281 gratiam
2428 4212 2581 4280 juste
2608 4215 2911 4280 sancteque
2933 4208 3201 4265 vivamus.
3234 4208 3294 4262 Si
3324 4207 3479 4261 enim
3510 4201 3737 4259 moriun-

480 4306 838 4370 peccatorum
866 4300 923 4353 in
952 4300 1175 4364 electos,
1220 4316 1388 4370 quam
1437 4306 1727 4371 peccatum
1760 4318 1771 4352 :
1809 4300 1943 4371 quia
1970 4316 2079 4355 non
2101 4297 2150 4355 D
2167 4304 2262 4354 tur
2289 4300 2452 4354 electi
2478 4298 2866 4369 temporaliter
2884 4304 3115 4369 propter
3151 4296 3426 4367 originale
3448 4297 3735 4367 peccatum.

483 4386 667 4441 solum
720 4387 857 4441 illud
905 4391 1197 4457 peccatum
1241 4388 1534 4457 originale,
1578 4394 1809 4460 prepter
1836 4389 1985 4459 quod
2024 4389 2080 4444 in
2167 4395 2357 4443 tamen
2386 4404 2487 4459 per
2512 4387 2754 4458 gratiam
2786 4386 2997 4442 Christi
3048 4385 3334 4457 accipiunt
3359 4384 3534 4439 vitam
3561 4376 3741 4449 sempi-

482 4480 725 4529 mortem
745 4475 949 4529 animae
975 4480 1032 4528 et
1055 4476 1303 4546 corporis
1317 4477 1554 4542 ruimus,
1581 4477 1676 4530 sed
1708 4477 1877 4531 etiam
1894 4478 2085 4532 omnia

483 4564 728 4618 actualia
748 4563 979 4619 abstulit
1006 4565 1065 4619 in
1100 4565 1309 4630 electis,
1328 4571 1385 4619 et
1409 4565 1641 4636 insuper
1666 4566 1896 4621 donavit
1913 4567 2080 4622 vitam

480 4651 605 4708 sine
636 4652 748 4708 ﬁne
777 4668 1122 4707 mansuram.

555 4745 623 4799 Et
643 4760 757 4799 non
785 4746 927 4798 sicut
950 4759 1054 4813 per
1084 4760 1262 4798 unum
1292 4749 1593 4813 peccatum,
1621 4742 1889 4797 subaudis
1906 4744 2080 4815 origi-

481 4833 631 4899 nale,
660 4834 811 4888 venit
833 4851 1004 4899 mors,
1028 4836 1110 4887 ita
1133 4838 1183 4887 et
1211 4835 1442 4896 donum,
1474 4831 1744 4887 subaudis
1771 4833 1968 4902 gratiae
1996 4850 2082 4887 vc-

482 4922 588 4987 nit,
622 4922 771 4993 quod
813 4928 900 4977 est
928 4923 1117 4977 dicere
1146 4941 1157 4976 :
1192 4922 1371 4977 Aliter
1415 4927 1586 4993 atque
1628 4922 1700 4976 ad
1736 4921 1891 4976 aliud
1933 4922 2085 4975 venit

481 5017 771 5080 peccatum
801 5011 954 5073 Adae,
978 5017 1037 5066 et
1054 5012 1221 5066 aliter
1246 5018 1416 5082 atque
1434 5012 1505 5065 ad
1525 5010 1678 5065 aliud
1700 5011 1852 5064 venit
1870 5011 2080 5065 donum

484 5096 712 5151 Christi.
746 5098 1043 5154 Peccatum
1084 5100 1236 5154 enim
1270 5101 1404 5155 Adae
1440 5100 1594 5154 venit
1625 5115 1725 5170 per
1750 5097 2080 5152 inobedien-

480 5185 619 5240 tiam
651 5191 716 5240 ut
728 5192 965 5241 mortem
988 5188 1216 5243 afferret
1239 5208 1249 5242 :
1273 5189 1484 5244 donum
1502 5193 1691 5242 autem
1707 5186 1904 5257 gratiae
1924 5187 2083 5241 Chri-

480 5274 553 5329 sti
582 5276 734 5329 venit
778 5292 879 5347 per
922 5277 1298 5333 obedientiam
1335 5297 1347 5332 :
1380 5295 1495 5349 qua
1539 5276 1807 5331 obediens
1833 5274 1939 5329 fuit
1966 5276 2081 5330 Deo

478 5363 635 5420 Patri
682 5370 747 5419 ut
799 5381 911 5420 non
957 5367 1139 5422 solum
1181 5369 1474 5439 originale,
1528 5366 1624 5419 sed
1675 5365 1845 5419 etiam
1893 5364 2082 5419 omnia

476 5454 720 5508 actualia
766 5456 1031 5510 auferret.
1082 5456 1228 5521 Quid
1272 5457 1539 5512 delictum
1577 5454 1747 5508 fuerit
1777 5470 1876 5523 per
1906 5469 2082 5507 unum

472 5549 815 5614 peccantem,
850 5543 931 5603 ita
958 5543 1068 5604 erit
1092 5545 1547 5617 intelligendum.
1573 5543 1641 5599 Et
1668 5537 1781 5601 non
1811 5541 1956 5601 sicut
1986 5556 2087 5618 per

2167 4484 2407 4542 ternam,
2431 4476 2526 4530 ubi
2558 4475 2875 4546 regnabunt
2902 4491 3030 4529 cum
3061 4475 3202 4557 ipsq.

2235 4568 2421 4634 Igitur
2448 4567 2590 4618 sicut
2612 4581 2713 4632 per
2738 4566 2911 4617 unius
2923 4564 3188 4617 delictum
3212 4565 3276 4615 in
3304 4576 3491 4615 omnes
3518 4558 3742 4613 homines

2162 4658 2226 4710 in
2237 4656 2753 4710 condemnationem
2782 4655 2997 4717 mortis,
3019 4655 3097 4706 sic
3103 4667 3205 4721 per
3219 4653 3389 4705 unius
3405 4651 3681 4719 justitiam
3692 4646 3743 4697 in

2165 4760 2351 4797 omnes
2377 4744 2622 4797 homines
2652 4744 2714 4795 in
2731 4744 3189 4810 justi/icationem
3235 4742 3378 4801 vita,
3412 4738 3471 4792 id
3508 4742 3592 4791 est
3618 4734 3747 4788 sicut

2166 4848 2268 4903 per
2297 4831 2465 4885 unius
2492 4830 2737 4885 hominis
2767 4829 3034 4884 delictum
3069 4829 3129 4883 in
3158 4844 3351 4883 omnes
3382 4826 3635 4882 homines
3658 4836 3745 4892 ge-

2164 4919 2436 4975 neraliter
2456 4919 2513 4972 in
2542 4917 3068 4972 condemnationem
3100 4915 3253 4970 venit
3299 4931 3453 4969 mors
3484 4918 3541 4968 et
3570 4923 3747 4983 pecca-

2164 5015 2310 5069 tum.
2330 5008 2411 5061 sic
2423 5012 2479 5061 et
2494 5023 2594 5077 per
2609 5006 2773 5060 unius
2793 5004 3038 5059 hominis
3057 5004 3360 5075 justitiam,
3403 5003 3460 5057 id
3499 5006 3585 5056 est
3604 4995 3748 5053 Chri-

2166 5098 2259 5157 sti,
2293 5096 2351 5151 in
2391 5111 2585 5149 omnes
2611 5095 2870 5149 homines
2903 5095 3110 5148 electos
3148 5099 3205 5147 et
3239 5091 3662 5163 prmdestinatos
3687 5082 3747 5137 ad

2164 5186 2339 5239 vitam
2372 5188 2639 5239 aeternam
2664 5183 2816 5237 venit
2832 5181 3019 5252 gratia
3046 5182 3106 5235 in
3129 5179 3595 5251 justiticationem
3620 5175 3745 5228 vitae.

2238 5275 2557 5329 Sicutenim
2580 5287 2678 5341 per
2706 5271 3134 5325 inobedientiam
3150 5271 3321 5322 unius
3339 5260 3746 5328 hominis,Adae,

2163 5368 2463 5432 peccatores
2496 5362 2784 5415 constituti
2810 5364 2941 5412 sunt
2972 5360 3159 5422 multi,
3192 5356 3247 5411 id
3276 5362 3363 5410 est
3390 5369 3557 5409 omne
3587 5363 3750 5421 genus

2166 5452 2498 5513 humanum,
2533 5449 2679 5520 quod
2710 5450 2768 5502 in
2794 5446 3001 5501 lumbis
3028 5446 3163 5501 Adm
3188 5451 3328 5505 erat,
3354 5447 3435 5498 ita
3463 5457 3567 5511 per
3592 5440 3750 5492 unius

2169 5541 2411 5597 hominis
2435 5540 2818 5597 obedientiam,
2852 5534 2909 5589 id
2944 5540 3030 5589 est
3068 5532 3299 5598 Christi,
3342 5547 3451 5604 qua
3497 5528 3604 5584 fuit
3628 5524 3749 5581 obe-
