3936 6164
211 295 298 352 409
883 292 1269 350 EXPOSITIO
1300 295 1378 350 IN
1409 295 1565 351 EPP.
1600 295 1658 352 S.
1689 294 1925 350 PAULI.
1961 323 2026 337 --
2059 295 2136 350 IN
2167 294 2389 360 EPIST,
2421 295 2520 355 AD
2550 295 2726 350 ROM.
3362 297 3471 356 410

212 421 346 476 cliens
368 417 513 473 Patri
544 434 722 488 usque
752 419 820 473 ad
875 425 1134 485 mortem,
1174 424 1322 489 justi
1363 423 1835 480 coustituenturA
1859 421 2102 492 amplius
2131 437 2520 492 peccamus,eo
2553 422 2822 490 majorem
2854 422 3096 492 gratiam
3123 422 3268 494 apud
3285 423 3463 478 Deum

213 513 372 572 multi,
392 524 500 562 non
529 514 719 562 tamen
741 525 956 564 omnes.
1861 509 2150 565 habemus.
2189 512 2304 566 Nos
2329 514 2519 564 autem
2549 510 2716 564 aliter
2745 509 3015 564 debemus
3045 511 3230 565 dicere
3260 529 3272 564 :
3308 513 3466 566 Feci-

267 601 552 653 Lexautem
603 599 962 662 subintravit,
1019 603 1083 652 ut
1139 599 1451 655 abundaret
1492 602 1774 655 delictum.
1861 615 1988 654 mus
2017 601 2204 654 mala:
2238 606 2294 654 et
2323 605 2599 654 venerunt
2643 598 2793 653 bona
2842 599 2964 654 sine
3016 599 3225 654 nostris
3249 600 3470 655 meritis

209 687 358 752 Judaei
373 685 705 757 ignorabant
739 686 809 740 ad
841 685 974 756 quid
1002 693 1334 759 acceperant
1362 689 1566 759 legem,
1595 693 1651 744 et
1682 706 1780 761 pu-
1862 705 1964 760 per
1992 689 2235 758 gratiam
2266 687 2500 746 Christi.
2540 688 2842 742 Faciamus
2886 689 3052 743 modo
3089 688 3254 753 bona,
3284 695 3345 745 ut
3371 706 3466 744 ve-

207 775 376 830 tabant
401 791 459 827 se
493 791 594 845 per
621 775 1106 830 circumcisionem
1149 782 1205 831 et
1259 794 1361 849 per
1404 779 1657 832 carnales
1687 778 1781 832 ob-
1861 778 2021 832 niant
2050 777 2208 832 nobis
2233 777 2400 840 bona,
2434 777 2789 832 attendentes
2819 777 2968 848 quod
2993 777 3128 831 dicit
3164 778 3466 849 Apostolus

207 863 520 918 servationes
547 863 752 917 salvari
781 881 943 936 posse
973 865 1094 919 sine
1122 866 1311 936 gratia
1341 867 1562 922 Domini
1602 868 1780 922 nostri
1863 883 1927 920 ex
1955 883 2193 936 persona
2221 866 2470 920 ﬁdelium
2501 867 2754 937 loquens,
2786 866 2882 937 qui
2922 882 2983 920 se.
3011 882 3047 920 a
3075 867 3318 938 peccatis
3341 883 3464 922 ser-

206 954 316 1008 .lesu
342 952 563 1006 Christi.
586 953 745 1007 Unde
786 954 1092 1024 Apostolus
1135 955 1327 1010 volens
1355 956 1436 1010 eis
1461 957 1779 1026 ostendere,
1863 961 1997 1009 vant
2021 975 2034 1007 :
2072 955 2344 1024 Nunquid
2363 958 2815 1023 permanebimus
2847 959 2907 1009 in
2935 961 3147 1024 peccato
3170 962 3194 1010 ?
3223 957 3339 1011 Hoc
3351 961 3459 1010 est:

208 1042 318 1113 quia
343 1041 425 1094 lex
463 1057 575 1095 non
606 1046 692 1096 est
719 1042 852 1096 data
880 1053 946 1097 ut
973 1048 1206 1114 peccata
1234 1045 1502 1104 auferret.
1543 1045 1640 1099 sed
1679 1045 1779 1099 de-
1863 1045 2114 1114 nunquid
2150 1053 2372 1114 semper
2397 1043 2769 1114 peecabimus,
2818 1049 2882 1098 ut
2914 1045 3099 1114 gratia
3144 1045 3243 1099 Dei
3274 1045 3332 1100 in
3361 1045 3466 1101 hoc

202 1135 534 1188 monstraret,
559 1131 640 1184 ait
665 1149 674 1184 :
701 1132 808 1185 Lex
824 1137 1011 1185 autem
1032 1134 1461 1195 subintravit,id
1485 1139 1571 1188 est
1591 1133 1778 1189 subito
1865 1133 2114 1186 abundet
2143 1139 2206 1186 ut
2226 1134 2350 1202 plus
2371 1133 2578 1186 habeat
2603 1133 2749 1202 quod
2780 1132 2936 1187 vobis
2965 1133 3233 1194 dimittat,
3266 1140 3322 1188 et
3340 1151 3466 1188 cre-

202 1217 421 1282 intravit,
457 1223 522 1272 ut
549 1221 862 1272 abundaret
887 1220 1168 1274 delictum.
1203 1221 1494 1285 Quomodo
1533 1221 1784 1278 abundat
1865 1228 1985 1274 seat
2017 1220 2176 1274 nobis
2208 1221 2562 1285 dimittendo,
2595 1222 2740 1275 sicut
2783 1221 3010 1291 quidam
3040 1222 3348 1276 carnalium
3385 1223 3466 1277 di-

204 1305 441 1360 delictum
471 1324 576 1378 per
599 1309 780 1379 legem
800 1309 825 1361 ?
855 1308 1197 1380 Dupliciter:
1230 1312 1314 1364 vel
1348 1311 1480 1382 quia
1497 1311 1630 1365 dum
1645 1329 1783 1383 prae-
1864 1315 2016 1375 cunt,
2051 1311 2231 1362 absit?
2261 1309 2386 1363 Non
2433 1309 2540 1362 ﬁat
2569 1309 2706 1362 illud
2741 1329 2751 1358 :
2784 1314 2850 1362 ut
2886 1326 3107 1380 semper
3133 1311 3193 1363 in
3222 1311 3464 1382 peccatis

200 1395 539 1464 cepit,dicens
568 1413 579 1448 :
622 1397 695 1451 Ne
711 1399 1057 1452 adulterium
1081 1401 1277 1466 facias;
1305 1416 1414 1453 non
1429 1403 1776 1468 concupiscas
1863 1413 2279 1468 permanemus.
2307 1397 2423 1450 Hoc
2449 1401 2637 1450 autem
2671 1395 2840 1465 digna
2867 1396 3316 1452 consideratione
3343 1414 3464 1469 per-

200 1499 297 1536 rem
311 1487 557 1551 prorimi
586 1489 672 1538 tui
704 1487 890 1552 (Exod.
933 1491 1045 1554 xx),
1079 1487 1389 1543 exardescit
1435 1489 1659 1543 animus
1705 1489 1775 1543 ad
1859 1486 2213 1558 pendendum
2244 1491 2347 1552 est,
2383 1485 2514 1557 quia
2542 1484 2746 1539 idcirco
2776 1484 2885 1539 ista
2911 1490 3106 1539 contra
3143 1485 3280 1540 dicit
3306 1487 3460 1556 Apo-

198 1570 465 1626 libidinem
488 1573 627 1627 etad
649 1573 1178 1645 concupiscentiam,
1214 1575 1308 1646 qui
1334 1583 1466 1630 ante
1494 1577 1779 1632 nesciebat
1860 1575 2038 1630 stolus
2073 1593 2084 1627 :
2117 1591 2188 1628 ne
2218 1574 2422 1645 aliquis
2471 1573 2784 1628 infidelium
2831 1573 3018 1628 dicere
3066 1575 3282 1645 possit:
3317 1575 3466 1645 quod

198 1661 323 1731 quod
350 1661 803 1732 concupiscentia
833 1663 1157 1732 hujusmodi
1180 1669 1470 1733 peccatum
1495 1670 1662 1729 esset,
1679 1669 1779 1719 aut
1859 1675 2076 1718 asserat
2104 1663 2224 1734 ipse
2248 1662 2592 1734 peccandum
2615 1678 2754 1727 esse,
2783 1667 2848 1716 ut
2864 1662 3050 1732 gratia
3079 1663 3180 1717 Dei
3209 1662 3463 1718 abunda-

195 1750 306 1803 tale.
336 1749 440 1803 Vel
472 1750 606 1804 dum
628 1756 1016 1822 transgressor
1040 1752 1104 1805 fit
1149 1751 1287 1822 legis
1325 1758 1381 1806 et
1410 1753 1613 1808 crescit
1641 1754 1776 1808 deli—
1797 1735 1842 1794 B
1861 1758 1967 1806 ret.
1997 1753 2104 1820 Qui
2132 1756 2282 1806 enim
2306 1756 2518 1805 mortui
2538 1767 2732 1804 sumus
2752 1757 2984 1820 peccato,
3004 1757 3257 1823 tempore
3279 1752 3464 1823 bapti-

197 1844 328 1892 ctum
347 1837 402 1892 in
435 1839 760 1903 vindictam,
822 1839 953 1910 quia
995 1840 1196 1911 majori
1247 1857 1411 1911 paena
1440 1848 1497 1896 et
1537 1841 1781 1897 vindicta
1861 1840 2077 1906 smatis,
2111 1843 2374 1910 quomodo
2429 1841 2614 1894 adhuc
2667 1843 2909 1894 vivemus
2940 1843 3002 1894 in
3037 1843 3171 1894 illo?
3198 1841 3254 1894 id
3294 1847 3380 1895 est
3415 1841 3463 1896 si

196 1925 376 1997 dignus
400 1934 511 1992 est,
537 1928 632 1999 qui
652 1929 895 1983 scienter
924 1936 1119 1984 contra
1149 1930 1289 2001 legis
1341 1937 1619 2002 praecepta
1649 1948 1778 2002 pec-
1862 1930 2052 1985 omnia
2083 1935 2310 2000 peccata
2337 1928 2498 1983 nobis
2519 1928 2752 1983 dimissa
2769 1933 2904 1982 sunt
2930 1928 2988 1983 in
3018 1928 3464 2002 baptismo,qua-

195 2021 286 2074 cat,
313 2032 484 2086 quam
519 2017 614 2088 qui
645 2034 756 2071 non
790 2017 1000 2072 habens
1031 2019 1211 2089 legem
1251 2019 1579 2089 ignoranter
1602 2021 1779 2075 delin-
1861 2035 1922 2073 re
1971 2018 2267 2073 obedimus
2315 2017 2465 2072 vitiis
2524 2023 2581 2072 et
2626 2017 3077 2089 suggestionibus
3104 2018 3325 2074 carnis?
3363 2019 3463 2074 Ille

194 2103 416 2174 quit.Ubi
439 2110 631 2158 autem
649 2105 956 2160 abundavit
971 2113 1277 2175 peccatum,
1303 2109 1776 2176 superabundavit
1859 2113 2114 2162 mortuus
2141 2113 2228 2162 est
2254 2113 2502 2178 peccato,
2527 2107 2623 2178 qui
2671 2122 2784 2161 non
2816 2107 2987 2161 habet
3030 2113 3340 2177 peccatum,
3375 2109 3465 2164 cui

193 2197 234 2244 et
248 2196 451 2260 gratia.
478 2193 752 2264 Originali
774 2199 1001 2265 peccato
1020 2197 1167 2266 quod
1199 2197 1268 2250 ad
1299 2213 1494 2251 omnes
1523 2197 1778 2268 pervenit
1858 2197 2044 2251 deleta
2073 2200 2206 2250 sunt
2249 2194 2440 2250 omnia
2489 2200 2718 2265 peccata
2763 2195 2821 2248 in
2868 2194 3183 2264 baptismo:
3213 2211 3244 2250 e
3271 2200 3467 2252 contra

192 2283 361 2336 addita
385 2290 527 2337 sunt
547 2285 808 2346 actualia,
835 2291 893 2338 et
934 2283 1240 2339 abundavit
1267 2286 1382 2340 sive
1412 2287 1654 2340 excrevit
1686 2287 1780 2342 de-
1864 2284 1959 2338 ille
1990 2283 2122 2338 vivit
2148 2289 2393 2355 peccato,
2429 2284 2526 2354 qui
2554 2283 2745 2337 obedit
2771 2283 3236 2338 delectationibus
3254 2285 3466 2356 peccati

193 2370 386 2428 lictum.
410 2373 529 2428 Sed
566 2373 658 2427 ubi
687 2374 952 2428 delictum
1006 2374 1310 2430 abundavit
1365 2382 1424 2430 et
1478 2377 1650 2432 crevit
1683 2394 1784 2448 per
1866 2380 1922 2426 et
1951 2372 2404 2444 suggestionibus
2444 2389 2627 2442 pravae
2681 2372 3004 2426 voluntatis.
3049 2373 3220 2427 Docet
3271 2379 3462 2429 autem

195 2461 410 2516 actualia
442 2468 677 2532 peccata
705 2468 762 2517 et
785 2469 1169 2534 contemptum
1187 2464 1342 2536 legis,
1365 2465 1785 2536 superabunda-
1863 2462 2166 2533 Apostolus
2196 2467 2261 2516 ut
2289 2467 2585 2532 postquam
2609 2461 2665 2514 in
2692 2458 3027 2532 baptismate
3047 2461 3362 2533 accepimus
3382 2479 3468 2518 re-

193 2548 256 2603 vit
277 2552 465 2620 gratia
493 2551 724 2616 Christi,
759 2569 882 2623 quae
907 2558 1018 2607 non
1050 2555 1232 2609 solum
1285 2561 1574 2625 peccatum
1607 2556 1781 2627 origi-
1867 2550 2194 2605 missionem
2253 2556 2628 2621 peccatorum,
2669 2549 3054 2604 abStineamus
3085 2567 3118 2604 a
3147 2551 3465 2606 carnalibus

196 2638 322 2701 nale,
353 2641 451 2692 sed
489 2639 660 2694 etiam
707 2641 924 2695 actuale
973 2641 1226 2707 abstulit,
1258 2644 1504 2714 largiens
1554 2645 1784 2716 insuper
1864 2640 2147 2712 peccatis:
2179 2640 2318 2693 etin
2369 2644 2644 2709 quantum
2691 2639 2938 2693 humana
2989 2638 3262 2709 fragilitas
3298 2640 3465 2707 valet,

190 2727 270 2797 pia
294 2726 645 2799 benignitate
665 2729 835 2783 vitam
862 2731 985 2784 sine
1016 2733 1126 2786 line
1150 2749 1495 2787 mansuram.
1863 2728 2240 2800 nosmetipsos
2264 2728 2672 2798 restringamus
2696 2743 2797 2798 per
2837 2727 2939 2782 Dei
2985 2728 3229 2797 gratiam
3249 2744 3285 2781 a
3311 2728 3465 2784 dele-

253 2815 309 2868 Ut
327 2819 478 2870 sicut
501 2821 754 2884 regnavit
777 2823 1055 2886 peccatum
1083 2823 1146 2872 in
1170 2826 1420 2886 mortem,
1455 2824 1538 2875 ita
1568 2826 1617 2874 et
1645 2836 1780 2888 gra-
1863 2817 2203 2872 ctationibus
2223 2815 2407 2870 carnis
2433 2822 2490 2870 et
2519 2815 2708 2886 pravis
2725 2815 3182 2886 cogitationibus.

195 2905 262 2955 tia
285 2910 472 2972 regnet
480 2921 580 2973 per
590 2908 878 2973 justitiam
898 2909 960 2960 in
975 2909 1146 2960 vitam
1164 2913 1448 2973 sternam,
1476 2925 1579 2978 per
1593 2911 1778 2964 Jesum
1932 2908 2020 2962 An
2069 2909 2366 2974 ignoratis,
2396 2907 2620 2972 fratres,
2671 2908 2806 2972 quia
2854 2908 3168 2974 quicunque
3201 2906 3468 2974 baptisati

198 2990 468 3046 Christum
498 2995 803 3048 Dominum
832 3000 1106 3052 nostrum.
1148 2997 1228 3051 Ac
1258 2997 1304 3051 si
1343 2997 1554 3052 diceret
1582 3017 1592 3051 :
1623 2999 1782 3053 Sicut
1861 3012 2056 3050 sumus
2079 2997 2141 3048 in
2155 2995 2367 3049 Christo
2395 2996 2542 3058 Jesu,
2577 2997 2640 3048 in
2663 3000 2837 3048 morte
2867 2997 3042 3062 ipsius
3074 2995 3341 3062 baptizati
3367 3010 3466 3047 su-

191 3083 427 3151 regnavit
447 3099 522 3136 ac
544 3084 729 3137 tenuit
747 3084 1123 3156 principatum
1154 3086 1427 3157 originale
1465 3093 1780 3159 peccatum,
1801 3092 1846 3153 Ο
1868 3101 1994 3137 mus
2014 3090 2037 3137 ?
2056 3084 2264 3138 Beatus
2293 3084 2582 3155 apostolus
2622 3083 2858 3154 mystice
2888 3088 2945 3137 et
2971 3081 3334 3162 subtilissime
3359 3082 3468 3137 isto

193 3175 240 3223 et
267 3171 501 3243 insuper
530 3173 752 3226 actuale
781 3173 975 3226 electis
1001 3179 1085 3228 est
1113 3179 1175 3229 ut
1205 3175 1264 3228 in
1294 3181 1532 3229 mortem
1565 3193 1660 3230 eos
1676 3182 1788 3230 tra-
1870 3173 1929 3227 in
1951 3173 2073 3228 loco
2099 3173 2367 3244 loquitur,
2402 3178 2460 3226 et
2486 3173 2606 3226 vult
2630 3171 2926 3226 ostendere
2957 3171 3235 3242 quomodo
3266 3176 3472 3244 myste-

192 3257 333 3314 heret
358 3261 429 3316 ad
463 3268 714 3332 tempus,
741 3262 821 3316 ita
848 3268 905 3316 et
921 3263 1109 3332 gratia
1137 3280 1250 3334 qua
1277 3264 1643 3319 dimittuntur
1660 3281 1786 3336 pec-
1866 3262 2012 3316 rium
2046 3262 2264 3327 mortis,
2293 3263 2595 3332 sepulturae
2616 3267 2674 3315 et
2702 3261 3129 3316 resurrectionis
3159 3261 3369 3316 Christi
3397 3261 3470 3315 ad

193 3354 318 3412 cata,
348 3357 555 3422 regnet
574 3351 632 3405 in
661 3352 853 3405 electis
883 3368 985 3422 per
1006 3353 1288 3422 justitiam
1319 3369 1512 3407 eorum
1533 3355 1592 3408 in
1615 3355 1784 3408 vitam
1867 3351 2210 3421 baptismum
2235 3356 2492 3405 nostrum
2538 3350 2838 3421 pertineat,
2888 3355 2946 3404 et
2993 3349 3166 3404 dicit:
3201 3349 3470 3421 Nunquid

189 3444 436 3494 etemam
488 3440 614 3493 illos
653 3440 1080 3495 intromittendo
1119 3458 1221 3512 per
1258 3441 1604 3512 adjutorium
1654 3444 1785 3497 Jesu
1869 3440 2162 3510 ignoratis,
2195 3457 2227 3493 ο
2258 3441 2515 3504 Romani,
2551 3439 2884 3511 mysterium
2917 3439 3113 3493 mortis
3143 3439 3469 3502 Christi,se-

192 3525 404 3580 Christi.
421 3527 492 3581 In
516 3528 623 3582 hoc
642 3528 792 3582 enim
814 3530 994 3598 major
1017 3535 1104 3582 est
1120 3529 1306 3598 gratia
1319 3530 1526 3583 Christi
1547 3547 1668 3600 quae
1691 3547 1788 3585 no-

192 3609 264 3667 bis
283 3616 411 3670 data
430 3624 522 3670 est
545 3633 715 3687 quam
730 3622 1017 3687 peccatum
1033 3617 1166 3672 Adae
1190 3633 1202 3670 :
1231 3622 1288 3671 et
1303 3619 1480 3687 magis
1493 3619 1653 3673 nobis
1667 3636 1789 3690 pro-

189 3702 298 3765 fuit,
320 3722 488 3776 quam
517 3705 659 3759 illud
687 3705 904 3760 nocuit:
929 3707 1060 3776 quia
1078 3712 1368 3777 peccatum
1387 3707 1520 3761 Adae
1541 3707 1672 3762 facit
1687 3725 1788 3762 nos

189 3791 249 3843 ad
268 3799 487 3864 tempus
514 3794 662 3848 mori
686 3813 699 3850 :
721 3795 905 3864 gratia
925 3801 1112 3848 autem
1137 3796 1346 3850 Christi
1368 3796 1604 3850 dimittit
1627 3795 1788 3850 nobis

188 3895 285 3933 non
315 3884 501 3936 solum
533 3883 831 3953 originale,
861 3884 960 3938 sed
991 3883 1163 3938 etiam
1210 3887 1430 3939 actuale
1469 3892 1780 3956 peccatum,

188 3966 380 4024 faciens
401 3987 509 4025 nos
539 3971 776 4042 insuper
796 3971 979 4025 vivere
1008 3971 1064 4026 in
1091 3974 1262 4027 vitam
1293 3979 1587 4040 aeternam,
1621 3979 1728 4028 etc.

799 4114 1035 4169 CAPUT
1071 4115 1167 4170 VI.

248 4240 385 4306 Quid
405 4255 540 4307 ergo
569 4240 852 4292 dicemus?
873 4241 1322 4294 Permanebimus
1351 4244 1411 4294 in
1459 4247 1696 4309 peccato,
1723 4249 1787 4298 ut

185 4332 356 4390 gratia
385 4328 634 4382 abundet
658 4333 682 4380 ?
704 4328 876 4380 Absit.
899 4327 1028 4381 Haec
1055 4327 1124 4380 ad
1151 4329 1443 4398 superiora
1472 4329 1782 4400 pertinent,

1869 3530 2110 3600 pultura:
2138 3546 2202 3584 ac
2229 3529 2676 3595 resurrectionis,
2711 3528 2991 3599 quomodo
3022 3527 3318 3582 conveniat
3344 3545 3472 3600 my-

1869 3618 2040 3672 sterio
2069 3618 2468 3690 baptismatis?
2499 3619 2681 3682 Certe,
2706 3624 2771 3671 ut
2796 3622 2950 3687 puto,
2990 3615 3262 3686 ignoratis
3294 3631 3309 3671 z
3343 3622 3400 3670 et
3423 3617 3472 3671 si

1869 3707 2164 3777 ignoratis,
2198 3723 2302 3778 ego
2322 3706 2476 3761 vobis
2497 3706 2765 3782 pandam.
2802 3705 2910 3760 Sed
2943 3704 3176 3775 quaestio
3205 3705 3386 3759 oritur
3411 3706 3470 3760 in

1868 3795 1974 3849 hoc
1998 3796 2140 3859 loco,
2169 3811 2298 3848 cum
2328 3794 2617 3866 praecipiat
2644 3793 2926 3848 Dominus
2947 3793 3216 3864 apostolis
3227 3791 3285 3846 in
3298 3792 3474 3846 Evan-

1865 3885 2014 3954 gelio
2046 3885 2114 3937 in~
2129 3884 2356 3938 nomine
2376 3889 2583 3937 sanctae
2611 3883 2905 3937 Trinitatis
2931 3881 3217 3953 baptizare
3237 3881 3472 3936 creden-

1865 3977 2078 4036 tes,cur
2102 3971 2404 4042 Apostolus
2429 3971 2487 4023 in
2512 3970 2618 4023 hoc
2643 3970 2764 4023 loco
2790 3969 3144 4022 solummodo
3169 3984 3471 4040 personam

1867 4059 2078 4114 Christi
2108 4064 2362 4112 assumat
2381 4058 2570 4112 dicens
2600 4072 2612 4108 :
2649 4058 2970 4124 Quicunque
2985 4059 3254 4126 baptizati
3277 4073 3473 4111 sumus

1869 4152 1935 4202 in
1967 4149 2182 4203 Christo
2203 4149 2353 4212 Jesu,
2373 4147 2434 4200 in
2454 4151 2626 4200 morte
2647 4149 2823 4214 ipsius
2842 4147 3110 4214 baptizati
3130 4161 3474 4217 sumus,quze

1867 4235 1978 4290 hoc
2004 4235 2171 4290 modo
2202 4235 2456 4298 solvitur,
2489 4234 2621 4304 quia
2651 4233 2952 4304 Apostolus
2981 4233 3042 4288 in
3078 4234 3185 4288 hoc
3210 4235 3330 4288 loco
3360 4249 3474 4288 non

1869 4331 2090 4380 tantum
2124 4325 2401 4378 rationem
2433 4328 2491 4378 et
2518 4323 2932 4378 institutionem
2959 4323 3276 4378 describere
3298 4321 3477 4395 bapti-

185 4412 268 4469 ubi
284 4417 421 4472 dicit
437 4416 750 4488 Apostolus
775 4434 787 4468 :
812 4417 879 4470 Et
900 4432 1034 4483 non,
1073 4419 1216 4471 sicut
1245 4420 1412 4471 aiunt
1434 4435 1530 4472 nos
1561 4407 1975 4486 quidemDsmi
2025 4413 2322 4484 disposuit,
2351 4417 2626 4483 quantum
2657 4411 2987 4484 mysterium
3021 4412 3220 4466 mortis
3263 4411 3475 4467 Christi

185 4504 366 4566 dicere,
399 4508 691 4573 faciamus
722 4507 895 4568 mala,
931 4510 991 4557 ut
1021 4507 1248 4558 veniant
1278 4506 1452 4569 bona;
1485 4512 1542 4560 et
1594 4507 1734 4561 illud
1767 4527 1780 4562 :

187 4591 276 4646 Ubi
307 4596 626 4648 abundavit
653 4598 960 4660 peccatum,
997 4595 1471 4661 superabundavit
1495 4599 1544 4646 et
1571 4599 1782 4662 gratia.

191 4679 417 4743 Quidam
453 4681 611 4736 enim
639 4681 936 4752 gentilium
965 4699 979 4748 ;
1012 4680 1106 4735 ubi
1133 4682 1431 4736 audierant
1455 4683 1778 4753 praedicatio

188 4783 303 4824 nem
333 4771 526 4835 Pauli,
570 4771 812 4824 aliorum
871 4770 1254 4840 apostolorum
1290 4789 1301 4824 :
1334 4769 1430 4824 ubi
1476 4769 1791 4826 debuerant

181 4860 426 4929 accipere
453 4861 657 4924 vitam,
685 4859 761 4912 ibi
792 4865 1130 4929 acceperunt
1159 4849 1420 4923 mortem,
1443 4876 1555 4914 non
1585 4859 1792 4916 intelli-

178 4954 366 5016 gentes
396 4965 634 5004 sensum
673 4947 1083 5020 praedicationis
1109 4964 1323 5002 eorum.
1346 4948 1506 5003 Unde
1530 4948 1792 5004 dicebant

179 5039 458 5106 apostolos
487 5037 816 5110 praedicare,
835 5037 968 5108 quia
988 5042 1198 5107 quanto
1219 5036 1387 5090 homo
1401 5037 1644 5108 amplius
1665 5056 1787 5109 pec-

181 5133 342 5193 caret,
370 5134 538 5182 tanto
559 5127 737 5198 magis
767 5127 882 5180 Deo
905 5126 1151 5196 placeret
1183 5141 1194 5174 :
1226 5131 1283 5179 et
1305 5125 1399 5179 ubi
1429 5127 1610 5196 major
1639 5132 1788 5182 esset

180 5215 353 5285 culpa,
389 5217 473 5270 ibi
507 5217 689 5285 major
714 5219 864 5268 esset
909 5214 1096 5284 gratia
1137 5213 1237 5268 Dei
1271 5231 1282 5266 :
1323 5220 1386 5268 ut
1413 5214 1548 5268 dum
1588 5231 1783 5268 omnes

181 5312 360 5358 essent
409 5305 658 5359 nimium
711 5308 1053 5375 peccatores,
1112 5302 1232 5373 ipse
1282 5302 1436 5356 solus
1482 5309 1782 5373 appareret

175 5390 353 5459 justus
377 5408 389 5441 :
429 5399 492 5447 et
522 5409 630 5464 quo
657 5393 872 5462 majora
899 5395 1132 5462 peccata
1161 5397 1218 5444 et
1253 5391 1416 5461 plura
1445 5390 1774 5458 dimitteret,

180 5494 240 5532 eo
268 5482 397 5550 plus
426 5481 747 5535 misericors
789 5497 910 5533 esse
940 5480 1287 5534 laudaretur.
1321 5480 1676 5551 Quapropter
1699 5481 1778 5534 di-

183 5566 378 5622 cebant
409 5591 421 5625 :
459 5569 752 5627 Faciamus
775 5571 948 5634 mata,
981 5573 1042 5623 ut
1067 5570 1292 5622 veniant
1310 5569 1447 5623 bona
1473 5586 1488 5619 :
1512 5566 1643 5641 quia
1664 5584 1776 5640 quo

1869 4508 1926 4556 et
1954 4500 2049 4556 ubi
2081 4502 2150 4555 de
2181 4507 2362 4556 morte
2391 4506 2515 4556 erat
2568 4501 2784 4570 aliquid
2841 4501 3152 4566 locuturus,
3179 4501 3474 4572 indignum

1868 4591 2027 4645 duxit
2046 4607 2342 4661 personam
2373 4590 2556 4644 Patris
2576 4595 2632 4644 et
2647 4590 2891 4660 Spiritus
2907 4590 3087 4644 sancti
3109 4606 3470 4661 ponere,qua3

1870 4695 2094 4734 carnem
2122 4695 2233 4733 non
2258 4679 2523 4750 suscepit,
2558 4695 2740 4748 neque
2768 4683 3028 4741 mortem,
3049 4678 3147 4731 sed
3172 4693 3470 4747 personam

1870 4767 2263 4822 tantummodo
2295 4768 2421 4820 Filii
2446 4784 2568 4837 qua:
2596 4782 2821 4820 carnem
2849 4765 3238 4835 assumpsit,et
3255 4782 3355 4835 pro
3376 4781 3472 4819 no-

1872 4854 1958 4909 bis
1980 4861 2202 4909 mortua
2223 4856 2459 4910 est.Non
2473 4854 2622 4908 enim
2641 4853 3004 4908 conveniebat
3023 4861 3085 4908 ut
3105 4853 3330 4908 diceret:
3340 4853 3474 4918 Qui-

1873 4960 2094 5014 cunque
2120 4943 2386 5014 baptizati
2408 4959 2606 4997 sumus
2641 4942 2699 4994 in
2741 4941 2968 4996 nomine
3005 4941 3208 5007 Patris,
3242 4949 3298 4996 et
3321 4943 3468 5010 Filii,

1871 5039 1929 5087 et
1958 5033 2200 5104 Spiritus
2230 5032 2428 5099 sancti,
2453 5031 2511 5084 in
2535 5037 2716 5084 morte
2756 5029 2934 5102 ipsius
2963 5030 3231 5102 baptizati
3252 5048 3469 5088 sumus.

1867 5121 2079 5176 Iterum
2103 5121 2463 5192 quaerendum
2493 5124 2578 5172 est
2610 5119 2889 5189 quomodo
2910 5119 3176 5191 baptizati
3189 5138 3385 5176 sumus
3413 5122 3471 5177 in

1867 5217 2048 5264 morte
2069 5209 2298 5273 Christi,
2319 5208 2542 5262 Christo
2564 5214 2788 5262 mortuo
2809 5208 2866 5262 in
2888 5225 3051 5262 cruce
3091 5226 3193 5280 pro
3224 5211 3469 5280 peccatis

1864 5300 2092 5364 nostris,
2119 5298 2214 5369 qui
2257 5303 2343 5351 est
2375 5302 2546 5366 caput
2592 5297 2844 5351 omnium
2903 5299 3233 5362 electorum,
3275 5316 3470 5354 omnes

1862 5389 2024 5443 electi
2047 5389 2142 5458 qui
2175 5391 2308 5440 sunt
2338 5385 2591 5440 membra
2611 5387 2754 5456 ejus,
2792 5387 3128 5442 commortui
3169 5393 3302 5442 sunt
3347 5404 3470 5458 peo-

1860 5483 1984 5531 cato
2006 5476 2172 5546 capiti
2201 5493 2304 5530 suo
2354 5475 2599 5539 Christo,
2637 5475 2786 5530 verbi
2812 5478 2999 5546 gratia
3029 5495 3039 5528 :
3082 5477 3238 5530 Sicut
3278 5475 3465 5529 ablato

1861 5573 1917 5622 et
1941 5565 2154 5621 absciso
2184 5567 2369 5638 capite
2400 5565 2700 5638 cujuslibet
2727 5565 3056 5630 animantis,
3079 5562 3460 5618 commoriun-
