  <div class='ocr_page' id='page_1' title='image "/cluster/home/n/w/nwhite01/storage/ocr_20150623/117/hvd.32044054759816/211.png"; bbox 0 0 3936 6164; ppageno 0'>
   <div class='ocr_carea' id='block_1_1' title="bbox 462 236 3690 340">
    <p class='ocr_par' dir='ltr' id='par_1_1' title="bbox 462 236 3690 340">
     <span class='ocr_line' id='line_1_1' title="bbox 462 236 3690 340; baseline 0.002 -15"><span class='ocrx_word' id='word_1_1' title='bbox 462 264 563 327; x_wconf 71' lang='grc'>411</span> <span class='ocrx_word' id='word_1_2' title='bbox 604 256 609 261; x_wconf 81' lang='grc'><em>’</em></span> <span class='ocrx_word' id='word_1_3' title='bbox 916 248 1294 329; x_wconf 74' lang='lat' dir='ltr'>HAYMONis</span> <span class='ocrx_word' id='word_1_4' title='bbox 1326 248 1815 330; x_wconf 71' lang='lat' dir='ltr'>HALBERs&#39;rA&#39;T.</span> <span class='ocrx_word' id='word_1_5' title='bbox 1848 260 2072 325; x_wconf 83' lang='lat' dir='ltr'>EPISC.</span> <span class='ocrx_word' id='word_1_6' title='bbox 2111 250 2272 325; x_wconf 78' lang='lat' dir='ltr'>opp.</span> <span class='ocrx_word' id='word_1_7' title='bbox 2305 264 2491 327; x_wconf 65' lang='lat' dir='ltr'>rans</span> <span class='ocrx_word' id='word_1_8' title='bbox 2525 270 2572 327; x_wconf 93' lang='grc' dir='ltr'>Ι.</span> <span class='ocrx_word' id='word_1_9' title='bbox 2607 303 2674 314; x_wconf 89' lang='grc'><strong><em>-</em></strong></span> <span class='ocrx_word' id='word_1_10' title='bbox 2702 236 3077 340; x_wconf 62' lang='lat' dir='ltr'>bonum.</span> <span class='ocrx_word' id='word_1_11' title='bbox 3113 271 3295 328; x_wconf 90' lang='lat' dir='ltr'>BIBL.</span> <span class='ocrx_word' id='word_1_12' title='bbox 3599 254 3690 330; x_wconf 70' lang='lat' dir='ltr'>iit</span> 
     </span>
    </p>
   </div>
   <div class='ocr_carea' id='block_1_2' title="bbox 461 392 3692 476">
    <p class='ocr_par' dir='ltr' id='par_1_2' title="bbox 461 392 3692 476">
     <span class='ocr_line' id='line_1_2' title="bbox 461 392 3692 476; baseline 0.001 -25"><span class='ocrx_word' id='word_1_13' title='bbox 461 397 560 451; x_wconf 86' lang='lat' dir='ltr'>tur</span> <span class='ocrx_word' id='word_1_14' title='bbox 588 396 779 451; x_wconf 85' lang='lat' dir='ltr'>omnia</span> <span class='ocrx_word' id='word_1_15' title='bbox 809 397 1079 463; x_wconf 88' lang='lat' dir='ltr'>membra,</span> <span class='ocrx_word' id='word_1_16' title='bbox 1110 397 1192 452; x_wconf 89' lang='lat' dir='ltr'>ita</span> <span class='ocrx_word' id='word_1_17' title='bbox 1218 404 1439 452; x_wconf 91' lang='lat' dir='ltr'>mortuo</span> <span class='ocrx_word' id='word_1_18' title='bbox 1461 397 1684 453; x_wconf 80' lang='lat' dir='ltr'>Christo</span> <span class='ocrx_word' id='word_1_19' title='bbox 1718 394 2058 459; x_wconf 80' lang='lat' dir='ltr'>commortui</span> <span class='ocrx_word' id='word_1_20' title='bbox 2077 396 2122 453; x_wconf 83' lang='lat' dir='ltr'><strong>A</strong></span> <span class='ocrx_word' id='word_1_21' title='bbox 2146 395 2407 451; x_wconf 91' lang='lat' dir='ltr'>omnibus</span> <span class='ocrx_word' id='word_1_22' title='bbox 2420 396 2638 468; x_wconf 88' lang='lat' dir='ltr'>pompis</span> <span class='ocrx_word' id='word_1_23' title='bbox 2656 396 2797 468; x_wconf 85' lang='lat' dir='ltr'>ejus,</span> <span class='ocrx_word' id='word_1_24' title='bbox 2822 403 2876 451; x_wconf 88' lang='lat' dir='ltr'>et</span> <span class='ocrx_word' id='word_1_25' title='bbox 2893 396 3150 451; x_wconf 88' lang='lat' dir='ltr'>omnibus</span> <span class='ocrx_word' id='word_1_26' title='bbox 3162 396 3414 476; x_wconf 87' lang='lat' dir='ltr'>operibus</span> <span class='ocrx_word' id='word_1_27' title='bbox 3441 392 3568 470; x_wconf 77' lang='lat' dir='ltr'>ejus,</span> <span class='ocrx_word' id='word_1_28' title='bbox 3588 414 3692 455; x_wconf 86' lang='lat' dir='ltr'>mo-</span> 
     </span>
    </p>
   </div>
   <div class='ocr_carea' id='block_1_3' title="bbox 465 478 3693 557">
    <p class='ocr_par' dir='ltr' id='par_1_3' title="bbox 465 478 3693 557">
     <span class='ocr_line' id='line_1_3' title="bbox 465 478 3693 557; baseline 0.001 -19"><span class='ocrx_word' id='word_1_29' title='bbox 465 478 675 557; x_wconf 82' lang='lat' dir='ltr'>suntin</span> <span class='ocrx_word' id='word_1_30' title='bbox 705 484 802 555; x_wconf 87' lang='lat' dir='ltr'>illo</span> <span class='ocrx_word' id='word_1_31' title='bbox 834 502 1029 540; x_wconf 92' lang='lat' dir='ltr'>omnes</span> <span class='ocrx_word' id='word_1_32' title='bbox 1060 484 1219 540; x_wconf 87' lang='lat' dir='ltr'>electi</span> <span class='ocrx_word' id='word_1_33' title='bbox 1242 488 1300 541; x_wconf 89' lang='lat' dir='ltr'>et</span> <span class='ocrx_word' id='word_1_34' title='bbox 1325 484 1591 557; x_wconf 88' lang='lat' dir='ltr'>baptizati</span> <span class='ocrx_word' id='word_1_35' title='bbox 1621 487 1679 541; x_wconf 91' lang='lat' dir='ltr'>in</span> <span class='ocrx_word' id='word_1_36' title='bbox 1705 487 1828 557; x_wconf 85' lang='lat' dir='ltr'>ejus</span> <span class='ocrx_word' id='word_1_37' title='bbox 1858 483 2066 556; x_wconf 82' lang='lat' dir='ltr'>passio-</span> <span class='ocrx_word' id='word_1_38' title='bbox 2147 483 2327 538; x_wconf 88' lang='lat' dir='ltr'>rimur</span> <span class='ocrx_word' id='word_1_39' title='bbox 2346 491 2588 556; x_wconf 84' lang='lat' dir='ltr'>peccato,</span> <span class='ocrx_word' id='word_1_40' title='bbox 2614 486 2758 545; x_wconf 82' lang='lat' dir='ltr'>sicut</span> <span class='ocrx_word' id='word_1_41' title='bbox 2778 486 3034 545; x_wconf 82' lang='lat' dir='ltr'>Christus</span> <span class='ocrx_word' id='word_1_42' title='bbox 3060 492 3308 547; x_wconf 87' lang='lat' dir='ltr'>mortuus</span> <span class='ocrx_word' id='word_1_43' title='bbox 3337 492 3419 540; x_wconf 92' lang='lat' dir='ltr'>est</span> <span class='ocrx_word' id='word_1_44' title='bbox 3453 484 3507 540; x_wconf 90' lang='lat' dir='ltr'>in</span> <span class='ocrx_word' id='word_1_45' title='bbox 3534 503 3693 552; x_wconf 84' lang='lat' dir='ltr'>cruce,</span> 
     </span>
    </p>
   </div>
   <div class='ocr_carea' id='block_1_4' title="bbox 466 560 3697 657">
    <p class='ocr_par' dir='ltr' id='par_1_4' title="bbox 466 560 3697 657">
     <span class='ocr_line' id='line_1_4' title="bbox 466 560 3697 657; baseline 0 -28"><span class='ocrx_word' id='word_1_46' title='bbox 466 566 560 629; x_wconf 69' lang='lat' dir='ltr'>ne.</span> <span class='ocrx_word' id='word_1_47' title='bbox 588 570 790 657; x_wconf 82' lang='lat' dir='ltr'>Passio</span> <span class='ocrx_word' id='word_1_48' title='bbox 820 573 1027 657; x_wconf 89' lang='lat' dir='ltr'>etenim</span> <span class='ocrx_word' id='word_1_49' title='bbox 1047 573 1199 629; x_wconf 89' lang='lat' dir='ltr'>illius</span> <span class='ocrx_word' id='word_1_50' title='bbox 1225 573 1539 647; x_wconf 88' lang='lat' dir='ltr'>baptismus</span> <span class='ocrx_word' id='word_1_51' title='bbox 1566 580 1761 641; x_wconf 80' lang='lat' dir='ltr'>noster</span> <span class='ocrx_word' id='word_1_52' title='bbox 1803 573 1931 628; x_wconf 83' lang='lat' dir='ltr'>fuit.</span> <span class='ocrx_word' id='word_1_53' title='bbox 1964 570 2064 655; x_wconf 78' lang='lat' dir='ltr'>ille</span> <span class='ocrx_word' id='word_1_54' title='bbox 2147 566 2403 628; x_wconf 78' lang='lat' dir='ltr'>Christus</span> <span class='ocrx_word' id='word_1_55' title='bbox 2422 574 2492 628; x_wconf 89' lang='lat' dir='ltr'>de</span> <span class='ocrx_word' id='word_1_56' title='bbox 2519 590 2681 629; x_wconf 83' lang='lat' dir='ltr'>cruce</span> <span class='ocrx_word' id='word_1_57' title='bbox 2712 575 2928 657; x_wconf 90' lang='lat' dir='ltr'>positus</span> <span class='ocrx_word' id='word_1_58' title='bbox 2975 560 3062 632; x_wconf 83' lang='lat' dir='ltr'>est</span> <span class='ocrx_word' id='word_1_59' title='bbox 3120 574 3177 629; x_wconf 90' lang='lat' dir='ltr'>in</span> <span class='ocrx_word' id='word_1_60' title='bbox 3231 574 3495 657; x_wconf 71' lang='lat' dir='ltr'>sepulcro,</span> <span class='ocrx_word' id='word_1_61' title='bbox 3535 579 3587 630; x_wconf 89' lang='lat' dir='ltr'>et</span> <span class='ocrx_word' id='word_1_62' title='bbox 3610 591 3697 651; x_wconf 81' lang='lat' dir='ltr'>nos</span> 
     </span>
    </p>
   </div>
   <div class='ocr_carea' id='block_1_5' title="bbox 468 650 3698 736">
    <p class='ocr_par' dir='ltr' id='par_1_5' title="bbox 468 650 3698 736">
     <span class='ocr_line' id='line_1_5' title="bbox 468 650 3698 736; baseline 0 -19"><span class='ocrx_word' id='word_1_63' title='bbox 468 655 695 734; x_wconf 83' lang='lat' dir='ltr'>quidem</span> <span class='ocrx_word' id='word_1_64' title='bbox 717 654 974 717; x_wconf 80' lang='lat' dir='ltr'>mortuus</span> <span class='ocrx_word' id='word_1_65' title='bbox 1003 669 1089 718; x_wconf 89' lang='lat' dir='ltr'>est</span> <span class='ocrx_word' id='word_1_66' title='bbox 1115 676 1364 735; x_wconf 87' lang='lat' dir='ltr'>corpore,</span> <span class='ocrx_word' id='word_1_67' title='bbox 1400 668 1458 718; x_wconf 89' lang='lat' dir='ltr'>et</span> <span class='ocrx_word' id='word_1_68' title='bbox 1507 678 1609 719; x_wconf 89' lang='lat' dir='ltr'>nos</span> <span class='ocrx_word' id='word_1_69' title='bbox 1652 666 1900 736; x_wconf 87' lang='lat' dir='ltr'>peccato,</span> <span class='ocrx_word' id='word_1_70' title='bbox 1932 651 2064 734; x_wconf 82' lang='lat' dir='ltr'>quia</span> <span class='ocrx_word' id='word_1_71' title='bbox 2147 667 2275 733; x_wconf 87' lang='lat' dir='ltr'>post</span> <span class='ocrx_word' id='word_1_72' title='bbox 2294 662 2693 731; x_wconf 82' lang='lat' dir='ltr'>confessionem</span> <span class='ocrx_word' id='word_1_73' title='bbox 2720 650 2929 718; x_wconf 75' lang='lat' dir='ltr'>sanctae</span> <span class='ocrx_word' id='word_1_74' title='bbox 2953 662 3243 722; x_wconf 81' lang='lat' dir='ltr'>Trinitatis</span> <span class='ocrx_word' id='word_1_75' title='bbox 3261 650 3640 734; x_wconf 86' lang='lat' dir='ltr'>consepelimur</span> <span class='ocrx_word' id='word_1_76' title='bbox 3654 650 3698 736; x_wconf 81' lang='lat' dir='ltr'>ei</span> 
     </span>
    </p>
   </div>
   <div class='ocr_carea' id='block_1_6' title="bbox 465 736 3699 823">
    <p class='ocr_par' dir='ltr' id='par_1_6' title="bbox 465 736 3699 823">
     <span class='ocr_line' id='line_1_6' title="bbox 465 736 3699 823; baseline 0 -17"><span class='ocrx_word' id='word_1_77' title='bbox 465 746 586 823; x_wconf 81' lang='lat' dir='ltr'>ipse</span> <span class='ocrx_word' id='word_1_78' title='bbox 615 764 716 823; x_wconf 88' lang='lat' dir='ltr'>pro</span> <span class='ocrx_word' id='word_1_79' title='bbox 743 742 1128 822; x_wconf 66' lang='lat' dir='ltr'>peccatoribus</span> <span class='ocrx_word' id='word_1_80' title='bbox 1156 742 1415 806; x_wconf 83' lang='lat' dir='ltr'>mortuus</span> <span class='ocrx_word' id='word_1_81' title='bbox 1442 757 1547 816; x_wconf 90' lang='lat' dir='ltr'>est,</span> <span class='ocrx_word' id='word_1_82' title='bbox 1581 754 1638 807; x_wconf 83' lang='lat' dir='ltr'>et</span> <span class='ocrx_word' id='word_1_83' title='bbox 1656 738 1908 806; x_wconf 79' lang='lat' dir='ltr'>nostrum</span> <span class='ocrx_word' id='word_1_84' title='bbox 1941 736 2064 822; x_wconf 77' lang='lat' dir='ltr'>pec-</span> <span class='ocrx_word' id='word_1_85' title='bbox 2144 751 2204 806; x_wconf 92' lang='lat' dir='ltr'>in</span> <span class='ocrx_word' id='word_1_86' title='bbox 2234 758 2489 823; x_wconf 88' lang='lat' dir='ltr'>cognato,</span> <span class='ocrx_word' id='word_1_87' title='bbox 2543 752 2597 813; x_wconf 87' lang='lat' dir='ltr'>id</span> <span class='ocrx_word' id='word_1_88' title='bbox 2633 757 2720 808; x_wconf 89' lang='lat' dir='ltr'>est</span> <span class='ocrx_word' id='word_1_89' title='bbox 2748 751 2916 812; x_wconf 85' lang='lat' dir='ltr'>simul</span> <span class='ocrx_word' id='word_1_90' title='bbox 2948 758 3080 807; x_wconf 89' lang='lat' dir='ltr'>nato</span> <span class='ocrx_word' id='word_1_91' title='bbox 3110 757 3273 809; x_wconf 79' lang='lat' dir='ltr'>terrae</span> <span class='ocrx_word' id='word_1_92' title='bbox 3296 748 3576 821; x_wconf 77' lang='lat' dir='ltr'>elemento,</span> <span class='ocrx_word' id='word_1_93' title='bbox 3609 750 3699 807; x_wconf 82' lang='lat' dir='ltr'>hoc</span> 
     </span>
    </p>
   </div>
   <div class='ocr_carea' id='block_1_7' title="bbox 466 832 3700 921">
    <p class='ocr_par' dir='ltr' id='par_1_7' title="bbox 466 832 3700 921">
     <span class='ocr_line' id='line_1_7' title="bbox 466 832 3700 921; baseline 0.001 -30"><span class='ocrx_word' id='word_1_94' title='bbox 466 833 653 892; x_wconf 77' lang='lat' dir='ltr'>catum</span> <span class='ocrx_word' id='word_1_95' title='bbox 682 836 739 909; x_wconf 87' lang='lat' dir='ltr'>in</span> <span class='ocrx_word' id='word_1_96' title='bbox 761 853 865 893; x_wconf 88' lang='lat' dir='ltr'>sua</span> <span class='ocrx_word' id='word_1_97' title='bbox 891 845 1074 893; x_wconf 91' lang='lat' dir='ltr'>morte</span> <span class='ocrx_word' id='word_1_98' title='bbox 1102 834 1321 894; x_wconf 87' lang='lat' dir='ltr'>occidit.</span> <span class='ocrx_word' id='word_1_99' title='bbox 1353 832 1533 895; x_wconf 81' lang='lat' dir='ltr'>Aliter</span> <span class='ocrx_word' id='word_1_100' title='bbox 1558 854 1571 892; x_wconf 74' lang='grc' dir='ltr'>ε</span> <span class='ocrx_word' id='word_1_101' title='bbox 1603 840 1668 895; x_wconf 88' lang='grc' dir='ltr'>1η</span> <span class='ocrx_word' id='word_1_102' title='bbox 1690 846 1872 895; x_wconf 81' lang='lat' dir='ltr'>morte</span> <span class='ocrx_word' id='word_1_103' title='bbox 1892 840 2066 909; x_wconf 83' lang='lat' dir='ltr'>ipsius</span> <span class='ocrx_word' id='word_1_104' title='bbox 2149 844 2236 895; x_wconf 90' lang='lat' dir='ltr'>est</span> <span class='ocrx_word' id='word_1_105' title='bbox 2254 840 2312 895; x_wconf 88' lang='lat' dir='ltr'>in</span> <span class='ocrx_word' id='word_1_106' title='bbox 2334 856 2500 921; x_wconf 87' lang='lat' dir='ltr'>aqua.</span> <span class='ocrx_word' id='word_1_107' title='bbox 2521 834 2855 897; x_wconf 81' lang='lat' dir='ltr'>Resurrexit</span> <span class='ocrx_word' id='word_1_108' title='bbox 2882 836 3002 914; x_wconf 86' lang='lat' dir='ltr'>ipse</span> <span class='ocrx_word' id='word_1_109' title='bbox 3043 841 3215 902; x_wconf 82' lang='lat' dir='ltr'>tertia</span> <span class='ocrx_word' id='word_1_110' title='bbox 3232 840 3323 895; x_wconf 90' lang='lat' dir='ltr'>die</span> <span class='ocrx_word' id='word_1_111' title='bbox 3347 840 3513 915; x_wconf 84' lang='lat' dir='ltr'>vivus,</span> <span class='ocrx_word' id='word_1_112' title='bbox 3541 840 3590 899; x_wconf 85' lang='lat' dir='ltr'>et</span> <span class='ocrx_word' id='word_1_113' title='bbox 3615 836 3700 902; x_wconf 79' lang='lat' dir='ltr'>nos</span> 
     </span>
    </p>
   </div>
   <div class='ocr_carea' id='block_1_8' title="bbox 468 924 3703 1009">
    <p class='ocr_par' dir='ltr' id='par_1_8' title="bbox 468 924 3703 1009">
     <span class='ocr_line' id='line_1_8' title="bbox 468 924 3703 1009; baseline 0 -28"><span class='ocrx_word' id='word_1_114' title='bbox 468 927 739 1001; x_wconf 82' lang='lat' dir='ltr'>baptizati</span> <span class='ocrx_word' id='word_1_115' title='bbox 759 938 976 993; x_wconf 78' lang='lat' dir='ltr'>sumus,</span> <span class='ocrx_word' id='word_1_116' title='bbox 999 924 1058 982; x_wconf 89' lang='lat' dir='ltr'>id</span> <span class='ocrx_word' id='word_1_117' title='bbox 1087 931 1173 982; x_wconf 91' lang='lat' dir='ltr'>est</span> <span class='ocrx_word' id='word_1_118' title='bbox 1199 928 1258 983; x_wconf 87' lang='lat' dir='ltr'>in</span> <span class='ocrx_word' id='word_1_119' title='bbox 1315 926 1425 983; x_wconf 85' lang='lat' dir='ltr'>ﬁde</span> <span class='ocrx_word' id='word_1_120' title='bbox 1473 930 1751 1001; x_wconf 85' lang='lat' dir='ltr'>passionis</span> <span class='ocrx_word' id='word_1_121' title='bbox 1783 935 1836 982; x_wconf 89' lang='lat' dir='ltr'>et</span> <span class='ocrx_word' id='word_1_122' title='bbox 1869 927 2067 982; x_wconf 90' lang='lat' dir='ltr'>mortis</span> <span class='ocrx_word' id='word_1_123' title='bbox 2145 934 2275 1001; x_wconf 88' lang='lat' dir='ltr'>post</span> <span class='ocrx_word' id='word_1_124' title='bbox 2287 934 2514 1009; x_wconf 73' lang='lat' dir='ltr'>tertiam</span> <span class='ocrx_word' id='word_1_125' title='bbox 2544 928 2882 991; x_wconf 87' lang='lat' dir='ltr'>mersionem</span> <span class='ocrx_word' id='word_1_126' title='bbox 2907 946 3266 1005; x_wconf 84' lang='lat' dir='ltr'>resurgemus</span> <span class='ocrx_word' id='word_1_127' title='bbox 3318 929 3385 984; x_wconf 90' lang='lat' dir='ltr'>de</span> <span class='ocrx_word' id='word_1_128' title='bbox 3409 934 3574 991; x_wconf 80' lang='lat' dir='ltr'>morte</span> <span class='ocrx_word' id='word_1_129' title='bbox 3598 944 3703 1009; x_wconf 83' lang='lat' dir='ltr'>pec-</span> 
     </span>
    </p>
   </div>
   <div class='ocr_carea' id='block_1_9' title="bbox 471 1007 3703 1103">
    <p class='ocr_par' dir='ltr' id='par_1_9' title="bbox 471 1007 3703 1103">
     <span class='ocr_line' id='line_1_9' title="bbox 471 1007 3703 1103; baseline 0 -34"><span class='ocrx_word' id='word_1_130' title='bbox 471 1015 611 1103; x_wconf 82' lang='lat' dir='ltr'>ejus,</span> <span class='ocrx_word' id='word_1_131' title='bbox 639 1014 899 1103; x_wconf 11' lang='lat' dir='ltr'>quiatper</span> <span class='ocrx_word' id='word_1_132' title='bbox 947 1015 1115 1101; x_wconf 85' lang='lat' dir='ltr'>ﬁdem</span> <span class='ocrx_word' id='word_1_133' title='bbox 1163 1011 1443 1093; x_wconf 85' lang='lat' dir='ltr'>passionis</span> <span class='ocrx_word' id='word_1_134' title='bbox 1485 1018 1693 1086; x_wconf 83' lang='lat' dir='ltr'>Christi</span> <span class='ocrx_word' id='word_1_135' title='bbox 1724 1024 1779 1071; x_wconf 88' lang='lat' dir='ltr'>et</span> <span class='ocrx_word' id='word_1_136' title='bbox 1801 1012 2066 1087; x_wconf 78' lang='lat' dir='ltr'>baptismi</span> <span class='ocrx_word' id='word_1_137' title='bbox 2147 1007 2401 1103; x_wconf 86' lang='lat' dir='ltr'>catorum</span> <span class='ocrx_word' id='word_1_138' title='bbox 2431 1016 2503 1073; x_wconf 89' lang='lat' dir='ltr'>ad</span> <span class='ocrx_word' id='word_1_139' title='bbox 2524 1014 2720 1085; x_wconf 86' lang='lat' dir='ltr'>vitam,</span> <span class='ocrx_word' id='word_1_140' title='bbox 2749 1022 2816 1075; x_wconf 88' lang='lat' dir='ltr'>ut</span> <span class='ocrx_word' id='word_1_141' title='bbox 2833 1018 2948 1074; x_wconf 92' lang='lat' dir='ltr'>Deo</span> <span class='ocrx_word' id='word_1_142' title='bbox 2990 1017 3240 1091; x_wconf 76' lang='lat' dir='ltr'>vivamus</span> <span class='ocrx_word' id='word_1_143' title='bbox 3268 1016 3326 1074; x_wconf 91' lang='lat' dir='ltr'>in</span> <span class='ocrx_word' id='word_1_144' title='bbox 3356 1007 3631 1087; x_wconf 80' lang='lat' dir='ltr'>sanctitate</span> <span class='ocrx_word' id='word_1_145' title='bbox 3655 1014 3703 1103; x_wconf 78' lang='lat' dir='ltr'>et</span> 
     </span>
    </p>
   </div>
   <div class='ocr_carea' id='block_1_10' title="bbox 467 1096 3701 1180">
    <p class='ocr_par' dir='ltr' id='par_1_10' title="bbox 467 1096 3701 1180">
     <span class='ocr_line' id='line_1_10' title="bbox 467 1096 3701 1180; baseline 0 -22"><span class='ocrx_word' id='word_1_146' title='bbox 467 1100 712 1179; x_wconf 79' lang='lat' dir='ltr'>gratiam</span> <span class='ocrx_word' id='word_1_147' title='bbox 742 1096 1028 1158; x_wconf 82' lang='lat' dir='ltr'>abluimur</span> <span class='ocrx_word' id='word_1_148' title='bbox 1055 1096 1089 1158; x_wconf 87' lang='lat' dir='ltr'>a</span> <span class='ocrx_word' id='word_1_149' title='bbox 1117 1106 1375 1176; x_wconf 84' lang='lat' dir='ltr'>peccatis.</span> <span class='ocrx_word' id='word_1_150' title='bbox 1403 1106 1520 1161; x_wconf 90' lang='lat' dir='ltr'>Ista</span> <span class='ocrx_word' id='word_1_151' title='bbox 1548 1104 1698 1160; x_wconf 87' lang='lat' dir='ltr'>enim</span> <span class='ocrx_word' id='word_1_152' title='bbox 1718 1107 1829 1159; x_wconf 82' lang='lat' dir='ltr'>duo</span> <span class='ocrx_word' id='word_1_153' title='bbox 1849 1107 1922 1159; x_wconf 77' lang='lat' dir='ltr'>ita</span> <span class='ocrx_word' id='word_1_154' title='bbox 1941 1122 2069 1159; x_wconf 87' lang='lat' dir='ltr'>con-</span> <span class='ocrx_word' id='word_1_155' title='bbox 2147 1100 2398 1163; x_wconf 82' lang='lat' dir='ltr'>bonitate</span> <span class='ocrx_word' id='word_1_156' title='bbox 2426 1108 2754 1180; x_wconf 82' lang='lat' dir='ltr'>caeterisque</span> <span class='ocrx_word' id='word_1_157' title='bbox 2780 1106 3106 1162; x_wconf 81' lang='lat' dir='ltr'>virtutibus.</span> <span class='ocrx_word' id='word_1_158' title='bbox 3148 1104 3413 1177; x_wconf 79' lang='lat' dir='ltr'>Ascendit</span> <span class='ocrx_word' id='word_1_159' title='bbox 3451 1102 3517 1159; x_wconf 90' lang='lat' dir='ltr'>ad</span> <span class='ocrx_word' id='word_1_160' title='bbox 3541 1096 3701 1174; x_wconf 69' lang='lat' dir='ltr'>caelos,</span> 
     </span>
    </p>
   </div>
   <div class='ocr_carea' id='block_1_11' title="bbox 467 1190 3704 1268">
    <p class='ocr_par' dir='ltr' id='par_1_11' title="bbox 467 1190 3704 1268">
     <span class='ocr_line' id='line_1_11' title="bbox 467 1190 3704 1268; baseline 0 -21"><span class='ocrx_word' id='word_1_161' title='bbox 467 1190 662 1264; x_wconf 81' lang='lat' dir='ltr'>juncta</span> <span class='ocrx_word' id='word_1_162' title='bbox 693 1198 846 1258; x_wconf 87' lang='lat' dir='ltr'>sunt,</span> <span class='ocrx_word' id='word_1_163' title='bbox 872 1196 935 1247; x_wconf 88' lang='lat' dir='ltr'>ut</span> <span class='ocrx_word' id='word_1_164' title='bbox 963 1208 1146 1264; x_wconf 89' lang='lat' dir='ltr'>neque</span> <span class='ocrx_word' id='word_1_165' title='bbox 1174 1195 1360 1264; x_wconf 87' lang='lat' dir='ltr'>passio</span> <span class='ocrx_word' id='word_1_166' title='bbox 1382 1194 1588 1250; x_wconf 88' lang='lat' dir='ltr'>Christi</span> <span class='ocrx_word' id='word_1_167' title='bbox 1637 1195 1759 1249; x_wconf 89' lang='lat' dir='ltr'>sine</span> <span class='ocrx_word' id='word_1_168' title='bbox 1788 1195 2068 1266; x_wconf 88' lang='lat' dir='ltr'>baptismo</span> <span class='ocrx_word' id='word_1_169' title='bbox 2152 1201 2209 1250; x_wconf 90' lang='lat' dir='ltr'>et</span> <span class='ocrx_word' id='word_1_170' title='bbox 2227 1208 2340 1250; x_wconf 90' lang='lat' dir='ltr'>non</span> <span class='ocrx_word' id='word_1_171' title='bbox 2368 1201 2494 1268; x_wconf 88' lang='lat' dir='ltr'>post</span> <span class='ocrx_word' id='word_1_172' title='bbox 2517 1196 2676 1251; x_wconf 83' lang='lat' dir='ltr'>illum</span> <span class='ocrx_word' id='word_1_173' title='bbox 2719 1194 3105 1262; x_wconf 87' lang='lat' dir='ltr'>ascendcmus,</span> <span class='ocrx_word' id='word_1_174' title='bbox 3133 1195 3177 1249; x_wconf 91' lang='lat' dir='ltr'>si</span> <span class='ocrx_word' id='word_1_175' title='bbox 3244 1194 3298 1248; x_wconf 91' lang='lat' dir='ltr'>in</span> <span class='ocrx_word' id='word_1_176' title='bbox 3344 1193 3575 1248; x_wconf 85' lang='lat' dir='ltr'>novitate</span> <span class='ocrx_word' id='word_1_177' title='bbox 3599 1192 3704 1251; x_wconf 65' lang='lat' dir='ltr'>vitae</span> 
     </span>
    </p>
   </div>
   <div class='ocr_carea' id='block_1_12' title="bbox 472 1270 3703 1363">
    <p class='ocr_par' dir='ltr' id='par_1_12' title="bbox 472 1270 3703 1363">
     <span class='ocr_line' id='line_1_12' title="bbox 472 1270 3703 1363; baseline 0 -28"><span class='ocrx_word' id='word_1_178' title='bbox 472 1297 654 1352; x_wconf 91' lang='lat' dir='ltr'>neque</span> <span class='ocrx_word' id='word_1_179' title='bbox 676 1280 987 1351; x_wconf 90' lang='lat' dir='ltr'>baptismus</span> <span class='ocrx_word' id='word_1_180' title='bbox 1007 1282 1129 1336; x_wconf 89' lang='lat' dir='ltr'>sine</span> <span class='ocrx_word' id='word_1_181' title='bbox 1153 1281 1261 1336; x_wconf 90' lang='lat' dir='ltr'>ﬁde</span> <span class='ocrx_word' id='word_1_182' title='bbox 1282 1282 1558 1353; x_wconf 86' lang='lat' dir='ltr'>passionis</span> <span class='ocrx_word' id='word_1_183' title='bbox 1587 1278 1924 1348; x_wconf 89' lang='lat' dir='ltr'>Christi,nos</span> <span class='ocrx_word' id='word_1_184' title='bbox 1948 1294 2071 1354; x_wconf 89' lang='lat' dir='ltr'>p0s—</span> <span class='ocrx_word' id='word_1_185' title='bbox 2151 1270 2623 1340; x_wconf 83' lang='lat' dir='ltr'>ambulaverimus</span> <span class='ocrx_word' id='word_1_186' title='bbox 2648 1304 2659 1339; x_wconf 92' lang='lat'>:</span> <span class='ocrx_word' id='word_1_187' title='bbox 2685 1291 2742 1340; x_wconf 90' lang='lat' dir='ltr'>et</span> <span class='ocrx_word' id='word_1_188' title='bbox 2768 1285 2928 1363; x_wconf 89' lang='lat' dir='ltr'>quasi</span> <span class='ocrx_word' id='word_1_189' title='bbox 2956 1284 3167 1353; x_wconf 83' lang='lat' dir='ltr'>diceret</span> <span class='ocrx_word' id='word_1_190' title='bbox 3210 1283 3409 1354; x_wconf 83' lang='lat' dir='ltr'>aliquis</span> <span class='ocrx_word' id='word_1_191' title='bbox 3426 1276 3666 1357; x_wconf 79' lang='lat' dir='ltr'>Apostolo</span> <span class='ocrx_word' id='word_1_192' title='bbox 3692 1300 3703 1335; x_wconf 88' lang='lat'><strong>:</strong></span> 
     </span>
    </p>
   </div>
   <div class='ocr_carea' id='block_1_13' title="bbox 473 1362 3706 1445">
    <p class='ocr_par' dir='ltr' id='par_1_13' title="bbox 473 1362 3706 1445">
     <span class='ocr_line' id='line_1_13' title="bbox 473 1362 3706 1445; baseline -0.001 -20"><span class='ocrx_word' id='word_1_193' title='bbox 473 1371 549 1427; x_wconf 88' lang='lat' dir='ltr'>sit</span> <span class='ocrx_word' id='word_1_194' title='bbox 569 1362 805 1425; x_wconf 85' lang='lat' dir='ltr'>salvare.</span> <span class='ocrx_word' id='word_1_195' title='bbox 838 1370 1102 1426; x_wconf 89' lang='lat' dir='ltr'>Dicamus</span> <span class='ocrx_word' id='word_1_196' title='bbox 1131 1376 1188 1427; x_wconf 90' lang='lat' dir='ltr'>et</span> <span class='ocrx_word' id='word_1_197' title='bbox 1217 1372 1383 1428; x_wconf 87' lang='lat' dir='ltr'>aliter</span> <span class='ocrx_word' id='word_1_198' title='bbox 1414 1390 1425 1426; x_wconf 91' lang='lat'><strong>:</strong></span> <span class='ocrx_word' id='word_1_199' title='bbox 1461 1377 1526 1428; x_wconf 87' lang='lat' dir='ltr'>In</span> <span class='ocrx_word' id='word_1_200' title='bbox 1555 1379 1728 1428; x_wconf 85' lang='lat' dir='ltr'>morte</span> <span class='ocrx_word' id='word_1_201' title='bbox 1778 1376 1951 1443; x_wconf 86' lang='lat' dir='ltr'>ipsius</span> <span class='ocrx_word' id='word_1_202' title='bbox 1982 1372 2072 1428; x_wconf 84' lang='lat' dir='ltr'>ba-</span> <span class='ocrx_word' id='word_1_203' title='bbox 2151 1370 2237 1443; x_wconf 66' lang='lat' dir='ltr'>Ad</span> <span class='ocrx_word' id='word_1_204' title='bbox 2264 1370 2397 1445; x_wconf 89' lang='lat' dir='ltr'>quid</span> <span class='ocrx_word' id='word_1_205' title='bbox 2428 1390 2623 1429; x_wconf 90' lang='lat' dir='ltr'>sumus</span> <span class='ocrx_word' id='word_1_206' title='bbox 2675 1362 2988 1445; x_wconf 78' lang='lat' dir='ltr'>conSepulti</span> <span class='ocrx_word' id='word_1_207' title='bbox 3020 1371 3288 1431; x_wconf 79' lang='lat' dir='ltr'>Christo?</span> <span class='ocrx_word' id='word_1_208' title='bbox 3315 1368 3585 1441; x_wconf 86' lang='lat' dir='ltr'>subjunxit</span> <span class='ocrx_word' id='word_1_209' title='bbox 3615 1389 3625 1422; x_wconf 86' lang='lat'><strong>:</strong></span> <span class='ocrx_word' id='word_1_210' title='bbox 3658 1366 3706 1424; x_wconf 81' lang='lat' dir='ltr'>Ui</span> 
     </span>
    </p>
   </div>
   <div class='ocr_carea' id='block_1_14' title="bbox 466 1446 3709 1539">
    <p class='ocr_par' dir='ltr' id='par_1_14' title="bbox 466 1446 3709 1539">
     <span class='ocr_line' id='line_1_14' title="bbox 466 1446 3709 1539; baseline -0 -26"><span class='ocrx_word' id='word_1_211' title='bbox 466 1461 674 1531; x_wconf 76' lang='lat' dir='ltr'>ptizati</span> <span class='ocrx_word' id='word_1_212' title='bbox 702 1452 916 1527; x_wconf 79' lang='lat' dir='ltr'>sumus,</span> <span class='ocrx_word' id='word_1_213' title='bbox 944 1454 998 1514; x_wconf 90' lang='lat' dir='ltr'>id</span> <span class='ocrx_word' id='word_1_214' title='bbox 1033 1466 1119 1515; x_wconf 90' lang='lat' dir='ltr'>est</span> <span class='ocrx_word' id='word_1_215' title='bbox 1145 1458 1215 1515; x_wconf 89' lang='lat' dir='ltr'>ad</span> <span class='ocrx_word' id='word_1_216' title='bbox 1247 1460 1562 1533; x_wconf 84' lang='lat' dir='ltr'>exemplum</span> <span class='ocrx_word' id='word_1_217' title='bbox 1579 1467 1637 1517; x_wconf 92' lang='lat' dir='ltr'>et</span> <span class='ocrx_word' id='word_1_218' title='bbox 1663 1463 1903 1533; x_wconf 81' lang='lat' dir='ltr'>ﬁguram</span> <span class='ocrx_word' id='word_1_219' title='bbox 1919 1477 2071 1515; x_wconf 86' lang='lat' dir='ltr'>mor-</span> <span class='ocrx_word' id='word_1_220' title='bbox 2153 1446 2419 1539; x_wconf 62' lang='lat' dir='ltr'>quomodo</span> <span class='ocrx_word' id='word_1_221' title='bbox 2440 1465 2690 1517; x_wconf 69' lang='lat' dir='ltr'>surrexit</span> <span class='ocrx_word' id='word_1_222' title='bbox 2711 1462 2960 1517; x_wconf 73' lang='lat' dir='ltr'>Christus</span> <span class='ocrx_word' id='word_1_223' title='bbox 2978 1479 3011 1517; x_wconf 91' lang='lat' dir='ltr'>a</span> <span class='ocrx_word' id='word_1_224' title='bbox 3031 1465 3269 1516; x_wconf 80' lang='lat' dir='ltr'>mortuis</span> <span class='ocrx_word' id='word_1_225' title='bbox 3284 1476 3384 1529; x_wconf 87' lang='lat' dir='ltr'>per</span> <span class='ocrx_word' id='word_1_226' title='bbox 3395 1459 3709 1530; x_wconf 79' lang='lat' dir='ltr'>gloriamPa-</span> 
     </span>
    </p>
   </div>
   <div class='ocr_carea' id='block_1_15' title="bbox 475 1540 3709 1623">
    <p class='ocr_par' dir='ltr' id='par_1_15' title="bbox 475 1540 3709 1623">
     <span class='ocr_line' id='line_1_15' title="bbox 475 1540 3709 1623; baseline -0.001 -21"><span class='ocrx_word' id='word_1_227' title='bbox 475 1543 551 1602; x_wconf 82' lang='lat' dir='ltr'>tis</span> <span class='ocrx_word' id='word_1_228' title='bbox 577 1549 699 1618; x_wconf 89' lang='lat' dir='ltr'>ejus</span> <span class='ocrx_word' id='word_1_229' title='bbox 725 1552 790 1603; x_wconf 91' lang='lat' dir='ltr'>ut</span> <span class='ocrx_word' id='word_1_230' title='bbox 814 1548 897 1603; x_wconf 89' lang='lat' dir='ltr'>illi</span> <span class='ocrx_word' id='word_1_231' title='bbox 926 1540 1403 1605; x_wconf 89' lang='lat' dir='ltr'>commoreremur</span> <span class='ocrx_word' id='word_1_232' title='bbox 1452 1556 1697 1619; x_wconf 87' lang='lat' dir='ltr'>peccato,</span> <span class='ocrx_word' id='word_1_233' title='bbox 1748 1551 1893 1606; x_wconf 88' lang='lat' dir='ltr'>sicut</span> <span class='ocrx_word' id='word_1_234' title='bbox 1929 1566 2076 1605; x_wconf 91' lang='lat' dir='ltr'>mor-</span> <span class='ocrx_word' id='word_1_235' title='bbox 2157 1553 2281 1615; x_wconf 86' lang='lat' dir='ltr'>tris,</span> <span class='ocrx_word' id='word_1_236' title='bbox 2305 1552 2385 1605; x_wconf 84' lang='lat' dir='ltr'>ita</span> <span class='ocrx_word' id='word_1_237' title='bbox 2403 1556 2558 1605; x_wconf 84' lang='lat' dir='ltr'>etnos</span> <span class='ocrx_word' id='word_1_238' title='bbox 2576 1554 2640 1605; x_wconf 84' lang='lat' dir='ltr'>in</span> <span class='ocrx_word' id='word_1_239' title='bbox 2660 1553 2899 1609; x_wconf 83' lang='lat' dir='ltr'>novitate</span> <span class='ocrx_word' id='word_1_240' title='bbox 2916 1550 3038 1623; x_wconf 67' lang='lat' dir='ltr'>vita:</span> <span class='ocrx_word' id='word_1_241' title='bbox 3064 1548 3481 1623; x_wconf 80' lang='lat' dir='ltr'>ambulemus.A</span> <span class='ocrx_word' id='word_1_242' title='bbox 3506 1542 3709 1601; x_wconf 85' lang='lat' dir='ltr'>mortuis</span> 
     </span>
    </p>
   </div>
   <div class='ocr_carea' id='block_1_16' title="bbox 474 1622 3711 1733">
    <p class='ocr_par' dir='ltr' id='par_1_16' title="bbox 474 1622 3711 1733">
     <span class='ocr_line' id='line_1_16' title="bbox 474 1622 3711 1733; baseline -0.002 -39"><span class='ocrx_word' id='word_1_243' title='bbox 474 1642 608 1694; x_wconf 83' lang='lat' dir='ltr'>tuus</span> <span class='ocrx_word' id='word_1_244' title='bbox 638 1642 724 1691; x_wconf 90' lang='lat' dir='ltr'>est</span> <span class='ocrx_word' id='word_1_245' title='bbox 745 1630 866 1708; x_wconf 89' lang='lat' dir='ltr'>ipse</span> <span class='ocrx_word' id='word_1_246' title='bbox 881 1652 1131 1733; x_wconf 75' lang='lat' dir='ltr'>cprpore,</span> <span class='ocrx_word' id='word_1_247' title='bbox 1165 1636 1251 1694; x_wconf 88' lang='lat' dir='ltr'>vel</span> <span class='ocrx_word' id='word_1_248' title='bbox 1280 1638 1352 1694; x_wconf 91' lang='lat' dir='ltr'>ad</span> <span class='ocrx_word' id='word_1_249' title='bbox 1379 1641 1696 1712; x_wconf 85' lang='lat' dir='ltr'>exemplum</span> <span class='ocrx_word' id='word_1_250' title='bbox 1716 1640 1914 1694; x_wconf 89' lang='lat' dir='ltr'>mortis</span> <span class='ocrx_word' id='word_1_251' title='bbox 1930 1639 2073 1711; x_wconf 84' lang='lat' dir='ltr'>ejus,</span> <span class='ocrx_word' id='word_1_252' title='bbox 2094 1669 2141 1733; x_wconf 75' lang='grc' dir='ltr'><strong><em>Β</em></strong></span> <span class='ocrx_word' id='word_1_253' title='bbox 2160 1640 2404 1694; x_wconf 86' lang='lat' dir='ltr'>surrexit</span> <span class='ocrx_word' id='word_1_254' title='bbox 2431 1634 2707 1705; x_wconf 86' lang='lat' dir='ltr'>Christus,</span> <span class='ocrx_word' id='word_1_255' title='bbox 2754 1636 2811 1700; x_wconf 90' lang='lat' dir='ltr'>id</span> <span class='ocrx_word' id='word_1_256' title='bbox 2841 1643 2930 1695; x_wconf 91' lang='lat' dir='ltr'>est</span> <span class='ocrx_word' id='word_1_257' title='bbox 2975 1655 3016 1733; x_wconf 47' lang='grc' dir='ltr'>εξ</span> <span class='ocrx_word' id='word_1_258' title='bbox 3062 1622 3319 1713; x_wconf 79' lang='lat' dir='ltr'>sepulcro</span> <span class='ocrx_word' id='word_1_259' title='bbox 3350 1635 3493 1708; x_wconf 84' lang='lat' dir='ltr'>quod</span> <span class='ocrx_word' id='word_1_260' title='bbox 3517 1633 3711 1733; x_wconf 72' lang='lat' dir='ltr'>proprie</span> 
     </span>
    </p>
   </div>
   <div class='ocr_carea' id='block_1_17' title="bbox 478 1718 3711 1805">
    <p class='ocr_par' dir='ltr' id='par_1_17' title="bbox 478 1718 3711 1805">
     <span class='ocr_line' id='line_1_17' title="bbox 478 1718 3711 1805; baseline 0.001 -24"><span class='ocrx_word' id='word_1_261' title='bbox 478 1736 545 1781; x_wconf 84' lang='lat' dir='ltr'>eo</span> <span class='ocrx_word' id='word_1_262' title='bbox 568 1725 736 1780; x_wconf 88' lang='lat' dir='ltr'>modo</span> <span class='ocrx_word' id='word_1_263' title='bbox 770 1742 880 1797; x_wconf 89' lang='lat' dir='ltr'>quo</span> <span class='ocrx_word' id='word_1_264' title='bbox 908 1718 964 1780; x_wconf 88' lang='lat' dir='ltr'>in</span> <span class='ocrx_word' id='word_1_265' title='bbox 1022 1726 1386 1799; x_wconf 88' lang='lat' dir='ltr'>sequentibus</span> <span class='ocrx_word' id='word_1_266' title='bbox 1431 1728 1731 1784; x_wconf 88' lang='lat' dir='ltr'>dicendum</span> <span class='ocrx_word' id='word_1_267' title='bbox 1774 1734 1877 1784; x_wconf 90' lang='lat' dir='ltr'>est.</span> <span class='ocrx_word' id='word_1_268' title='bbox 1920 1718 2312 1784; x_wconf 50' lang='lat' dir='ltr'>Inter-&quot;locus</span> <span class='ocrx_word' id='word_1_269' title='bbox 2334 1728 2419 1783; x_wconf 87' lang='lat' dir='ltr'>est</span> <span class='ocrx_word' id='word_1_270' title='bbox 2448 1733 2798 1803; x_wconf 85' lang='lat' dir='ltr'>mortuorum</span> <span class='ocrx_word' id='word_1_271' title='bbox 2824 1727 2938 1783; x_wconf 88' lang='lat' dir='ltr'>sive</span> <span class='ocrx_word' id='word_1_272' title='bbox 2967 1722 3036 1783; x_wconf 92' lang='lat' dir='ltr'>ab</span> <span class='ocrx_word' id='word_1_273' title='bbox 3076 1726 3315 1782; x_wconf 87' lang='lat' dir='ltr'>inferno.</span> <span class='ocrx_word' id='word_1_274' title='bbox 3361 1726 3468 1783; x_wconf 91' lang='lat' dir='ltr'>Per</span> <span class='ocrx_word' id='word_1_275' title='bbox 3508 1718 3711 1805; x_wconf 73' lang='lat' dir='ltr'>gloriam</span> 
     </span>
    </p>
   </div>
   <div class='ocr_carea' id='block_1_18' title="bbox 477 1807 3714 1891">
    <p class='ocr_par' dir='ltr' id='par_1_18' title="bbox 477 1807 3714 1891">
     <span class='ocr_line' id='line_1_18' title="bbox 477 1807 3714 1891; baseline -0.001 -22"><span class='ocrx_word' id='word_1_276' title='bbox 477 1810 597 1869; x_wconf 64' lang='lat' dir='ltr'>haec</span> <span class='ocrx_word' id='word_1_277' title='bbox 626 1814 1093 1881; x_wconf 83' lang='lat' dir='ltr'>considerandum</span> <span class='ocrx_word' id='word_1_278' title='bbox 1124 1823 1210 1871; x_wconf 90' lang='lat' dir='ltr'>est</span> <span class='ocrx_word' id='word_1_279' title='bbox 1238 1822 1481 1888; x_wconf 80' lang='lat' dir='ltr'>quatuor</span> <span class='ocrx_word' id='word_1_280' title='bbox 1508 1834 1629 1872; x_wconf 88' lang='lat' dir='ltr'>esse</span> <span class='ocrx_word' id='word_1_281' title='bbox 1650 1815 2078 1891; x_wconf 86' lang='lat' dir='ltr'>generabaptis-</span> <span class='ocrx_word' id='word_1_282' title='bbox 2159 1821 2348 1871; x_wconf 89' lang='lat' dir='ltr'>autem</span> <span class='ocrx_word' id='word_1_283' title='bbox 2378 1817 2480 1871; x_wconf 87' lang='lat' dir='ltr'>Dei</span> <span class='ocrx_word' id='word_1_284' title='bbox 2505 1816 2687 1876; x_wconf 84' lang='lat' dir='ltr'>Patris</span> <span class='ocrx_word' id='word_1_285' title='bbox 2707 1812 2843 1873; x_wconf 90' lang='lat' dir='ltr'>dicit</span> <span class='ocrx_word' id='word_1_286' title='bbox 2885 1815 3194 1872; x_wconf 87' lang='lat' dir='ltr'>surrexisse</span> <span class='ocrx_word' id='word_1_287' title='bbox 3246 1810 3544 1888; x_wconf 84' lang='lat' dir='ltr'>Christum,</span> <span class='ocrx_word' id='word_1_288' title='bbox 3570 1812 3619 1867; x_wconf 89' lang='lat' dir='ltr'>id</span> <span class='ocrx_word' id='word_1_289' title='bbox 3644 1807 3714 1887; x_wconf 66' lang='lat' dir='ltr'>est</span> 
     </span>
    </p>
   </div>
   <div class='ocr_carea' id='block_1_19' title="bbox 372 1898 3715 1983">
    <p class='ocr_par' dir='ltr' id='par_1_19' title="bbox 372 1898 3715 1983">
     <span class='ocr_line' id='line_1_19' title="bbox 372 1898 3715 1983; baseline -0.001 -27"><span class='ocrx_word' id='word_1_290' title='bbox 372 1956 391 1971; x_wconf 48' lang='grc' dir='ltr'><em>ο</em></span> <span class='ocrx_word' id='word_1_291' title='bbox 477 1905 715 1973; x_wconf 87' lang='lat' dir='ltr'>matum.</span> <span class='ocrx_word' id='word_1_292' title='bbox 747 1898 936 1959; x_wconf 89' lang='lat' dir='ltr'>Unum</span> <span class='ocrx_word' id='word_1_293' title='bbox 961 1909 1183 1960; x_wconf 88' lang='lat' dir='ltr'>tantum</span> <span class='ocrx_word' id='word_1_294' title='bbox 1212 1905 1269 1960; x_wconf 90' lang='lat' dir='ltr'>in</span> <span class='ocrx_word' id='word_1_295' title='bbox 1299 1907 1479 1983; x_wconf 86' lang='lat' dir='ltr'>aquis,</span> <span class='ocrx_word' id='word_1_296' title='bbox 1526 1904 1673 1962; x_wconf 84' lang='lat' dir='ltr'>sicut</span> <span class='ocrx_word' id='word_1_297' title='bbox 1713 1904 1823 1962; x_wconf 85' lang='lat' dir='ltr'>fuit</span> <span class='ocrx_word' id='word_1_298' title='bbox 1870 1904 2078 1977; x_wconf 87' lang='lat' dir='ltr'>baptis-</span> <span class='ocrx_word' id='word_1_299' title='bbox 2158 1904 2580 1978; x_wconf 84' lang='lat' dir='ltr'>perdivinitatis</span> <span class='ocrx_word' id='word_1_300' title='bbox 2598 1906 2882 1971; x_wconf 87' lang='lat' dir='ltr'>virtutem,</span> <span class='ocrx_word' id='word_1_301' title='bbox 2904 1911 2968 1960; x_wconf 91' lang='lat' dir='ltr'>ut</span> <span class='ocrx_word' id='word_1_302' title='bbox 2984 1904 3398 1979; x_wconf 83' lang='lat' dir='ltr'>gloriﬁcaretur</span> <span class='ocrx_word' id='word_1_303' title='bbox 3419 1904 3558 1959; x_wconf 88' lang='lat' dir='ltr'>Deus</span> <span class='ocrx_word' id='word_1_304' title='bbox 3576 1899 3715 1958; x_wconf 83' lang='lat' dir='ltr'>Pater</span> 
     </span>
    </p>
   </div>
   <div class='ocr_carea' id='block_1_20' title="bbox 479 1984 3716 2067">
    <p class='ocr_par' dir='ltr' id='par_1_20' title="bbox 479 1984 3716 2067">
     <span class='ocr_line' id='line_1_20' title="bbox 479 1984 3716 2067; baseline -0.001 -22"><span class='ocrx_word' id='word_1_305' title='bbox 479 1984 635 2046; x_wconf 88' lang='lat' dir='ltr'>mum</span> <span class='ocrx_word' id='word_1_306' title='bbox 661 1991 892 2047; x_wconf 87' lang='lat' dir='ltr'>Joannis</span> <span class='ocrx_word' id='word_1_307' title='bbox 947 1988 1095 2065; x_wconf 88' lang='lat' dir='ltr'>quod</span> <span class='ocrx_word' id='word_1_308' title='bbox 1142 1990 1530 2050; x_wconf 87' lang='lat' dir='ltr'>remissionem</span> <span class='ocrx_word' id='word_1_309' title='bbox 1582 2001 1936 2067; x_wconf 87' lang='lat' dir='ltr'>peccatorum</span> <span class='ocrx_word' id='word_1_310' title='bbox 1961 2008 2073 2049; x_wconf 91' lang='lat' dir='ltr'>non</span> <span class='ocrx_word' id='word_1_311' title='bbox 2156 1994 2215 2049; x_wconf 90' lang='lat' dir='ltr'>in</span> <span class='ocrx_word' id='word_1_312' title='bbox 2230 1995 2351 2065; x_wconf 86' lang='lat' dir='ltr'>ejus</span> <span class='ocrx_word' id='word_1_313' title='bbox 2367 1994 2751 2056; x_wconf 89' lang='lat' dir='ltr'>suscitatione.</span> <span class='ocrx_word' id='word_1_314' title='bbox 2769 1995 2916 2049; x_wconf 90' lang='lat' dir='ltr'>sicut</span> <span class='ocrx_word' id='word_1_315' title='bbox 2929 1992 3047 2065; x_wconf 81' lang='lat' dir='ltr'>ipse</span> <span class='ocrx_word' id='word_1_316' title='bbox 3064 1993 3300 2067; x_wconf 88' lang='lat' dir='ltr'>loquens</span> <span class='ocrx_word' id='word_1_317' title='bbox 3332 1992 3400 2049; x_wconf 90' lang='lat' dir='ltr'>ad</span> <span class='ocrx_word' id='word_1_318' title='bbox 3419 1993 3626 2057; x_wconf 79' lang='lat' dir='ltr'>Patrem</span> <span class='ocrx_word' id='word_1_319' title='bbox 3650 1985 3716 2061; x_wconf 86' lang='lat' dir='ltr'>di-</span> 
     </span>
    </p>
   </div>
   <div class='ocr_carea' id='block_1_21' title="bbox 479 2074 3715 2159">
    <p class='ocr_par' dir='ltr' id='par_1_21' title="bbox 479 2074 3715 2159">
     <span class='ocr_line' id='line_1_21' title="bbox 479 2074 3715 2159; baseline -0.002 -24"><span class='ocrx_word' id='word_1_320' title='bbox 479 2078 661 2144; x_wconf 85' lang='lat' dir='ltr'>dedit;</span> <span class='ocrx_word' id='word_1_321' title='bbox 694 2081 845 2136; x_wconf 88' lang='lat' dir='ltr'>aliud</span> <span class='ocrx_word' id='word_1_322' title='bbox 875 2081 933 2136; x_wconf 89' lang='lat' dir='ltr'>in</span> <span class='ocrx_word' id='word_1_323' title='bbox 956 2081 1088 2153; x_wconf 87' lang='lat' dir='ltr'>igne</span> <span class='ocrx_word' id='word_1_324' title='bbox 1119 2084 1207 2137; x_wconf 84' lang='lat' dir='ltr'>vel</span> <span class='ocrx_word' id='word_1_325' title='bbox 1237 2082 1470 2155; x_wconf 86' lang='lat' dir='ltr'>Spiritu,</span> <span class='ocrx_word' id='word_1_326' title='bbox 1497 2098 1607 2156; x_wconf 88' lang='lat' dir='ltr'>quo</span> <span class='ocrx_word' id='word_1_327' title='bbox 1649 2080 1914 2159; x_wconf 80' lang='lat' dir='ltr'>baptizati</span> <span class='ocrx_word' id='word_1_328' title='bbox 1944 2086 2078 2138; x_wconf 88' lang='lat' dir='ltr'>sunt</span> <span class='ocrx_word' id='word_1_329' title='bbox 2157 2082 2238 2138; x_wconf 81' lang='lat' dir='ltr'>xit</span> <span class='ocrx_word' id='word_1_330' title='bbox 2263 2102 2274 2137; x_wconf 88' lang='lat'><strong>:</strong></span> <span class='ocrx_word' id='word_1_331' title='bbox 2296 2084 2479 2149; x_wconf 86' lang='lat' dir='ltr'>Pater,</span> <span class='ocrx_word' id='word_1_332' title='bbox 2513 2085 2759 2152; x_wconf 81' lang='lat' dir='ltr'>clariﬁca</span> <span class='ocrx_word' id='word_1_333' title='bbox 2780 2099 2983 2137; x_wconf 79' lang='lat' dir='ltr'>nomen</span> <span class='ocrx_word' id='word_1_334' title='bbox 3028 2082 3191 2137; x_wconf 84' lang='lat' dir='ltr'>tuum</span> <span class='ocrx_word' id='word_1_335' title='bbox 3221 2085 3401 2150; x_wconf 82' lang='lat' dir='ltr'>(Joan,</span> <span class='ocrx_word' id='word_1_336' title='bbox 3434 2091 3552 2155; x_wconf 62' lang='lat' dir='ltr'>im),</span> <span class='ocrx_word' id='word_1_337' title='bbox 3572 2074 3623 2133; x_wconf 90' lang='lat' dir='ltr'>id</span> <span class='ocrx_word' id='word_1_338' title='bbox 3646 2076 3715 2137; x_wconf 81' lang='lat' dir='ltr'>est</span> 
     </span>
    </p>
   </div>
   <div class='ocr_carea' id='block_1_22' title="bbox 480 2164 3718 2244">
    <p class='ocr_par' dir='ltr' id='par_1_22' title="bbox 480 2164 3718 2244">
     <span class='ocr_line' id='line_1_22' title="bbox 480 2164 3718 2244; baseline 0 -21"><span class='ocrx_word' id='word_1_339' title='bbox 480 2169 717 2240; x_wconf 87' lang='lat' dir='ltr'>apostoli</span> <span class='ocrx_word' id='word_1_340' title='bbox 744 2168 803 2224; x_wconf 90' lang='lat' dir='ltr'>in</span> <span class='ocrx_word' id='word_1_341' title='bbox 829 2168 918 2225; x_wconf 89' lang='lat' dir='ltr'>die</span> <span class='ocrx_word' id='word_1_342' title='bbox 943 2170 1337 2227; x_wconf 87' lang='lat' dir='ltr'>Pentecostes:</span> <span class='ocrx_word' id='word_1_343' title='bbox 1373 2178 1431 2237; x_wconf 84' lang='lat' dir='ltr'>et</span> <span class='ocrx_word' id='word_1_344' title='bbox 1456 2173 1527 2227; x_wconf 90' lang='lat' dir='ltr'>de</span> <span class='ocrx_word' id='word_1_345' title='bbox 1558 2186 1667 2244; x_wconf 91' lang='lat' dir='ltr'>quo</span> <span class='ocrx_word' id='word_1_346' title='bbox 1688 2171 1965 2233; x_wconf 88' lang='lat' dir='ltr'>Dominus</span> <span class='ocrx_word' id='word_1_347' title='bbox 1988 2170 2076 2226; x_wconf 90' lang='lat' dir='ltr'>di-</span> <span class='ocrx_word' id='word_1_348' title='bbox 2158 2172 2369 2239; x_wconf 87' lang='lat' dir='ltr'>suscita</span> <span class='ocrx_word' id='word_1_349' title='bbox 2390 2171 2594 2226; x_wconf 87' lang='lat' dir='ltr'>Filium</span> <span class='ocrx_word' id='word_1_350' title='bbox 2623 2178 2807 2230; x_wconf 88' lang='lat' dir='ltr'>tuum.</span> <span class='ocrx_word' id='word_1_351' title='bbox 2834 2180 2900 2226; x_wconf 90' lang='lat' dir='ltr'>ut</span> <span class='ocrx_word' id='word_1_352' title='bbox 2926 2188 3054 2226; x_wconf 88' lang='lat' dir='ltr'>mea</span> <span class='ocrx_word' id='word_1_353' title='bbox 3081 2170 3445 2239; x_wconf 85' lang='lat' dir='ltr'>suscitatione</span> <span class='ocrx_word' id='word_1_354' title='bbox 3481 2164 3718 2243; x_wconf 72' lang='lat' dir='ltr'>gloriﬁce-</span> 
     </span>
    </p>
   </div>
   <div class='ocr_carea' id='block_1_23' title="bbox 480 2246 3718 2333">
    <p class='ocr_par' dir='ltr' id='par_1_23' title="bbox 480 2246 3718 2333">
     <span class='ocr_line' id='line_1_23' title="bbox 480 2246 3718 2333; baseline -0 -21"><span class='ocrx_word' id='word_1_355' title='bbox 480 2254 594 2316; x_wconf 81' lang='lat' dir='ltr'>xit:</span> <span class='ocrx_word' id='word_1_356' title='bbox 628 2259 718 2313; x_wconf 79' lang='lat' dir='ltr'>Vos</span> <span class='ocrx_word' id='word_1_357' title='bbox 745 2265 933 2313; x_wconf 87' lang='lat' dir='ltr'>autem</span> <span class='ocrx_word' id='word_1_358' title='bbox 956 2263 1384 2329; x_wconf 81' lang='lat' dir='ltr'>baptizabimini</span> <span class='ocrx_word' id='word_1_359' title='bbox 1401 2249 1621 2331; x_wconf 82' lang='lat' dir='ltr'>Spiritu</span> <span class='ocrx_word' id='word_1_360' title='bbox 1641 2262 1984 2327; x_wconf 83' lang='lat' dir='ltr'>sancto(Act.</span> <span class='ocrx_word' id='word_1_361' title='bbox 2008 2264 2075 2328; x_wconf 85' lang='grc' dir='ltr'>Ι),</span> <span class='ocrx_word' id='word_1_362' title='bbox 2159 2256 2256 2315; x_wconf 88' lang='lat' dir='ltr'>ris.</span> <span class='ocrx_word' id='word_1_363' title='bbox 2290 2260 2484 2315; x_wconf 86' lang='lat' dir='ltr'>Potest</span> <span class='ocrx_word' id='word_1_364' title='bbox 2506 2260 2675 2315; x_wconf 90' lang='lat' dir='ltr'>etiam</span> <span class='ocrx_word' id='word_1_365' title='bbox 2701 2254 2960 2332; x_wconf 85' lang='lat' dir='ltr'>intelligi,</span> <span class='ocrx_word' id='word_1_366' title='bbox 2986 2260 3131 2333; x_wconf 89' lang='lat' dir='ltr'>quod</span> <span class='ocrx_word' id='word_1_367' title='bbox 3156 2260 3278 2332; x_wconf 84' lang='lat' dir='ltr'>ipse</span> <span class='ocrx_word' id='word_1_368' title='bbox 3299 2258 3471 2315; x_wconf 84' lang='lat' dir='ltr'>Filius</span> <span class='ocrx_word' id='word_1_369' title='bbox 3502 2246 3718 2329; x_wconf 77' lang='lat' dir='ltr'>potentia</span> 
     </span>
    </p>
   </div>
   <div class='ocr_carea' id='block_1_24' title="bbox 483 2340 3718 2421">
    <p class='ocr_par' dir='ltr' id='par_1_24' title="bbox 483 2340 3718 2421">
     <span class='ocr_line' id='line_1_24' title="bbox 483 2340 3718 2421; baseline -0.002 -19"><span class='ocrx_word' id='word_1_370' title='bbox 483 2344 617 2420; x_wconf 83' lang='lat' dir='ltr'>quia</span> <span class='ocrx_word' id='word_1_371' title='bbox 644 2342 709 2402; x_wconf 85' lang='lat' dir='ltr'>eo</span> <span class='ocrx_word' id='word_1_372' title='bbox 727 2346 815 2403; x_wconf 90' lang='lat' dir='ltr'>die</span> <span class='ocrx_word' id='word_1_373' title='bbox 839 2346 899 2402; x_wconf 87' lang='lat' dir='ltr'>in</span> <span class='ocrx_word' id='word_1_374' title='bbox 929 2349 1058 2420; x_wconf 90' lang='lat' dir='ltr'>igne</span> <span class='ocrx_word' id='word_1_375' title='bbox 1089 2349 1353 2421; x_wconf 85' lang='lat' dir='ltr'>apparuit</span> <span class='ocrx_word' id='word_1_376' title='bbox 1403 2362 1574 2421; x_wconf 88' lang='lat' dir='ltr'>super</span> <span class='ocrx_word' id='word_1_377' title='bbox 1599 2348 1919 2421; x_wconf 89' lang='lat' dir='ltr'>apostolos;</span> <span class='ocrx_word' id='word_1_378' title='bbox 1960 2354 2077 2403; x_wconf 89' lang='lat' dir='ltr'>ter-</span> <span class='ocrx_word' id='word_1_379' title='bbox 2162 2347 2383 2405; x_wconf 89' lang='lat' dir='ltr'>deitatis</span> <span class='ocrx_word' id='word_1_380' title='bbox 2411 2349 2765 2405; x_wconf 87' lang='lat' dir='ltr'>suscitaverit</span> <span class='ocrx_word' id='word_1_381' title='bbox 2790 2348 3179 2421; x_wconf 85' lang='lat' dir='ltr'>semetipsum,</span> <span class='ocrx_word' id='word_1_382' title='bbox 3205 2348 3304 2419; x_wconf 87' lang='lat' dir='ltr'>qui</span> <span class='ocrx_word' id='word_1_383' title='bbox 3333 2348 3418 2403; x_wconf 88' lang='lat' dir='ltr'>est</span> <span class='ocrx_word' id='word_1_384' title='bbox 3447 2340 3613 2419; x_wconf 85' lang='lat' dir='ltr'>gloria</span> <span class='ocrx_word' id='word_1_385' title='bbox 3636 2344 3718 2398; x_wconf 87' lang='lat' dir='ltr'>Pa-</span> 
     </span>
    </p>
   </div>
   <div class='ocr_carea' id='block_1_25' title="bbox 481 2432 3716 2510">
    <p class='ocr_par' dir='ltr' id='par_1_25' title="bbox 481 2432 3716 2510">
     <span class='ocr_line' id='line_1_25' title="bbox 481 2432 3716 2510; baseline 0.002 -22"><span class='ocrx_word' id='word_1_386' title='bbox 481 2432 624 2490; x_wconf 86' lang='lat' dir='ltr'>tium</span> <span class='ocrx_word' id='word_1_387' title='bbox 648 2435 810 2490; x_wconf 90' lang='lat' dir='ltr'>estin</span> <span class='ocrx_word' id='word_1_388' title='bbox 842 2451 990 2506; x_wconf 88' lang='lat' dir='ltr'>aqua</span> <span class='ocrx_word' id='word_1_389' title='bbox 1017 2443 1073 2491; x_wconf 88' lang='lat' dir='ltr'>et</span> <span class='ocrx_word' id='word_1_390' title='bbox 1104 2436 1333 2509; x_wconf 83' lang='lat' dir='ltr'>Spiritu,</span> <span class='ocrx_word' id='word_1_391' title='bbox 1366 2438 1424 2491; x_wconf 89' lang='lat' dir='ltr'>in</span> <span class='ocrx_word' id='word_1_392' title='bbox 1454 2454 1564 2508; x_wconf 91' lang='lat' dir='ltr'>quo</span> <span class='ocrx_word' id='word_1_393' title='bbox 1616 2434 1795 2492; x_wconf 86' lang='lat' dir='ltr'>sancti</span> <span class='ocrx_word' id='word_1_394' title='bbox 1840 2434 2080 2510; x_wconf 86' lang='lat' dir='ltr'>apostoli</span> <span class='ocrx_word' id='word_1_395' title='bbox 2161 2436 2284 2505; x_wconf 90' lang='lat' dir='ltr'>tris,</span> <span class='ocrx_word' id='word_1_396' title='bbox 2316 2437 2464 2492; x_wconf 91' lang='lat' dir='ltr'>sicut</span> <span class='ocrx_word' id='word_1_397' title='bbox 2491 2438 2543 2492; x_wconf 90' lang='lat' dir='ltr'>ei</span> <span class='ocrx_word' id='word_1_398' title='bbox 2582 2437 2716 2492; x_wconf 88' lang='lat' dir='ltr'>dicit</span> <span class='ocrx_word' id='word_1_399' title='bbox 2735 2437 2795 2492; x_wconf 90' lang='lat' dir='ltr'>in</span> <span class='ocrx_word' id='word_1_400' title='bbox 2823 2436 3075 2509; x_wconf 87' lang='lat' dir='ltr'>psalmo:</span> <span class='ocrx_word' id='word_1_401' title='bbox 3105 2434 3374 2505; x_wconf 67' lang='lat' dir='ltr'>Exsurge,</span> <span class='ocrx_word' id='word_1_402' title='bbox 3394 2436 3565 2505; x_wconf 85' lang='lat' dir='ltr'>gloria</span> <span class='ocrx_word' id='word_1_403' title='bbox 3598 2448 3716 2495; x_wconf 78' lang='lat' dir='ltr'>mea.</span> 
     </span>
    </p>
   </div>
   <div class='ocr_carea' id='block_1_26' title="bbox 482 2512 3720 2603">
    <p class='ocr_par' dir='ltr' id='par_1_26' title="bbox 482 2512 3720 2603">
     <span class='ocr_line' id='line_1_26' title="bbox 482 2512 3720 2603; baseline -0.001 -26"><span class='ocrx_word' id='word_1_404' title='bbox 482 2522 860 2596; x_wconf 86' lang='lat' dir='ltr'>baptizabant,</span> <span class='ocrx_word' id='word_1_405' title='bbox 895 2524 1133 2581; x_wconf 88' lang='lat' dir='ltr'>Domino</span> <span class='ocrx_word' id='word_1_406' title='bbox 1165 2512 1522 2599; x_wconf 67' lang='lat' dir='ltr'>praecipiente</span> <span class='ocrx_word' id='word_1_407' title='bbox 1557 2543 1569 2581; x_wconf 89' lang='lat'><strong>:</strong></span> <span class='ocrx_word' id='word_1_408' title='bbox 1599 2526 1747 2599; x_wconf 89' lang='lat' dir='ltr'>quod</span> <span class='ocrx_word' id='word_1_409' title='bbox 1776 2540 1956 2598; x_wconf 88' lang='lat' dir='ltr'>genus</span> <span class='ocrx_word' id='word_1_410' title='bbox 1988 2523 2082 2579; x_wconf 90' lang='lat' dir='ltr'>ba-</span> <span class='ocrx_word' id='word_1_411' title='bbox 2163 2541 2412 2589; x_wconf 71' lang='lat' dir='ltr'>exsurqe,</span> <span class='ocrx_word' id='word_1_412' title='bbox 2449 2529 2783 2594; x_wconf 82' lang='lat' dir='ltr'>psalterium</span> <span class='ocrx_word' id='word_1_413' title='bbox 2811 2526 2981 2593; x_wconf 78' lang='lat' dir='ltr'>(Psal.</span> <span class='ocrx_word' id='word_1_414' title='bbox 3034 2526 3161 2595; x_wconf 71' lang='grc' dir='ltr'>ωτι),</span> <span class='ocrx_word' id='word_1_415' title='bbox 3191 2520 3251 2579; x_wconf 83' lang='lat' dir='ltr'>id</span> <span class='ocrx_word' id='word_1_416' title='bbox 3302 2532 3388 2603; x_wconf 80' lang='lat' dir='ltr'>est</span> <span class='ocrx_word' id='word_1_417' title='bbox 3414 2525 3602 2583; x_wconf 86' lang='lat' dir='ltr'>chorus</span> <span class='ocrx_word' id='word_1_418' title='bbox 3627 2536 3720 2575; x_wconf 88' lang='lat' dir='ltr'>om-</span> 
     </span>
    </p>
   </div>
   <div class='ocr_carea' id='block_1_27' title="bbox 483 2609 3720 2689">
    <p class='ocr_par' dir='ltr' id='par_1_27' title="bbox 483 2609 3720 2689">
     <span class='ocr_line' id='line_1_27' title="bbox 483 2609 3720 2689; baseline 0 -22"><span class='ocrx_word' id='word_1_419' title='bbox 483 2613 763 2687; x_wconf 83' lang='lat' dir='ltr'>ptismatis</span> <span class='ocrx_word' id='word_1_420' title='bbox 783 2619 977 2669; x_wconf 86' lang='lat' dir='ltr'>sancta</span> <span class='ocrx_word' id='word_1_421' title='bbox 997 2614 1240 2671; x_wconf 89' lang='lat' dir='ltr'>Ecclesia</span> <span class='ocrx_word' id='word_1_422' title='bbox 1261 2615 1427 2671; x_wconf 93' lang='lat' dir='ltr'>modo</span> <span class='ocrx_word' id='word_1_423' title='bbox 1448 2617 1682 2683; x_wconf 88' lang='lat' dir='ltr'>retinet;</span> <span class='ocrx_word' id='word_1_424' title='bbox 1712 2618 1976 2689; x_wconf 89' lang='lat' dir='ltr'>quartum</span> <span class='ocrx_word' id='word_1_425' title='bbox 1998 2619 2084 2669; x_wconf 89' lang='lat' dir='ltr'>est</span> <span class='ocrx_word' id='word_1_426' title='bbox 2163 2614 2322 2669; x_wconf 91' lang='lat' dir='ltr'>nium</span> <span class='ocrx_word' id='word_1_427' title='bbox 2344 2612 3289 2682; x_wconf 80' lang='lat' dir='ltr'>virtut‘um.Cui,Filius,Ea:su-rgam</span> <span class='ocrx_word' id='word_1_428' title='bbox 3306 2614 3542 2669; x_wconf 84' lang='lat' dir='ltr'>diluculo</span> <span class='ocrx_word' id='word_1_429' title='bbox 3560 2609 3720 2681; x_wconf 51' lang='lat' dir='ltr'>(Ibid)</span> 
     </span>
    </p>
   </div>
   <div class='ocr_carea' id='block_1_28' title="bbox 482 2695 3723 2783">
    <p class='ocr_par' dir='ltr' id='par_1_28' title="bbox 482 2695 3723 2783">
     <span class='ocr_line' id='line_1_28' title="bbox 482 2695 3723 2783; baseline -0.002 -26"><span class='ocrx_word' id='word_1_430' title='bbox 482 2697 545 2758; x_wconf 85' lang='lat' dir='ltr'>in</span> <span class='ocrx_word' id='word_1_431' title='bbox 573 2698 866 2773; x_wconf 86' lang='lat' dir='ltr'>sanguinis</span> <span class='ocrx_word' id='word_1_432' title='bbox 896 2698 1184 2769; x_wconf 81' lang='lat' dir='ltr'>eﬁ‘usione,</span> <span class='ocrx_word' id='word_1_433' title='bbox 1226 2720 1337 2776; x_wconf 90' lang='lat' dir='ltr'>quo</span> <span class='ocrx_word' id='word_1_434' title='bbox 1367 2698 1680 2783; x_wconf 84' lang='lat' dir='ltr'>baptizatus</span> <span class='ocrx_word' id='word_1_435' title='bbox 1713 2710 1798 2759; x_wconf 92' lang='lat' dir='ltr'>est</span> <span class='ocrx_word' id='word_1_436' title='bbox 1827 2703 1946 2776; x_wconf 85' lang='lat' dir='ltr'>ipse</span> <span class='ocrx_word' id='word_1_437' title='bbox 1977 2700 2084 2759; x_wconf 87' lang='lat' dir='ltr'>Do-</span> <span class='ocrx_word' id='word_1_438' title='bbox 2164 2704 2291 2774; x_wconf 89' lang='lat' dir='ltr'>Ipse</span> <span class='ocrx_word' id='word_1_439' title='bbox 2320 2718 2543 2776; x_wconf 90' lang='lat' dir='ltr'>quoque</span> <span class='ocrx_word' id='word_1_440' title='bbox 2569 2703 2742 2758; x_wconf 84' lang='lat' dir='ltr'>Filius</span> <span class='ocrx_word' id='word_1_441' title='bbox 2771 2703 2905 2758; x_wconf 83' lang='lat' dir='ltr'>dicit</span> <span class='ocrx_word' id='word_1_442' title='bbox 2929 2701 2998 2758; x_wconf 88' lang='lat' dir='ltr'>de</span> <span class='ocrx_word' id='word_1_443' title='bbox 3018 2718 3122 2758; x_wconf 89' lang='lat' dir='ltr'>sua</span> <span class='ocrx_word' id='word_1_444' title='bbox 3152 2695 3723 2771; x_wconf 83' lang='lat' dir='ltr'>suscitationeloquens</span> 
     </span>
    </p>
   </div>
   <div class='ocr_carea' id='block_1_29' title="bbox 486 2784 3723 2871">
    <p class='ocr_par' dir='ltr' id='par_1_29' title="bbox 486 2784 3723 2871">
     <span class='ocr_line' id='line_1_29' title="bbox 486 2784 3723 2871; baseline -0.002 -25"><span class='ocrx_word' id='word_1_445' title='bbox 486 2791 676 2846; x_wconf 90' lang='lat' dir='ltr'>minus</span> <span class='ocrx_word' id='word_1_446' title='bbox 700 2784 1007 2864; x_wconf 86' lang='lat' dir='ltr'>omnesque</span> <span class='ocrx_word' id='word_1_447' title='bbox 1032 2793 1210 2848; x_wconf 87' lang='lat' dir='ltr'>sancti</span> <span class='ocrx_word' id='word_1_448' title='bbox 1263 2799 1589 2871; x_wconf 79' lang='lat' dir='ltr'>martyres:</span> <span class='ocrx_word' id='word_1_449' title='bbox 1642 2792 1712 2849; x_wconf 91' lang='lat' dir='ltr'>de</span> <span class='ocrx_word' id='word_1_450' title='bbox 1758 2808 1869 2866; x_wconf 89' lang='lat' dir='ltr'>quo</span> <span class='ocrx_word' id='word_1_451' title='bbox 1910 2793 2083 2849; x_wconf 88' lang='lat' dir='ltr'>etiam</span> <span class='ocrx_word' id='word_1_452' title='bbox 2165 2788 2237 2848; x_wconf 90' lang='lat' dir='ltr'>ad</span> <span class='ocrx_word' id='word_1_453' title='bbox 2266 2792 2506 2859; x_wconf 78' lang='lat' dir='ltr'>Judaeos,</span> <span class='ocrx_word' id='word_1_454' title='bbox 2533 2792 2734 2849; x_wconf 78' lang='lat' dir='ltr'>Solvite</span> <span class='ocrx_word' id='word_1_455' title='bbox 2785 2796 3049 2863; x_wconf 85' lang='lat' dir='ltr'>templum</span> <span class='ocrx_word' id='word_1_456' title='bbox 3103 2793 3219 2859; x_wconf 88' lang='lat' dir='ltr'>hoc,</span> <span class='ocrx_word' id='word_1_457' title='bbox 3254 2796 3315 2847; x_wconf 92' lang='lat' dir='ltr'>et</span> <span class='ocrx_word' id='word_1_458' title='bbox 3358 2796 3483 2865; x_wconf 92' lang='lat' dir='ltr'>post</span> <span class='ocrx_word' id='word_1_459' title='bbox 3506 2787 3723 2851; x_wconf 78' lang='lat' dir='ltr'>triduum</span> 
     </span>
    </p>
   </div>
   <div class='ocr_carea' id='block_1_30' title="bbox 487 2874 3725 2957">
    <p class='ocr_par' dir='ltr' id='par_1_30' title="bbox 487 2874 3725 2957">
     <span class='ocr_line' id='line_1_30' title="bbox 487 2874 3725 2957; baseline -0.003 -21"><span class='ocrx_word' id='word_1_460' title='bbox 487 2874 763 2936; x_wconf 86' lang='lat' dir='ltr'>Dominus</span> <span class='ocrx_word' id='word_1_461' title='bbox 790 2880 872 2935; x_wconf 87' lang='lat' dir='ltr'>ait</span> <span class='ocrx_word' id='word_1_462' title='bbox 899 2878 1030 2936; x_wconf 88' lang='lat' dir='ltr'>ﬁliis</span> <span class='ocrx_word' id='word_1_463' title='bbox 1056 2880 1308 2938; x_wconf 64' lang='lat' dir='ltr'>Zebedmi</span> <span class='ocrx_word' id='word_1_464' title='bbox 1334 2902 1345 2937; x_wconf 92' lang='lat'>:</span> <span class='ocrx_word' id='word_1_465' title='bbox 1379 2882 1624 2953; x_wconf 85' lang='lat' dir='ltr'>Potestis</span> <span class='ocrx_word' id='word_1_466' title='bbox 1680 2880 1955 2957; x_wconf 86' lang='lat' dir='ltr'>baptizari</span> <span class='ocrx_word' id='word_1_467' title='bbox 1984 2881 2086 2937; x_wconf 89' lang='lat' dir='ltr'>ba-</span> <span class='ocrx_word' id='word_1_468' title='bbox 2167 2880 2447 2937; x_wconf 87' lang='lat' dir='ltr'>suscitabo</span> <span class='ocrx_word' id='word_1_469' title='bbox 2472 2880 2629 2947; x_wconf 84' lang='lat' dir='ltr'>illud,</span> <span class='ocrx_word' id='word_1_470' title='bbox 2662 2880 2741 2936; x_wconf 89' lang='lat' dir='ltr'>ita</span> <span class='ocrx_word' id='word_1_471' title='bbox 2764 2880 2916 2935; x_wconf 91' lang='lat' dir='ltr'>enim</span> <span class='ocrx_word' id='word_1_472' title='bbox 2935 2877 3367 2952; x_wconf 86' lang='lat' dir='ltr'>intelligendum</span> <span class='ocrx_word' id='word_1_473' title='bbox 3394 2883 3495 2951; x_wconf 79' lang='lat' dir='ltr'>est,</span> <span class='ocrx_word' id='word_1_474' title='bbox 3525 2882 3585 2931; x_wconf 87' lang='lat' dir='ltr'>ut</span> <span class='ocrx_word' id='word_1_475' title='bbox 3607 2876 3725 2935; x_wconf 78' lang='lat' dir='ltr'>sicut</span> 
     </span>
    </p>
   </div>
   <div class='ocr_carea' id='block_1_31' title="bbox 489 2962 3724 3045">
    <p class='ocr_par' dir='ltr' id='par_1_31' title="bbox 489 2962 3724 3045">
     <span class='ocr_line' id='line_1_31' title="bbox 489 2962 3724 3045; baseline -0.003 -21"><span class='ocrx_word' id='word_1_476' title='bbox 489 2969 758 3040; x_wconf 88' lang='lat' dir='ltr'>ptismate</span> <span class='ocrx_word' id='word_1_477' title='bbox 770 2967 919 3045; x_wconf 88' lang='lat' dir='ltr'>quod</span> <span class='ocrx_word' id='word_1_478' title='bbox 933 2986 1037 3042; x_wconf 87' lang='lat' dir='ltr'>ego</span> <span class='ocrx_word' id='word_1_479' title='bbox 1055 2968 1330 3042; x_wconf 85' lang='lat' dir='ltr'>baptizari</span> <span class='ocrx_word' id='word_1_480' title='bbox 1350 2969 1531 3026; x_wconf 91' lang='lat' dir='ltr'>habeo</span> <span class='ocrx_word' id='word_1_481' title='bbox 1559 2972 1756 3040; x_wconf 81' lang='lat' dir='ltr'>(Marc.</span> <span class='ocrx_word' id='word_1_482' title='bbox 1779 2971 1866 3039; x_wconf 84' lang='lat' dir='ltr'>x)?</span> <span class='ocrx_word' id='word_1_483' title='bbox 1897 2970 1954 3026; x_wconf 91' lang='lat' dir='ltr'>id</span> <span class='ocrx_word' id='word_1_484' title='bbox 2001 2976 2088 3026; x_wconf 87' lang='lat' dir='ltr'>est</span> <span class='ocrx_word' id='word_1_485' title='bbox 2104 3021 2146 3045; x_wconf 60' lang='grc' dir='ltr'>η</span> <span class='ocrx_word' id='word_1_486' title='bbox 2166 2974 2290 3025; x_wconf 88' lang='lat' dir='ltr'>tota</span> <span class='ocrx_word' id='word_1_487' title='bbox 2318 2970 2544 3024; x_wconf 89' lang='lat' dir='ltr'>trinitas</span> <span class='ocrx_word' id='word_1_488' title='bbox 2573 2970 2783 3024; x_wconf 88' lang='lat' dir='ltr'>creavit</span> <span class='ocrx_word' id='word_1_489' title='bbox 2798 2969 2958 3024; x_wconf 86' lang='lat' dir='ltr'>illum</span> <span class='ocrx_word' id='word_1_490' title='bbox 2987 2965 3295 3039; x_wconf 82' lang='lat' dir='ltr'>hominem,</span> <span class='ocrx_word' id='word_1_491' title='bbox 3318 2966 3397 3022; x_wconf 91' lang='lat' dir='ltr'>ita</span> <span class='ocrx_word' id='word_1_492' title='bbox 3411 2962 3724 3022; x_wconf 85' lang='lat' dir='ltr'>totatrinitas</span> 
     </span>
    </p>
   </div>
   <div class='ocr_carea' id='block_1_32' title="bbox 489 3021 3727 3137">
    <p class='ocr_par' dir='ltr' id='par_1_32' title="bbox 489 3021 3727 3137">
     <span class='ocr_line' id='line_1_32' title="bbox 489 3021 3727 3137; baseline -0.001 -26"><span class='ocrx_word' id='word_1_493' title='bbox 489 3021 725 3129; x_wconf 65' lang='lat' dir='ltr'>potestis</span> <span class='ocrx_word' id='word_1_494' title='bbox 754 3021 1081 3114; x_wconf 47' lang='lat' dir='ltr'>eii‘usionpem</span> <span class='ocrx_word' id='word_1_495' title='bbox 1112 3021 1403 3135; x_wconf 57' lang='lat' dir='ltr'>sanguinis</span> <span class='ocrx_word' id='word_1_496' title='bbox 1420 3021 1584 3115; x_wconf 78' lang='lat' dir='ltr'>vestri</span> <span class='ocrx_word' id='word_1_497' title='bbox 1596 3021 1904 3115; x_wconf 74' lang='lat' dir='ltr'>sustinere:</span> <span class='ocrx_word' id='word_1_498' title='bbox 1947 3021 2148 3137; x_wconf 84' lang='lat' dir='ltr'>quo-c</span> <span class='ocrx_word' id='word_1_499' title='bbox 2169 3056 2458 3115; x_wconf 83' lang='lat' dir='ltr'>suscitavit</span> <span class='ocrx_word' id='word_1_500' title='bbox 2481 3054 2802 3137; x_wconf 86' lang='lat' dir='ltr'>illum,quia</span> <span class='ocrx_word' id='word_1_501' title='bbox 2831 3072 3003 3131; x_wconf 90' lang='lat' dir='ltr'>opera</span> <span class='ocrx_word' id='word_1_502' title='bbox 3030 3058 3204 3113; x_wconf 90' lang='lat' dir='ltr'>totius</span> <span class='ocrx_word' id='word_1_503' title='bbox 3231 3021 3517 3113; x_wconf 73' lang='lat' dir='ltr'>Trinitatis</span> <span class='ocrx_word' id='word_1_504' title='bbox 3544 3045 3727 3137; x_wconf 62' lang='lat' dir='ltr'>insepa-</span> 
     </span>
    </p>
   </div>
   <div class='ocr_carea' id='block_1_33' title="bbox 490 3128 3725 3223">
    <p class='ocr_par' dir='ltr' id='par_1_33' title="bbox 490 3128 3725 3223">
     <span class='ocr_line' id='line_1_33' title="bbox 490 3128 3725 3223; baseline -0.002 -22"><span class='ocrx_word' id='word_1_505' title='bbox 490 3128 618 3201; x_wconf 72' lang='lat' dir='ltr'>i&#39;um</span> <span class='ocrx_word' id='word_1_506' title='bbox 643 3161 811 3218; x_wconf 83' lang='lat' dir='ltr'>unus,</span> <span class='ocrx_word' id='word_1_507' title='bbox 831 3147 1044 3203; x_wconf 89' lang='lat' dir='ltr'>scilicet</span> <span class='ocrx_word' id='word_1_508' title='bbox 1056 3128 1296 3203; x_wconf 66' lang='lat' dir='ltr'>Iacobus</span> <span class='ocrx_word' id='word_1_509' title='bbox 1317 3165 1381 3203; x_wconf 91' lang='lat' dir='ltr'>eo</span> <span class='ocrx_word' id='word_1_510' title='bbox 1411 3148 1749 3222; x_wconf 87' lang='lat' dir='ltr'>baptismate</span> <span class='ocrx_word' id='word_1_511' title='bbox 1775 3128 2088 3220; x_wconf 67' lang='lat' dir='ltr'>baptizatus</span> <span class='ocrx_word' id='word_1_512' title='bbox 2169 3142 2372 3201; x_wconf 88' lang='lat' dir='ltr'>rabilia</span> <span class='ocrx_word' id='word_1_513' title='bbox 2393 3153 2528 3202; x_wconf 88' lang='lat' dir='ltr'>sunt</span> <span class='ocrx_word' id='word_1_514' title='bbox 2561 3128 2822 3223; x_wconf 67' lang='lat' dir='ltr'>Praecipit</span> <span class='ocrx_word' id='word_1_515' title='bbox 2852 3128 2985 3218; x_wconf 76' lang='lat' dir='ltr'>ergo</span> <span class='ocrx_word' id='word_1_516' title='bbox 3012 3146 3336 3223; x_wconf 88' lang='lat' dir='ltr'>Apostolus,</span> <span class='ocrx_word' id='word_1_517' title='bbox 3357 3156 3421 3200; x_wconf 84' lang='lat' dir='ltr'>ut</span> <span class='ocrx_word' id='word_1_518' title='bbox 3447 3128 3725 3207; x_wconf 80' lang='lat' dir='ltr'>sicutChri-</span> 
     </span>
    </p>
   </div>
   <div class='ocr_carea' id='block_1_34' title="bbox 492 3228 3727 3309">
    <p class='ocr_par' dir='ltr' id='par_1_34' title="bbox 492 3228 3727 3309">
     <span class='ocr_line' id='line_1_34' title="bbox 492 3228 3727 3309; baseline -0.003 -20"><span class='ocrx_word' id='word_1_519' title='bbox 492 3239 598 3309; x_wconf 79' lang='lat' dir='ltr'>est,</span> <span class='ocrx_word' id='word_1_520' title='bbox 624 3233 932 3292; x_wconf 89' lang='lat' dir='ltr'>decollatus</span> <span class='ocrx_word' id='word_1_521' title='bbox 956 3236 1026 3291; x_wconf 90' lang='lat' dir='ltr'>ab</span> <span class='ocrx_word' id='word_1_522' title='bbox 1052 3234 1294 3291; x_wconf 86' lang='lat' dir='ltr'>Herode.</span> <span class='ocrx_word' id='word_1_523' title='bbox 1345 3230 1453 3292; x_wconf 89' lang='lat' dir='ltr'>Sed</span> <span class='ocrx_word' id='word_1_524' title='bbox 1497 3243 1555 3291; x_wconf 93' lang='lat' dir='ltr'>et</span> <span class='ocrx_word' id='word_1_525' title='bbox 1598 3237 1703 3291; x_wconf 92' lang='lat' dir='ltr'>hoc</span> <span class='ocrx_word' id='word_1_526' title='bbox 1731 3228 1953 3308; x_wconf 85' lang='lat' dir='ltr'>quoque</span> <span class='ocrx_word' id='word_1_527' title='bbox 1983 3250 2088 3292; x_wconf 85' lang='lat' dir='ltr'>no—</span> <span class='ocrx_word' id='word_1_528' title='bbox 2170 3240 2292 3290; x_wconf 89' lang='lat' dir='ltr'>stus</span> <span class='ocrx_word' id='word_1_529' title='bbox 2317 3248 2552 3306; x_wconf 87' lang='lat' dir='ltr'>surgens</span> <span class='ocrx_word' id='word_1_530' title='bbox 2578 3251 2614 3289; x_wconf 90' lang='lat' dir='ltr'>a</span> <span class='ocrx_word' id='word_1_531' title='bbox 2636 3232 2874 3290; x_wconf 86' lang='lat' dir='ltr'>mortuis</span> <span class='ocrx_word' id='word_1_532' title='bbox 2892 3237 3011 3306; x_wconf 90' lang='lat' dir='ltr'>jam</span> <span class='ocrx_word' id='word_1_533' title='bbox 3050 3252 3162 3289; x_wconf 92' lang='lat' dir='ltr'>non</span> <span class='ocrx_word' id='word_1_534' title='bbox 3189 3235 3448 3295; x_wconf 88' lang='lat' dir='ltr'>moritur,</span> <span class='ocrx_word' id='word_1_535' title='bbox 3478 3232 3554 3287; x_wconf 81' lang='lat' dir='ltr'>ita</span> <span class='ocrx_word' id='word_1_536' title='bbox 3572 3235 3617 3284; x_wconf 83' lang='lat' dir='ltr'>et</span> <span class='ocrx_word' id='word_1_537' title='bbox 3648 3236 3727 3281; x_wconf 75' lang='lat' dir='ltr'>ne:</span> 
     </span>
    </p>
   </div>
   <div class='ocr_carea' id='block_1_35' title="bbox 491 3311 3727 3397">
    <p class='ocr_par' dir='ltr' id='par_1_35' title="bbox 491 3311 3727 3397">
     <span class='ocr_line' id='line_1_35' title="bbox 491 3311 3727 3397; baseline -0.003 -19"><span class='ocrx_word' id='word_1_538' title='bbox 491 3322 725 3378; x_wconf 84' lang='lat' dir='ltr'>tandum</span> <span class='ocrx_word' id='word_1_539' title='bbox 758 3330 864 3395; x_wconf 80' lang='lat' dir='ltr'>est,</span> <span class='ocrx_word' id='word_1_540' title='bbox 879 3325 1012 3396; x_wconf 89' lang='lat' dir='ltr'>quia</span> <span class='ocrx_word' id='word_1_541' title='bbox 1034 3324 1095 3379; x_wconf 86' lang='lat' dir='ltr'>in</span> <span class='ocrx_word' id='word_1_542' title='bbox 1114 3318 1452 3396; x_wconf 89' lang='lat' dir='ltr'>baptismate</span> <span class='ocrx_word' id='word_1_543' title='bbox 1479 3324 1590 3379; x_wconf 87' lang='lat' dir='ltr'>tria</span> <span class='ocrx_word' id='word_1_544' title='bbox 1615 3330 1748 3380; x_wconf 90' lang='lat' dir='ltr'>sunt</span> <span class='ocrx_word' id='word_1_545' title='bbox 1775 3322 2089 3397; x_wconf 90' lang='lat' dir='ltr'>corporalia</span> <span class='ocrx_word' id='word_1_546' title='bbox 2170 3322 2235 3379; x_wconf 83' lang='lat' dir='ltr'>in</span> <span class='ocrx_word' id='word_1_547' title='bbox 2259 3328 2494 3379; x_wconf 82' lang='lat' dir='ltr'>novitate</span> <span class='ocrx_word' id='word_1_548' title='bbox 2524 3326 2646 3379; x_wconf 63' lang='lat' dir='ltr'>vita;</span> <span class='ocrx_word' id='word_1_549' title='bbox 2673 3311 3038 3393; x_wconf 76' lang='lat' dir='ltr'>ambulemus,</span> <span class='ocrx_word' id='word_1_550' title='bbox 3063 3324 3167 3378; x_wconf 91' lang='lat' dir='ltr'>hoc</span> <span class='ocrx_word' id='word_1_551' title='bbox 3196 3322 3285 3397; x_wconf 86' lang='lat' dir='ltr'>est</span> <span class='ocrx_word' id='word_1_552' title='bbox 3312 3322 3458 3379; x_wconf 89' lang='lat' dir='ltr'>sicut</span> <span class='ocrx_word' id='word_1_553' title='bbox 3481 3319 3598 3375; x_wconf 88' lang='lat' dir='ltr'>novi</span> <span class='ocrx_word' id='word_1_554' title='bbox 3623 3314 3727 3371; x_wconf 82' lang='lat' dir='ltr'>effe-</span> 
     </span>
    </p>
   </div>
   <div class='ocr_carea' id='block_1_36' title="bbox 493 3396 3728 3491">
    <p class='ocr_par' dir='ltr' id='par_1_36' title="bbox 493 3396 3728 3491">
     <span class='ocr_line' id='line_1_36' title="bbox 493 3396 3728 3491; baseline -0.001 -25"><span class='ocrx_word' id='word_1_555' title='bbox 493 3416 664 3482; x_wconf 82' lang='lat' dir='ltr'>atque</span> <span class='ocrx_word' id='word_1_556' title='bbox 686 3410 1018 3473; x_wconf 79' lang='lat' dir='ltr'>visibilia,et</span> <span class='ocrx_word' id='word_1_557' title='bbox 1030 3412 1142 3466; x_wconf 87' lang='lat' dir='ltr'>tria</span> <span class='ocrx_word' id='word_1_558' title='bbox 1160 3410 1534 3483; x_wconf 89' lang='lat' dir='ltr'>incorporalia</span> <span class='ocrx_word' id='word_1_559' title='bbox 1560 3418 1731 3482; x_wconf 90' lang='lat' dir='ltr'>atque</span> <span class='ocrx_word' id='word_1_560' title='bbox 1766 3396 2081 3468; x_wconf 87' lang='lat' dir='ltr'>invisibilia.</span> <span class='ocrx_word' id='word_1_561' title='bbox 2170 3414 2243 3467; x_wconf 86' lang='lat' dir='ltr'>cti</span> <span class='ocrx_word' id='word_1_562' title='bbox 2273 3430 2467 3468; x_wconf 90' lang='lat' dir='ltr'>sumus</span> <span class='ocrx_word' id='word_1_563' title='bbox 2496 3412 2553 3467; x_wconf 92' lang='lat' dir='ltr'>in</span> <span class='ocrx_word' id='word_1_564' title='bbox 2583 3411 2882 3485; x_wconf 91' lang='lat' dir='ltr'>baptismo,</span> <span class='ocrx_word' id='word_1_565' title='bbox 2912 3412 2987 3467; x_wconf 87' lang='lat' dir='ltr'>ita</span> <span class='ocrx_word' id='word_1_566' title='bbox 3017 3428 3238 3491; x_wconf 88' lang='lat' dir='ltr'>semper</span> <span class='ocrx_word' id='word_1_567' title='bbox 3259 3396 3389 3468; x_wconf 87' lang='lat' dir='ltr'>novi</span> <span class='ocrx_word' id='word_1_568' title='bbox 3418 3418 3476 3466; x_wconf 90' lang='lat' dir='ltr'>et</span> <span class='ocrx_word' id='word_1_569' title='bbox 3496 3409 3728 3465; x_wconf 75' lang='lat' dir='ltr'>immacu-</span> 
     </span>
    </p>
   </div>
   <div class='ocr_carea' id='block_1_37' title="bbox 491 3498 3726 3575">
    <p class='ocr_par' dir='ltr' id='par_1_37' title="bbox 491 3498 3726 3575">
     <span class='ocr_line' id='line_1_37' title="bbox 491 3498 3726 3575; baseline -0.002 -21"><span class='ocrx_word' id='word_1_570' title='bbox 491 3498 623 3554; x_wconf 90' lang='lat' dir='ltr'>Tria</span> <span class='ocrx_word' id='word_1_571' title='bbox 652 3506 787 3575; x_wconf 88' lang='lat' dir='ltr'>sunt</span> <span class='ocrx_word' id='word_1_572' title='bbox 803 3498 1080 3554; x_wconf 87' lang='lat' dir='ltr'>visibilia:</span> <span class='ocrx_word' id='word_1_573' title='bbox 1111 3501 1369 3555; x_wconf 88' lang='lat' dir='ltr'>sacerdos</span> <span class='ocrx_word' id='word_1_574' title='bbox 1384 3500 1662 3566; x_wconf 88' lang='lat' dir='ltr'>videlicet,</span> <span class='ocrx_word' id='word_1_575' title='bbox 1684 3514 1886 3571; x_wconf 86' lang='lat' dir='ltr'>corpus</span> <span class='ocrx_word' id='word_1_576' title='bbox 1909 3500 2090 3574; x_wconf 87' lang='lat' dir='ltr'>bapti-</span> <span class='ocrx_word' id='word_1_577' title='bbox 2171 3498 2271 3556; x_wconf 89' lang='lat' dir='ltr'>lati</span> <span class='ocrx_word' id='word_1_578' title='bbox 2301 3499 2550 3555; x_wconf 87' lang='lat' dir='ltr'>vivamus</span> <span class='ocrx_word' id='word_1_579' title='bbox 2583 3520 2593 3554; x_wconf 92' lang='lat'><strong>:</strong></span> <span class='ocrx_word' id='word_1_580' title='bbox 2620 3501 2972 3556; x_wconf 83' lang='lat' dir='ltr'>ambulantes</span> <span class='ocrx_word' id='word_1_581' title='bbox 3025 3502 3095 3555; x_wconf 88' lang='lat' dir='ltr'>de</span> <span class='ocrx_word' id='word_1_582' title='bbox 3142 3500 3351 3555; x_wconf 90' lang='lat' dir='ltr'>virtute</span> <span class='ocrx_word' id='word_1_583' title='bbox 3395 3498 3451 3554; x_wconf 89' lang='lat' dir='ltr'>in</span> <span class='ocrx_word' id='word_1_584' title='bbox 3478 3498 3726 3554; x_wconf 85' lang='lat' dir='ltr'>virtutem.</span> 
     </span>
    </p>
   </div>
   <div class='ocr_carea' id='block_1_38' title="bbox 493 3580 3732 3664">
    <p class='ocr_par' dir='ltr' id='par_1_38' title="bbox 493 3580 3732 3664">
     <span class='ocr_line' id='line_1_38' title="bbox 493 3580 3732 3664; baseline -0.001 -22"><span class='ocrx_word' id='word_1_585' title='bbox 493 3588 733 3664; x_wconf 60' lang='lat' dir='ltr'>tandum</span> <span class='ocrx_word' id='word_1_586' title='bbox 762 3592 820 3643; x_wconf 87' lang='lat' dir='ltr'>et</span> <span class='ocrx_word' id='word_1_587' title='bbox 848 3605 1013 3660; x_wconf 90' lang='lat' dir='ltr'>aqua.</span> <span class='ocrx_word' id='word_1_588' title='bbox 1060 3589 1191 3643; x_wconf 88' lang='lat' dir='ltr'>Tria</span> <span class='ocrx_word' id='word_1_589' title='bbox 1237 3589 1539 3644; x_wconf 87' lang='lat' dir='ltr'>invisibilia</span> <span class='ocrx_word' id='word_1_590' title='bbox 1568 3608 1579 3644; x_wconf 90' lang='lat'>:</span> <span class='ocrx_word' id='word_1_591' title='bbox 1611 3590 1766 3653; x_wconf 88' lang='lat' dir='ltr'>ﬁdes,</span> <span class='ocrx_word' id='word_1_592' title='bbox 1808 3596 1864 3644; x_wconf 92' lang='lat' dir='ltr'>et</span> <span class='ocrx_word' id='word_1_593' title='bbox 1901 3589 2091 3646; x_wconf 89' lang='lat' dir='ltr'>anima</span> <span class='ocrx_word' id='word_1_594' title='bbox 2171 3588 2400 3645; x_wconf 88' lang='lat' dir='ltr'>Novitas</span> <span class='ocrx_word' id='word_1_595' title='bbox 2429 3589 2580 3644; x_wconf 89' lang='lat' dir='ltr'>enim</span> <span class='ocrx_word' id='word_1_596' title='bbox 2609 3590 2735 3644; x_wconf 65' lang='lat' dir='ltr'>vitae</span> <span class='ocrx_word' id='word_1_597' title='bbox 2765 3597 2868 3656; x_wconf 90' lang='lat' dir='ltr'>est,</span> <span class='ocrx_word' id='word_1_598' title='bbox 2914 3596 3040 3662; x_wconf 85' lang='lat' dir='ltr'>post</span> <span class='ocrx_word' id='word_1_599' title='bbox 3077 3588 3425 3664; x_wconf 86' lang='lat' dir='ltr'>baptismum</span> <span class='ocrx_word' id='word_1_600' title='bbox 3454 3580 3732 3641; x_wconf 81' lang='lat' dir='ltr'>criminalia</span> 
     </span>
    </p>
   </div>
   <div class='ocr_carea' id='block_1_39' title="bbox 494 3608 3732 3754">
    <p class='ocr_par' dir='ltr' id='par_1_39' title="bbox 494 3608 3732 3754">
     <span class='ocr_line' id='line_1_39' title="bbox 494 3608 3732 3664; baseline -0.001 -22"><span class='ocrx_word' id='word_1_601' title='bbox 494 3608 733 3664; x_wconf 63' lang='lat' dir='ltr'>animum</span> <span class='ocrx_word' id='word_1_602' title='bbox 762 3608 820 3643; x_wconf 74' lang='grc' dir='ltr'>ει</span> <span class='ocrx_word' id='word_1_603' title='bbox 848 3608 1013 3660; x_wconf 86' lang='lat' dir='ltr'>aqua.</span> <span class='ocrx_word' id='word_1_604' title='bbox 1060 3608 1191 3643; x_wconf 67' lang='lat' dir='ltr'>&#39;1‘r1a</span> <span class='ocrx_word' id='word_1_605' title='bbox 1237 3608 1539 3644; x_wconf 72' lang='lat' dir='ltr'>HlVlSlDllla</span> <span class='ocrx_word' id='word_1_606' title='bbox 1568 3608 1579 3644; x_wconf 73' lang='grc' dir='ltr'>ἒ</span> <span class='ocrx_word' id='word_1_607' title='bbox 1611 3608 1766 3653; x_wconf 85' lang='lat' dir='ltr'>nues,</span> <span class='ocrx_word' id='word_1_608' title='bbox 1808 3608 1864 3644; x_wconf 67' lang='lat' dir='ltr'>et</span> <span class='ocrx_word' id='word_1_609' title='bbox 1901 3608 2091 3646; x_wconf 79' lang='lat' dir='ltr'>anima</span> <span class='ocrx_word' id='word_1_610' title='bbox 2171 3608 2400 3645; x_wconf 67' lang='lat' dir='ltr'>movuas</span> <span class='ocrx_word' id='word_1_611' title='bbox 2429 3608 2580 3644; x_wconf 78' lang='lat' dir='ltr'>enim</span> <span class='ocrx_word' id='word_1_612' title='bbox 2609 3608 2735 3644; x_wconf 68' lang='grc' dir='ltr'>νιιεε</span> <span class='ocrx_word' id='word_1_613' title='bbox 2765 3608 2868 3656; x_wconf 66' lang='lat' dir='ltr'>est,</span> <span class='ocrx_word' id='word_1_614' title='bbox 2914 3608 3040 3662; x_wconf 77' lang='grc' dir='ltr'>ροεῐ.</span> <span class='ocrx_word' id='word_1_615' title='bbox 3082 3608 3151 3644; x_wconf 81' lang='lat' dir='ltr'>na</span> <span class='ocrx_word' id='word_1_616' title='bbox 3190 3608 3425 3644; x_wconf 77' lang='lat' dir='ltr'>tlsmum</span> <span class='ocrx_word' id='word_1_617' title='bbox 3454 3608 3732 3641; x_wconf 60' lang='lat' dir='ltr'>criminum:</span> 
     </span>
     <span class='ocr_line' id='line_1_40' title="bbox 494 3608 3732 3754; baseline -0.002 -23"><span class='ocrx_word' id='word_1_618' title='bbox 494 3688 620 3747; x_wconf 70' lang='lat' dir='ltr'>quae</span> <span class='ocrx_word' id='word_1_619' title='bbox 650 3675 951 3750; x_wconf 82' lang='lat' dir='ltr'>abluitura</span> <span class='ocrx_word' id='word_1_620' title='bbox 980 3677 1239 3747; x_wconf 88' lang='lat' dir='ltr'>peccatis,</span> <span class='ocrx_word' id='word_1_621' title='bbox 1264 3683 1323 3732; x_wconf 91' lang='lat' dir='ltr'>et</span> <span class='ocrx_word' id='word_1_622' title='bbox 1337 3677 1599 3749; x_wconf 85' lang='lat' dir='ltr'>Spiritus,</span> <span class='ocrx_word' id='word_1_623' title='bbox 1623 3694 1735 3747; x_wconf 92' lang='lat' dir='ltr'>quo</span> <span class='ocrx_word' id='word_1_624' title='bbox 1756 3684 2090 3750; x_wconf 87' lang='lat' dir='ltr'>cooperante</span> <span class='ocrx_word' id='word_1_625' title='bbox 2171 3682 2402 3752; x_wconf 89' lang='lat' dir='ltr'>peccata</span> <span class='ocrx_word' id='word_1_626' title='bbox 2427 3692 2541 3733; x_wconf 86' lang='lat' dir='ltr'>non</span> <span class='ocrx_word' id='word_1_627' title='bbox 2570 3679 2941 3744; x_wconf 84' lang='lat' dir='ltr'>committere,</span> <span class='ocrx_word' id='word_1_628' title='bbox 2975 3687 3031 3733; x_wconf 88' lang='lat' dir='ltr'>et</span> <span class='ocrx_word' id='word_1_629' title='bbox 3086 3694 3121 3733; x_wconf 92' lang='lat' dir='ltr'>a</span> <span class='ocrx_word' id='word_1_630' title='bbox 3153 3608 3377 3733; x_wconf 51' lang='lat' dir='ltr'>i’evibus</span> <span class='ocrx_word' id='word_1_631' title='bbox 3404 3678 3462 3731; x_wconf 93' lang='lat' dir='ltr'>in</span> <span class='ocrx_word' id='word_1_632' title='bbox 3491 3676 3732 3754; x_wconf 85' lang='lat' dir='ltr'>quantum</span> 
     </span>
    </p>
   </div>
   <div class='ocr_carea' id='block_1_40' title="bbox 492 3754 3734 3849">
    <p class='ocr_par' dir='ltr' id='par_1_40' title="bbox 492 3754 3734 3849">
     <span class='ocr_line' id='line_1_41' title="bbox 492 3754 3734 3849; baseline -0.002 -32"><span class='ocrx_word' id='word_1_633' title='bbox 492 3759 752 3837; x_wconf 85' lang='lat' dir='ltr'>remissio</span> <span class='ocrx_word' id='word_1_634' title='bbox 782 3769 1132 3835; x_wconf 78' lang='lat' dir='ltr'>peccatorum</span> <span class='ocrx_word' id='word_1_635' title='bbox 1161 3764 1346 3835; x_wconf 86' lang='lat' dir='ltr'>datur.</span> <span class='ocrx_word' id='word_1_636' title='bbox 1374 3760 1649 3822; x_wconf 81' lang='lat' dir='ltr'>Fortassis</span> <span class='ocrx_word' id='word_1_637' title='bbox 1678 3766 1850 3822; x_wconf 86' lang='lat' dir='ltr'>etiam</span> <span class='ocrx_word' id='word_1_638' title='bbox 1880 3757 2093 3838; x_wconf 69' lang='lat' dir='ltr'>quaeret</span> <span class='ocrx_word' id='word_1_639' title='bbox 2171 3756 2439 3839; x_wconf 70' lang='lat' dir='ltr'>possibile</span> <span class='ocrx_word' id='word_1_640' title='bbox 2468 3772 2553 3823; x_wconf 91' lang='lat' dir='ltr'>est</span> <span class='ocrx_word' id='word_1_641' title='bbox 2589 3772 2924 3839; x_wconf 88' lang='lat' dir='ltr'>temperare,</span> <span class='ocrx_word' id='word_1_642' title='bbox 2978 3783 3089 3849; x_wconf 84' lang='lat' dir='ltr'>qua</span> <span class='ocrx_word' id='word_1_643' title='bbox 3134 3766 3385 3821; x_wconf 87' lang='lat' dir='ltr'>novitate</span> <span class='ocrx_word' id='word_1_644' title='bbox 3431 3754 3734 3820; x_wconf 85' lang='lat' dir='ltr'>innovantur</span> 
     </span>
    </p>
   </div>
   <div class='ocr_carea' id='block_1_41' title="bbox 497 3850 3733 3935">
    <p class='ocr_par' dir='ltr' id='par_1_41' title="bbox 497 3850 3733 3935">
     <span class='ocr_line' id='line_1_42' title="bbox 497 3850 3733 3935; baseline -0 -30"><span class='ocrx_word' id='word_1_645' title='bbox 497 3851 701 3922; x_wconf 85' lang='lat' dir='ltr'>aliquis</span> <span class='ocrx_word' id='word_1_646' title='bbox 726 3868 902 3924; x_wconf 89' lang='lat' dir='ltr'>quare</span> <span class='ocrx_word' id='word_1_647' title='bbox 913 3852 971 3908; x_wconf 90' lang='lat' dir='ltr'>in</span> <span class='ocrx_word' id='word_1_648' title='bbox 999 3869 1146 3925; x_wconf 89' lang='lat' dir='ltr'>aqua</span> <span class='ocrx_word' id='word_1_649' title='bbox 1171 3855 1542 3922; x_wconf 85' lang='lat' dir='ltr'>solummodo,</span> <span class='ocrx_word' id='word_1_650' title='bbox 1567 3860 1624 3911; x_wconf 90' lang='lat' dir='ltr'>et</span> <span class='ocrx_word' id='word_1_651' title='bbox 1649 3872 1759 3910; x_wconf 92' lang='lat' dir='ltr'>non</span> <span class='ocrx_word' id='word_1_652' title='bbox 1790 3854 2091 3928; x_wconf 86' lang='lat' dir='ltr'>aliquando</span> <span class='ocrx_word' id='word_1_653' title='bbox 2173 3856 2422 3929; x_wconf 89' lang='lat' dir='ltr'>quotidie</span> <span class='ocrx_word' id='word_1_654' title='bbox 2448 3856 2627 3921; x_wconf 89' lang='lat' dir='ltr'>eiecti,</span> <span class='ocrx_word' id='word_1_655' title='bbox 2659 3854 2793 3910; x_wconf 89' lang='lat' dir='ltr'>dum</span> <span class='ocrx_word' id='word_1_656' title='bbox 2823 3853 3122 3935; x_wconf 86' lang='lat' dir='ltr'>proﬁciunt</span> <span class='ocrx_word' id='word_1_657' title='bbox 3147 3854 3205 3909; x_wconf 90' lang='lat' dir='ltr'>in</span> <span class='ocrx_word' id='word_1_658' title='bbox 3237 3853 3612 3917; x_wconf 89' lang='lat' dir='ltr'>virtutibus,et</span> <span class='ocrx_word' id='word_1_659' title='bbox 3636 3850 3733 3907; x_wconf 80' lang='lat' dir='ltr'>lau-</span> 
     </span>
    </p>
   </div>
   <div class='ocr_carea' id='block_1_42' title="bbox 495 3936 3733 4016">
    <p class='ocr_par' dir='ltr' id='par_1_42' title="bbox 495 3936 3733 4016">
     <span class='ocr_line' id='line_1_43' title="bbox 495 3936 3733 4016; baseline -0.002 -22"><span class='ocrx_word' id='word_1_660' title='bbox 495 3939 553 3994; x_wconf 86' lang='lat' dir='ltr'>in</span> <span class='ocrx_word' id='word_1_661' title='bbox 569 3939 697 3995; x_wconf 88' lang='lat' dir='ltr'>vino</span> <span class='ocrx_word' id='word_1_662' title='bbox 713 3940 1024 4014; x_wconf 86' lang='lat' dir='ltr'>baptismus</span> <span class='ocrx_word' id='word_1_663' title='bbox 1044 3942 1434 3999; x_wconf 81' lang='lat' dir='ltr'>consecretur?</span> <span class='ocrx_word' id='word_1_664' title='bbox 1456 3943 1558 4011; x_wconf 86' lang='lat' dir='ltr'>Cui</span> <span class='ocrx_word' id='word_1_665' title='bbox 1579 3942 1880 4016; x_wconf 89' lang='lat' dir='ltr'>respondet</span> <span class='ocrx_word' id='word_1_666' title='bbox 1893 3939 2090 4000; x_wconf 90' lang='lat' dir='ltr'>beatus</span> <span class='ocrx_word' id='word_1_667' title='bbox 2172 3946 2339 4000; x_wconf 89' lang='lat' dir='ltr'>datur</span> <span class='ocrx_word' id='word_1_668' title='bbox 2352 3941 2859 4015; x_wconf 88' lang='lat' dir='ltr'>omnipotensDeus</span> <span class='ocrx_word' id='word_1_669' title='bbox 2872 3942 2929 3998; x_wconf 86' lang='lat' dir='ltr'>in</span> <span class='ocrx_word' id='word_1_670' title='bbox 2941 3942 3165 3999; x_wconf 89' lang='lat' dir='ltr'>illorum</span> <span class='ocrx_word' id='word_1_671' title='bbox 3181 3936 3733 4015; x_wconf 82' lang='lat' dir='ltr'>operibus,sicutDeus</span> 
     </span>
    </p>
   </div>
   <div class='ocr_carea' id='block_1_43' title="bbox 498 4023 3735 4105">
    <p class='ocr_par' dir='ltr' id='par_1_43' title="bbox 498 4023 3735 4105">
     <span class='ocr_line' id='line_1_44' title="bbox 498 4023 3735 4105; baseline -0.001 -21"><span class='ocrx_word' id='word_1_672' title='bbox 498 4028 857 4098; x_wconf 85' lang='lat' dir='ltr'>Ambrosius,</span> <span class='ocrx_word' id='word_1_673' title='bbox 885 4028 1093 4088; x_wconf 89' lang='lat' dir='ltr'>idcirco</span> <span class='ocrx_word' id='word_1_674' title='bbox 1122 4033 1481 4089; x_wconf 85' lang='lat' dir='ltr'>uniformiter</span> <span class='ocrx_word' id='word_1_675' title='bbox 1507 4033 1612 4087; x_wconf 91' lang='lat' dir='ltr'>hoc</span> <span class='ocrx_word' id='word_1_676' title='bbox 1644 4032 1768 4087; x_wconf 83' lang='lat' dir='ltr'>ﬁeri</span> <span class='ocrx_word' id='word_1_677' title='bbox 1816 4031 1875 4087; x_wconf 92' lang='lat' dir='ltr'>in</span> <span class='ocrx_word' id='word_1_678' title='bbox 1918 4023 2085 4104; x_wconf 85' lang='lat' dir='ltr'>aqua,</span> <span class='ocrx_word' id='word_1_679' title='bbox 2171 4034 2309 4089; x_wconf 90' lang='lat' dir='ltr'>dicit</span> <span class='ocrx_word' id='word_1_680' title='bbox 2338 4047 2349 4080; x_wconf 75' lang='grc' dir='ltr'>ε</span> <span class='ocrx_word' id='word_1_681' title='bbox 2376 4033 2689 4088; x_wconf 85' lang='lat' dir='ltr'>Videantur</span> <span class='ocrx_word' id='word_1_682' title='bbox 2733 4048 2896 4105; x_wconf 78' lang='lat' dir='ltr'>opera</span> <span class='ocrx_word' id='word_1_683' title='bbox 2950 4038 3131 4099; x_wconf 68' lang='lat' dir='ltr'>vestra</span> <span class='ocrx_word' id='word_1_684' title='bbox 3178 4034 3343 4099; x_wconf 82' lang='lat' dir='ltr'>bona,</span> <span class='ocrx_word' id='word_1_685' title='bbox 3389 4037 3437 4086; x_wconf 85' lang='lat' dir='ltr'>et</span> <span class='ocrx_word' id='word_1_686' title='bbox 3462 4027 3735 4100; x_wconf 72' lang='lat' dir='ltr'>gloriﬁcent</span> 
     </span>
    </p>
   </div>
   <div class='ocr_carea' id='block_1_44' title="bbox 495 4118 3491 4193">
    <p class='ocr_par' dir='ltr' id='par_1_44' title="bbox 495 4118 3491 4193">
     <span class='ocr_line' id='line_1_45' title="bbox 495 4118 3491 4193; baseline 0 -19"><span class='ocrx_word' id='word_1_687' title='bbox 495 4123 563 4174; x_wconf 86' lang='lat' dir='ltr'>ut</span> <span class='ocrx_word' id='word_1_688' title='bbox 586 4118 954 4191; x_wconf 85' lang='lat' dir='ltr'>intelligatur,</span> <span class='ocrx_word' id='word_1_689' title='bbox 988 4118 1121 4193; x_wconf 90' lang='lat' dir='ltr'>quia</span> <span class='ocrx_word' id='word_1_690' title='bbox 1140 4120 1288 4176; x_wconf 90' lang='lat' dir='ltr'>sicut</span> <span class='ocrx_word' id='word_1_691' title='bbox 1312 4137 1462 4193; x_wconf 91' lang='lat' dir='ltr'>aqua</span> <span class='ocrx_word' id='word_1_692' title='bbox 1489 4120 1682 4187; x_wconf 84' lang='lat' dir='ltr'>sordes</span> <span class='ocrx_word' id='word_1_693' title='bbox 1719 4122 1966 4193; x_wconf 88' lang='lat' dir='ltr'>corporis</span> <span class='ocrx_word' id='word_1_694' title='bbox 1991 4129 2092 4184; x_wconf 88' lang='lat' dir='ltr'>aut</span> <span class='ocrx_word' id='word_1_695' title='bbox 2171 4125 2388 4178; x_wconf 89' lang='lat' dir='ltr'>Patrem</span> <span class='ocrx_word' id='word_1_696' title='bbox 2408 4129 2654 4178; x_wconf 76' lang='lat' dir='ltr'>vestrum</span> <span class='ocrx_word' id='word_1_697' title='bbox 2684 4125 2784 4190; x_wconf 86' lang='lat' dir='ltr'>qui</span> <span class='ocrx_word' id='word_1_698' title='bbox 2811 4125 2874 4175; x_wconf 85' lang='lat' dir='ltr'>in</span> <span class='ocrx_word' id='word_1_699' title='bbox 2896 4124 3039 4177; x_wconf 70' lang='lat' dir='ltr'>catis</span> <span class='ocrx_word' id='word_1_700' title='bbox 3062 4127 3143 4175; x_wconf 83' lang='lat' dir='ltr'>est</span> <span class='ocrx_word' id='word_1_701' title='bbox 3170 4121 3386 4189; x_wconf 82' lang='lat' dir='ltr'>(Matth.</span> <span class='ocrx_word' id='word_1_702' title='bbox 3416 4122 3491 4191; x_wconf 86' lang='lat' dir='ltr'>v).</span> 
     </span>
    </p>
   </div>
   <div class='ocr_carea' id='block_1_45' title="bbox 497 4196 3735 4282">
    <p class='ocr_par' dir='ltr' id='par_1_45' title="bbox 497 4196 3735 4282">
     <span class='ocr_line' id='line_1_46' title="bbox 497 4196 3735 4282; baseline -0.002 -21"><span class='ocrx_word' id='word_1_703' title='bbox 497 4207 817 4278; x_wconf 84' lang='lat' dir='ltr'>vestimenti</span> <span class='ocrx_word' id='word_1_704' title='bbox 849 4206 1047 4275; x_wconf 90' lang='lat' dir='ltr'>abluit,</span> <span class='ocrx_word' id='word_1_705' title='bbox 1080 4208 1160 4263; x_wconf 89' lang='lat' dir='ltr'>ita</span> <span class='ocrx_word' id='word_1_706' title='bbox 1200 4208 1341 4275; x_wconf 89' lang='lat' dir='ltr'>illud</span> <span class='ocrx_word' id='word_1_707' title='bbox 1370 4208 1651 4282; x_wconf 88' lang='lat' dir='ltr'>baptisma</span> <span class='ocrx_word' id='word_1_708' title='bbox 1695 4209 1947 4265; x_wconf 90' lang='lat' dir='ltr'>maculas</span> <span class='ocrx_word' id='word_1_709' title='bbox 1972 4196 2090 4265; x_wconf 83' lang='lat' dir='ltr'>ani-</span> <span class='ocrx_word' id='word_1_710' title='bbox 2240 4212 2305 4268; x_wconf 89' lang='lat' dir='ltr'>Si</span> <span class='ocrx_word' id='word_1_711' title='bbox 2314 4214 2463 4266; x_wconf 79' lang='lat' dir='ltr'>enim</span> <span class='ocrx_word' id='word_1_712' title='bbox 2476 4212 2841 4279; x_wconf 80' lang='lat' dir='ltr'>complantati</span> <span class='ocrx_word' id='word_1_713' title='bbox 2855 4211 2993 4278; x_wconf 82' lang='lat' dir='ltr'>facti</span> <span class='ocrx_word' id='word_1_714' title='bbox 3010 4226 3204 4275; x_wconf 71' lang='lat' dir='ltr'>sumus</span> <span class='ocrx_word' id='word_1_715' title='bbox 3222 4206 3591 4264; x_wconf 82' lang='lat' dir='ltr'>similitudini</span> <span class='ocrx_word' id='word_1_716' title='bbox 3613 4216 3735 4257; x_wconf 84' lang='lat' dir='ltr'>mor-</span> 
     </span>
    </p>
   </div>
   <div class='ocr_carea' id='block_1_46' title="bbox 499 4286 3732 4399">
    <p class='ocr_par' dir='ltr' id='par_1_46' title="bbox 499 4286 3732 4399">
     <span class='ocr_line' id='line_1_47' title="bbox 499 4286 3732 4399; baseline 0.001 -51"><span class='ocrx_word' id='word_1_717' title='bbox 499 4308 610 4399; x_wconf 45' lang='grc' dir='ltr'>ηιξ</span> <span class='ocrx_word' id='word_1_718' title='bbox 631 4295 937 4367; x_wconf 89' lang='lat' dir='ltr'>sordesque</span> <span class='ocrx_word' id='word_1_719' title='bbox 964 4294 1228 4352; x_wconf 86' lang='lat' dir='ltr'>vitiorum</span> <span class='ocrx_word' id='word_1_720' title='bbox 1255 4286 1612 4352; x_wconf 79' lang='lat' dir='ltr'>emundanda</span> <span class='ocrx_word' id='word_1_721' title='bbox 1640 4296 1931 4379; x_wconf 81' lang='lat' dir='ltr'>abstergit.</span> <span class='ocrx_word' id='word_1_722' title='bbox 2106 4334 2158 4399; x_wconf 67' lang='grc' dir='ltr'>Β</span> <span class='ocrx_word' id='word_1_723' title='bbox 2174 4299 2457 4385; x_wconf 81' lang='lat' dir='ltr'>tisejus,id</span> <span class='ocrx_word' id='word_1_724' title='bbox 2473 4307 2559 4355; x_wconf 93' lang='lat' dir='ltr'>est</span> <span class='ocrx_word' id='word_1_725' title='bbox 2578 4294 2807 4364; x_wconf 88' lang='lat' dir='ltr'>Christi,</span> <span class='ocrx_word' id='word_1_726' title='bbox 2829 4300 3003 4353; x_wconf 86' lang='lat' dir='ltr'>simul</span> <span class='ocrx_word' id='word_1_727' title='bbox 3026 4298 3511 4379; x_wconf 82' lang='lat' dir='ltr'>etresurrectionis</span> <span class='ocrx_word' id='word_1_728' title='bbox 3531 4294 3732 4399; x_wconf 48' lang='lat' dir='ltr'>trimus.</span> 
     </span>
    </p>
   </div>
   <div class='ocr_carea' id='block_1_47' title="bbox 571 4382 3732 4465">
    <p class='ocr_par' dir='ltr' id='par_1_47' title="bbox 571 4382 3732 4465">
     <span class='ocr_line' id='line_1_48' title="bbox 571 4382 3732 4465; baseline -0.006 -11"><span class='ocrx_word' id='word_1_729' title='bbox 571 4382 883 4455; x_wconf 75' lang='grc' dir='ltr'>οοτι-ςερυιιί</span> <span class='ocrx_word' id='word_1_730' title='bbox 910 4387 1004 4439; x_wconf 78' lang='grc' dir='ltr'>επί</span> <span class='ocrx_word' id='word_1_731' title='bbox 1009 4402 1063 4439; x_wconf 85' lang='grc' dir='ltr'><em>⁷η</em></span> <span class='ocrx_word' id='word_1_732' title='bbox 1091 4401 1284 4451; x_wconf 68' lang='lat' dir='ltr'>sumus</span> <span class='ocrx_word' id='word_1_733' title='bbox 1313 4401 1439 4441; x_wconf 88' lang='lat' dir='ltr'>cum</span> <span class='ocrx_word' id='word_1_734' title='bbox 1469 4386 1568 4442; x_wconf 87' lang='lat' dir='ltr'>illo</span> <span class='ocrx_word' id='word_1_735' title='bbox 1610 4400 1712 4465; x_wconf 82' lang='lat' dir='ltr'>per</span> <span class='ocrx_word' id='word_1_736' title='bbox 1755 4388 2090 4458; x_wconf 83' lang='lat' dir='ltr'>baptismum</span> <span class='ocrx_word' id='word_1_737' title='bbox 2107 4382 2154 4399; x_wconf 75' lang='grc'><strong>”</strong></span> <span class='ocrx_word' id='word_1_738' title='bbox 2173 4384 2440 4445; x_wconf 89' lang='lat' dir='ltr'>subaudis</span> <span class='ocrx_word' id='word_1_739' title='bbox 2460 4387 2846 4460; x_wconf 88' lang='lat' dir='ltr'>compiantati,</span> <span class='ocrx_word' id='word_1_740' title='bbox 2872 4387 2930 4441; x_wconf 89' lang='lat' dir='ltr'>id</span> <span class='ocrx_word' id='word_1_741' title='bbox 2951 4391 3037 4441; x_wconf 88' lang='lat' dir='ltr'>est</span> <span class='ocrx_word' id='word_1_742' title='bbox 3053 4386 3333 4457; x_wconf 88' lang='lat' dir='ltr'>conjuncti</span> <span class='ocrx_word' id='word_1_743' title='bbox 3350 4391 3408 4440; x_wconf 93' lang='lat' dir='ltr'>et</span> <span class='ocrx_word' id='word_1_744' title='bbox 3431 4383 3732 4459; x_wconf 53' lang='lat' dir='ltr'>conformw.</span> 
     </span>
    </p>
   </div>
   <div class='ocr_carea' id='block_1_48' title="bbox 500 4466 3736 4547">
    <p class='ocr_par' dir='ltr' id='par_1_48' title="bbox 500 4466 3736 4547">
     <span class='ocr_line' id='line_1_49' title="bbox 500 4466 3736 4547; baseline 0.001 -22"><span class='ocrx_word' id='word_1_745' title='bbox 500 4474 565 4526; x_wconf 84' lang='lat' dir='ltr'>in</span> <span class='ocrx_word' id='word_1_746' title='bbox 588 4478 838 4535; x_wconf 84' lang='lat' dir='ltr'>mortem,</span> <span class='ocrx_word' id='word_1_747' title='bbox 860 4470 1127 4543; x_wconf 83' lang='lat' dir='ltr'>subaudis</span> <span class='ocrx_word' id='word_1_748' title='bbox 1153 4474 1362 4546; x_wconf 85' lang='lat' dir='ltr'>peccati</span> <span class='ocrx_word' id='word_1_749' title='bbox 1391 4480 1448 4530; x_wconf 90' lang='lat' dir='ltr'>et</span> <span class='ocrx_word' id='word_1_750' title='bbox 1476 4468 1759 4530; x_wconf 85' lang='lat' dir='ltr'>vitiorum.</span> <span class='ocrx_word' id='word_1_751' title='bbox 1800 4472 2091 4543; x_wconf 80' lang='lat' dir='ltr'>Quomodo</span> <span class='ocrx_word' id='word_1_752' title='bbox 2174 4467 2413 4543; x_wconf 83' lang='lat' dir='ltr'>Quidam</span> <span class='ocrx_word' id='word_1_753' title='bbox 2439 4474 2655 4533; x_wconf 90' lang='lat' dir='ltr'>codices</span> <span class='ocrx_word' id='word_1_754' title='bbox 2680 4476 2889 4531; x_wconf 88' lang='lat' dir='ltr'>habent</span> <span class='ocrx_word' id='word_1_755' title='bbox 2916 4477 3334 4531; x_wconf 80' lang='lat' dir='ltr'>resurrectionis</span> <span class='ocrx_word' id='word_1_756' title='bbox 3351 4472 3648 4547; x_wconf 84' lang='lat' dir='ltr'>genitivum</span> <span class='ocrx_word' id='word_1_757' title='bbox 3668 4466 3736 4529; x_wconf 68' lang='lat' dir='ltr'>vi-</span> 
     </span>
    </p>
   </div>
   <div class='ocr_carea' id='block_1_49' title="bbox 500 4554 3731 4636">
    <p class='ocr_par' dir='ltr' id='par_1_49' title="bbox 500 4554 3731 4636">
     <span class='ocr_line' id='line_1_50' title="bbox 500 4554 3731 4636; baseline -0.001 -19"><span class='ocrx_word' id='word_1_758' title='bbox 500 4575 800 4633; x_wconf 87' lang='lat' dir='ltr'>possumus</span> <span class='ocrx_word' id='word_1_759' title='bbox 819 4558 1066 4618; x_wconf 90' lang='lat' dir='ltr'>viventes</span> <span class='ocrx_word' id='word_1_760' title='bbox 1094 4562 1153 4618; x_wconf 88' lang='lat' dir='ltr'>in</span> <span class='ocrx_word' id='word_1_761' title='bbox 1177 4578 1344 4618; x_wconf 89' lang='lat' dir='ltr'>carne</span> <span class='ocrx_word' id='word_1_762' title='bbox 1392 4562 1725 4636; x_wconf 81' lang='lat' dir='ltr'>consepeliri</span> <span class='ocrx_word' id='word_1_763' title='bbox 1754 4562 2011 4621; x_wconf 81' lang='lat' dir='ltr'>Christo?</span> <span class='ocrx_word' id='word_1_764' title='bbox 2032 4563 2091 4621; x_wconf 88' lang='lat' dir='ltr'>Si</span> <span class='ocrx_word' id='word_1_765' title='bbox 2174 4564 2377 4622; x_wconf 87' lang='lat' dir='ltr'>deiicet</span> <span class='ocrx_word' id='word_1_766' title='bbox 2403 4580 2613 4629; x_wconf 89' lang='lat' dir='ltr'>casum,</span> <span class='ocrx_word' id='word_1_767' title='bbox 2646 4565 2745 4621; x_wconf 87' lang='lat' dir='ltr'>sed</span> <span class='ocrx_word' id='word_1_768' title='bbox 2774 4564 2976 4627; x_wconf 89' lang='lat' dir='ltr'>melius</span> <span class='ocrx_word' id='word_1_769' title='bbox 3019 4569 3122 4627; x_wconf 86' lang='lat' dir='ltr'>est,</span> <span class='ocrx_word' id='word_1_770' title='bbox 3157 4568 3219 4618; x_wconf 87' lang='lat' dir='ltr'>ut</span> <span class='ocrx_word' id='word_1_771' title='bbox 3246 4562 3503 4618; x_wconf 89' lang='lat' dir='ltr'>doctores</span> <span class='ocrx_word' id='word_1_772' title='bbox 3547 4554 3731 4619; x_wconf 83' lang='lat' dir='ltr'>dicunt,</span> 
     </span>
    </p>
   </div>
   <div class='ocr_carea' id='block_1_50' title="bbox 498 4646 3735 4731">
    <p class='ocr_par' dir='ltr' id='par_1_50' title="bbox 498 4646 3735 4731">
     <span class='ocr_line' id='line_1_51' title="bbox 498 4646 3735 4731; baseline -0.002 -24"><span class='ocrx_word' id='word_1_773' title='bbox 498 4652 808 4707; x_wconf 89' lang='lat' dir='ltr'>moriemur</span> <span class='ocrx_word' id='word_1_774' title='bbox 834 4656 1079 4724; x_wconf 88' lang='lat' dir='ltr'>peccato,</span> <span class='ocrx_word' id='word_1_775' title='bbox 1102 4652 1250 4707; x_wconf 92' lang='lat' dir='ltr'>sicut</span> <span class='ocrx_word' id='word_1_776' title='bbox 1278 4650 1373 4707; x_wconf 86' lang='lat' dir='ltr'>ille</span> <span class='ocrx_word' id='word_1_777' title='bbox 1401 4660 1774 4715; x_wconf 21' lang='lat' dir='ltr'>mortuusvest</span> <span class='ocrx_word' id='word_1_778' title='bbox 1799 4650 1858 4709; x_wconf 91' lang='lat' dir='ltr'>in</span> <span class='ocrx_word' id='word_1_779' title='bbox 1905 4668 2088 4722; x_wconf 89' lang='lat' dir='ltr'>cruce,</span> <span class='ocrx_word' id='word_1_780' title='bbox 2173 4656 2359 4710; x_wconf 91' lang='lat' dir='ltr'>dicere</span> <span class='ocrx_word' id='word_1_781' title='bbox 2387 4664 2487 4727; x_wconf 84' lang='lat' dir='ltr'>per</span> <span class='ocrx_word' id='word_1_782' title='bbox 2513 4655 2762 4713; x_wconf 88' lang='lat' dir='ltr'>dativum</span> <span class='ocrx_word' id='word_1_783' title='bbox 2791 4652 3344 4731; x_wconf 79' lang='lat' dir='ltr'>resurrectioni,quia</span> <span class='ocrx_word' id='word_1_784' title='bbox 3365 4646 3584 4713; x_wconf 83' lang='lat' dir='ltr'>verbum</span> <span class='ocrx_word' id='word_1_785' title='bbox 3605 4656 3735 4702; x_wconf 87' lang='lat' dir='ltr'>com-</span> 
     </span>
    </p>
   </div>
   <div class='ocr_carea' id='block_1_51' title="bbox 502 4730 3737 4819">
    <p class='ocr_par' dir='ltr' id='par_1_51' title="bbox 502 4730 3737 4819">
     <span class='ocr_line' id='line_1_52' title="bbox 502 4730 3737 4819; baseline -0.003 -22"><span class='ocrx_word' id='word_1_786' title='bbox 502 4748 559 4797; x_wconf 86' lang='lat' dir='ltr'>et</span> <span class='ocrx_word' id='word_1_787' title='bbox 581 4742 934 4815; x_wconf 87' lang='lat' dir='ltr'>baptizamur</span> <span class='ocrx_word' id='word_1_788' title='bbox 960 4741 1019 4797; x_wconf 90' lang='lat' dir='ltr'>in</span> <span class='ocrx_word' id='word_1_789' title='bbox 1045 4740 1273 4797; x_wconf 89' lang='lat' dir='ltr'>nomine</span> <span class='ocrx_word' id='word_1_790' title='bbox 1323 4746 1530 4798; x_wconf 79' lang='lat' dir='ltr'>sanctae</span> <span class='ocrx_word' id='word_1_791' title='bbox 1560 4742 1871 4809; x_wconf 86' lang='lat' dir='ltr'>Trinitatis,</span> <span class='ocrx_word' id='word_1_792' title='bbox 1903 4755 2094 4806; x_wconf 84' lang='lat' dir='ltr'>conse-</span> <span class='ocrx_word' id='word_1_793' title='bbox 2172 4737 2410 4818; x_wconf 86' lang='lat' dir='ltr'>plantati</span> <span class='ocrx_word' id='word_1_794' title='bbox 2438 4730 2898 4816; x_wconf 85' lang='lat' dir='ltr'>ei,superioribus</span> <span class='ocrx_word' id='word_1_795' title='bbox 2916 4742 3177 4815; x_wconf 88' lang='lat' dir='ltr'>jungitur</span> <span class='ocrx_word' id='word_1_796' title='bbox 3200 4760 3211 4795; x_wconf 87' lang='lat'><strong>:</strong></span> <span class='ocrx_word' id='word_1_797' title='bbox 3232 4730 3401 4796; x_wconf 87' lang='lat' dir='ltr'>arbor</span> <span class='ocrx_word' id='word_1_798' title='bbox 3421 4738 3737 4819; x_wconf 69' lang='lat' dir='ltr'>complecta-</span> 
     </span>
    </p>
   </div>
   <div class='ocr_carea' id='block_1_52' title="bbox 495 4816 3740 4911">
    <p class='ocr_par' dir='ltr' id='par_1_52' title="bbox 495 4816 3740 4911">
     <span class='ocr_line' id='line_1_53' title="bbox 495 4816 3740 4911; baseline -0.002 -25"><span class='ocrx_word' id='word_1_799' title='bbox 495 4831 743 4905; x_wconf 85' lang='lat' dir='ltr'>peiimur</span> <span class='ocrx_word' id='word_1_800' title='bbox 761 4831 832 4900; x_wconf 90' lang='lat' dir='ltr'>ei;</span> <span class='ocrx_word' id='word_1_801' title='bbox 855 4830 903 4887; x_wconf 89' lang='lat' dir='ltr'>si</span> <span class='ocrx_word' id='word_1_802' title='bbox 932 4837 1032 4887; x_wconf 91' lang='lat' dir='ltr'>aut</span> <span class='ocrx_word' id='word_1_803' title='bbox 1047 4831 1282 4886; x_wconf 84' lang='lat' dir='ltr'>vivimus</span> <span class='ocrx_word' id='word_1_804' title='bbox 1305 4838 1551 4904; x_wconf 88' lang='lat' dir='ltr'>peccato,</span> <span class='ocrx_word' id='word_1_805' title='bbox 1584 4848 1940 4909; x_wconf 89' lang='lat' dir='ltr'>nequaquam</span> <span class='ocrx_word' id='word_1_806' title='bbox 1963 4846 2095 4911; x_wconf 90' lang='lat' dir='ltr'>pos-</span> <span class='ocrx_word' id='word_1_807' title='bbox 2173 4816 2270 4886; x_wconf 69' lang='lat' dir='ltr'>iur</span> <span class='ocrx_word' id='word_1_808' title='bbox 2288 4831 2474 4886; x_wconf 87' lang='lat' dir='ltr'>arbori</span> <span class='ocrx_word' id='word_1_809' title='bbox 2500 4846 2627 4886; x_wconf 92' lang='lat' dir='ltr'>cum</span> <span class='ocrx_word' id='word_1_810' title='bbox 2652 4832 2938 4898; x_wconf 84' lang='lat' dir='ltr'>inseritur,</span> <span class='ocrx_word' id='word_1_811' title='bbox 2967 4837 3024 4911; x_wconf 88' lang='lat' dir='ltr'>et</span> <span class='ocrx_word' id='word_1_812' title='bbox 3052 4830 3309 4907; x_wconf 86' lang='lat' dir='ltr'>Christus</span> <span class='ocrx_word' id='word_1_813' title='bbox 3359 4816 3527 4883; x_wconf 89' lang='lat' dir='ltr'>arbor</span> <span class='ocrx_word' id='word_1_814' title='bbox 3553 4816 3632 4880; x_wconf 87' lang='lat' dir='ltr'>est</span> <span class='ocrx_word' id='word_1_815' title='bbox 3655 4830 3740 4905; x_wconf 69' lang='lat' dir='ltr'>per</span> 
     </span>
    </p>
   </div>
   <div class='ocr_carea' id='block_1_53' title="bbox 502 4913 3738 4993">
    <p class='ocr_par' dir='ltr' id='par_1_53' title="bbox 502 4913 3738 4993">
     <span class='ocr_line' id='line_1_54' title="bbox 502 4913 3738 4993; baseline -0.002 -19"><span class='ocrx_word' id='word_1_816' title='bbox 502 4913 698 4974; x_wconf 81' lang='lat' dir='ltr'>sumus</span> <span class='ocrx_word' id='word_1_817' title='bbox 723 4919 1056 4991; x_wconf 88' lang='lat' dir='ltr'>consepeliri</span> <span class='ocrx_word' id='word_1_818' title='bbox 1085 4920 1154 4975; x_wconf 90' lang='lat' dir='ltr'>ei.</span> <span class='ocrx_word' id='word_1_819' title='bbox 1189 4921 1621 4984; x_wconf 88' lang='lat' dir='ltr'>Consideremus</span> <span class='ocrx_word' id='word_1_820' title='bbox 1651 4937 1783 4993; x_wconf 89' lang='lat' dir='ltr'>ergo</span> <span class='ocrx_word' id='word_1_821' title='bbox 1813 4921 2093 4992; x_wconf 88' lang='lat' dir='ltr'>quomodo</span> <span class='ocrx_word' id='word_1_822' title='bbox 2175 4916 2625 4985; x_wconf 88' lang='lat' dir='ltr'>similitudinem,</span> <span class='ocrx_word' id='word_1_823' title='bbox 2659 4915 2728 4975; x_wconf 92' lang='lat' dir='ltr'>de</span> <span class='ocrx_word' id='word_1_824' title='bbox 2748 4936 2858 4989; x_wconf 89' lang='lat' dir='ltr'>qua</span> <span class='ocrx_word' id='word_1_825' title='bbox 2871 4914 3009 4974; x_wconf 88' lang='lat' dir='ltr'>dicit</span> <span class='ocrx_word' id='word_1_826' title='bbox 3024 4918 3288 4974; x_wconf 87' lang='lat' dir='ltr'>Salomon</span> <span class='ocrx_word' id='word_1_827' title='bbox 3313 4917 3371 4972; x_wconf 90' lang='lat' dir='ltr'>in</span> <span class='ocrx_word' id='word_1_828' title='bbox 3405 4929 3637 4989; x_wconf 83' lang='lat' dir='ltr'>persona</span> <span class='ocrx_word' id='word_1_829' title='bbox 3662 4918 3738 4963; x_wconf 61' lang='grc' dir='ltr'>εει</span> 
     </span>
    </p>
   </div>
   <div class='ocr_carea' id='block_1_54' title="bbox 499 4999 3741 5087">
    <p class='ocr_par' dir='ltr' id='par_1_54' title="bbox 499 4999 3741 5087">
     <span class='ocr_line' id='line_1_55' title="bbox 499 4999 3741 5087; baseline -0.001 -26"><span class='ocrx_word' id='word_1_830' title='bbox 499 5006 815 5062; x_wconf 89' lang='lat' dir='ltr'>moriamur</span> <span class='ocrx_word' id='word_1_831' title='bbox 841 5011 1086 5078; x_wconf 84' lang='lat' dir='ltr'>peccato,</span> <span class='ocrx_word' id='word_1_832' title='bbox 1119 5016 1177 5063; x_wconf 90' lang='lat' dir='ltr'>et</span> <span class='ocrx_word' id='word_1_833' title='bbox 1198 5008 1643 5087; x_wconf 87' lang='lat' dir='ltr'>consepeliamur</span> <span class='ocrx_word' id='word_1_834' title='bbox 1669 5016 1727 5063; x_wconf 88' lang='lat' dir='ltr'>et</span> <span class='ocrx_word' id='word_1_835' title='bbox 1752 5006 2096 5073; x_wconf 83' lang='lat' dir='ltr'>conresusci-</span> <span class='ocrx_word' id='word_1_836' title='bbox 2174 5008 2399 5082; x_wconf 89' lang='lat' dir='ltr'>pientis,</span> <span class='ocrx_word' id='word_1_837' title='bbox 2417 5024 2539 5080; x_wconf 85' lang='lat' dir='ltr'>quae</span> <span class='ocrx_word' id='word_1_838' title='bbox 2569 5014 2656 5064; x_wconf 88' lang='lat' dir='ltr'>est</span> <span class='ocrx_word' id='word_1_839' title='bbox 2684 5007 2975 5064; x_wconf 86' lang='lat' dir='ltr'>Christus:</span> <span class='ocrx_word' id='word_1_840' title='bbox 3003 5004 3243 5076; x_wconf 79' lang='lat' dir='ltr'>Lignum</span> <span class='ocrx_word' id='word_1_841' title='bbox 3281 5010 3409 5061; x_wconf 68' lang='lat' dir='ltr'>vitae</span> <span class='ocrx_word' id='word_1_842' title='bbox 3444 5004 3520 5061; x_wconf 81' lang='lat' dir='ltr'>est</span> <span class='ocrx_word' id='word_1_843' title='bbox 3545 5004 3624 5058; x_wconf 78' lang='lat' dir='ltr'>his</span> <span class='ocrx_word' id='word_1_844' title='bbox 3658 4999 3741 5087; x_wconf 66' lang='lat' dir='ltr'>qui</span> 
     </span>
    </p>
   </div>
   <div class='ocr_carea' id='block_1_55' title="bbox 498 5084 3743 5170">
    <p class='ocr_par' dir='ltr' id='par_1_55' title="bbox 498 5084 3743 5170">
     <span class='ocr_line' id='line_1_56' title="bbox 498 5084 3743 5170; baseline -0.002 -20"><span class='ocrx_word' id='word_1_845' title='bbox 498 5102 686 5167; x_wconf 85' lang='lat' dir='ltr'>temur</span> <span class='ocrx_word' id='word_1_846' title='bbox 714 5086 958 5159; x_wconf 86' lang='lat' dir='ltr'>Christo,</span> <span class='ocrx_word' id='word_1_847' title='bbox 992 5102 1050 5151; x_wconf 90' lang='lat' dir='ltr'>et</span> <span class='ocrx_word' id='word_1_848' title='bbox 1094 5084 1379 5166; x_wconf 88' lang='lat' dir='ltr'>quomodo</span> <span class='ocrx_word' id='word_1_849' title='bbox 1414 5096 1715 5152; x_wconf 90' lang='lat' dir='ltr'>concordet</span> <span class='ocrx_word' id='word_1_850' title='bbox 1761 5096 2092 5170; x_wconf 88' lang='lat' dir='ltr'>mysterium</span> <span class='ocrx_word' id='word_1_851' title='bbox 2174 5096 2638 5168; x_wconf 76' lang='lat' dir='ltr'>apprehenderint</span> <span class='ocrx_word' id='word_1_852' title='bbox 2663 5115 2783 5159; x_wconf 85' lang='lat' dir='ltr'>eam</span> <span class='ocrx_word' id='word_1_853' title='bbox 2808 5098 2982 5166; x_wconf 81' lang='lat' dir='ltr'>(Prov.</span> <span class='ocrx_word' id='word_1_854' title='bbox 3005 5100 3110 5165; x_wconf 81' lang='lat' dir='ltr'>in).</span> <span class='ocrx_word' id='word_1_855' title='bbox 3146 5095 3272 5168; x_wconf 90' lang='lat' dir='ltr'>Ipse</span> <span class='ocrx_word' id='word_1_856' title='bbox 3302 5094 3387 5150; x_wconf 90' lang='lat' dir='ltr'>est</span> <span class='ocrx_word' id='word_1_857' title='bbox 3411 5093 3579 5157; x_wconf 86' lang='lat' dir='ltr'>etiam</span> <span class='ocrx_word' id='word_1_858' title='bbox 3597 5084 3743 5145; x_wconf 73' lang='lat' dir='ltr'>arbor</span> 
     </span>
    </p>
   </div>
   <div class='ocr_carea' id='block_1_56' title="bbox 500 5172 3736 5261">
    <p class='ocr_par' dir='ltr' id='par_1_56' title="bbox 500 5172 3736 5261">
     <span class='ocr_line' id='line_1_57' title="bbox 500 5172 3736 5261; baseline -0.002 -21"><span class='ocrx_word' id='word_1_859' title='bbox 500 5178 722 5256; x_wconf 77' lang='lat' dir='ltr'>mortis,</span> <span class='ocrx_word' id='word_1_860' title='bbox 752 5182 1057 5256; x_wconf 73' lang='lat' dir='ltr'>sepultum</span> <span class='ocrx_word' id='word_1_861' title='bbox 1085 5189 1139 5240; x_wconf 88' lang='lat' dir='ltr'>et</span> <span class='ocrx_word' id='word_1_862' title='bbox 1166 5184 1592 5240; x_wconf 84' lang='lat' dir='ltr'>resurrectionis</span> <span class='ocrx_word' id='word_1_863' title='bbox 1617 5187 1737 5256; x_wconf 91' lang='lat' dir='ltr'>ejus</span> <span class='ocrx_word' id='word_1_864' title='bbox 1767 5184 2089 5257; x_wconf 78' lang='lat' dir='ltr'>baptiSmati</span> <span class='ocrx_word' id='word_1_865' title='bbox 2170 5172 2297 5242; x_wconf 63' lang='lat' dir='ltr'>vitae</span> <span class='ocrx_word' id='word_1_866' title='bbox 2319 5200 2442 5258; x_wconf 68' lang='lat' dir='ltr'>quae</span> <span class='ocrx_word' id='word_1_867' title='bbox 2473 5192 2560 5241; x_wconf 90' lang='lat' dir='ltr'>est</span> <span class='ocrx_word' id='word_1_868' title='bbox 2591 5172 2844 5256; x_wconf 86' lang='lat' dir='ltr'>plantata</span> <span class='ocrx_word' id='word_1_869' title='bbox 2873 5185 2932 5240; x_wconf 92' lang='lat' dir='ltr'>in</span> <span class='ocrx_word' id='word_1_870' title='bbox 2954 5178 3137 5240; x_wconf 88' lang='lat' dir='ltr'>medio</span> <span class='ocrx_word' id='word_1_871' title='bbox 3168 5182 3433 5261; x_wconf 85' lang='lat' dir='ltr'>paradisi,</span> <span class='ocrx_word' id='word_1_872' title='bbox 3468 5182 3569 5245; x_wconf 87' lang='lat' dir='ltr'>hoc</span> <span class='ocrx_word' id='word_1_873' title='bbox 3595 5172 3736 5233; x_wconf 62' lang='lat' dir='ltr'>estid</span> 
     </span>
    </p>
   </div>
   <div class='ocr_carea' id='block_1_57' title="bbox 498 5267 3739 5353">
    <p class='ocr_par' dir='ltr' id='par_1_57' title="bbox 498 5267 3739 5353">
     <span class='ocr_line' id='line_1_58' title="bbox 498 5267 3739 5353; baseline -0.001 -24"><span class='ocrx_word' id='word_1_874' title='bbox 498 5284 692 5330; x_wconf 87' lang='lat' dir='ltr'>nostro</span> <span class='ocrx_word' id='word_1_875' title='bbox 718 5292 730 5331; x_wconf 90' lang='lat'>:</span> <span class='ocrx_word' id='word_1_876' title='bbox 761 5272 1038 5341; x_wconf 74' lang='lat' dir='ltr'>Christus,</span> <span class='ocrx_word' id='word_1_877' title='bbox 1062 5281 1357 5346; x_wconf 89' lang='lat' dir='ltr'>postquam</span> <span class='ocrx_word' id='word_1_878' title='bbox 1405 5280 1662 5329; x_wconf 87' lang='lat' dir='ltr'>mortuus</span> <span class='ocrx_word' id='word_1_879' title='bbox 1688 5279 1774 5329; x_wconf 88' lang='lat' dir='ltr'>est</span> <span class='ocrx_word' id='word_1_880' title='bbox 1800 5279 1859 5339; x_wconf 85' lang='lat' dir='ltr'>in</span> <span class='ocrx_word' id='word_1_881' title='bbox 1904 5291 2087 5341; x_wconf 90' lang='lat' dir='ltr'>cruce,</span> <span class='ocrx_word' id='word_1_882' title='bbox 2172 5275 2356 5331; x_wconf 83' lang='lat' dir='ltr'>medio</span> <span class='ocrx_word' id='word_1_883' title='bbox 2388 5272 2662 5330; x_wconf 78' lang='lat' dir='ltr'>Ecclesiae.</span> <span class='ocrx_word' id='word_1_884' title='bbox 2695 5268 2905 5329; x_wconf 88' lang='lat' dir='ltr'>Idcirco</span> <span class='ocrx_word' id='word_1_885' title='bbox 2936 5272 3125 5328; x_wconf 87' lang='lat' dir='ltr'>autem</span> <span class='ocrx_word' id='word_1_886' title='bbox 3168 5272 3357 5353; x_wconf 83' lang='lat' dir='ltr'>arbori</span> <span class='ocrx_word' id='word_1_887' title='bbox 3386 5267 3739 5353; x_wconf 61' lang='lat' dir='ltr'>comparatur.</span> 
     </span>
    </p>
   </div>
   <div class='ocr_carea' id='block_1_58' title="bbox 500 5348 3741 5437">
    <p class='ocr_par' dir='ltr' id='par_1_58' title="bbox 500 5348 3741 5437">
     <span class='ocr_line' id='line_1_59' title="bbox 500 5348 3741 5437; baseline -0.005 -17"><span class='ocrx_word' id='word_1_888' title='bbox 500 5364 569 5420; x_wconf 89' lang='lat' dir='ltr'>de</span> <span class='ocrx_word' id='word_1_889' title='bbox 593 5378 757 5419; x_wconf 90' lang='lat' dir='ltr'>cruce</span> <span class='ocrx_word' id='word_1_890' title='bbox 785 5360 1001 5434; x_wconf 90' lang='lat' dir='ltr'>positus</span> <span class='ocrx_word' id='word_1_891' title='bbox 1017 5368 1102 5418; x_wconf 91' lang='lat' dir='ltr'>est</span> <span class='ocrx_word' id='word_1_892' title='bbox 1139 5362 1197 5427; x_wconf 87' lang='lat' dir='ltr'>in</span> <span class='ocrx_word' id='word_1_893' title='bbox 1225 5360 1481 5436; x_wconf 88' lang='lat' dir='ltr'>sepulcro</span> <span class='ocrx_word' id='word_1_894' title='bbox 1507 5383 1518 5417; x_wconf 93' lang='lat'>:</span> <span class='ocrx_word' id='word_1_895' title='bbox 1550 5362 1620 5418; x_wconf 89' lang='lat' dir='ltr'>de</span> <span class='ocrx_word' id='word_1_896' title='bbox 1647 5366 1902 5436; x_wconf 89' lang='lat' dir='ltr'>sepulcro</span> <span class='ocrx_word' id='word_1_897' title='bbox 1922 5362 2092 5419; x_wconf 89' lang='lat' dir='ltr'>tertia</span> <span class='ocrx_word' id='word_1_898' title='bbox 2175 5364 2309 5437; x_wconf 86' lang='lat' dir='ltr'>quia</span> <span class='ocrx_word' id='word_1_899' title='bbox 2329 5365 2473 5420; x_wconf 89' lang='lat' dir='ltr'>sicut</span> <span class='ocrx_word' id='word_1_900' title='bbox 2495 5364 2663 5418; x_wconf 89' lang='lat' dir='ltr'>arbor</span> <span class='ocrx_word' id='word_1_901' title='bbox 2677 5362 2857 5437; x_wconf 89' lang='lat' dir='ltr'>pascit</span> <span class='ocrx_word' id='word_1_902' title='bbox 2885 5368 2942 5417; x_wconf 91' lang='lat' dir='ltr'>et</span> <span class='ocrx_word' id='word_1_903' title='bbox 2967 5348 3229 5418; x_wconf 86' lang='lat' dir='ltr'>umbram</span> <span class='ocrx_word' id='word_1_904' title='bbox 3256 5359 3585 5433; x_wconf 70' lang='lat' dir='ltr'>praestat,ita</span> <span class='ocrx_word' id='word_1_905' title='bbox 3605 5348 3741 5408; x_wconf 64' lang='lat' dir='ltr'>Chri-</span> 
     </span>
    </p>
   </div>
   <div class='ocr_carea' id='block_1_59' title="bbox 500 5444 3740 5525">
    <p class='ocr_par' dir='ltr' id='par_1_59' title="bbox 500 5444 3740 5525">
     <span class='ocr_line' id='line_1_60' title="bbox 500 5444 3740 5525; baseline -0.002 -16"><span class='ocrx_word' id='word_1_906' title='bbox 500 5444 592 5509; x_wconf 84' lang='lat' dir='ltr'>die</span> <span class='ocrx_word' id='word_1_907' title='bbox 615 5452 791 5508; x_wconf 88' lang='lat' dir='ltr'>victor</span> <span class='ocrx_word' id='word_1_908' title='bbox 813 5444 1136 5508; x_wconf 87' lang='lat' dir='ltr'>resurrexit.</span> <span class='ocrx_word' id='word_1_909' title='bbox 1169 5444 1440 5508; x_wconf 91' lang='lat' dir='ltr'>Similiter</span> <span class='ocrx_word' id='word_1_910' title='bbox 1472 5454 1529 5507; x_wconf 91' lang='lat' dir='ltr'>et</span> <span class='ocrx_word' id='word_1_911' title='bbox 1556 5468 1659 5508; x_wconf 90' lang='lat' dir='ltr'>nos</span> <span class='ocrx_word' id='word_1_912' title='bbox 1696 5453 1982 5515; x_wconf 88' lang='lat' dir='ltr'>venientes</span> <span class='ocrx_word' id='word_1_913' title='bbox 2020 5450 2092 5509; x_wconf 89' lang='lat' dir='ltr'>ad</span> <span class='ocrx_word' id='word_1_914' title='bbox 2175 5458 2295 5508; x_wconf 89' lang='lat' dir='ltr'>stus</span> <span class='ocrx_word' id='word_1_915' title='bbox 2307 5455 2487 5525; x_wconf 89' lang='lat' dir='ltr'>pascit</span> <span class='ocrx_word' id='word_1_916' title='bbox 2505 5453 2736 5524; x_wconf 87' lang='lat' dir='ltr'>angelos</span> <span class='ocrx_word' id='word_1_917' title='bbox 2756 5448 3037 5524; x_wconf 89' lang='lat' dir='ltr'>spirituali</span> <span class='ocrx_word' id='word_1_918' title='bbox 3056 5449 3198 5521; x_wconf 86' lang='lat' dir='ltr'>cibo,</span> <span class='ocrx_word' id='word_1_919' title='bbox 3222 5466 3325 5506; x_wconf 89' lang='lat' dir='ltr'>sua</span> <span class='ocrx_word' id='word_1_920' title='bbox 3351 5448 3602 5504; x_wconf 88' lang='lat' dir='ltr'>videlicet</span> <span class='ocrx_word' id='word_1_921' title='bbox 3625 5454 3740 5501; x_wconf 71' lang='lat' dir='ltr'>wn-</span> 
     </span>
    </p>
   </div>
   <div class='ocr_carea' id='block_1_60' title="bbox 496 5528 3738 5615">
    <p class='ocr_par' dir='ltr' id='par_1_60' title="bbox 496 5528 3738 5615">
     <span class='ocr_line' id='line_1_61' title="bbox 496 5528 3738 5615; baseline -0.002 -15"><span class='ocrx_word' id='word_1_922' title='bbox 496 5532 712 5600; x_wconf 76' lang='lat' dir='ltr'>fontem</span> <span class='ocrx_word' id='word_1_923' title='bbox 736 5530 1113 5614; x_wconf 86' lang='lat' dir='ltr'>baptismatis,</span> <span class='ocrx_word' id='word_1_924' title='bbox 1139 5539 1277 5597; x_wconf 89' lang='lat' dir='ltr'>dum</span> <span class='ocrx_word' id='word_1_925' title='bbox 1302 5534 1765 5599; x_wconf 86' lang='lat' dir='ltr'>abrenuntiamus</span> <span class='ocrx_word' id='word_1_926' title='bbox 1788 5541 2011 5599; x_wconf 88' lang='lat' dir='ltr'>diabolo</span> <span class='ocrx_word' id='word_1_927' title='bbox 2036 5542 2094 5598; x_wconf 88' lang='lat' dir='ltr'>et</span> <span class='ocrx_word' id='word_1_928' title='bbox 2174 5528 2559 5615; x_wconf 74' lang='lat' dir='ltr'>temptatione,</span> <span class='ocrx_word' id='word_1_929' title='bbox 2575 5542 2828 5598; x_wconf 85' lang='lat' dir='ltr'>homines</span> <span class='ocrx_word' id='word_1_930' title='bbox 2841 5551 2971 5597; x_wconf 81' lang='lat' dir='ltr'>vero</span> <span class='ocrx_word' id='word_1_931' title='bbox 2985 5538 3303 5613; x_wconf 81' lang='lat' dir='ltr'>cognitione</span> <span class='ocrx_word' id='word_1_932' title='bbox 3322 5550 3441 5606; x_wconf 81' lang='lat' dir='ltr'>sua,</span> <span class='ocrx_word' id='word_1_933' title='bbox 3462 5538 3738 5611; x_wconf 73' lang='lat' dir='ltr'>protegens</span> 
     </span>
    </p>
   </div>
  </div>
