3936 6164
249 286 353 356 413

989 280 1373 355 exposmo
1402 293 1483 353 IN
1510 264 1667 353 Epp.
1703 298 1760 353 s.
1794 263 2033 354 mum.
2065 275 2129 339 J—
2162 278 2240 353 ni
2270 278 2492 355 hister.
2524 280 2627 353 in
2652 280 2826 354 eam.

3416 280 3525 357 414

250 426 521 495 utrosque
558 421 630 497 ab
658 404 813 481 omni
857 422 1225 491 adversitate;
1274 402 1616 501 generaliter
1656 418 1910 483 autemA
1933 424 2033 495 put
2058 404 2143 482 eat
2172 410 2424 483 omnium
2466 416 2771 479 electorum
2833 424 2890 477 et
2940 391 3193 479 omnium
3232 406 3524 503 virtutum,

252 508 425 593 pascit
487 504 546 565 et
582 512 763 575 reiicit
796 508 978 569 totum
1024 510 1298 583 mundum
1351 508 1473 568 cibo
1535 508 1838 582 corporali.

247 597 397 685 Mors
422 600 599 657 etiam
632 595 755 685 ejus
770 594 939 680 arbor
962 606 1148 685 potest
1168 595 1427 675 intelligi,
1448 597 1735 673 quiasicut
1755 614 1848 685 ar-

247 684 351 742 bor
378 687 450 743 ad
480 689 586 763 hoc
616 680 907 765 plantatur
932 680 997 743 ut
1024 689 1268 743 fructum
1291 684 1490 744 afferat
1521 684 1844 759 plantatori,

248 774 329 851 ita
367 794 521 837 mors
574 776 787 855 Christi
810 778 880 833 ad
914 775 1023 851 hoc
1053 776 1337 841 celebrata
1369 780 1455 853 est
1480 774 1539 831 in
1568 793 1752 843 cruce,
1785 782 1851 838 ut

246 864 492 920 fructum
511 862 709 945 salutis
725 870 781 921 et
793 865 1195 941 redemptionis
1211 864 1435 920 alierret
1456 865 1849 930 mundo.Quze-

246 948 394 1028 ritur
422 964 598 1027 quare
642 952 847 1011 dixerit
897 949 1219 1031 Apostolus,
1258 956 1624 1029 complaniati
1655 971 1848 1009 sumus

248 1037 619 1101 similitudini
645 1048 841 1099 mortis
869 1040 1003 1115 ejus,
1038 1041 1093 1099 id
1113 1050 1201 1099 est
1227 1040 1455 1109 Christi,
1482 1034 1540 1097 et
1565 1058 1674 1096 non
1709 1043 1845 1097 sim-

246 1129 470 1212 pliciter
492 1132 859 1205 complantati
893 1151 1089 1195 sumus
1120 1133 1289 1193 morti
1321 1134 1464 1207 ejus.
1504 1132 1655 1188 Mors
1695 1134 1844 1187 enim

249 1214 459 1281 Christi
491 1218 548 1276 in
573 1220 677 1276 hoc
704 1222 826 1277 loco
857 1221 1156 1294 dupliciter
1202 1227 1389 1294 potest
1435 1219 1692 1294 intelligi.
1728 1226 1846 1281 tam

248 1308 521 1389 spiritalis
543 1309 798 1371 videlicet
809 1328 978 1387 quam
990 1311 1313 1386 corporalis.
1325 1310 1381 1366 Si
1390 1328 1440 1364 m
1450 1310 1483 1364 il
1491 1308 1693 1364 itudini
1708 1326 1851 1364 mor-

248 1399 323 1452 tis
350 1399 476 1476 ejus
504 1390 811 1477 corporalis
840 1400 1305 1473 complantamur,
1331 1399 1554 1471 quando
1586 1398 1729 1453 sicut
1754 1398 1849 1453 ille

250 1490 510 1547 mortuus
539 1476 627 1543 est
651 1476 882 1561 corpore
909 1505 1010 1560 pro
1028 1487 1412 1567 peccatoribus
1449 1503 1550 1541 nos
1573 1485 1850 1545 morimur

251 1583 502 1653 peccato.
536 1575 600 1632 ln
624 1579 731 1633 hoc
759 1578 907 1633 enim
939 1582 1021 1633 est
1051 1572 1380 1644 similitudo,
1413 1576 1545 1650 quia
1580 1574 1674 1653 ille
1699 1593 1850 1633 mor-

251 1646 385 1719 tuus
414 1673 502 1720 est
546 1684 797 1739 corpore,
830 1684 932 1722 nos
972 1664 1142 1723 vitiis.
1195 1654 1378 1721 Aliter
1425 1646 1447 1721 ἶ
1482 1646 1851 1739 Similitudini

1931 528 2236 595 omnesque
2259 508 2504 597 electi,et
2526 528 2722 601 ompes
2746 512 2979 599 virtutes
3004 516 3139 565 sunt
3158 522 3360 582 corpus
3380 508 3524 602 ejus,

2038 598 2292 659 diabolus
2303 590 2471 681 caput
2491 606 2576 655 est
2589 590 2841 685 omnium
2861 601 3227 681 reproborum
3249 590 3529 676 omniurn-

1932 678 2040 769 que
2059 686 2345 769 vitiOrum,
2376 678 2683 769 omneSQue
2713 678 2939 767 reprobi
2958 695 3013 744 et
3032 678 3225 750 omnia
3247 688 3380 744 vitia
3400 702 3528 744 cor-

1932 760 2037 859 pus
2066 761 2218 853 illius
2247 780 2398 853 sunt,
2422 783 2479 832 et
2497 766 2568 840 ad
2592 760 2701 832 hoc
2721 760 2909 859 delata
2934 779 3148 833 estvita
3172 785 3528 859 etconversa-

1933 850 2010 922 tio
2059 850 2265 924 veteris
2318 850 2562 925 hominis
2596 862 2729 922 Adae
2776 850 2951 922 semel
2997 864 3058 922 in
3095 850 3376 939 baptismo
3417 860 3530 942 iut

1930 955 2599 1033 destruaturuniversitas
2621 952 3034 1031 vitiorum,quae
3064 961 3149 1011 est
3176 973 3377 1030 corpus
3404 950 3527 1031 dia-

1929 1046 2041 1100 boli
2074 1064 2085 1099 :
2119 1050 2183 1100 ut
2212 1045 2361 1102 ultra
2383 1060 2496 1100 non
2527 1039 2834 1099 serviamus
2847 1042 3106 1112 diabolo;
3134 1044 3301 1099 aliter
3324 1058 3527 1100 secun-

1929 1134 2062 1191 dum
2092 1133 2392 1205 Origenem
2420 1149 2622 1204 corpus
2642 1134 2855 1207 peccati
2879 1138 3063 1207 potest
3107 1130 3379 1207 appellari
3405 1133 3531 1197 uni-

1929 1224 2164 1282 versitas
2194 1222 2476 1285 vitiorum,
2513 1238 2635 1296 quae
2684 1222 2897 1276 faciunt
2935 1239 3108 1277 unum
3148 1240 3348 1294 corpus
3379 1237 3520 1299 quo.-

1934 1310 2232 1367 dammodo
2254 1311 2465 1383 peccati
2488 1329 2498 1363 :
2524 1306 2747 1386 singula
2768 1316 2956 1364 autem
2968 1311 3104 1381 vitia
3123 1309 3378 1364 membra
3396 1306 3530 1389 eunt

1933 1398 2316 1479 universitatis
2345 1419 2356 1430 ·
2395 1416 2563 1475 quam
2589 1399 2842 1475 praecipit
2860 1399 3165 1473 Apostolus
3195 1394 3408 1453 destrui
3430 1402 3530 1475 'per

1935 1486 2319 1556 abolitionem,
2342 1486 2399 1543 id
2422 1494 2507 1543 est
2528 1505 2626 1563 per
2646 1486 2980 1549 deletionem
3008 1487 3357 1543 cessationis.
3379 1480 3532 1548 Bene

1935 1584 2124 1637 autem
2158 1574 2295 1631 dicit
2347 1576 2655 1655 Apostolus
2696 1573 2871 1635 semel
2917 1580 3206 1635 mortuum
3234 1591 3356 1630 esse
3386 1582 3538 1647 vete-

1934 1683 2057 1721 rem
2086 1666 2397 1736 hominem,
2427 1663 2491 1720 ut
2524 1662 2826 1721 admoneat
2860 1680 2962 1723 nos
2992 1680 3185 1741 cavere
3217 1660 3536 1733 criminalia

249 1754 452 1808 mortis
484 1756 607 1837 ejus
639 1730 909 1827 spiritalis
935 1755 1402 1831 complantamur,
1426 1754 1650 1835 quando
1678 1734 1913 1837 mori—B
1935 1762 2164 1837 peccata
2200 1774 2210 1808 :
2240 1730 2545 1826 quia'sicut
2575 1752 2833 1808 Christus
2858 1752 3032 1807 semel
3057 1738 3316 1808 mortuus
3345 1756 3451 1837 est,
3480 1758 3538 1837 et

252 1856 383 1897 mur
430 1836 816 1899 criminalibus
864 1840 1124 1916 peccatis.
1173 1841 1275 1899 Ille
1321 1841 1471 1900 enim
1519 1840 1575 1897 in
1618 1840 1853 1896 veritate

246 1940 508 1989 mortuus
545 1924 794 2006 peccato,
825 1934 919 2006 qui
950 1950 1240 2011 nunquam
1284 1931 1554 2009 peccavit.
1584 1931 1687 1988 Cui
1717 1931 1855 1986 veri-

248 2023 352 2075 tati
380 2039 496 2087 non
538 2039 839 2094 possumus
884 2022 1255 2095 complantari
1290 2018 1347 2096 et
1397 2023 1695 2097 conjungi,
1726 2016 1859 2093 quia

249 2109 501 2181 quandiu
520 2126 715 2167 sumus
736 2113 792 2167 in
812 2110 918 2168 hoc
940 2111 1167 2175 mortali
1186 2129 1508 2193 corpore,ex
1524 2117 1643 2166 toto
1661 2126 1853 2193 carere

244 2199 494 2279 peccatis
516 2200 817 2263 levioribus
858 2216 971 2257 non
1007 2219 1328 2279 possumus,
1350 2201 1495 2265 sicut
1522 2200 1655 2256 dicit
1681 2201 1854 2255 Joan-

247 2304 346 2343 nes
378 2306 391 2344 :
421 2287 486 2347 Si
500 2290 831 2358 dixerimus,
856 2290 1138 2367 inquiens,
1161 2294 1295 2364 quia
1306 2295 1597 2373 peccatum
1622 2305 1733 2344 non
1760 2287 1856 2341 ha-

250 2376 434 2435 bemus
452 2395 550 2433 nos
583 2381 725 2448 ipsos
744 2380 1075 2445 seducimus,
1096 2386 1143 2434 et
1163 2382 1365 2434 veritas
1388 2381 1450 2441 in
1472 2380 1626 2432 nobis
1648 2394 1759 2432 non
1778 2384 1854 2432 est

251 2466 431 2532 (Joan.
460 2466 524 2538 ι).
549 2465 707 2522 Tunc
727 2466 877 2527 enim
901 2467 1327 2527 similitudinem
1350 2467 1545 2521 mortis
1567 2468 1689 2537 ejus
1702 2480 1855 2543 assu-

258 2548 471 2609 mimus
501 2554 831 2637 spiritualis,
865 2557 1088 2628 quando
1112 2558 1235 2627 ejus
1263 2555 1471 2611 auxilio
1506 2554 1635 2609 freti
1665 2548 1855 2608 crimi-

260 2641 413 2697 nalia
434 2650 663 2721 peccata
688 2661 797 2699 non
830 2643 1255 2709 committimus,
1290 2652 1347 2699 et
1384 2640 1462 2698 sic
1507 2641 1854 2725 complanta-

259 2748 391 2786 mur
416 2732 478 2787 in
514 2731 779 2804 praesenti
811 2732 1012 2793 szeculo
1063 2731 1421 2795 similitudini
1466 2732 1666 2787 mortis
1711 2733 1852 2802 ejus,

256 2828 375 2876 tam
406 2820 714 2893 corporalis
747 2836 918 2898 quam
950 2808 1279 2894 spiritualis,
1312 2826 1376 2885 ut
1403 2820 1548 2875 sicut
1576 2818 1670 2875 ille
1698 2834 1856 2875 mor-

256 2915 390 2965 tuus
416 2917 505 2966 est
532 2926 788 2986 corpore,
820 2918 876 2967 et
902 2917 1162 2969 mortuus
1183 2917 1270 2966 est
1286 2902 1547 2966 omnibus
1576 2904 1849 2982 peccatis:

1959 1861 2049 1902 am
2067 1858 2179 1899 non
2195 1838 2540 1918 moritur,ita
2550 1848 2716 1901 etnos
2730 1842 2777 1896 si
2798 1842 2970 1896 semel
2983 1841 3189 1903 mortui
3201 1834 3395 1895 sumus
3407 1834 3539 1913 pec-

1938 1939 2063 1990 cato
2096 1932 2153 1987 in
2185 1931 2674 2007 baptismatemon
2697 1931 3211 2003 possumusiterum
3236 1923 3534 2007 baptizari.

2015 2019 2122 2089 Qui
2140 2023 2291 2077 enim
2326 2025 2577 2073 mortuus
2625 2006 2719 2085 est,
2756 2016 3025 2081 subaudis
3053 2010 3280 2101 peccato
3306 2012 3364 2072 in
3392 2006 3534 2097 bap-

1935 2106 2125 2173 tismo,
2159 2110 2492 2175 iusti/iratus
2535 2112 2610 2161 est
2662 2122 2697 2160 α
2736 2112 2971 2176 peccato,
3001 2106 3057 2161 id
3098 2112 3180 2161 est
3209 2102 3425 2161 alienus
3455 2103 3537 2161 ef-

1936 2197 2112 2276 fectus
2142 2201 2229 2252 est
2248 2192 2319 2251 ab
2335 2188 2595 2251 omnibus
2615 2196 2857 2268 peccatis
2886 2213 2898 2250 :
2934 2198 3276 2277 quapropter
3290 2192 3458 2255 debet
3474 2206 3545 2267 se

1937 2272 2316 2351 Custodireme
2330 2286 2533 2341 iterum
2549 2287 2766 2357 polluat
2786 2301 2845 2340 se
2866 2270 3250 2340 criminalibus
3270 2277 3533 2359 peccatis,

1939 2375 2073 2459 quia
2110 2390 2220 2430 non
2256 2372 2465 2447 poterit
2487 2376 2690 2428 iterum
2717 2372 3017 2444 justiﬂcari
3045 2383 3146 2450 per
3169 2364 3531 2447 baptismum.

2007 2464 2071 2521 Si
2098 2471 2284 2519 autem
2304 2466 2518 2517 mortui
2535 2479 2727 2516 sumus
2748 2478 2875 2515 cum
2893 2461 3385 2540 0hristo,tempore
3409 2459 3540 2549 bap-

1937 2553 2067 2608 tism
2076 2553 2182 2608 atis
2197 2559 2517 2624 peccato,eo
2539 2552 2705 2605 modo
2721 2565 2832 2623 quo
2848 2550 3108 2623 superior
3120 2565 3305 2604 sermo
3328 2546 3530 2616 texuit,

1939 2644 2216 2697 cradimus
2247 2644 2380 2711 quia
2409 2643 2579 2694 simul
2604 2626 2771 2694 etiam
2796 2642 3041 2694 vivemus
3083 2654 3209 2693 cum
3243 2637 3459 2692 Christo
3480 2638 3539 2692 in

1940 2728 2077 2787 ccelo
2105 2736 2231 2803 post
2255 2729 2581 2805 generalem
2610 2726 3103 2792 resurrectionem.
3133 2727 3376 2782 Scientes
3390 2726 3536 2796 quod

1939 2808 2191 2876 Christus
2217 2833 2507 2886 resurgens
2532 2833 2566 2871 a
2592 2808 2915 2893 mortuis,id
2931 2820 3017 2870 est
3039 2832 3074 2870 a
3101 2815 3539 2893 sepulcro,quod

1939 2906 2162 2982 proprie
2186 2902 2340 2962 locus
2368 2908 2456 2973 est
2481 2911 2854 2972 mortuorum,
2904 2902 2990 2959 vel
3027 2900 3099 2967 ab
3128 2900 3367 2967 inferno,
3411 2906 3540 2982 jam

258 2990 393 3075 quia
446 3017 738 3076 nunquam
797 2996 1062 3085 peccavit,
1098 2998 1409 3059 moriamur
1448 3004 1504 3060 et
1544 3010 1647 3054 nos
1675 2997 1856 3053 omni-
1877 2989 2056 3113 C'non
2088 2998 2351 3058 moritur,
2387 3009 2537 3047 mors
2567 2995 2660 3048 illi
2685 2992 2840 3047 ultra
2867 3005 2980 3047 non
3004 2990 3406 3059 dominabitur.
3421 2979 3541 3073 Hoc

258 3086 360 3113 ιη-..
392 3084 637 3113 ..μυιμ
673 3086 1053 3113 “annuum.--
1111 3084 1315 3113 -..κη-υ.
1342 3082 1537 3113 .‘.u.~....
1578 3084 1828 3113 “n-1,...
1850 3112 1859 3113 ,
1944 3082 2161 3113 1-1.---4
2203 3081 2561 3113 Auamma“...
2592 3082 2696 3113 ιυυ.
2724 3081 2845 3113 ιηηη
2892 3087 2953 3113 ..4
2979 3080 3237 3113 nummos
3266 3076 3541 3113 Λκολαηίνί-

256 3086 361 3149 bus
392 3084 639 3173 peccatis
668 3079 1074 3156 criminalibus,
1108 3084 1317 3143 eriinus
1342 3082 1539 3159 utique
1576 3079 1924 3158 complan-“
1944 3082 2166 3141 laborat
2193 3081 2564 3155 Apostolusin
2592 3082 2698 3169 hoc
2724 3081 2866 3145 loco,
2892 3087 2956 3136 ut
2978 3080 3241 3167 ostendat
3265 3079 3543 3135 credenti-

256 3177 361 3231 tati
394 3172 452 3230 et
479 3174 761 3248 conjuncti
793 3174 1189 3232 resurrectioni
1216 3174 1338 3248 ejus
1358 3176 1416 3230 in
1446 3172 1705 3247 gloria,et
1735 3189 1862 3227 cum

257 3268 609 3333 apparuerit,
657 3254 868 3329 similes
912 3269 963 3319 ei
991 3252 1221 3333 erimus,
1253 3266 1520 3332 quoniam
1557 3260 1861 3325 uidebimus

258 3368 386 3406 eum
415 3355 588 3408 sicuti
610 3360 686 3409 est
710 3340 900 3427 (Joan.
930 3360 1032 3419 m).

326 3430 440 3496 Hoc
463 3445 692 3496 scientes
722 3446 858 3511 Quia
886 3448 1037 3497 vetus
1075 3438 1233 3496 homo
1262 3446 1447 3495 noster
1475 3441 1647 3495 simul
1674 3432 1858 3494 cruci-

258 3530 408 3599 ﬁxus
429 3533 526 3594 est,
552 3537 616 3584 ut
635 3530 959 3585 destruatur
988 3544 1183 3600 corpus
1205 3531 1434 3601 peccati,
1483 3533 1533 3582 et
1561 3531 1715 3582 ultra
1748 3544 1860 3583 non

258 3623 573 3673 serviamus
591 3616 1093 3689 peccqtoNeterem
1114 3615 1647 3685 hominem,utdicit
1663 3612 1861 3671 beatus

260 3707 637 3779 Augustinus,
685 3698 984 3763 voluerunt
1013 3706 1241 3779 quidam
1283 3704 1600 3777 intelligere
1638 3720 1861 3776 corpus,

258 3812 467 3851 novum
499 3812 630 3852 vero
655 3785 904 3852 animam
934 3815 944 3850 :
975 3795 1071 3851 sed
1101 3812 1214 3851 non
1246 3786 1506 3850 convenit
1544 3793 1706 3862 illud,
1733 3792 1865 3864 quia

259 3900 465 3956 corpus
497 3886 740 3941 exteriOr
768 3884 937 3941 homo
968 3902 1002 3940 a
1036 3886 1318 3959 plerisque
1347 3884 1684 3956 appellatur,
1716 3883 1866 3937 inte-

259 3964 380 4028 rior
407 3990 540 4029 vero
570 3969 778 4029 anima.
807 3972 923 4029 Hoc
956 3988 1086 4030 vero
1106 3975 1302 4041 inloco
1323 3980 1568 4028 veterem
1581 3973 1867 4029 hominem

261 4067 425 4118 vocat
454 4064 626 4127 vitam
645 4069 702 4119 et
713 4060 1195 4119 conversationem
1220 4063 1424 4118 veteris
1448 4061 1693 4117 hominis
1708 4059 1863 4123 Adae,

264 4166 389 4222 que
419 4141 703 4215 cruciﬂxa,
740 4152 796 4205 id
849 4157 936 4206 est
984 4148 1229 4214 mortua,
1258 4150 1439 4215 occisa
1462 4218 1465 4221 ν
1488 4150 1574 4203 est
1607 4145 1781 4203 semel
1808 4144 1868 4202 in

262 4236 627 4311 baptismate.
680 4238 1008 4311 Quicunque
1062 4234 1213 4294 enim
1264 4236 1528 4310 originali
1583 4236 1766 4305 adhuc
1812 4242 1871 4291 et

266 4324 584 4384 actualibus
604 4328 848 4401 peccatis
868 4334 1096 4383 tenetur
1115 4326 1384 4383 obnoxius
1402 4342 1524 4398 quae
1545 4326 1725 4381 Adam
1750 4341 1872 4399 per-

265 4418 533 4489 petravit,
565 4420 652 4472 vel
676 4418 847 4473 etiam
877 4416 1151 4491 pluribus,
1185 4423 1344 4471 vetus
1384 4416 1554 4470 homo
1582 4421 1667 4470 est
1698 4402 1873 4470 etse-

270 4518 417 4577 quax
429 4506 589 4576 Adae,
613 4506 745 4580 quia
760 4506 930 4560 vitam
957 4511 1013 4560 et
1036 4504 1517 4573 conversationem
1532 4502 1654 4575 ejus
1683 4504 1875 4559 imita-

269 4592 475 4648 tur.Ad
498 4594 632 4665 quid
645 4608 778 4666 ergo
813 4599 1038 4659 mortua
1069 4598 1155 4648 est
1178 4597 1235 4647 et
1262 4588 1449 4646 deleta
1468 4591 1567 4646 illa
1581 4608 1875 4647 conversa-

271 4683 373 4752 tio,
404 4672 529 4757 quge
561 4689 721 4737 vetus
747 4683 920 4753 homo
958 4680 1293 4737 dicitur?Ut
1321 4679 1651 4736 destruatur
1679 4696 1876 4752 corpus

272 4773 498 4839 peccati,
518 4771 736 4842 Corpus
759 4775 1013 4825 nostrum
1044 4785 1247 4842 corpus
1278 4769 1490 4841 peccati
1520 4770 1878 4840 est,quianos

273 4856 450 4913 trahit
480 4860 551 4913 ad
583 4863 875 4930 peccatum
899 4875 1000 4930 per
1019 4860 1439 4929 suggestionem
1473 4857 1660 4912 carnis
1681 4863 1740 4911 et
1754 4874 1883 4912 con-

273 4948 680 5019 cupiscentiam
706 4944 1125 5019 pravamQuod
1152 4962 1353 5022 corpus
1377 4963 1490 5001 non
1522 4947 1602 5001 ita
1633 4946 1885 5018 praecipit

274 5036 577 5107 Apostolus
606 5030 821 5090 destrui
846 5029 910 5090 ut
937 5032 1307 5100 annihiletur,
1336 5034 1431 5090 sed
1452 5042 1515 5090 ut
1544 5034 1797 5107 quiescat
1815 5035 1884 5088 ab

279 5117 446 5197 opere
473 5122 869 5197 peccati.Tunc
900 5126 1048 5180 enim
1083 5124 1243 5197 quasi
1280 5117 1610 5187 destruitur,
1636 5126 1768 5180 dum
1794 5140 1885 5178 re-

277 5212 530 5269 frenatur
561 5218 620 5267 et
658 5214 968 5269 retrahitur
996 5228 1029 5269 a
1055 5218 1282 5291 peccato
1315 5219 1371 5267 et
1399 5213 1547 5279 mala
1579 5213 1881 5278 voluntate,

278 5318 443 5375 quam
487 5302 775 5358 desiderat
809 5303 1138 5376 adimplere,
1168 5318 1273 5357 nec
1304 5301 1655 5374 permittitur
1679 5300 1887 5356 servire

279 5397 523 5462 peccato.
554 5391 740 5446 Aliter
769 5411 780 5446 ε
817 5378 1115 5447 Peccatum
1152 5392 1308 5446 enim
1360 5391 1450 5446 hic
1477 5406 1774 5464 possumus
1803 5390 1887 5443 in-

280 5477 531 5563 telligere
576 5478 885 5563 diabolum,
920 5482 1016 5555 qui
1064 5482 1151 5536 est
1182 5484 1390 5535 auctor
1416 5479 1647 5563 peccati.
1680 5492 1884 5549 corpus

281 5580 412 5623 vero
422 5554 541 5640 eius
557 5554 981 5626 universitatem
1001 5568 1286 5627 vitiorum.
1320 5554 1483 5624 Sicut
1503 5562 1763 5623 Christus
1780 5581 1876 5621 ca—

1886 4365 1937 4433 D

1946 3171 2068 3240 bus,
2086 3173 2217 3244 quia
2244 3154 2292 3226 si
2319 3170 2493 3226 semel
2513 3166 2902 3225 remissionem
2926 3154 3280 3241 peccatorum
3312 3182 3543 3239 accepe-

1943 3263 2063 3320 rint
2086 3278 2200 3317 non
2228 3277 2392 3333 posse
2420 3276 2515 3315 eos
2548 3256 2755 3315 iterum
2783 3250 3073 3330 baptizari;
3099 3259 3246 3313 sicut
3287 3248 3543 3325 Christus

1942 3368 2055 3408 non
2078 3342 2264 3424 potuit
2288 3350 2430 3404 mori
2451 3340 2557 3404 nisi
2574 3348 2845 3415 semel.Et
2859 3344 3004 3403 sicut
3016 3347 3273 3413 Christus
3293 3336 3534 3424 surgens

1943 3457 1979 3495 a
2008 3422 2249 3495 mortuis
2276 3432 2397 3511 jam
2426 3452 2540 3492 non
2576 3438 2835 3503 moritur,
2868 3435 2948 3490 ita
2973 3436 3031 3491 et
3058 3451 3162 3490 nos
3204 3448 3429 3508 semper
3455 3422 3549 3489 de-

1942 3526 2142 3585 bemus
2167 3528 2356 3582 vivere
2383 3525 2845 3597 virtutibus,quia
2864 3523 3055 3579 anima
3075 3541 3198 3595 quae
3210 3523 3543 3596 peccaverit,

1943 3616 2224 3675 criminati
2279 3620 2507 3688 peccato
2564 3616 2858 3682 morietur.
2918 3614 3079 3678 Quod
3137 3618 3328 3668 autem
3387 3600 3542 3678 dicit,

1943 3723 2093 3762 mors
2119 3709 2212 3761 illi
2240 3710 2396 3759 ultra
2415 3718 2526 3758 non
2544 3700 3199 3765 dominabitur,mortem
3230 3700 3549 3772 intelligere

1945 3808 2243 3869 possumus
2270 3793 2590 3865 dupliciter,
2606 3792 2721 3847 sive
2748 3796 2988 3847 mortem
3009 3777 3357 3869 corporalem
3379 3794 3548 3869 atque

1950 3866 2341 3958 temporalem,
2376 3899 2498 3953 quae
2528 3882 2598 3935 ad
2626 3886 2852 3952 tempus
2893 3880 3182 3934 dominata
3211 3868 3297 3933 est
3325 3875 3395 3946 el,
3427 3866 3550 3949 ipso

1952 3964 2331 4046 permittente,
2355 3971 2470 4024 sive
2492 3964 2775 4024 diabolum
2799 3969 2894 4040 qui
2917 3964 2968 4023 ei
2989 3968 3159 4022 etiam
3174 3967 3417 4038 quodam
3435 3983 3553 4021 mo-

1951 4062 2022 4117 do
2050 4060 2317 4127 dimissus
2348 4049 2435 4114 est
2471 4056 2748 4113 dominari
2798 4072 2899 4143 per
2926 4051 3215 4110 ministros
3246 4068 3400 4135 suos,
3429 4048 3552 4135 ipso

1949 4142 2335 4224 permittente.
2386 4144 2626 4217 Intravit
2666 4136 2856 4212 autem
2891 4136 3146 4200 diabolus
3175 4138 3233 4199 in
3264 4158 3360 4198 cor
3385 4138 3550 4224 Judm

1950 4218 2019 4295 ut
2039 4230 2289 4294 traderet
2336 4237 2625 4292 Christum
2659 4234 2804 4303 (Luc.
2840 4236 2990 4303 xxix).
3020 4222 3146 4306 IpSe
3176 4233 3348 4288 etiam
3377 4218 3558 4288 suasit

1953 4324 1981 4385 J
1989 4326 2163 4383 udaeis
2179 4332 2236 4382 et
2248 4326 2519 4391 Pilato,ut
2547 4340 2674 4380 cum
2690 4318 3101 4395 cruciﬁgeren‘t.
3121 4310 3280 4391 Quod
3300 4312 3488 4378 diabol

1954 4432 2111 4471 mors
2139 4415 2457 4487 appellatur
2472 4413 2568 4486 qui
2592 4418 2833 4468 mortem
2863 4402 3055 4469 attulit
3077 4402 3560 4478 mundo,ostendit

1955 4493 2201 4560 Joannes
2229 4503 2489 4574 inquiens
2520 4520 2531 4556 :
2565 4504 2632 4569 Et
2660 4518 2860 4557 nomen
2880 4505 2973 4556 illi
2990 4516 3140 4556 mors
3172 4503 3348 4570 (Apoc.
3380 4505 3486 4563 v1).

2031 4591 2184 4659 Quod
2234 4594 2383 4646 enim
2431 4597 2703 4658 mortuus,
2736 4590 3005 4646 subaudis
3041 4576 3317 4653 Christus,
3344 4591 3560 4657 peccato

1958 4686 2214 4735 mortuus
2243 4684 2319 4733 est
2346 4680 2527 4745 semel,
2546 4678 2655 4734 iste
2673 4678 2981 4734 versiculus
3012 4678 3095 4732 ita
3123 4673 3559 4747 distinguendus

1961 4775 2048 4824 est
2067 4773 2133 4824 ut
2164 4766 2411 4839 primum
2441 4768 2662 4823 dicatur
2688 4769 2835 4836 quod
2876 4769 3028 4821 enim
3059 4768 3319 4819 mortuus
3352 4770 3447 4832 est,
3495 4780 3563 4821 ac

1963 4854 2165 4912 deinde
2185 4855 2803 4927 subsequatur,peccato
2824 4859 3081 4908 mortuus
3100 4856 3178 4907 est
3196 4852 3377 4919 semel,
3391 4852 3447 4919 id
3478 4858 3566 4909 est

1963 4930 2187 5016 semper
2214 4949 2471 4999 mortuus
2500 4941 2604 4997 fuit
2626 4941 3010 5015 peccato,quia
3035 4958 3327 5014 nunquam
3355 4934 3565 5013 pecca-

1963 5034 2060 5103 vit.
2099 5030 2262 5088 Solus
2295 5032 2550 5086 Christus
2580 5030 2753 5085 semel
2796 5035 3051 5086 mortuus
3093 5036 3185 5086 est
3224 5036 3471 5103 peccato,
3502 5026 3561 5087 id

1967 5126 2055 5176 est
2083 5136 2321 5191 semper,
2366 5117 2499 5188 quia
2538 5132 2827 5191 nunquam
2853 5116 3119 5190 peccavit.
3154 5118 3372 5177 Aliter:
3400 5119 3563 5186 Quod

1968 5209 2225 5266 Christus
2249 5214 2504 5261 mortuus
2524 5211 2609 5261 est
2624 5207 3188 5278 corporaliter,semel
3206 5215 3462 5264 mortuus
3481 5215 3570 5264 est

1967 5304 2193 5377 peccato
2226 5302 2437 5362 nostro,
2467 5310 2579 5350 non
2607 5296 2867 5367 amplius,
2905 5296 2985 5351 ita
3029 5300 3087 5352 et
3114 5313 3217 5352 nos
3247 5296 3422 5366 semel
3450 5312 3567 5352 mo-

1968 5386 2149 5440 rimur
2169 5385 2229 5438 in
2260 5384 2619 5456 baptismate.
2651 5382 2955 5441 Possumus
2986 5391 3176 5441 tamen
3204 5392 3334 5457 post
3360 5381 3568 5457 baptis-

1966 5488 2144 5532 mum.
2181 5475 2227 5528 si
2256 5475 2691 5546 peccaverimus,
2711 5477 2855 5531 mori
2883 5481 3205 5554 peccato,et
3226 5472 3568 5545 perdignam

1964 5555 2352 5635 pmnitentiam
2373 5578 2670 5635 resurgere
2691 5581 2703 5617 :
2726 5565 2873 5633 quod
2898 5568 3087 5618 autem
3104 5562 3265 5626 vivit,
3284 5558 3561 5618 uivitlieo.
