3936 6164
445 238 553 299 415
826 200 827 203 Ἴ
920 239 1302 297 HAYMONIS
1330 237 1823 297 HALBERSTAT.
1854 235 2079 294 EPISC.
2111 236 2273 293 OPP.
2306 234 2493 292 PARS
2523 236 2570 296 Ι.
2609 264 2674 277 -
2706 234 3080 291 COMMENT.
3114 234 3289 292 BIBL.
3586 239 3676 296 ιιθ

448 362 729 433 Christus,
754 364 888 422 dum
903 370 1164 422 mortuus
1180 370 1329 421 esset
1341 365 1400 420 in
1413 379 1598 429 cruce,
1629 368 1687 419 et
1713 363 1968 435 sepultus
1993 362 2050 417 in
2070 364 2119 424 Α
2143 366 2456 433 parate,vos
2472 362 2579 417 Deo
2597 365 2868 431 tanquam
2882 377 2948 416 ea:
2960 363 3196 417 mortuis
3209 364 3450 429 viventes,
3472 368 3518 418 et
3539 381 3682 421 mem-

449 460 839 523 monumento,
894 455 1185 510 videbatur
1212 471 1324 509 non
1361 453 1566 518 vivere,
1597 452 1695 506 sed
1726 452 1861 524 quid
1890 451 2059 507 fecit?
2140 452 2240 504 bra
2269 456 2448 505 vestra
2474 449 2731 504 exhibete
2749 466 2912 505 arma
2928 453 3163 521 justitia
3191 452 3309 506 Deo.
3328 451 3386 506 Id
3405 457 3499 517 est,
3516 459 3575 507 ut
3589 453 3684 510 sint

454 540 698 598 Intravit
735 543 795 599 in
822 544 1051 598 domum
1077 543 1255 607 fortis,
1285 543 1343 597 id
1374 546 1461 597 est
1480 541 1771 597 descendit
1806 540 1865 595 in
1892 541 2060 596 inter-
2137 539 2255 595 Deo
2287 555 2448 594 arma
2465 538 2719 594 omnium
2749 539 3019 594 virtutum
3039 539 3327 594 militando
3355 540 3423 594 ei.
3450 540 3504 595 Si
3523 543 3685 598 omnia

446 648 607 698 num,
641 631 877 688 abstulit
905 631 1128 688 diabolo
1150 632 1274 687 illos
1295 647 1437 703 quos
1472 630 1706 686 tenebat
1742 630 1971 697 electos,
1997 636 2057 687 et
2140 645 2265 701 qua
2292 628 2554 700 superius
2583 627 2826 683 diximus
2854 628 2925 683 de
2953 627 3222 683 membris
3260 628 3458 683 nostris
3480 636 3685 700 preten-

452 725 789 795 potestatem
813 721 985 777 etiam
1017 737 1186 793 quam
1214 719 1461 775 habebat
1496 718 1554 774 in
1583 719 1690 774 hoc
1724 719 1937 775 mundo
1969 721 2054 776 illi
2134 717 2435 783 mittimus,
2467 721 2527 771 et
2553 717 2612 771 in
2639 717 2743 773 Dei
2780 717 3008 773 servitio
3035 716 3133 771 illa
3159 718 3608 789 occupaverimus,
3635 725 3688 775 ut

452 807 903 881 abstulit,sicque
922 807 1355 880 quadragesimo
1373 806 1464 862 die
1492 801 1921 862 resurrectionis
1939 824 2054 864 sum
2134 806 2470 862 inclinemus
2499 821 2666 862 aures
2679 806 2751 861 ad
2764 806 3047 862 audienda
3073 806 3240 861 verba
3265 806 3381 872 Dei,
3409 807 3689 880 aperiamus

452 897 760 952 ascendens
801 897 860 952 in
901 898 1125 965 coelum,
1174 896 1313 951 vivit
1337 895 1680 952 aeternaliter
1702 894 1844 962 Deo,
1876 894 1933 951 id
1967 903 2055 952 est
2135 897 2324 951 oculos
2353 897 2425 952 ad
2458 895 2764 952 scrutanda
2786 895 3010 969 eloquia
3035 894 3224 951 divina
3253 901 3310 951 et
3330 895 3401 950 ad
3423 912 3690 968 pauperem

447 985 511 1042 in
535 986 717 1058 gloria
746 991 994 1058 paternae
1021 985 1353 1057 majestatis.
2134 985 2577 1057 respiciendum:
2602 985 2924 1057 aperiamus
2950 1001 3011 1040 os
3030 985 3099 1039 ad
3120 984 3428 1040 enarranda
3446 986 3691 1056 magnalia

521 1076 609 1130 Ita
639 1081 689 1130 et
716 1092 807 1130 vos
830 1078 1139 1130 existimate
1163 1092 1253 1129 vos
1283 1079 1530 1129 mortuos
1557 1075 1781 1144 quidem
1801 1091 1908 1129 esse
1934 1091 2051 1144 pec-
2132 1074 2631 1140 Dei,extendamus
2660 1090 2864 1129 manus
2889 1073 2959 1130 ad
2972 1074 3398 1146 eleemosynam,
3419 1073 3691 1144 dirigamus

449 1149 850 1234 cato,tempore
883 1161 1261 1234 baptismatis,
1289 1165 1527 1216 viventes
1555 1167 1742 1216 autem
1774 1163 1898 1218 Deo.
1930 1164 2049 1218 Me-
2130 1162 2303 1234 pedes
2328 1162 2400 1217 ad
2431 1179 2651 1234 pacem,
2696 1161 2909 1217 bonum
2966 1162 3193 1217 odorem
3235 1161 3304 1217 de
3347 1161 3433 1216 his
3469 1163 3692 1217 omnibus

450 1251 561 1307 lius
581 1250 819 1306 habetur
840 1251 899 1306 in
932 1251 1146 1315 Graeco,
1180 1257 1245 1305 ut
1271 1251 1332 1305 in
1352 1250 1596 1321 Origene
1616 1250 1826 1321 legitur
1848 1270 1861 1306 :
1891 1251 2052 1324 Cogi-
2132 1250 2454 1316 reddentes,
2468 1257 2604 1306 tunc
2619 1252 2872 1307 membra
2889 1258 3083 1306 nostra
3101 1267 3261 1306 arma
3283 1252 3523 1305 omnium
3547 1251 3695 1306 virtu-

455 1346 575 1397 tate
604 1357 700 1395 vos
730 1345 985 1395 mortuos
1026 1344 1273 1412 peccato,
1322 1339 1572 1395 viventes
1601 1346 1789 1395 autem
1820 1340 1968 1409 Deo;
1995 1346 2053 1396 et
2132 1344 2253 1395 tum
2283 1346 2469 1407 erunt,
2492 1346 2553 1396 et
2577 1341 2903 1396 militabant
2920 1340 3224 1406 DeoQuod
3252 1339 3571 1395 autemdicit
3595 1346 3695 1396 tan-

453 1433 540 1483 est
569 1445 769 1484 sensus
799 1447 811 1483 :
848 1428 1008 1484 Sicut
1033 1429 1128 1484 ille
1154 1429 1249 1501 qui
1278 1430 1576 1484 crucifixus
1602 1435 1707 1494 est,
1732 1429 1873 1484 nihil
1893 1429 2048 1487 aliud
2134 1444 2307 1499 quam
2328 1446 2397 1485 ea:
2415 1434 2651 1485 mortuis
2670 1434 2937 1492 viventes,
2960 1425 3159 1484 sensus
3181 1434 3269 1485 est
3298 1447 3311 1483 :
3346 1428 3496 1484 Sicut
3515 1428 3591 1484 illi
3615 1429 3694 1501 qui

454 1516 797 1588 cogitat,nisi
811 1519 1205 1573 tantummodo
1226 1518 1672 1574 misericordiam
1689 1519 1789 1574 Dei
1813 1526 2048 1576 exoret:
2136 1516 2378 1574 Domino
2425 1525 2757 1592 resurgente
2812 1525 3196 1585 surrexerunt,
3255 1518 3324 1574 de
3371 1519 3561 1591 quibus
3585 1518 3697 1574 dicit

455 1611 735 1701 quatenus
762 1608 884 1677 ejus
912 1606 1175 1679 spiritum
1201 1607 1466 1679 dignetur
1490 1607 1794 1679 suscipere,
1827 1607 1973 1664 sicut
2000 1616 2058 1666 et
2078 1642 2122 1701 Β
2140 1606 2494 1679 Evangelista
2516 1629 2530 1665 :
2555 1611 2735 1664 Multa
2767 1624 2999 1678 corpora
3021 1613 3345 1663 sanctorum
3368 1613 3695 1662 surrexerunt

452 1690 729 1749 Dominus
754 1694 977 1749 dixitad
993 1695 1217 1750 Patrem
1244 1695 1344 1750 :In
1359 1713 1562 1751 manus
1577 1701 1705 1751 tuas
1725 1698 2057 1754 commendo
2078 1690 2122 1701 ”
2138 1696 2356 1758 (Matth.
2388 1697 2574 1763 xxvii),
2608 1697 2803 1753 vivunt
2829 1697 3076 1769 quidem,
3108 1697 3207 1752 sed
3234 1713 3414 1769 neque
3439 1696 3697 1768 concupis-

452 1780 717 1853 spiritum
738 1785 1089 1853 meum(Luc.
1114 1785 1271 1855 xxm)
1297 1804 1309 1839 :
1336 1785 1416 1840 ita
1427 1791 1484 1841 et
1503 1802 1621 1854 vos,
1643 1785 1690 1841 si
1707 1786 1934 1858 quando
1962 1804 2059 1844 ve-
2138 1792 2360 1840 scentes
2389 1802 2574 1858 neque
2589 1802 2820 1859 peccare
2849 1790 3140 1859 appetunt,
3172 1785 3254 1840 ita
3282 1790 3341 1840 et
3370 1802 3462 1840 vos
3484 1785 3694 1856 cogitate

453 1869 702 1926 nitmala
729 1873 1201 1945 concupiscentia,
1235 1880 1293 1929 et
1320 1874 1619 1929 delectatio
1641 1891 1814 1947 prava
1839 1875 2059 1931 inﬂam-
2138 1883 2393 1929 mortuos
2414 1874 2644 1947 quidem
2672 1892 2795 1931 esse
2839 1881 3066 1948 peccato
3096 1879 3155 1930 et
3191 1874 3355 1930 vivite
3397 1873 3528 1943 Deo,
3561 1874 3700 1931 decli-

434 1958 578 2014 ~mat
606 1976 701 2015 vos
725 1961 796 2016 ad
824 1961 1115 2018 libidinem
1144 1969 1202 2018 et
1229 1963 1300 2018 ad
1333 1970 1535 2018 caetera
1574 1964 1726 2018 mala
1756 1965 2053 2036 patranda,
2138 1966 2341 2018 nantes
2369 1980 2405 2017 a
2434 1964 2679 2036 peccatis
2708 1963 3114 2020 criminalibus.

453 2050 698 2121 cogitate
718 2058 774 2106 et
798 2052 871 2107 ad
899 2053 1233 2108 memoriam
1284 2052 1555 2118 reducite,
1589 2053 1726 2124 quia
1753 2053 1814 2108 in
1844 2053 2059 2126 baptis-
2208 2053 2495 2107 Peccatum
2526 2056 2679 2108 enim
2697 2055 2845 2108 vobis
2867 2069 2981 2109 non
3001 2052 3700 2120 dominabitur,subaudissi

453 2143 607 2193 mate
635 2140 844 2195 mortui
874 2141 1010 2196 estis
1037 2141 1297 2197 omnibus
1324 2142 1571 2215 peccatis
1604 2162 1616 2197 :
1648 2141 1744 2199 ubi
1768 2143 2059 2215 recepistis
2140 2141 2258 2197 haec
2276 2141 2540 2210 feceritis,
2575 2143 2672 2198 sed
2693 2141 2909 2197 utinam
2931 2142 3086 2197 vobis
3117 2146 3403 2213 peccatum
3424 2157 3529 2196 non
3553 2140 3701 2196 domi-

455 2226 843 2282 remissionem
865 2235 1250 2301 peccatorum,
1281 2235 1341 2284 et
1375 2231 1511 2285 talia
1546 2230 1857 2303 cogitantes
1893 2231 2060 2286 vivite
2142 2236 2312 2285 netur
2334 2249 2346 2284 :
2372 2229 2471 2286 ubi
2493 2232 2820 2287 dominatur
2843 2237 3158 2304 peccatum,
3188 2231 3268 2286 ibi
3297 2230 3586 2303 perﬁcitur.
3608 2229 3699 2284 Do-

455 2316 592 2382 Deo,
648 2316 705 2371 id
748 2322 834 2372 est
879 2317 1188 2390 sapientia,
1226 2319 1559 2390 prudentiae,
1598 2320 1865 2389 castitati,
1894 2325 2061 2376 caete-
2141 2319 2395 2375 minatur
2416 2321 2568 2376 enim
2596 2320 2815 2376 homini
2844 2320 3268 2393 quandoobedit
3288 2319 3565 2375 desideriis
3581 2318 3698 2388 ejus.

453 2403 644 2476 risque
669 2405 992 2461 virtutibus.
1017 2407 1347 2479 Quicunque
1377 2409 1526 2463 enim
1557 2408 1688 2464 vivit
1704 2410 1842 2477 Deo,
1873 2410 2059 2465 omni-
2140 2409 2267 2464 Non
2289 2412 2438 2463 enim
2467 2412 2593 2463 estis
2621 2411 2722 2464 sub
2752 2410 2976 2478 tege,sed
3002 2411 3103 2464 sub
3130 2414 3338 2478 gratia.
3355 2409 3477 2465 Non
3495 2406 3702 2474 estis,in-

455 2491 561 2549 bus
586 2492 890 2551 virtutibus
919 2496 1054 2552 vivit
1091 2513 1214 2569 quae
1236 2496 1296 2552 in
1327 2497 1442 2553 Deo
1473 2503 1625 2554 sunt.
2142 2496 2281 2567 quit,
2316 2496 2423 2554 sub
2452 2496 2576 2569 lege
2603 2497 2804 2570 Moysi.
2829 2514 2952 2569 qua:
2982 2498 3147 2570 punit
3182 2503 3241 2553 et
3280 2499 3507 2553 damnat
3545 2510 3702 2567 pecca-

535 2583 663 2638 Non
693 2600 820 2653 ergo
848 2592 1033 2652 regnet
1058 2592 1341 2656 peccatum
1376 2590 1440 2642 in
1468 2593 1646 2642 vestro
1693 2590 1927 2643 mortali
1947 2603 2062 2643 cor-
2141 2591 2313 2649 tores,
2342 2587 2442 2641 sed
2469 2586 2573 2642 sub
2598 2586 2788 2658 gratia
2815 2587 3046 2654 Christi,
3077 2586 3133 2641 id
3164 2592 3255 2642 est
3279 2586 3384 2642 sub
3412 2584 3703 2641 remissione

452 2687 602 2741 pore,
626 2676 690 2727 ut
710 2674 972 2729 obediatis
989 2678 1441 2745 concupiscentiis
1458 2679 1595 2746 ejus.
1619 2677 1649 2732 J
1652 2692 1744 2731 am
1765 2676 1900 2748 quia
1917 2692 2064 2732 mor-
2143 2679 2501 2747 peccatorum
2537 2694 2552 2731 :
2574 2681 2634 2731 et
2661 2675 2795 2748 quia
2814 2676 3205 2732 remissionem
3236 2680 3580 2749 peccatorum
3601 2674 3699 2745 jam

458 2761 545 2816 tui
575 2761 712 2817 estis
741 2768 971 2835 peccato
997 2763 1057 2818 in
1086 2763 1446 2837 baptismate,
1478 2769 1537 2820 et
1562 2765 1746 2820 vivitis
1786 2766 1925 2829 Deo,
1965 2782 2060 2821 ca-
2140 2768 2463 2837 perceptam
2491 2764 2736 2835 habetis,
2774 2781 2887 2820 non
2914 2764 3129 2820 debetis
3156 2781 3406 2837 peccare.

458 2856 582 2905 vete
612 2866 684 2906 ne
709 2857 910 2923 regnet
936 2857 1227 2924 peccatum
1256 2852 1315 2908 in
1344 2858 1528 2909 vestro
1547 2854 1774 2921 mortali
1803 2870 2056 2927 corpore,
2215 2852 2359 2920 Quid
2376 2869 2503 2922 ergo
2524 2859 2550 2908 Ρ
2578 2856 2926 2909 Peccabimus
2948 2857 3084 2923 quia
3108 2870 3224 2908 non
3245 2870 3438 2909 sumus
3476 2853 3569 2908 sub
3595 2853 3699 2919 lege,

454 2938 509 2994 id
542 2946 630 2995 est
670 2941 921 3009 quandiu
966 2941 1028 2997 in
1073 2942 1335 3014 praesenti
1365 2943 1566 2999 saeculo
1592 2944 1747 2999 estis.
1779 2945 1906 3001 Non
1924 2944 2062 3000 dicit
2140 2941 2341 3014 Moysi,
2374 2957 2499 3014 quae
2532 2948 2854 3014 peccatores
2880 2942 3063 3014 punit,
3110 2944 3203 2996 sed
3232 2943 3333 2997 sub
3359 2943 3580 3011 gratia?
3602 2953 3704 3011 quae

453 3029 758 3100 Apostolus
785 3045 897 3085 non
924 3031 1001 3085 sit
1037 3037 1328 3103 peccatum
1371 3033 1428 3087 in
1464 3038 1648 3088 vestro
1683 3033 1907 3088 mortali
1936 3050 2055 3088 cor-
2072 3045 2118 3109 ο
2139 3036 2430 3102 peccatum
2459 3031 2710 3086 dimittit.
2744 3032 2976 3087 Poterat
3010 3030 3218 3102 aliquis
3246 3031 3447 3097 dicere,
3467 3031 3577 3102 jam
3596 3027 3705 3099 quia

452 3133 609 3189 pore,
642 3118 739 3174 sed
763 3135 876 3174 non
903 3126 1121 3191 regnet.
1149 3119 1413 3185 Quandiu
1440 3138 1636 3177 sumus
1662 3123 1721 3177 in
1758 3122 1865 3177 hoc
1899 3139 2053 3178 mor-
2134 3120 2241 3175 sub
2269 3120 2393 3191 lege
2415 3137 2527 3176 non
2548 3137 2745 3176 sumus
2767 3138 2890 3193 quae
2911 3137 3132 3192 poenam
3162 3120 3334 3176 infert
3360 3115 3701 3192 peccantibus,

454 3206 557 3262 tali
578 3208 911 3279 corpore,ad
940 3208 1225 3280 integrum
1251 3226 1444 3265 carere
1464 3211 1707 3282 peccatis
1727 3228 1840 3266 non
1858 3228 2055 3284 possu-

453 3296 688 3352 mus.De
712 3296 918 3369 quibus
944 3314 1080 3369 ergo
1108 3298 1351 3369 peccatis
1387 3299 1566 3354 dicit?
1602 3300 1683 3355 De
1726 3299 2049 3366 homicidio,

452 3383 524 3439 de
552 3385 838 3441 adulterio
856 3391 914 3440 et
940 3386 1011 3440 de
1039 3386 1255 3442 caeteris
1284 3386 1669 3442 criminalibus
1696 3388 1996 3461 vitiisque
2022 3407 2056 3444 a

452 3488 628 3543 regno
648 3473 752 3528 Dei
783 3491 885 3529 nos
906 3482 1190 3546 separant,
1224 3491 1335 3529 non
1361 3476 1431 3530 de
1468 3475 1786 3543 levioribus,
1810 3477 1954 3532 sicut
1972 3483 2059 3531 est

449 3567 741 3634 peccatum
795 3562 1156 3632 cogitationis
1198 3569 1255 3619 et
1302 3565 1786 3636 concupiscentiae.
1820 3566 1890 3621 Et
1924 3582 2058 3637 quo-

451 3650 621 3705 modo
650 3667 763 3706 non
793 3657 995 3723 regnat
1020 3657 1314 3723 peccatum
1341 3653 1399 3708 in
1444 3660 1640 3708 nostro
1687 3654 1912 3709 mortali
1942 3672 2060 3711 cor-

450 3755 587 3811 pore
612 3739 660 3793 si
680 3739 870 3794 statim
898 3746 964 3795 ut
988 3741 1293 3812 pulsaverit
1321 3758 1423 3797 nos
1441 3744 1844 3810 consentimus,
1867 3743 2059 3800 etobe-

450 3826 638 3881 dimus
665 3827 1021 3884 delectationi
1052 3829 1191 3900 ejus,
1225 3830 1360 3901 quia
1384 3830 1775 3901 subjaceamus
1799 3833 1852 3887 ei
1873 3833 1899 3887 ’ἲ

523 3916 632 3971 Sed
661 3933 845 3989 neque
866 3917 1196 3983 exhibeatis,
1227 3919 1284 3974 id
1317 3925 1403 3975 est
1421 3921 1771 3993 praeparatis,
1804 3923 2056 3989 membra

449 4011 630 4061 vestra
657 4022 826 4061 arma
854 4011 1180 4078 iniquitatis
1199 4015 1436 4078 peccato.
1465 4009 1743 4082 Iniquitas
1772 4016 1861 4066 est
1888 4011 2056 4082 quid-

452 4094 587 4166 quid
607 4102 803 4151 contra
833 4096 1017 4167 legem
1050 4097 1259 4168 agitur,
1291 4097 1530 4168 ideoque
1568 4115 1671 4169 per
1692 4098 2053 4169 iniquitatem

447 4183 716 4240 debemus
744 4185 1061 4255 intelligere
1089 4185 1279 4239 omnia
1321 4186 1473 4239 vitia.
1525 4186 1781 4241 Membra
1804 4188 2058 4259 corporis

450 4271 631 4326 nostri
651 4272 723 4326 ad
750 4273 856 4326 hoc
884 4272 1030 4327 facta
1060 4278 1277 4338 sunt,et
1291 4289 1489 4328 sensus
1516 4273 1695 4329 nostri
1712 4276 1961 4347 corporis
1980 4276 2049 4330 ad

450 4357 558 4413 hoc
584 4358 747 4414 nobis
775 4360 893 4413 dati
921 4365 1073 4427 sunt,
1106 4365 1171 4415 ut
1199 4359 1360 4416 nobis
1389 4363 1705 4417 necessaria
1751 4370 2056 4434 procurent

450 4452 509 4502 et
535 4447 655 4503 Deo
685 4447 946 4503 militent.
977 4448 1035 4504 Si
1073 4458 1264 4504 autem
1291 4449 1628 4505 inclinamus
1655 4467 1822 4506 aures
1849 4452 1922 4507 ad
1950 4469 2053 4509 au-

445 4535 711 4593 diendam
728 4537 1130 4593 detractionem
1153 4538 1223 4593 de
1239 4538 1512 4610 proximo,
1545 4545 1603 4594 et
1622 4540 1693 4594 ad
1723 4540 2055 4597 delectanda

447 4626 619 4682 verba
648 4627 849 4695 otiosa,
878 4632 936 4682 et
969 4628 1041 4683 ad
1083 4627 1336 4683 carmina
1379 4628 1763 4694 meretricum,
1799 4630 1847 4684 si
1874 4631 2055 4702 aperi-

449 4734 579 4773 mus
609 4717 801 4773 oculos
827 4717 900 4772 ad
922 4717 1421 4789 concupiscendam
1440 4717 1811 4781 mulierem,si
1838 4720 2054 4775 malum

449 4806 765 4873 odorem,id
786 4811 873 4861 est
886 4805 1094 4862 malam
1117 4802 1336 4861 famam'
1366 4823 1432 4861 ex
1463 4805 1625 4861 nobis
1653 4806 2051 4865 diﬁ‘undimus:

449 4894 501 4949 si
523 4895 873 4950 delectamur
900 4895 959 4950 in
988 4895 1255 4951 odoribus
1299 4894 1680 4960 meretricum,
1710 4896 1760 4950 si
1790 4912 1854 4951 os
1875 4897 2056 4969 aperi-

447 4999 575 5037 mus
598 4984 670 5037 ad
696 4984 1037 5054 loquendam
1057 4984 1467 5056 blasphemiam
1486 4985 1545 5038 in
1569 4984 1748 5039 Deum
1766 4986 1853 5040 vel
1873 4987 2054 5057 proxi-

448 5087 607 5126 muni
639 5090 652 5125 :
685 5071 733 5125 si
761 5072 1114 5128 extendimus
1141 5090 1345 5128 manus
1366 5073 1437 5127 ad
1469 5073 1748 5145 rapinam,
1781 5074 1829 5128 si
1858 5073 2051 5145 dirigi-

447 5176 577 5216 mus
628 5175 857 5231 gressus
891 5162 1098 5232 pedum
1136 5162 1208 5216 ad
1247 5162 1645 5218 effundendum
1690 5161 2046 5233 sanguinem,

444 5252 583 5302 tunc
596 5247 853 5303 membra
866 5254 1055 5304 nostra
1080 5248 1408 5305 exhibemus
1428 5250 1496 5303 ad
1519 5250 1644 5314 hoc,
1666 5254 1732 5304 ut
1749 5249 1865 5304 sint
1887 5266 2048 5304 arma

446 5336 753 5392 militantia
783 5344 1008 5409 peccato
1028 5343 1085 5392 et
1106 5337 1351 5405 diabolo,
1381 5338 1478 5410 qui
1507 5343 1595 5392 est
1621 5344 1818 5393 auctor
1847 5339 2047 5393 mortis

439 5426 804 5497 omniumque
849 5427 1136 5493 vitiorum,
1182 5427 1289 5482 hoc
1317 5432 1404 5482 est
1434 5442 1821 5498 prmparamus
1846 5426 1947 5480 illa
1982 5432 2049 5481 ut

410 5592 413 5597 ν
438 5515 689 5573 militent
717 5520 944 5587 peccato
962 5523 1024 5575 et
1041 5516 1285 5573 diabolo.
1305 5515 1412 5577 Sed
1430 5516 1691 5583 exhibete,
1707 5514 1766 5569 id
1795 5524 1882 5570 est
1909 5531 2048 5589 prai-

2137 3209 2275 3264 satis
2305 3226 2611 3281 possumus
2638 3226 2889 3282 peccare,
2924 3208 3057 3281 quia
3103 3208 3382 3285 quidquid
3431 3203 3702 3278 deliqueri-

2138 3314 2265 3352 mus
2294 3298 2613 3353 dimittetur
2666 3298 2827 3353 nobis
2879 3298 3042 3370 larga
3088 3298 3305 3370 pietate
3356 3312 3455 3369 per
3492 3293 3702 3368 gratiam

2138 3386 2349 3442 Christi
2383 3405 2395 3441 :
2434 3387 2506 3442 ad
2533 3387 2652 3443 hac
2684 3386 3009 3458 Apostolus,
3049 3403 3163 3441 non
3200 3385 3532 3442 afﬁrmando
3567 3381 3698 3443 dicit,

2138 3476 2237 3530 sed
2267 3476 2596 3546 denegando
2620 3495 2631 3530 :
2665 3475 2933 3547 Nunquid
2954 3492 3088 3547 ergo
3117 3491 3347 3548 semper
3363 3472 3699 3547 peccabimus,

2140 3580 2206 3620 eo
2226 3565 2377 3636 quod
2405 3565 2495 3639 le;
2507 3565 2667 3620 deest
2685 3566 2844 3636 cujus
2854 3581 3024 3635 paena
3044 3565 3498 3636 constringamur
3515 3562 3538 3616 ?
3557 3562 3708 3626 Absit,

2139 3660 2205 3708 ut
2234 3670 2459 3726 semper
2486 3670 2799 3726 peccemus,
2840 3653 2974 3725 quia
2999 3652 3185 3724 gratia
3214 3652 3301 3708 ita
3327 3653 3445 3708 vult
3469 3667 3564 3706 nos
3588 3649 3708 3703 vive-

2139 3759 2221 3805 re,
2254 3748 2320 3798 ut
2352 3743 2671 3798 criminalia
2693 3748 2922 3815 peccata
2949 3758 3063 3797 non
3101 3741 3491 3797 admittamus.

2209 3834 2300 3891 An
2328 3833 2633 3893 nescitis.id
2658 3838 2761 3899 est,
2777 3831 3033 3903 nunquid
3061 3832 3613 3903 ignoratis,quoniam
3631 3826 3709 3879 cui

2139 3923 2403 3978 eahibetis
2426 3938 2515 3976 vos
2540 3938 2718 3976 servos
2755 3922 2830 3975 ad
2880 3921 3263 3987 obedientium,
3307 3922 3452 3974 servi
3469 3919 3588 3972 estis
3611 3916 3708 3984 ejus

2139 4014 2232 4065 cui
2283 4012 2528 4075 obeditis,
2577 4012 2688 4064 sive
2743 4009 2866 4064 sitis
2907 4008 3074 4073 servi,
3123 4012 3338 4078 peccati
3390 4009 3463 4063 ad
3506 4009 3707 4060 mortem

2139 4104 2430 4166 teternam,
2470 4102 2581 4153 sive
2610 4100 2931 4153 ubeditionis
2961 4096 3170 4152 Christi
3220 4098 3294 4152 ad
3340 4095 3626 4169 justitiam.
3654 4088 3704 4143 Si

2139 4187 2413 4242 servimus
2442 4186 2746 4242 virtutibus
2764 4191 2822 4241 et
2849 4185 3137 4251 Deo,servi
3166 4201 3366 4241 sumus
3393 4184 3645 4238 virtutum
3665 4183 3711 4231 et

2139 4276 2243 4331 Dei
2276 4294 2289 4330 :
2319 4276 2369 4330 si
2399 4291 2528 4330 vero
2557 4274 2834 4329 servimus
2856 4273 3005 4329 vitiis
3035 4278 3094 4328 et
3112 4272 3358 4340 diabolo,
3381 4272 3521 4329 servi
3541 4280 3711 4325 sumus

2138 4364 2402 4420 vitiorum
2442 4369 2501 4419 et
2528 4362 2756 4419 diaboli.

2208 4454 2429 4509 Gratias
2447 4460 2639 4507 autem
2662 4454 2765 4506 Deo
2778 4453 2923 4522 quod
2937 4453 3126 4521 fuistis
3134 4453 3282 4505 servi
3293 4443 3706 4521 peccati.Fuistis

2136 4542 2385 4614 quidem,
2411 4542 2509 4597 sed
2528 4543 2650 4612 jam
2679 4557 2792 4595 non
2818 4542 2975 4596 estis.
3005 4541 3275 4595 Referens
3292 4538 3588 4612 Apostolus
3597 4550 3711 4606 gra-

2134 4631 2246 4687 tias
2269 4631 2385 4686 Deo
2416 4630 2486 4684 de
2509 4630 2637 4693 ﬁde,
2670 4628 2944 4700 bonisque
2973 4629 3237 4700 operibus
3279 4629 3524 4691 illorum,
3542 4622 3712 4679 laudat

2135 4720 2287 4785 illos,
2317 4720 2464 4775 sicut
2491 4724 2551 4774 et
2576 4719 2703 4773 illos
2734 4718 2805 4773 de
2833 4718 3037 4790 quibus
3066 4717 3292 4773 dicebat
3322 4737 3335 4771 :
3383 4715 3585 4773 Fuistis
3614 4713 3709 4767 ati-

2138 4811 2362 4879 quando
2392 4809 2640 4872 tenebras,
2673 4823 2826 4861 nunc
2839 4812 3024 4861 autem
3057 4808 3156 4860 lus:
3170 4809 3233 4860 in
3261 4807 3497 4860 Domino
3521 4800 3706 4870 (Ephts.

2134 4901 2207 4968 v).
2237 4898 2506 4955 Obedistis
2535 4902 2724 4950 autem
2754 4913 2819 4951 ea:
2834 4898 2991 4951 corde
3022 4900 3086 4951 in
3109 4914 3230 4951 eam
3258 4899 3502 4965 formam
3532 4888 3712 4947 doctri-

2135 5005 2218 5043 na
2242 4991 2305 5042 in
2325 5002 2500 5055 quam
2531 4985 2734 5040 traditi
2779 4988 2927 5040 estis.
2969 4985 3272 5051 Obedistis,
3305 4984 3582 5056 inquiens,
3610 4978 3711 5033 Deo

2133 5075 2193 5130 in
2222 5091 2290 5130 ea
2313 5075 2496 5129 forma
2523 5072 2811 5136 doctrinae,
2836 5072 2893 5127 id
2921 5076 3008 5127 est
3032 5072 3090 5127 in
3120 5073 3380 5128 doctrina
3409 5062 3712 5126 Christiani—

2131 5163 2286 5227 tatis,
2314 5161 2373 5216 in
2391 5161 2648 5216 doctrina
2677 5159 3072 5226 ecclesiastica,
3088 5158 3148 5214 in
3179 5174 3293 5231 qua
3319 5156 3471 5213 docti
3491 5154 3600 5210 sive
3630 5165 3709 5202 v0-

2129 5250 2241 5305 cati
2279 5253 2337 5304 et
2358 5248 2637 5320 assignati
2666 5248 2801 5303 estis
2830 5248 2967 5302 Deo.

2206 5340 2441 5392 Liberali
2472 5344 2659 5391 autem
2687 5353 2721 5390 a
2747 5335 3046 5405 peccato,id
3077 5340 3165 5390 est
3193 5335 3265 5390 ab
3296 5330 3553 5388 omnibus
3580 5324 3710 5381 vitiis

2130 5434 2187 5483 et
2213 5427 2284 5482 ab
2319 5426 2581 5481 omnibus
2598 5425 2842 5497 peccatis
2861 5424 2920 5478 in
2942 5424 3254 5497 baptismo;
3285 5425 3431 5477 servi
3448 5420 3585 5488 facti
3600 5415 3710 5470 estis

2118 5518 2374 5588 justitiz,
2394 5514 2451 5568 id
2473 5518 2560 5569 est
2579 5513 2831 5568 omnium
2850 5513 3146 5567 virtutum.
3171 5511 3329 5567 Sicut
3352 5507 3577 5564 nomine
3595 5517 3709 5576 pec-
