3936 6164
223 315 305 371 417
921 311 1303 368 EXPOSITIO
1333 312 1411 367 IN
1443 311 1597 368 EPP.
1633 313 1690 368 S.
1725 312 1961 369 PAULI.
1997 350 2054 360 —
2088 319 2166 373 ΙΝ
2195 319 2418 375 EPIST.
2451 321 2548 375 AD
2580 322 2754 377 ROM.

223 440 310 495 cati
341 438 722 510 intelliguntur
764 440 954 494 omnia
977 439 1132 506 vitia,
1166 441 1244 494 ita
1292 439 1518 495 nomine
1543 438 2007 509 justitizeANam
2035 446 2164 510 ﬁnis
2188 447 2420 499 illorum
2452 462 2601 500 mors
2633 453 2733 505 est.
2776 448 3016 502 Romani
3046 453 3350 520 antequam
3391 452 3463 506 ad

223 545 384 582 omnes
413 527 662 582 virtutes.
1864 529 2030 585 ﬁdem
2062 533 2286 588 Domini
2318 535 2595 601 venirent,
2629 536 2890 590 omnibus
2912 537 3062 592 vitiis
3094 538 3464 609 omnibusque

276 618 578 671 Humanum
591 619 709 672 dico
728 621 1354 687 propterinﬁrmitatem
1373 620 1561 671 carnis
1573 623 1777 671 vestrm.
1862 620 2307 690 turpitudinibus
2335 623 2670 690 serviebant,
2705 625 2854 696 quod
2883 626 3051 680 etiam
3085 633 3250 698 turpe
3279 632 3366 681 est
3385 628 3464 682 di-

219 705 341 769 Quid
367 705 604 775 estquod
627 705 764 760 dicit
783 707 1119 777 Apostolus:
1153 708 1477 761 Humanum
1497 707 1655 759 dico?
1673 705 1778 759 hoc
1861 723 2004 769 cere,
2035 725 2156 779 qua:
2177 711 2248 764 ab
2278 712 2549 782 Apostolo
2577 713 2635 766 in
2653 713 2757 767 hac
2788 713 3038 784 Epistola
3061 716 3184 784 jam
3214 721 3349 770 sunt
3377 733 3470 771 su~

215 800 285 848 est
301 794 426 858 leve,
457 800 514 847 et
539 794 610 848 ad
630 795 1023 866 complendum
1048 795 1228 861 facile,
1262 811 1326 849 ac
1346 794 1394 848 si
1414 795 1628 849 diceret
1650 794 1776 848 aliis
1858 796 2048 865 perius
2084 806 2544 855 commemorata.
2595 802 2898 856 Venientes
2937 809 3126 858 autem
3174 803 3243 857 ad
3295 804 3465 860 ﬁdem

213 882 397 937 verbis:
446 883 590 946 Quia
641 885 894 938 carnales
942 885 1125 939 adhuc
1186 885 1341 950 estis,
1400 901 1502 939 nec
1543 883 1776 956 potestis
1859 885 2264 941 erubescebant
2292 904 2356 942 ac
2385 889 2929 958 verecundabantur,
2953 907 3066 945 non
3090 891 3270 946 solum
3290 892 3457 959 facto,

214 979 414 1044 propter
443 972 804 1042 fragilitatem
835 975 1023 1028 carnis
1054 975 1270 1043 majora
1308 979 1584 1046 pracepta
1631 973 1777 1028 ferre
1861 975 1957 1029 sed
1987 976 2160 1030 etiam
2190 977 2246 1030 in
2279 979 2665 1033 recordatione
2700 996 2913 1044 eorum,
2949 980 3098 1034 unde
3128 981 3318 1035 volens
3367 998 3464 1036 eos

213 1069 259 1116 et
281 1061 516 1132 implere,
533 1061 896 1117 idcircolevia
925 1070 1203 1134 praecepta
1221 1064 1374 1119 vobis
1403 1063 1774 1118 committam.
1857 1066 2208 1129 conﬁrmare,
2235 1083 2305 1120 ne
2345 1067 2416 1121 ad
2445 1067 2541 1121 illa
2563 1074 2998 1134 reverterentur,
3024 1069 3212 1123 aiebat
3237 1089 3249 1124 :
3282 1071 3462 1126 Dicite

213 1150 334 1214 Quid
361 1151 506 1204 enim
539 1156 657 1205 tam
689 1151 868 1220 facile,
900 1158 966 1206 ut
993 1152 1266 1224 Origenes
1304 1153 1456 1210 dicit.
1483 1153 1618 1224 quid
1656 1158 1774 1207 tam
1856 1151 1995 1205 mihi
2025 1169 2192 1223 quem
2214 1153 2479 1220 fructum,
2507 1154 2566 1208 id
2594 1162 2680 1209 est
2708 1156 2840 1226 quid
2870 1156 3000 1211 boni
3020 1159 3305 1213 consecuti
3325 1160 3463 1215 estis

213 1240 310 1293 leve
327 1257 489 1310 quam
518 1246 582 1294 ut
605 1240 679 1295 sit
695 1241 865 1296 homo
894 1249 1010 1296 tam
1027 1249 1322 1313 promptus
1343 1241 1412 1296 ad
1425 1242 1703 1312 justitiam
1721 1247 1778 1295 et
1858 1239 1945 1293 vel
1975 1256 2144 1310 quam
2176 1241 2694 1296 remunerationem
2723 1242 2926 1296 bonam
2955 1243 3229 1299 habuistis
3258 1246 3316 1300 in
3349 1246 3462 1301 illis

212 1329 526 1384 voluntatem
576 1330 679 1384 Dei
710 1331 1122 1402 complendam,
1175 1331 1339 1386 sicuti
1400 1337 1457 1385 et
1507 1331 1578 1384 ad
1627 1330 1776 1384 mala
1857 1328 2234 1384 immunditiis
2276 1347 2416 1400 quas
2447 1331 2816 1402 perpetrastis
2857 1339 3162 1403 antequam
3192 1335 3262 1388 ad
3293 1335 3460 1390 ﬁdem

207 1434 351 1488 opera
376 1419 521 1472 solet
540 1435 662 1473 esse
691 1425 985 1490 promptus
1011 1419 1222 1490 ubique
1241 1420 1266 1472 ?
1296 1420 1470 1474 Multo
1498 1419 1678 1489 magis
1704 1419 1776 1473 si-
1857 1417 2142 1485 veniretis,
2169 1419 2229 1473 in
2261 1435 2499 1491 quarum
2529 1419 2912 1474 recordatione
2941 1428 2998 1474 et
3017 1423 3291 1476 memoria
3312 1440 3461 1478 nunc

206 1506 398 1576 quidem
433 1507 608 1561 levius
637 1514 822 1579 potest
847 1508 1147 1563 virtutibus
1171 1509 1470 1573 deservire,
1503 1524 1670 1580 quam
1700 1508 1778 1561 vi-
1859 1506 2184 1562 erubescitis
2205 1515 2262 1563 et
2277 1509 2729 1563 verecundamini
2748 1509 2774 1562 Ἰ
2791 1511 2936 1564 Nam
2968 1510 3114 1575 ﬁnis,
3142 1511 3199 1564 id
3220 1518 3307 1566 est
3334 1528 3462 1567 con-

205 1593 278 1647 tiis
307 1612 317 1646 :
349 1600 399 1648 et
422 1596 526 1650 Dei
573 1597 920 1651 voluntatem
948 1597 1277 1668 adimplere,
1318 1613 1486 1669 quam
1533 1596 1767 1654 diaboli.
1859 1596 2160 1650 summatio
2207 1597 2434 1651 illorum
2482 1604 2860 1669 peccatorum,
2895 1616 3048 1653 mors
3087 1604 3298 1654 aeterna
3353 1605 3457 1654 est.

202 1681 488 1739 Videamus
518 1686 796 1756 quomodo
822 1692 880 1740 et
916 1686 1168 1740 dicamus
1193 1702 1372 1756 pauca
1401 1702 1466 1739 ex
1496 1685 1770 1756 pluribus.
1860 1682 2094 1747 Quando
2122 1686 2291 1740 homo
2321 1686 2378 1739 in
2407 1686 2649 1757 peccatis
2684 1687 3068 1742 criminalibus
3109 1689 3364 1754 moritur,
3401 1695 3460 1745 et

199 1773 279 1826 Est
309 1773 541 1844 quilibet
565 1775 726 1839 latro,
762 1781 819 1829 et
857 1775 1094 1846 quilibet
1123 1775 1265 1829 alius
1293 1774 1516 1845 justitia
1547 1775 1775 1846 pr0pria
1800 1773 2162 1851 Bterminum
2190 1774 2313 1828 vitae
2343 1774 2494 1840 facit,
2519 1775 2648 1828 ﬁnis
2680 1783 3035 1845 peccatorum
3067 1793 3216 1831 mors
3236 1783 3322 1831 est
3341 1777 3452 1832 illi:

190 1861 376 1927 vivens,
415 1878 534 1917 non
570 1863 639 1916 de
660 1863 876 1934 rapina.
913 1862 1063 1917 Dum
1095 1864 1238 1917 latro
1263 1863 1544 1918 cruciatur
1571 1863 1702 1932 gelu
1718 1867 1776 1917 et
1855 1861 1988 1932 quia
2015 1868 2252 1918 mortem
2275 1870 2542 1918 aeternam
2575 1864 2702 1918 inde
2732 1865 2951 1936 accipit.
2972 1866 3053 1920 De
3082 1865 3290 1920 talibus
3320 1866 3458 1921 dicit

194 1950 389 2020 frigore,
421 1956 484 2004 et
519 1950 820 2021 superﬁuis
847 1950 1306 2005 meditationibus
1334 1967 1435 2021 per
1454 1950 1574 2005 dies
1601 1956 1657 2004 et
1677 1966 1774 2004 no-
1854 1950 2137 2021 Propheta
2161 1969 2174 2004 :
2209 1953 2685 2021 Computruerunt
2704 1957 2966 2022 jumenta
3001 1958 3062 2008 in
3088 1960 3320 2009 stercore
3357 1971 3457 2012 suo

3362 325 3468 384 418
3547 337 3558 344 “

193 2043 286 2092 ctes
312 2046 627 2110 torquetur,
647 2041 870 2094 volvens
896 2041 1084 2094 animo
1109 2046 1165 2094 et
1197 2047 1522 2112 exspectans
1553 2040 1611 2093 in
1637 2056 1772 2110 agro

193 2129 441 2197 quomodo
483 2128 698 2182 furtum
733 2129 1000 2200 perﬁciat,
1029 2129 1218 2200 justus
1249 2145 1480 2184 securus
1512 2129 1775 2200 epulatur

193 2216 237 2268 in
264 2216 344 2270 die
368 2217 434 2271 de
474 2217 760 2272 laboribus
790 2218 928 2285 suis,
964 2223 1021 2272 et
1042 2217 1230 2290 quiete
1263 2219 1440 2273 noctis
1462 2235 1590 2273 cum
1610 2235 1773 2273 secu-

193 2306 334 2359 ritate
360 2305 698 2371 delectatur,
731 2313 787 2360 et
815 2307 1130 2361 dormiente
1179 2307 1284 2362 isto
1333 2323 1530 2362 somno
1571 2306 1774 2377 gratis-

195 2392 331 2460 simo,
356 2395 696 2467 plerumque
725 2395 820 2449 ille
851 2395 946 2467 qui
971 2396 1102 2466 gelu
1127 2396 1352 2467 frigoris
1386 2404 1442 2451 et
1469 2396 1657 2450 inedia
1685 2396 1771 2450 fa-

196 2482 284 2536 mis
312 2489 630 2556 torquetur,
658 2484 933 2539 occiditur
962 2485 1032 2538 ab
1063 2485 1148 2540 bis
1178 2485 1383 2557 quibus
1413 2485 1523 2540 vim
1568 2485 1775 2539 inferre

195 2572 528 2629 moliebatur.
556 2573 826 2629 Similiter
854 2574 950 2645 qui
980 2574 1324 2629 adulterium
1357 2579 1666 2647 perpetrat,
1698 2573 1773 2628 ti-

195 2667 290 2714 met
315 2663 680 2734 supervenire
719 2663 988 2717 maritum
1018 2670 1076 2718 et
1098 2664 1336 2718 interﬁci
1367 2663 1437 2718 ab
1459 2664 1574 2725 illo.
1609 2663 1772 2718 timet

191 2750 334 2804 etiam
378 2751 600 2806 vicinos
645 2758 873 2824 propter
919 2753 1124 2806 famam
1172 2754 1474 2808 volantem.
1530 2753 1767 2807 Econtra

192 2853 352 2894 castus
395 2847 451 2896 et
509 2848 733 2896 amator
761 2841 973 2913 proprii
1002 2842 1265 2897 connubii
1308 2859 1434 2897 cum
1465 2842 1768 2897 securitate

191 2929 329 2982 ﬁrma
382 2936 580 2984 servat
633 2929 951 2985 castitatem
1005 2948 1206 2986 suam:
1239 2933 1326 2986 vel
1373 2933 1543 2986 etiam
1573 2948 1769 2986 secure

191 3034 296 3071 cum
312 3025 506 3090 optata
518 3019 705 3090 quiete
725 3019 1086 3090 amplectitur
1101 3019 1388 3091 proprium
1403 3019 1764 3087 connubium,

1857 2040 2008 2105 (Joel.
2042 2039 2113 2109 ι),
2145 2040 2412 2094 Jumenta
2433 2042 2790 2112 appellantur
2824 2042 3076 2097 homines
3099 2043 3195 2114 qui
3222 2044 3453 2099 irratio-

1856 2125 2120 2181 nabiliter
2155 2128 2368 2192 vivunt,
2398 2129 2519 2182 sine
2549 2129 2842 2184 honestate
2871 2147 3094 2186 morum
3133 2138 3190 2186 et
3224 2149 3458 2187 conver-

1854 2215 2104 2270 sationis.
2127 2217 2395 2271 Jumenta
2425 2217 2629 2288 quippe
2661 2224 2982 2289 putrescere
3005 2225 3092 2274 est
3109 2221 3167 2275 in
3187 2225 3454 2289 stercore,

1853 2304 1912 2358 in
1931 2304 2106 2359 fetore
2126 2305 2380 2369 luxuriae,
2413 2312 2471 2360 et
2500 2306 2949 2378 turpitudinibus
2979 2309 3245 2365 vitiorum
3273 2310 3450 2366 vitam

1855 2393 2036 2448 ﬁnire.

1924 2484 2090 2538 Nunc
2104 2499 2230 2536 vero
2249 2485 2474 2537 liberati
2492 2499 2526 2537 a
2542 2489 2778 2552 peccato,
2804 2488 2952 2539 servi
2969 2492 3155 2541 autem
3171 2489 3312 2555 facti
3325 2491 3452 2553 Deo,

1854 2569 2060 2624 habetis
2088 2571 2341 2637 fructum
2379 2576 2623 2626 vestrum
2657 2575 2720 2626 in
2748 2576 3260 2644 sanctiﬁcationem,
3285 2581 3456 2645 ﬁnem

1850 2673 1975 2712 vero
2004 2661 2175 2712 vitam
2206 2664 2488 2714 aeternam.
2512 2658 2695 2724 Nunc,
2711 2659 2912 2731 inquit,
2933 2661 3155 2717 liberati
3173 2681 3207 2717 a
3227 2673 3454 2736 peccato

1850 2763 1952 2818 per
1970 2749 2287 2818 passionem
2306 2747 2532 2813 Christi,
2558 2765 2660 2819 per
2683 2765 2889 2820 aquam
2914 2749 3287 2822 baptismatis,
3307 2753 3455 2810 servi

1850 2842 2039 2891 autem
2067 2837 2199 2891 facti
2228 2837 2361 2900 Deo,
2390 2837 2484 2908 qui
2516 2842 2684 2891 antea
2717 2838 2888 2892 eratis
2916 2839 3060 2893 servi
3088 2840 3314 2908 diaboli,
3348 2843 3452 2897 ha-

1850 2925 2245 2981 betisfructum
2269 2942 2502 2996 operum
2525 2927 2908 2981 vestrorumin
2924 2929 3449 2998 sanctiﬁcationem,

1855 3015 1988 3085 quia
2016 3031 2155 3086 opus
2185 3020 2432 3068 vestrum
2464 3020 2741 3080 sanctum,
2774 3016 3277 3073 sanctiﬁcationem
3300 3019 3452 3075 vobis

191 3079 518 3180 quapropter
532 3079 840 3180 subjungit
865 3079 1166 3180 Apostolus
1190 3079 1220 3162 τ’
1247 3109 1402 3165 Sicut
1438 3113 1589 3164 enim
1619 3079 1767 3164 exiti;
1788 3079 1832 3140 Ο
1856 3079 2121 3174 procurat
2149 3123 2160 3156 :
2195 3105 2365 3157 ﬁnem
2409 3119 2539 3158 vero
2571 3079 2740 3158 Vitam
2773 3111 3060 3172 aeternam,
3114 3107 3170 3162 id
3201 3114 3287 3162 est
3320 3125 3454 3180 pro~

195 3196 381 3261 buistis,
425 3198 642 3269 inquit,
676 3198 734 3252 id
782 3205 868 3252 est
889 3198 1270 3270 praeparastis,
1301 3201 1548 3253 membra
1591 3203 1770 3253 vestra
1851 3198 1978 3264 pter
2003 3192 2546 3247 consummationem
2566 3209 2798 3265 operum
2826 3200 3141 3250 vestrorum
3171 3197 3450 3252 habebitis

191 3288 366 3340 servire
390 3291 465 3340 im
478 3288 794 3354 munditia,
819 3287 871 3341 id
897 3294 981 3342 est
1000 3287 1238 3354 libidini,
1262 3286 1638 3353 fornicationi,
1661 3287 1769 3340 im-
1852 3280 2022 3335 vitam
2051 3287 2319 3336 aeternam
2354 3299 2365 3335 :
2391 3298 2514 3353 quae
2533 3282 2688 3338 vobis
2715 3282 2942 3338 dabitur
2961 3301 3062 3356 pro
3093 3302 3451 3357 perseveran-

191 3374 461 3442 pudicitia),
517 3383 574 3430 et
618 3375 904 3447 iniquitati
952 3378 1022 3430 ad
1074 3377 1450 3448 iniquitatem,
1502 3376 1770 3431 subaudis
1853 3370 1933 3424 tia
1961 3377 2164 3426 vestra.

191 3465 635 3536 perpetrandam:
659 3467 745 3520 Ita
768 3482 920 3520 nunc
939 3468 1176 3520 exhibete
1198 3468 1446 3521 membra
1466 3471 1644 3520 vestra
1664 3481 1772 3519 ser—
1923 3461 2210 3528 Stipendia
2234 3465 2383 3515 enim
2411 3464 2636 3530 peccati,
2657 3462 2714 3515 id
2739 3467 2824 3517 est
2851 3463 3233 3518 remuneratio
3261 3481 3452 3535 pecca-

190 3555 538 3620 rirejustitiz
569 3554 942 3626 omnibusque
969 3555 1269 3610 virtutibus
1291 3558 1355 3609 in
1379 3557 1770 3622 sanctiﬁcatio-
1852 3554 2062 3616 torum,
2093 3566 2265 3615 mors,
2293 3554 2503 3604 aeterna
2533 3555 2638 3603 est.
2689 3551 2814 3604 Non
2843 3556 3037 3604 tamen
3089 3551 3158 3604 de
3188 3553 3449 3609 omnibus

190 3643 582 3703 nem,videlicet
602 3649 666 3696 ut
684 3644 860 3697 sancti
884 3661 1006 3699 esse
1028 3643 1272 3716 possitis,
1295 3643 1601 3698 secundum
1623 3643 1770 3714 quod
1854 3638 2094 3708 peccatis
2121 3638 2549 3708 intelligendum
2580 3642 2686 3702 est,
2710 3639 2804 3692 sed
2828 3639 2897 3693 de
2921 3639 3305 3695 criminalibus
3326 3658 3452 3713 pec-

189 3728 317 3784 Dens
337 3732 600 3802 prmoipit
621 3749 635 3786 :
658 3732 854 3787 Sancti
881 3738 1038 3787 estote
1061 3735 1196 3802 quia
1211 3737 1259 3786 et
1289 3749 1383 3801 ego
1403 3739 1628 3786 sanctus
1643 3748 1768 3786 sum
1853 3727 2085 3795 catis,de
2107 3728 2308 3798 quibus
2321 3727 2456 3781 dicit
2476 3727 2722 3781 Joannes
2746 3745 2757 3779 :
2783 3729 2876 3780 Est
2894 3734 3179 3795 peccatum
3199 3731 3273 3783 ad
3294 3747 3452 3785 mor-

189 3818 350 3884 (Lm’t.
401 3823 499 3889 xu).
569 3821 679 3874 Per
731 3821 1083 3892 iniquitatem
1133 3821 1400 3875 debemus
1452 3820 1768 3891 intelligere
1853 3821 1980 3877 tam.
2015 3833 2125 3869 non
2150 3832 2255 3883 pro
2286 3817 2382 3869 hoc
2409 3818 2530 3869 dico
2562 3821 2625 3868 ut
2649 3818 2773 3884 quis
2802 3824 2948 3883 roget
2985 3819 3028 3884 (Ι
3051 3819 3210 3870 Joan.
3243 3820 3310 3882 v).
3334 3819 3449 3874 Sti-

188 3908 352 3961 omnia
381 3909 778 3980 peccata,quia
808 3909 1080 3981 quidquid
1110 3915 1303 3963 contra
1325 3909 1504 3979 legem
1529 3908 1627 3962 Dei
1645 3907 1769 3977 agi-
1848 3905 2115 3976 pendium
2145 3906 2350 3960 dicitur
2377 3923 2412 3959 a
2440 3904 2630 3976 stipite
2661 3905 2975 3976 pendenda,
3009 3906 3065 3960 id
3115 3919 3200 3961 est
3249 3924 3284 3962 a
3313 3909 3451 3964 sub-

188 4000 264 4047 tur
290 3996 560 4069 iniquitas
585 4006 964 4069 nuncupatur.
990 3999 1097 4051 Per
1118 3997 1401 4068 justitiam
1421 4013 1550 4050 vero
1573 4012 1766 4050 omnes
1849 3993 2057 4046 stantia
2085 3993 2464 4064 ponderanda.
2498 3991 2826 4063 Antiquitus
2847 3992 2998 4046 enim
3027 3995 3214 4063 potius
3243 3996 3451 4071 ponde~

183 4083 410 4151 virtutes,
445 4095 505 4141 et
528 4093 620 4142 est
641 4103 839 4142 sensus
864 4105 876 4140 :
911 4087 1066 4142 Sicut
1094 4104 1190 4141 vos
1215 4085 1576 4158 prmparastis
1607 4090 1765 4139 ante-
1847 4081 2081 4136 rabatur
2106 4081 2344 4152 pecunia
2365 4097 2533 4151 quam
2555 4079 2977 4134 numerabatur.
3000 4081 3160 4137 Unde
3176 4083 3450 4139 militibus

186 4189 329 4243 quam
357 4177 427 4230 ad
458 4177 636 4231 ﬁdem
665 4175 845 4230 vocati
875 4179 1090 4242 essetis,
1115 4181 1179 4230 ut
1206 4173 1489 4229 serviretis
1505 4173 1766 4228 omnibus
1849 4187 1950 4241 pro
1974 4170 2090 4225 vita
2119 4170 2268 4240 regis
2297 4175 2354 4225 et
2401 4169 2658 4224 libertate
2703 4169 2899 4240 patriae
2930 4169 3304 4227 militantibus
3343 4173 3448 4228 sti-

183 4261 540 4319 immunditiis
569 4263 942 4334 omnibusque
971 4264 1230 4329 vitiis,ita
1250 4279 1400 4318 nunc
1427 4263 1487 4316 in
1516 4262 1624 4316 ﬁde
1645 4262 1767 4333 jam
1849 4258 2139 4330 pendium,
2169 4259 2275 4312 hoc
2305 4263 2392 4312 est
2410 4257 2728 4312 substantia
2758 4263 2816 4312 et
2843 4259 3224 4314 remuneratio
3246 4276 3312 4314 ex
3341 4277 3447 4331 pu-

185 4353 537 4410 consistentes
597 4359 908 4424 praeparate
954 4353 1208 4408 membra
1236 4359 1419 4407 vestra
1463 4358 1518 4406 et
1572 4347 1992 4450 omnesDblico
2023 4347 2220 4403 aerario
2242 4346 2636 4402 conferebatur
2670 4365 2681 4400 :
2714 4353 2772 4401 et
2799 4347 2945 4401 sicut
2981 4347 3091 4402 illis
3119 4365 3453 4405 remunera-

185 4455 359 4496 sensus
386 4441 646 4513 corporis
675 4441 863 4508 vestri,
897 4443 1176 4514 quomodo
1218 4440 1476 4497 serviatis
1505 4435 2020 4494 omnibus"tionis
2047 4454 2217 4492 causa
2263 4437 2606 4509 stipendium
2646 4435 2905 4503 dabatur,
2955 4437 3037 4491 ita
3073 4437 3451 4495 militantibus

185 4529 483 4587 virtutibus.
1505 4577 1510 4582 .
1851 4526 2074 4581 diabolo
2095 4525 2323 4581 dabitur
2351 4542 2521 4590 mors,
2554 4525 2670 4580 sive
2699 4532 2910 4580 aeterna
2941 4525 3322 4582 damnationis
3346 4544 3448 4599 pro

230 4621 689 4676 Cumenimservi
707 4623 886 4675 essetis
901 4623 1108 4690 peccati
1132 4622 1294 4675 liberi
1309 4620 1763 4688 fuistisjustitiw,
1851 4615 2324 4671 remuneratione.
2372 4615 2565 4669 Gratia
2613 4619 2798 4668 autem
2842 4615 2942 4668 Dei
2993 4617 3108 4668 vita
3150 4621 3354 4669 acterna
3383 4619 3448 4670 in

182 4706 229 4760 id
254 4717 332 4765 est
357 4711 535 4766 alieni
562 4709 750 4764 fuistis
780 4727 814 4764 a
833 4710 1079 4780 justitia.
1115 4709 1270 4765 Sicut
1300 4708 1398 4780 qui
1427 4707 1600 4762 servit
1636 4723 1766 4778 pec-
1851 4707 2067 4762 Christo
2094 4707 2240 4759 Jesu.
2290 4703 2436 4767 Quid
2465 4708 2553 4757 est
2581 4703 2729 4774 quod
2750 4703 2986 4773 loquens
3016 4702 3085 4757 de
3114 4714 3446 4758 remunera-

179 4804 288 4853 cato
328 4806 383 4855 et
425 4798 680 4858 diabolo.
733 4799 855 4868 ejus
884 4815 1075 4853 servus
1104 4805 1191 4853 est
1217 4799 1378 4868 cujus
1417 4798 1766 4852 voluntatem
1847 4795 2001 4848 tione
2029 4792 2263 4864 peccati,
2286 4790 2630 4862 stipendium
2658 4788 2967 4845 nominavit
2984 4788 3163 4860 ipsam
3186 4806 3447 4847 remune-

175 4887 424 4960 adimplet
457 4908 470 4942 :
506 4888 589 4942 sic
622 4886 720 4958 qui
749 4885 920 4941 servit
942 4887 1175 4958 justitia:
1201 4903 1394 4942 servus
1415 4892 1501 4940 est
1523 4883 1764 4956 justitize
1847 4881 2142 4945 rationem,
2167 4887 2224 4935 et
2251 4880 2320 4935 de
2347 4879 2802 4934 remuneratione
2828 4878 3134 4932 electorum
3165 4878 3303 4934 dixit
3327 4885 3445 4935 ter-

176 4980 224 5029 et
241 4976 352 5035 Dei.
389 4982 502 5046 Qui
536 4979 686 5036 enim
705 4977 877 5035 servit
897 4977 1045 5031 furto
1065 4982 1122 5032 et
1142 4975 1440 5042 adulterio,
1465 4991 1658 5029 servus
1679 4979 1766 5028 est
1847 4971 1985 5026 tiam
2034 4970 2174 5025 Dei?
2221 4969 2373 5034 Ideo,
2417 4967 2549 5040 quia
2581 4967 2662 5020 illi
2695 4965 2792 5037 qui
2836 4965 3101 5034 militant,
3157 4969 3446 5040 propriam

169 5064 287 5122 furti
316 5076 373 5124 et
399 5071 691 5126 adulterii.
717 5068 826 5126 Sed
857 5072 914 5123 et
939 5067 1044 5121 hoc
1081 5065 1392 5130 sciendum,
1437 5064 1570 5135 quia
1618 5063 1766 5117 sicut
1846 5060 2163 5115 mercedem
2183 5058 2483 5129 accipiunt,
2509 5054 2781 5126 quidquid
2805 5059 2998 5109 autem
3027 5056 3191 5110 electi
3212 5057 3443 5126 habent,

172 5170 371 5214 servum
411 5177 540 5215 esse
588 5159 826 5231 justitia:
879 5154 1160 5210 laudabile
1199 5159 1310 5223 est,
1353 5153 1596 5207 liberum
1627 5168 1758 5206 vero
1842 5155 2023 5205 totum
2055 5165 2088 5202 a
2114 5147 2298 5218 gratia
2322 5146 2424 5201 Dei
2449 5144 2754 5215 accipiunt,
2784 5143 2898 5198 sive
2926 5144 3115 5212 ﬁdem,
3141 5145 3255 5200 sive
3269 5147 3448 5205 chari-

172 5261 276 5300 esse
301 5265 334 5301 a
374 5249 606 5318 justitia
633 5266 746 5304 non
788 5253 876 5301 est
903 5243 1185 5299 laudabile
1214 5261 1226 5297 :
1270 5243 1352 5296 ita
1380 5258 1603 5297 servum
1634 5257 1758 5295 esse
1842 5245 2040 5304 tatem,
2061 5254 2158 5291 seu
2180 5235 2406 5306 aliquod
2428 5234 2638 5288 bonum
2669 5249 2808 5305 opus
2837 5232 3102 5302 habeant,
3137 5240 3195 5290 et
3214 5237 3447 5310 insuper

171 5337 365 5402 peccati
394 5337 798 5393 detestandum
829 5341 934 5402 est,
967 5333 1210 5388 liberum
1234 5336 1424 5385 autem
1453 5347 1487 5385 a
1507 5334 1756 5401 peccato,
1843 5343 1945 5398 pro
1970 5325 2157 5396 gratia
2179 5323 2288 5377 ista
2311 5322 2442 5377 ﬁdei
2471 5327 2529 5376 et
2556 5320 2831 5377 bonorum
2852 5337 3082 5392 operum
3104 5325 3284 5394 gratis
3304 5325 3444 5380 acci-

171 5421 530 5482 laudandum,
1845 5415 2002 5486 pient
2029 5429 2063 5467 a
2088 5413 2202 5466 Deo
2251 5411 2426 5464 vitam
2465 5415 2734 5465 aeternam
2781 5426 2884 5482 per
2929 5411 3276 5482 adjutorium
3307 5417 3442 5472 Iesu

235 5513 399 5580 Quem
418 5532 552 5584 ergo
564 5517 815 5582 fructum
830 5513 1100 5568 habuistis
1119 5515 1251 5564 tunc
1265 5513 1326 5564 in
1343 5509 1480 5576 illis,
1495 5507 1763 5563 subaudis
1846 5502 2080 5571 Christi,
2111 5500 2230 5556 sine
2260 5516 2370 5572 quo
2385 5500 2529 5555 nihil
2552 5499 2684 5554 boni
2713 5499 2920 5556 habere
2939 5516 3257 5572 possumus.

171 5602 543 5659 immunditiis
568 5610 944 5675 peccatorum,
964 5605 1029 5656 in
1044 5601 1244 5671 quibus
1263 5604 1395 5653 tunc
1413 5599 1766 5652 erubescitis?
