3936 6164
3374 145 3397 173 ο

844 212 862 233 ’
930 248 1311 321 annosus
1338 249 1836 319 mussans.
1869 250 2042 310 spis

2128 247 2289 311 ΟΡΡε
2320 248 2505 315 PARS
2532 253 2579 317 Ι.
2613 283 2679 299 -
2708 250 3083 319 comm.
3114 257 3291 314 BIBL.

1051 377 1287 437 CAPUT
1313 374 1440 435 VII.

360 283 392 303 .
449 252 565 323 iis
930 252 1311 321 HAYMONIS
1338 252 1836 319 HALBEBSTAT.
1869 252 2096 310 EPISO.
2128 252 2289 311 ore.
2320 252 2505 315 pass
2532 253 2579 317 ι.
2613 283 2679 299 -
2708 252 3083 319 comm.
3114 257 3291 314 BIBL.
3582 262 3671 329 no

2064 373 2227 463 Atim
2251 380 2316 430 ut
2344 376 2532 449 pulsat
2549 377 2840 437 hominem
2870 380 3115 452 perﬁcit:
3147 382 3377 439 moritur
3392 400 3510 440 vero
3527 361 3672 463 quan.

517 468 607 537 4n
623 469 919 536 ignoratis,
934 467 1170 535 fratres?
1184 465 1242 521 id
1263 470 1350 520 est
1363 464 1619 541 nunquid
1638 462 1909 537 ignoratis
1922 480 2044 537 quae

447 540 555 633 ego
565 555 817 613 dicturus
837 572 962 610 sum
978 579 991 614 :
1011 556 1305 613 scientibus
1317 556 1466 608 enim
1486 536 1652 620 legém
1670 536 1880 623 loquor,
1908 536 2043 623 quia

448 646 535 702 ιω
562 648 625 701 in
652 645 1217 703 hominedom-inatur
1235 648 1444 717 quanto
1474 642 2044 710 temporevivit.Com-

447 732 668 809 paratio
688 738 774 787 est
801 732 859 789 in
885 732 990 787 hoc
1008 732 1151 795 loco,
1175 735 1232 786 et
1258 730 1318 787 in
1347 730 1712 805 sequentibus
1740 746 1776 785 a
1802 730 1926 810 lege
1946 729 2046 787 hu-

446 812 618 875 mana
643 820 882 885 tendens
910 820 981 885 ad
1008 820 1253 876 divinam
1283 820 1488 891 legem,
1505 819 1621 875 sive
1653 836 1687 875 a
1714 819 1837 893 lege
1868 818 2046 893 Moysi

447 908 518 985 ad
547 910 727 982 legem
758 908 1046 987 Evangelii
1074 908 1338 983 gentibus
1358 908 1680 980 Judaeisque
1709 907 2046 979 loquebatur

446 998 748 1073 Apostolus
781 998 1166 1057 habitantibus
1194 999 1405 1066 Roma,
1429 1014 1491 1051 ex
1523 997 1727 1069 quibus
1757 996 1935 1053 Judaei
1962 997 2044 1052 le-

443 1102 573 1162 gem
603 1080 847 1149 divinam
890 1086 1160 1153 sciebant,
1193 1074 1431 1142 Romani
1484 1101 1707 1157 quoque
1756 1074 1827 1145 ab
1869 1085 2046 1139 Athe-

445 1162 737 1239 niensibus
764 1175 916 1247 leges
944 1175 1054 1231 sibi
1083 1179 1468 1240 mutaverunt,
1497 1188 1737 1244 quorum
1767 1189 1863 1229 rex
1896 1174 2043 1232 Pho—

448 1280 654 1327 ronens
699 1264 1162 1344 legeshumanas
1190 1269 1599 1336 composuerat,
1652 1264 1777 1331 ideo
1800 1263 1944 1320 dixit
1970 1264 2046 1319 le-

445 1369 575 1426 gem
606 1340 912 1417 scientibus
945 1372 956 1406 :
990 1354 1071 1411 De
1114 1340 1238 1423 lege
1275 1352 1496 1424 loquor,
1528 1369 1651 1429 quae
1693 1352 1838 1413 hanc
1876 1351 2049 1415 habet

447 1441 914 1505 consuetudinem
938 1446 1003 1497 nt
1013 1440 1316 1515 unicuique
1330 1440 1546 1515 homini
1564 1441 1691 1501 dom
1700 1440 1888 1496 inetur
1899 1457 2049 1519 quan

445 1536 507 1584 to
533 1536 787 1603 tempore
815 1529 935 1602 ipse
962 1534 1130 1587 homo
1160 1529 1309 1587 vivit.
1342 1530 1509 1587 Verbi
1525 1529 1739 1601 gratia:
1763 1529 2048 1589 Romanus

447 1622 659 1697 quanto
680 1623 933 1689 tempore
971 1616 1123 1687 vivit,
1157 1617 1261 1673 sub
1295 1604 1545 1675 dominio
1589 1617 1855 1674 Romanae
1906 1617 2049 1689 legis

2127 462 2198 516 do
2224 479 2383 518 mens
2403 480 2515 518 non
2528 464 2717 520 obedit
2736 468 2784 537 ej
2794 484 2859 520 ns
2888 468 3232 539 suggestioni
3253 475 3305 527 et
3333 462 3669 529 delectationi.

2194 540 2381 619 Igitur
2390 556 2600 609 vivente
2619 557 2741 608 viro
2755 558 3041 610 vocabitur
3056 573 3198 611 uxor
3215 559 3457 613 adultera
3474 564 3518 617 si
3527 562 3675 631 fuerit

2127 656 2253 695 cum
2275 643 2389 696 alio
2419 645 2566 700 viro.
2596 642 2715 703 Hoc
2739 642 3072 715 simpliciter
3092 644 3499 716 intelligendum
3516 654 3609 714 est,
3628 655 3676 704 et

2128 745 2195 784 eo
2214 729 2380 787 modo
2402 747 2512 803 quo
2542 736 2600 787 et
2626 724 2769 789 illud
2796 732 2857 788 in
2886 733 3203 805 Evangelio.
3231 735 3411 790 Omnis
3431 739 3521 804 ‘qui
3536 738 3679 795 dimi-

2126 820 2261 872 serit
2288 835 2535 884 umorem,
2558 826 2608 874 et
2634 810 2872 877 alteram
2899 823 3144 885 duxerit,
3168 824 3473 885 mwchatur,
3495 830 3677 894 excepta

2126 923 2293 963 causa
2322 909 2753 987 fornicationis:
2777 916 2827 965 et
2850 914 2951 983 qui
2977 912 3262 967 dimissam
3282 898 3442 969 aviro
3467 912 3677 979 duxerit,

2127 996 2432 1073 metiatur
2457 998 2740 1069 (Matthm)
2774 1018 2787 1055 :
2819 1004 2876 1061 et
2904 988 3002 1079 qui
3028 999 3278 1067 dimittit,
3301 999 3348 1055 si
3370 1000 3584 1079 alteram
3601 1004 3678 1079 ac-

2127 1083 2283 1157 cipit,
2305 1091 2363 1141 et
2390 1086 2487 1163 qui
2516 1086 2769 1150 dimissae
2791 1076 3133 1159 copulaverit
3157 1105 3236 1155 se,
3258 1094 3483 1159 uterque
3500 1076 3683 1145 adulte-

2127 1172 2275 1230 rium
2303 1168 2618 1257 perpetrat.
2652 1168 2847 1257 Potest
2874 1182 3065 1235 tamen
3091 1194 3202 1233 non
3230 1168 3598 1233 convenienter
3613 1194 3684 1232 re-

2126 1261 2262 1321 ferri
2305 1263 2377 1321 ad
2422 1252 2644 1335 plebem
2698 1252 3068 1325 Israeliticam
3112 1264 3253 1320 sicut
3300 1269 3355 1323 et
3402 1263 3679 1341 superiora.

2128 1351 2386 1419 Quandiu
2420 1351 2508 1409 lex
2536 1352 2691 1419 vixit,
2724 1352 2781 1413 id
2823 1358 2927 1419 est,
2955 1346 3202 1429 quandiu
3232 1351 3502 1411 observari
3521 1346 3685 1409 debuit

2130 1457 2166 1493 a
2190 1428 2424 1507 Judaeis,
2449 1441 2497 1503 si
2518 1441 2644 1515 quis
2661 1428 2986 1498 Judaeornm
3000 1442 3228 1519 reliquit
3247 1442 3417 1518 illam,
3436 1447 3491 1505 et
3502 1441 3683 1519 cultum

2129 1528 2232 1584 Dei
2251 1528 2386 1594 veri,
2412 1538 2470 1589 et
2500 1547 2562 1586 se
2611 1530 2893 1607 copulavit
2920 1531 3095 1587 errori
3117 1518 3409 1605 gentilium
3437 1518 3684 1587 adoranda

2130 1610 2301 1687 idola,
2332 1608 2556 1675 adulter
2578 1619 2701 1687 fuit.
2735 1620 2895 1677 Unde
2926 1620 3097 1675 etiam
3124 1621 3246 1694 ipsa
3274 1620 3427 1699 plebs
3457 1618 3687 1678 meretrix

445 1706 723 1787 consistit,
757 1707 953 1767 Gallus
984 1714 1042 1762 et
1085 1707 1370 1777 Hispanus
1407 1706 1686 1773 similiter,
1735 1705 1964 1765 Iudaeus
1992 1702 2050 1765 et
2063 1729 2112 1789 Β
2132 1706 2469 1781 appellatur,
2496 1707 2715 1787 dicente
2742 1707 3065 1768 Ezechiele:
3098 1711 3407 1778 Propterea,
3438 1709 3682 1769 meretrie,

445 1794 822 1861 Christianus,
854 1796 1162 1861 monachus
1216 1803 1274 1853 et
1311 1795 1628 1860 canonicus,
1660 1800 1872 1871 quanto
1900 1802 2047 1852 tem-
2129 1798 2269 1853 audi
2288 1798 2515 1853 verbum
2541 1798 2770 1857 Domini
2802 1790 3148 1873 (Ezechmu).
3168 1799 3234 1878 Si
3259 1802 3443 1852 autem
3470 1801 3686 1851 mortuus

442 1900 581 1955 pore
601 1884 811 1952 vivant,
845 1884 949 1940 sub
978 1885 1225 1943 dominio
1254 1885 1393 1956 legis
1421 1901 1539 1939 suae
1567 1885 1775 1940 vivunt.

517 1974 669 2041 Nam
680 1990 798 2049 qua
817 1976 918 2033 sub
936 1977 1056 2028 viro
1075 1980 1150 2028 est
1172 1977 1397 2036 mulier,
1422 1977 1630 2031 vivente
1650 1976 1791 2040 viro,
1808 1976 2044 2047 alligata

446 2065 524 2129 est
552 2064 675 2141 legi.
698 2061 757 2121 id
779 2066 866 2117 est
887 2064 1150 2135 potestati
1170 2062 1273 2117 viri
1297 2079 1311 2118 :
1329 2066 1380 2119 si
1396 2070 1584 2119 autem
1607 2069 1862 2119 mortuus
1873 2065 2047 2131 fuerit

441 2151 535 2202 vir
568 2153 708 2219 ejus,
739 2152 927 2227 soluta
974 2157 1050 2207 est
1105 2167 1141 2205 a
1189 2154 1298 2220 lege
1350 2154 1482 2216 viri,
1515 2152 1822 2211 secundum
1858 2153 2045 2223 legem

447 2235 635 2311 Moysi
667 2242 724 2305 et
750 2238 1055 2311 Evangelii,
1084 2256 1301 2319 necnon
1329 2241 1637 2297 secundum
1667 2242 1820 2317 leges
1847 2243 2045 2297 huma~

446 2340 551 2379 nas
576 2325 686 2380 ista
714 2333 800 2382 est
838 2328 1205 2395 consuetudo,
1249 2332 1315 2382 nt
1358 2329 1577 2383 vivente
1615 2329 1754 2389 viro.
1786 2329 1890 2384 sub
1920 2331 2043 2402 ejus

445 2419 724 2485 potestate
771 2417 847 2473 sit
899 2416 1146 2473 mulier?
1170 2422 1394 2474 mortuo
1424 2434 1553 2471 vero
1580 2417 1696 2484 illo,
1728 2418 1963 2475 solvitur
2008 2435 2044 2473 a

446 2508 727 2575 potestate
749 2506 921 2571 illius,
963 2511 1021 2565 et
1054 2510 1240 2579 potest
1266 2506 1356 2562 cui
1384 2507 1505 2562 vult
1533 2506 1765 2563 nubere.
1798 2508 1901 2562 Vel
1945 2508 2044 2570 ali-

442 2596 568 2649 ter:
603 2593 662 2651 Si
682 2595 960 2669 acceperit
981 2594 1228 2651 Gallicus
1263 2596 1432 2653 homo
1470 2611 1701 2651 uxorem
1730 2596 2042 2652 Romanam

447 2697 677 2759 genere,
701 2670 952 2755 quandin
982 2684 1181 2739 vixerit
1208 2684 1293 2739 vir
1321 2686 1462 2758 ejus,
1494 2684 1598 2739 sub
1644 2702 1712 2740 ea
1744 2685 1867 2757 lege
1900 2686 2045 2741 vivet

443 2784 558 2842 qua
579 2770 663 2824 vir
691 2772 834 2847 ejus,
866 2777 922 2826 et
949 2788 1050 2844 per
1075 2788 1205 2826 eam
1233 2772 1593 2844 respondebit
1616 2772 1965 2845 interrogata
1984 2774 2043 2831 in

443 2846 669 2928 publico
687 2866 936 2917 :mortno
958 2865 1149 2923 autem
1171 2860 1308 2925 viro,
1328 2864 1643 2919 revertetur
1660 2860 1731 2921 ad
1756 2862 2041 2933 propriam

438 2947 645 3023 legem,
686 2952 745 3005 et
789 2948 1053 3023 deinceps
1080 2965 1192 3004 non
1238 2948 1388 3005 vivet
1413 2948 1517 3005 sub
1557 2950 1680 3029 lege
1718 2949 1821 3007 viri
1854 2967 1867 3004 :
1902 2967 2042 3021 prae.

2127 1886 2305 1955 fuerit
2325 1890 2414 1942 vir
2431 1889 2566 1955 eius,
2587 1889 2819 1951 liberata
2837 1893 2916 1941 est
2934 1903 2968 1943 a
2985 1888 3093 1955 lege
3120 1889 3254 1952 viri,
3276 1892 3335 1943 ut
3353 1901 3461 1940 non
3476 1888 3539 1938 sit
3555 1884 3690 1939 adul-

2131 1976 2269 2039 tera,
2297 1977 2346 2029 si
2364 1975 2540 2043 fuerit
2568 1991 2693 2033 cum
2721 1977 2896 2041 altera
2924 1978 3064 2030 viro.
3091 1964 3178 2031 Ad
3199 1964 3441 2031 litteram
3472 1973 3595 2047 satis
3613 1987 3690 2046 pa-

2129 2066 2289 2119 tent:
2334 2062 2394 2120 Si
2417 2068 2609 2127 autem
2639 2069 2897 2143 mortuus
2943 2056 3115 2129 fuerit
3160 2064 3249 2118 vir
3276 2064 3417 2141 ejus,
3448 2054 3503 2119 id
3538 2066 3628 2143 est,
3652 2058 3691 2115 si

2128 2155 2353 2221 mortua
2380 2150 2590 2222 fuerint
2618 2157 2845 2227 peccata
2874 2142 2931 2223 et
2959 2153 3095 2208 vitia
3120 2152 3328 2217 carnis,
3376 2167 3494 2227 quae
3536 2142 3691 2231 solent

2125 2237 2459 2308 plerumque
2479 2238 2759 2294 dominari
2785 2239 3010 2303 animae,
3038 2236 3279 2309 liberata
3306 2243 3391 2295 est
3409 2237 3568 2315 alege
3584 2232 3690 2308 viri,

2123 2326 2181 2381 id
2208 2316 2296 2395 est
2316 2326 2519 2412 Moysi,
2544 2345 2666 2405 qua:
2679 2317 2878 2386 tandiu
2898 2316 3299 2386 dominabatur
3318 2325 3695 2395 homini,quan-

2123 2416 2221 2473 diu
2274 2410 2540 2488 peccabat
2572 2434 2584 2469 :
2635 2422 2693 2477 et
2721 2433 2835 2471 non
2864 2416 2974 2473 erit
2998 2411 3277 2489 adultera,
3329 2415 3376 2470 si
3403 2410 3563 2469 fuerit
3586 2427 3692 2483 cum

2124 2504 2235 2563 alio
2266 2504 2400 2570 viro,
2431 2497 2489 2558 id
2518 2510 2605 2559 est
2632 2518 2760 2560 cum
2788 2498 3032 2575 Christo,
3053 2500 3111 2567 et,
3131 2498 3236 2561 sub
3269 2498 3693 2579 Evangelio.Ani-

2126 2609 2217 2647 ma
2244 2592 2393 2649 enim
2418 2608 2542 2664 qum
2568 2592 2809 2649 liberata
2833 2599 2919 2648 est
2943 2610 2977 2648 a
3014 2591 3276 2671 peccatis,
3311 2588 3526 2654 Christo
3554 2586 3694 2659 debet

2124 2681 2431 2741 adhaerere.

2196 2773 2407 2840 Itaque,
2433 2771 2640 2841 fratres
2671 2774 2783 2826 mei
2809 2778 2859 2827 et
2878 2788 2967 2828 vos
2993 2775 3322 2841 mortiﬁcati
3349 2773 3477 2826 estis
3504 2760 3695 2841 legich

2125 2874 2320 2931 corpus
2341 2857 2567 2914 Christi.
2601 2844 2887 2917 Debuerat
2905 2860 3110 2925 dicere,
3142 2842 3373 2923 Mortua
3402 2855 3486 2914 est
3518 2858 3597 2911 lex
3622 2871 3695 2908 vo-

2122 2947 2227 3015 bis,
2274 2948 2373 3017 sed
2406 2965 2476 3003 ne
2512 2949 2922 3017 scandalizaret
2942 2948 3185 3018 Iudaeos,
3222 2949 3424 3027 quibus
3449 2948 3553 3003 ista
3578 2942 3693 2999 scri-

441 3040 601 3095 terea
629 3036 801 3117 digna
827 3037 1276 3117 consideratione
1297 3038 1754 3111 perpendendnm
1782 3043 1869 3095 est
1894 3039 2036 3099 duos
2116 3030 2301 3102 bebat,
2331 3035 2532 3092 maluit
2554 3032 2740 3093 dicere
2768 3057 2778 3091 :
2815 3028 3137 3113 Mortiﬁcati
3159 3036 3298 3094 estis
3320 3036 3585 3115 legi,quia
3599 3047 3695 3088 non

445 3124 593 3197 viros
619 3126 679 3181 in
707 3126 813 3206 hoc
831 3128 951 3185 loco
970 3127 1338 3201 spiritualiter
1358 3126 1428 3187 ab
1447 3128 1715 3206 Apostolo
1734 3128 2036 3195 introduci,

444 3206 503 3268 et
529 3230 702 3273 unum
728 3202 1043 3273 mulierem.
1075 3215 1231 3279 Unus
1256 3222 1447 3270 autem
1476 3215 1555 3269 vir
1583 3216 1672 3271 lex
1703 3202 2042 3287 intelligitur

443 3302 645 3376 Moysi,
678 3320 800 3375 quae
829 3305 975 3359 sicut
994 3305 1078 3357 vir
1107 3321 1276 3375 super
1304 3321 1554 3370 uxorem,
1586 3305 1668 3358 ita
1691 3305 1789 3358 illa
1812 3292 2042 3383 tenebat

446 3391 751 3453 Dominum
781 3409 951 3466 super
969 3392 1332 3461 lsraeliticam
1349 3392 1568 3465 plebem
1593 3411 1604 3445 :
1640 3394 1785 3449 alter
1805 3408 1934 3448 vero
1960 3378 2043 3448 vir

445 3481 720 3555 accipitur
766 3488 1080 3554 peccatum,
1133 3481 1283 3555 quod
1336 3481 1670 3563 plerumque
1716 3482 2043 3563 dominatur

443 3554 666 3629 animae.
728 3570 982 3629 Mulieris
1034 3576 1225 3631 autem
1284 3554 1533 3636 nomine,
1587 3554 1673 3625 vel
1726 3554 2043 3644 specialiter

439 3646 900 3733 unamquamque
931 3659 1198 3723 animam,
1229 3659 1316 3714 vel
1349 3650 1691 3731 generaliter
1708 3664 1884 3716 totam
1924 3661 2041 3732 ple-

441 3747 571 3807 bem
596 3747 964 3805 Israeliticam
992 3748 1114 3801 vult
1142 3734 1399 3817 intelligi,
1428 3748 1574 3819 quod
1603 3748 1659 3802 in
1680 3748 2043 3820 sequentibus

436 3836 701 3891 distincte
724 3835 962 3906 singulis
981 3835 1039 3891 in
1066 3836 1203 3893 locis
1232 3836 1702 3895 manifestabitur.
1732 3838 1878 3892 Nam
1911 3855 2039 3894 cum

441 3924 578 3984 dicit
600 3925 899 3997 Apostolus
924 3943 937 3979 :
964 3925 1088 3994 Qua:
1108 3928 1209 3980 sub
1231 3929 1353 3983 viro
1382 3932 1456 3981 est
1486 3929 1711 3991 mulier,
1737 3943 1840 3999 per
1858 3927 2039 3985 virum

440 4016 561 4079 vult
577 4014 817 4086 intelligi
841 4015 1025 4089 legem
1045 4016 1245 4089 Moysi,
1269 4032 1371 4089 per
1386 4016 1682 4071 mulierem
1702 4021 1893 4075 autem
1917 4033 2040 4088 spe-

441 4092 660 4171 cialiter
688 4104 997 4177 quamlibet
1023 4105 1293 4171 animam,
1323 4105 1409 4167 vel
1435 4104 1777 4175 generaliter
1818 4092 2037 4176 plebem

440 4193 831 4267 Israeliticam,
858 4198 922 4247 ut
948 4192 1212 4257 diximus,
1247 4209 1371 4262 quae
1407 4193 1512 4246 sub
1539 4193 1665 4263 lege
1707 4184 1887 4267 Moysi
1909 4210 2037 4249 con-

2120 3123 2291 3180 habet
2310 3124 2458 3196 quod
2477 3124 2742 3199 pnniatin
2765 3124 2938 3181 vobis.
2966 3120 3024 3181 Si
3044 3126 3194 3182 enim
3217 3122 3483 3203 dixisset;
3507 3120 3699 3179 Mortua

2123 3220 2209 3289 est
2235 3212 2343 3279 lex,
2375 3208 2847 3268 contristarentur
2875 3221 2932 3269 et
2954 3214 3474 3271 scandalizarentnr
3488 3231 3551 3268 eo
3572 3208 3697 3284 quod

2124 3301 2338 3375 diceret
2364 3301 2520 3355 illum
2550 3294 2822 3377 abolitam
2849 3300 2907 3358 et
2933 3311 3240 3375 mortuam.
3295 3306 3387 3362 Illi
3415 3304 3557 3359 enim
3578 3315 3701 3355 mor-

2123 3388 2320 3447 tiﬁcati
2349 3395 2483 3444 sunt
2513 3388 2623 3462 legi
2642 3391 2699 3445 in
2731 3389 2934 3465 quibus
2966 3392 3102 3447 nihil
3134 3392 3310 3449 habet
3328 3392 3476 3466 quod
3508 3389 3699 3465 puniat.

2125 3479 2266 3534 Cum
2285 3478 2421 3533 dicit
2452 3497 2462 3531 :
2490 3479 2600 3534 Per
2628 3496 2831 3552 corpus
2845 3479 3054 3557 Christi
3087 3482 3418 3553 mortiﬁcati
3449 3480 3575 3541 estis
3590 3473 3702 3549 legi,

2124 3567 2193 3622 de
2223 3586 2333 3641 quo
2381 3585 2612 3641 corpore
2640 3569 2933 3642 loquitur?
2978 3569 3123 3625 Nam
3169 3588 3381 3644 corpus
3412 3564 3608 3647 Christi
3632 3570 3705 3619 est

2126 3657 2273 3727 quod
2303 3658 2607 3730 assumpsit
2632 3658 2689 3712 in
2718 3664 2879 3713 utero
2907 3658 3167 3730 virginali
3196 3679 3211 3712 :
3259 3676 3469 3733 corpus
3518 3651 3704 3725 Christi

2124 3751 2211 3798 est
2230 3752 2347 3800 tota
2373 3746 2618 3801 Ecclesia
2640 3744 2891 3805 ﬁdelium
2931 3766 2942 3801 :
2969 3765 3171 3819 corpus
3201 3749 3415 3803 Christi
3445 3753 3546 3807 est,
3577 3739 3706 3817 quod

2122 3840 2482 3905 consecratur
2508 3835 2567 3889 in
2598 3836 2843 3891 Ecclesia
2873 3836 3145 3907 quotidie.
3177 3839 3437 3909 Apparet
3484 3850 3610 3906 ergo
3649 3830 3708 3885 de

2120 3923 2217 3978 illo
2246 3939 2478 3995 corpore
2503 3922 2708 3981 dixisse
2738 3923 3097 3996 Apostolnm,
3130 3924 3281 4001 quod
3334 3920 3634 3997 assumpsit
3657 3918 3706 3973 in

2124 4019 2283 4067 utero
2305 4008 2583 4087 virginali.
2609 4012 2717 4067 Per
2746 4029 2948 4084 corpus
2978 4028 3145 4068 suum
3172 4031 3307 4092 ergo
3331 4012 3589 4070 Christus
3621 4025 3709 4064 nos

2119 4100 2378 4156 liberavit
2405 4118 2439 4155 a
2463 4096 2604 4172 lege,
2634 4100 2692 4155 id
2731 4107 2836 4177 est,
2870 4119 2970 4174 per
2993 4101 3313 4181 passionem
3348 4101 3595 4175 corporis
3631 4092 3708 4152 sui

2119 4188 2274 4243 dedit
2289 4186 2448 4244 nobis
2464 4188 2851 4245 remissionem
2874 4197 3229 4265 peccatorum
3254 4210 3264 4244 :
3290 4189 3360 4246 ut
3382 4191 3506 4267 jam
3521 4205 3631 4246 non
3649 4182 3710 4241 si-

446 4266 711 4347 sistebat.
745 4279 907 4344 Quod
934 4294 1062 4333 vero
1084 4268 1393 4349 subjungit,
1417 4282 1629 4333 vivente
1654 4283 1774 4339 viro
1798 4266 2035 4348 alligata
2057 4348 2088 4354 _
2116 4295 2244 4332 mus
2269 4276 2504 4349 subjecti
2553 4272 2685 4351 legi,
2734 4279 2783 4333 si
2829 4296 3059 4354 peccare
3111 4266 3441 4354 desistimus
3477 4295 3488 4327 :
3524 4276 3582 4332 Ut
3604 4277 3711 4351 sitis

441 4373 518 4447 est
549 4356 673 4438 legi,
698 4384 799 4439 per
818 4366 1000 4421 virum
1021 4366 1114 4423 hic
1133 4354 1497 4438 vultintelligi
1518 4368 1803 4439 passiones
1833 4370 2035 4433 carnis,
2056 4348 2219 4422 Πὶιοε
2238 4370 2501 4434 alterius,
2526 4366 2578 4422 id
2611 4348 2697 4447 est
2728 4348 2955 4439 Christi,
2989 4371 3088 4438 qui
3115 4385 3183 4422 ex
3211 4352 3454 4423 mortuis
3487 4348 3712 4420 resume

440 4456 499 4517 id
529 4461 616 4512 est
641 4455 797 4521 vitia,
831 4471 955 4533 quia
977 4456 1226 4525 quandiu
1259 4455 1454 4523 vivunt
1483 4456 1539 4511 in
1570 4457 1815 4516 homine.
1840 4459 2039 4529 alliga-

439 4551 533 4605 tus
562 4550 648 4602 est
675 4544 785 4623 legi
808 4532 1006 4621 Moysi,
1038 4560 1161 4623 quae
1189 4532 1326 4600 dicit
1350 4563 1362 4598 :
1407 4544 1465 4601 Si
1506 4545 1631 4617 quis
1659 4546 1764 4601 hoc
1784 4546 1871 4605 vel
1901 4540 2040 4605 illud

438 4635 654 4704 fecerit,
694 4622 879 4715 morte
913 4622 1209 4715 moriatur,
1242 4639 1300 4689 et
1327 4638 1414 4689 est
1442 4650 1641 4691 sensus
1675 4653 1687 4689 :
1720 4635 1925 4691 Anima
1954 4622 2041 4691 vel

436 4723 595 4798 plebs
624 4740 748 4801 qum
775 4710 881 4781 sub
907 4722 1027 4779 viro
1075 4710 1182 4792 est,
1211 4722 1266 4781 id
1299 4727 1385 4777 est
1411 4721 1515 4779 sub
1556 4723 1676 4794 lege
1704 4723 1883 4795 Moysi
1912 4740 2041 4779 con-

439 4800 851 4881 sistit,vivente
866 4810 1004 4885 viro,
1026 4812 1081 4875 id
1105 4818 1191 4871 est
1211 4811 1579 4883 regnantibus
1611 4812 1671 4867 in
1703 4812 1800 4871 illa
1831 4813 2039 4884 passio-

438 4903 606 4981 nibus
637 4906 694 4971 et
722 4886 1186 4967 delectationibus
1213 4906 1270 4954 et
1291 4900 1440 4959 vitiis
1461 4900 1664 4979 carnis,
1688 4901 1946 4972 subjacet
1966 4888 2040 4958 le-

439 4991 527 5071 gis
554 4989 741 5063 Moysi
764 4989 1023 5067 vindictae
1044 5005 1167 5061 quae
1195 4989 1329 5047 data
1369 4993 1456 5044 est
1479 4988 1668 5067 impiis
1699 4995 1757 5045 et
1788 4996 2039 5065 peccato-

436 5075 620 5136 ribus.
675 5076 734 5153 Si
764 5082 955 5153 autem
994 5082 1252 5139 mortuus
1282 5076 1453 5137 fuerit
1477 5077 1562 5131 vir
1594 5078 1737 5151 ejus,
1772 5076 1830 5133 id
1877 5082 1964 5132 est
1991 5074 2037 5137 si

444 5171 673 5235 mortua
700 5165 914 5223 fuerint
928 5169 1159 5235 peccata
1179 5163 1239 5233 in
1263 5164 1454 5223 anima
1479 5170 1538 5233 et
1566 5164 1701 5221 vitia
1721 5165 1924 5233 carnis,
1947 5183 2039 5221 so-

438 5244 567 5331 luta
586 5240 672 5310 est
696 5270 733 5310 a
760 5242 883 5331 lege
904 5250 1031 5318 viri,
1062 5251 1119 5313 id
1142 5257 1230 5308 est
1254 5268 1367 5311 non
1393 5258 1481 5309 est
1499 5242 1619 5325 jam
1649 5246 1899 5323 subjecta
1928 5255 2037 5327 legi

439 5330 722 5413 massica,
754 5330 887 5421 quia
930 5340 1076 5401 nihil
1112 5340 1285 5424 habet
1321 5342 1471 5416 quod
1523 5342 1576 5399 ei
1632 5330 1834 5411 debeat
1884 5364 1895 5397 :
1936 5334 2038 5411 lex

437 5434 585 5490 enim
613 5450 726 5490 non
753 5437 842 5512 est
860 5431 1046 5507 posita
1066 5430 1261 5513 iustis,
1290 5431 1388 5487 sed
1427 5431 1812 5513 peccatoribus
1842 5437 1899 5509 et
1924 5432 2037 5493 im—

435 5523 566 5596 piis.
589 5523 743 5578 Vivit
770 5527 827 5577 et
846 5521 1052 5591 regnat
1078 5526 1373 5591 peccatum
1401 5520 1463 5575 in
1481 5521 1673 5577 anima
1685 5513 1911 5594 quando
1924 5528 2037 5578 sta-

2120 4461 2206 4511 wit
2235 4474 2252 4509 :
2280 4461 2341 4510 ut
2370 4442 2717 4525 fructiﬁcelis
2731 4458 2835 4511 Deo
2859 4475 2874 4509 :
2903 4454 3054 4523 Ideo,
3079 4454 3571 4529 inquit,redempti
3591 4451 3712 4535 estis

2120 4544 2383 4616 passione
2405 4545 2616 4600 Christi
2650 4562 2663 4597 :
2693 4545 2820 4600 ideo
2850 4546 3139 4619 accepistis
3172 4545 3563 4625 remissionem
3603 4557 3713 4615 pec-

2122 4638 2396 4701 catorum,
2430 4638 2495 4688 ut
2509 4633 2630 4709 jam
2659 4650 2773 4689 non
2798 4634 2920 4689 sitis
2952 4633 3188 4734 subjecti
3210 4630 3342 4716 legi,
3360 4635 3463 4713 sed
3484 4632 3713 4713 Christo,

2120 4728 2185 4778 ut
2211 4715 2557 4795 frnctificetis
2586 4722 2722 4797 Deo.
2770 4723 2870 4778 Ille
2901 4715 3204 4802 fructiﬁcat
3242 4715 3359 4779 Deo
3387 4722 3488 4798 qui
3511 4723 3713 4793 animas

2120 4812 2170 4883 ei
2192 4804 2544 4897 multiplicat,
2562 4818 2618 4866 et
2640 4811 2736 4893 qui
2750 4809 2995 4897 acquirit
3012 4828 3108 4867 eas
3123 4811 3290 4887 verbo
3307 4818 3362 4890 et
3383 4813 3640 4891 exemplo

2123 4895 2552 4973 quibuscunque
2581 4898 2781 4973 modis.

2154 4976 2155 4981 “
2191 4989 2328 5051 Cum
2340 4992 2490 5044 enim
2511 5006 2744 5065 essemus
2766 4992 2828 5044 in
2849 5006 3040 5059 carne,
3059 4993 3339 5059 passiones
3343 4996 3715 5064 peccatorum.

2120 5096 2237 5148 qua
2254 5095 2356 5149 per
2370 5078 2538 5149 legem
2552 5064 2747 5151 erant,
2770 5064 3147 5155 onerabantur
3166 5081 3227 5155 in
3241 5070 3509 5155 membris
3524 5074 3718 5151 nostris

2120 5171 2182 5220 ut
2220 5168 2629 5243 fructiﬁcarent
2648 5152 2985 5222 morti.Cnm
3003 5167 3149 5243 enim
3168 5152 3441 5243 essemus,
3456 5156 3719 5239 inquit,in

2120 5240 2371 5321 carne,id
2389 5242 2549 5331 est
2572 5273 2670 5329 spe
2703 5273 2894 5331 rerum
2922 5240 3230 5333 carnalium
3248 5240 3416 5329 positi
3439 5242 3578 5313 etin
3600 5271 3719 5333 con-

2119 5338 2477 5417 cupiscentiis
2490 5344 2824 5410 carnalibus,
2842 5330 3129 5418 passiones
3151 5328 3539 5427 peccatorum,
3571 5340 3721 5423 adul-

2116 5435 2325 5509 terium
2354 5435 2628 5501 videlicet,
2648 5435 2865 5515 rapina,
2882 5434 3394 5516 homicidium,quze
3406 5420 3516 5516 per
3542 5420 3718 5507 legem

2117 5521 2283 5587 erant
2306 5524 2544 5595 cognite:
2572 5510 2912 5593 hominibus,
2946 5514 3002 5579 et
3031 5510 3154 5599 quae
3178 5540 3279 5603 per
3525 5518 3724 5603 cogno-
