3850 6168
155 287 230 348 421

805 279 1186 340 EXPOSITIO
1215 280 1292 340 IN
1324 280 1479 338 EPP.
1512 280 1570 334 S.
1600 281 1675 336 PA

1782 282 1839 340 .I.
1873 310 1939 323 —
1968 281 2048 342 IN
2077 282 2300 346 ΕΡΙΒΤ.
2335 284 2433 346 ΑΙ)
2461 282 2636 344 ROM.

151 409 394 465 scebantur
413 421 530 460 esse
547 407 792 476 peccata,
817 403 1197 475 operabantur
1214 403 1273 459 in
1293 403 1558 458 membris
1580 421 1675 459 no-
1696 407 1746 469 Α
1760 406 1941 476 primo
1959 406 2175 462 homini
2202 426 2214 462 :
2241 408 2716 478 consideransque
2744 408 2946 478 legem,
2976 408 3190 467 invenit
3224 428 3334 482 quo

151 499 250 554 stris
276 496 387 550 vitia
412 501 464 549 et
505 500 751 564 peccata,
798 499 863 547 ut
909 493 1313 547 fructiﬁcarent
1357 493 1544 560 morti,
1578 494 1682 548 hoc

147 592 226 653 est,
253 589 306 638 ut
346 587 566 637 mortem
597 587 864 636 aeternam
911 581 1072 636 nobis
1115 581 1488 652 acquirerem.
1523 583 1681 638 Sicut

148 675 263 730 enim
289 672 369 744 qui
395 671 558 726 servit
587 670 906 736 virtutibus,
951 669 1248 725 fructificat
1277 671 1402 724 vita
1430 676 1670 735 aeternae,

144 763 245 836 quia
270 761 417 814 vitam
446 764 712 814 aeternam
743 759 984 830 acquirit
1029 777 1039 810 :
1087 759 1167 813 ita
1198 759 1292 829 qui
1323 760 1494 814 servit
1523 760 1672 815 vitiis

146 856 338 908 mortem
363 855 618 902 aeternam
647 847 750 902 sibi
777 847 1034 919 acquirit.
1057 848 1410 916 Stipendium
1441 850 1589 904 enim
1621 856 1679 906 et

141 938 460 997 remuneratio
479 940 689 1005 peccati
719 953 867 990 mors
895 935 1105 990 aeterna.
1133 943 1219 990 est
1246 939 1414 1009 (Rom.
1446 947 1543 998 v1).

194 1031 328 1082 Nunc
351 1033 527 1079 autem
553 1028 722 1079 soluti
752 1041 965 1092 sumus,
990 1042 1090 1096 per
1117 1026 1436 1096 passionem
1467 1027 1675 1082 Christi

142 1122 184 1171 et
197 1132 280 1188 per
298 1114 641 1188 baptismum,
659 1130 694 1168 α
726 1116 832 1181 lege
853 1116 1066 1177 mortis,
1095 1114 1151 1167 id
1172 1121 1259 1169 est
1277 1131 1309 1168 a
1329 1115 1451 1184 lege
1474 1116 1672 1186 Moysi,

140 1220 234 1278 qua
257 1209 468 1256 mortem
493 1202 768 1256 inferebat
790 1202 1194 1273 peccatoribus,
1221 1207 1282 1256 in
1307 1220 1418 1272 qua
1448 1206 1676 1258 destine-

141 1295 314 1357 ba-mur,
343 1290 602 1346 subaudis
641 1296 944 1361 antequam
984 1308 1085 1362 per
1113 1291 1401 1346 Christum
1430 1294 1675 1346 solvere-

136 1396 262 1435 mur:
287 1383 354 1434 ita
382 1385 438 1432 ut
464 1383 770 1433 serviamus
798 1384 860 1436 in
889 1385 1124 1435 novitate
1143 1385 1376 1449 spiritus
1399 1386 1445 1435 et
1470 1398 1581 1436 non
1610 1386 1673 1436 in

136 1474 347 1522 vetustate
377 1471 582 1522 litterae.
611 1467 678 1522 In
709 1474 984 1522 vetustate
1014 1469 1214 1524 litterae
1243 1471 1414 1524 servit
1445 1471 1540 1540 qui
1570 1471 1674 1524 cir-

133 1558 471 1613 cumcisionem
489 1563 546 1612 et
556 1557 850 1613 sabbatum
869 1559 1169 1614 carnaliter
1183 1564 1450 1623 servat,et
1466 1560 1558 1630 qui
1574 1577 1674 1630 per

1766 496 1930 550 modo
1947 513 2047 567 per
2060 498 2563 567 transgressionem
2575 497 2695 567 ejus
2708 503 2894 566 posset
2909 498 3066 552 illum
3088 499 3360 557 damnare

1763 601 1928 655 quem
1960 590 2128 638 antea
2155 585 2521 642 damnaverat
2560 603 2661 656 per
2701 586 2973 655 originale
3017 592 3308 658 peccatum
3340 608 3354 644 :

1760 679 1816 728 et
1865 679 2093 744 accepta
2148 675 2456 744 occasione,
2510 691 2611 746 per
2664 676 3166 745 transgressionem
3219 677 3358 748 legis

1754 759 2122 815 inﬂammavit
2154 762 2334 826 illum,
2377 777 2491 818 non
2520 764 2700 817 solum
2730 763 2799 816 ad
2845 765 3357 834 concupiscentiam

1759 847 2027 914 libidinis,
2051 850 2150 904 sed
2177 852 2428 908 omnium
2450 852 2737 915 vitiorum,
2761 860 2824 906 ut
2843 869 2945 923 per
2965 855 3358 924 concupiscen-

1759 938 1899 992 tiam
1928 938 2087 992 ﬁeret
2115 940 2507 1008 praevaricator
2537 941 2698 1010 legis.
2731 941 2873 995 Nam
2904 941 3012 996 hoc
3039 942 3208 997 habet
3231 960 3358 1014 pro-

1761 1026 1942 1096 prium
1967 1044 2067 1098 per
2086 1029 2592 1096 transgressionem
2615 1030 2874 1085 humanae
2899 1031 3104 1084 mentis
3123 1031 3357 1088 inﬁrmi-

1758 1122 1863 1179 tas,
1895 1122 1962 1170 ut
1999 1115 2284 1171 difficilius
2313 1117 2598 1171 observari
2639 1118 2854 1188 possint
2879 1120 3180 1190 prohibita.
3225 1122 3358 1176 Sine

1757 1207 1906 1259 enim
1948 1207 2054 1272 lege
2093 1205 2359 1267 naturali,
2390 1207 2476 1260 vel
2507 1205 2708 1276 Moysi,
2745 1214 3029 1274 peccatum
3067 1216 3355 1266 mortuum

1756 1297 1896 1358 erat,
1922 1291 1978 1346 id
2035 1298 2121 1347 est
2164 1293 2396 1358 latebat,
2448 1293 2834 1363 ignorabatur,
2868 1309 2980 1348 non
3027 1297 3351 1367 apparebat.

1754 1381 2071 1451 Antequam
2095 1382 2183 1437 lex
2207 1382 2482 1436 naturalis
2497 1388 2554 1435 et
2574 1382 2896 1436 intellectus
2917 1383 3150 1455 incipiat
3169 1386 3358 1456 vigere

1755 1469 1814 1524 in
1860 1470 2123 1539 parvulis,
2171 1471 2407 1541 aliisque
2454 1471 2797 1536 hominibus,
2855 1472 2988 1526 licet
3041 1474 3359 1543 percutiant

1753 1564 1970 1628 patrem
2003 1564 2060 1612 et
2100 1565 2360 1626 matrem,
2393 1566 2450 1613 et
2490 1561 2828 1616 maledicant
2869 1562 3214 1632 parentibus,
3245 1580 3358 1620 non

133 1647 363 1702 carnalem
383 1646 790 1702 observantiam
813 1646 954 1717 legis
981 1635 1144 1718 putat
1172 1665 1232 1702 se
1260 1649 1460 1702 salvari
1484 1665 1666 1718 posse.
1691 1686 1737 1750 Β
1757 1652 2005 1716 peccant.
2027 1649 2329 1718 Postquam
2353 1654 2543 1702 autem
2565 1650 2632 1703 ad
2657 1649 2940 1719 legitimos
2955 1666 3133 1704 annos
3153 1651 3360 1706 intellia-

129 1735 203 1793 Ille
228 1751 338 1789 vero
365 1735 533 1789 servit
576 1736 636 1790 in
686 1736 934 1790 novitate
975 1736 1228 1807 spiritus,
1256 1737 1356 1806 qui
1380 1738 1672 1792 circumci-

129 1823 300 1878 sionem
325 1824 688 1896 spiritualiter
710 1831 912 1884 servat.
937 1831 995 1878 et
1017 1825 1367 1881 circumcidit
1386 1842 1482 1880 cor
1505 1843 1671 1881 suum

125 1910 178 1964 ab
207 1912 438 1968 omnibus
484 1913 657 1976 vitiis,
707 1919 764 1968 et
811 1913 1050 1985 quiescit
1099 1930 1133 1968 a
1180 1931 1350 1984 pravo
1387 1931 1576 1984 apere,
1616 1924 1674 1970 et

128 2007 288 2055 cetera
313 2018 428 2072 quae
453 2002 538 2056 lex
571 2003 735 2057 docet
761 2002 1131 2076 spiritualiter
1168 2003 1434 2074 intelligit
1477 2011 1534 2058 et
1569 2005 1672 2058 ad-

126 2089 296 2160 implet.

178 2179 297 2245 Quid
342 2196 463 2248 ergo
516 2183 809 2238 dicemus?
861 2183 965 2237 Lex
1015 2187 1298 2250 peccatum
1340 2187 1462 2236 est?
1496 2183 1668 2250 Absit,

126 2272 171 2346 ut
213 2268 287 2342 lex
329 2285 445 2340 quae
495 2276 727 2340 peccata
769 2271 1029 2342 prohibet
1073 2287 1244 2325 causa
1269 2271 1482 2340 peccati
1513 2270 1673 2326 nobis

124 2353 226 2408 data
250 2356 331 2410 sit.
362 2358 539 2412 Judex
591 2359 819 2430 quidem
866 2366 952 2413 est
997 2365 1375 2430 peccatorum.
1420 2365 1476 2414 et
1513 2359 1675 2415 docet

125 2443 225 2512 quid
253 2445 317 2500 sit
339 2448 716 2522 appetendum
745 2454 802 2502 et
831 2448 963 2520 quid
993 2448 1306 2510 vitandum,
1334 2465 1445 2502 non
1474 2456 1560 2504 est
1586 2457 1674 2502 ta-

122 2547 221 2586 men
245 2537 510 2605 operatrix
551 2537 786 2608 peccati,
815 2554 996 2607 neque.
1023 2554 1192 2592 causa
1223 2539 1419 2592 mortis
1451 2544 1536 2592 est
1564 2536 1674 2592 illis

124 2621 194 2689 qui
216 2630 446 2693 peccant.
469 2625 644 2680 Verbi
672 2626 892 2695 gratia:
921 2626 1076 2685 Sicut
1107 2627 1355 2682 medicus
1380 2627 1474 2698 qui
1498 2627 1676 2680 homi-

121 2724 219 2762 nem
270 2714 520 2782 probibet
569 2713 856 2768 abstinere
899 2732 934 2768 a
981 2715 1120 2769 cibis
1169 2715 1474 2770 mortiferis
1531 2723 1587 2768 et
1642 2732 1677 2769 a

121 2811 249 2852 succo
266 2810 542 2858 venenatae
592 2804 797 2867 herbae,
825 2804 869 2857 si
900 2804 995 2858 ille
1019 2805 1325 2858 comederit
1350 2810 1450 2858 aut
1472 2802 1676 2857 biberit

118 2894 274 2941 contra
289 2897 630 2962 praeceptum
651 2891 874 2954 medici,
894 2897 950 2945 et
970 2897 1228 2946 mortuus
1247 2892 1436 2958 fuerit,
1455 2907 1566 2945 non
1586 2891 1674 2944 id-

118 2973 232 3030 circo
257 2985 332 3032 est
360 2981 618 3035 medicus
640 2997 809 3034 causa
840 2981 1039 3035 mortis
1067 2981 1219 3034 illius
1247 2981 1336 3035 cui
1367 2980 1672 3051 prohibuit,

115 3065 190 3118 sed
207 3066 309 3137 ipse
329 3069 431 3122 sibi
455 3077 545 3124 est
579 3086 751 3124 causa
780 3071 978 3124 mortis
999 3070 1094 3142 qui
1123 3071 1367 3126 comedit
1395 3071 1464 3124 de
1487 3069 1676 3141 prohi-

1753 1735 1957 1803 gentiae
1989 1736 2365 1804 pervenerint,
2391 1737 2437 1790 si
2465 1737 2675 1807 aliquid
2701 1738 2812 1792 tale
2841 1738 3078 1792 fecerint
3103 1747 3356 1810 peccant,

1755 1829 1812 1877 et
1865 1824 2170 1878 vindictam
2227 1825 2526 1894 recipiunt.
2590 1826 2860 1880 Similiter
2911 1833 3215 1897 antequam
3271 1830 3359 1884 lex

1754 1910 1936 1980 Moysi
1967 1913 2099 1968 data
2127 1919 2292 1977 esset,
2316 1919 2478 1968 erant
2509 1913 2764 1983 quaedam
2796 1920 3024 1984 peccata
3051 1931 3176 1985 quae
3202 1916 3358 1986 igno-

1755 2000 2025 2056 rabantur
2070 2008 2296 2072 peccata
2337 2018 2482 2068 esse,
2521 2019 2644 2073 quae
2693 2003 2994 2058 commissa
3039 2020 3153 2058 non
3182 2010 3355 2062 tanta;

1752 2091 2126 2161 gravitudinis
2174 2097 2381 2146 erant:
2429 2091 2514 2145 vel
2561 2091 2730 2145 etiam
2779 2091 2826 2145 si
2879 2091 3360 2161 cognoscebantur

1755 2199 1878 2238 esse
1909 2190 2155 2253 peccata,
2188 2182 2402 2236 latebat
2430 2199 2542 2253 qua
2571 2197 2737 2253 paena
2765 2183 2938 2252 digna
2966 2187 3177 2238 essent.

1827 2272 1942 2342 Ego
1972 2277 2161 2326 autem
2191 2271 2440 2325 vivebam
2467 2271 2587 2328 sine
2617 2271 2740 2340 lege
2759 2271 3082 2340 aliquando.
3113 2272 3184 2326 Se
3203 2272 3364 2342 ponit

1757 2377 1858 2431 pro
1877 2360 2156 2424 omnibus,
2181 2365 2239 2414 et
2268 2365 2352 2414 est
2379 2376 2614 2414 sensus:
2641 2360 2965 2430 aliquando,
2989 2360 3046 2414 id
3075 2368 3181 2426 est,
3205 2367 3364 2416 ante-

1758 2465 1925 2520 quam
1949 2450 2128 2520 legem
2143 2464 2536 2518 cognoscerem
2551 2448 2735 2502 vivere
2750 2464 2840 2501 me
2855 2447 3175 2502 arbitrabar
3186 2453 3357 2516 recte,

1757 2554 1884 2594 cum
1916 2554 2057 2608 pene
2105 2537 2366 2592 omnibus
2407 2537 2557 2590 vitiis
2585 2536 2946 2590 deservirem.
2991 2537 3097 2593 Sed
3124 2544 3252 2592 cum
3277 2555 3361 2593 vc:-

1759 2631 1921 2681 nisset
1956 2628 2288 2681 mandatum
2318 2625 2458 2694 legis
2489 2626 2667 2695 Moysi
2714 2625 2906 2678 dicens
2941 2643 2954 2678 :
2988 2626 3046 2680 Si
3086 2626 3212 2696 quis
3253 2626 3360 2681 hoc

1756 2716 1843 2770 vel
1871 2715 2010 2769 illud
2055 2714 2249 2770 fecerit
2291 2721 2472 2767 morte
2502 2713 2794 2778 moriatur,
2818 2719 3103 2781 peccatum
3133 2717 3354 2767 revixit.

1757 2803 1904 2858 Illud
1925 2804 2134 2860 dicitur
2149 2805 2478 2859 reviviscere
2499 2803 2646 2874 quod
2661 2804 2779 2872 jam
2803 2801 2957 2856 vixit.
2979 2802 3049 2855 Et
3068 2807 3360 2872 peccatum

1757 2892 1813 2951 in
1840 2892 2022 2962 primo
2045 2893 2271 2963 quidem
2299 2892 2525 2947 homine
2543 2890 2680 2944 vixit
2700 2889 2795 2960 qui
2816 2889 3060 2943 scienter
3079 2889 3356 2960 peccavit;

1758 2987 1816 3034 et
1842 2981 1900 3034 in
1929 2981 2065 3036 Cain
2097 2981 2193 3052 qui
2223 2981 2400 3037 dixit:
2428 2982 2609 3048 Major
2633 2985 2710 3033 est
2739 2981 3013 3046 iniqui-tas
3043 2995 3162 3032 mea
3191 2994 3361 3048 quam

1758 3077 1819 3126 ut
1857 3075 2078 3125 veniam
2109 3087 2326 3148 merear
2349 3071 2508 3139 (Gen.
2540 3073 2618 3138 Iv)
2636 3078 2659 3134 ς’
2685 3067 2784 3122 sed
2811 3067 2873 3122 in
2903 3066 3037 3121 ﬁliis
3065 3067 3187 3138 ejus
3216 3081 3366 3120 mora

3246 280 3466 345 422-

116 3150 216 3258 rbnis
263 3172 275 3210 :
323 3158 400 3216 ita
445 3160 537 3214 lex
601 3176 723 3232 quae
777 3159 1108 3234 prohibebat
1149 3164 1395 3230 peccata,
1437 3160 1626 3214 dicens
1655 3178 1666 3212 :
1692 3199 1734 3258 Ο
1756 3165 1916 3214 tuum
1942 3167 2030 3214 est
2048 3160 2145 3230 qui
2167 3160 2237 3214 ad
2257 3165 2480 3214 tantum
2503 3159 2878 3229 pervenerunt
2895 3171 3147 3210 errorem
3167 3160 3232 3209 ut
3248 3162 3364 3258 non

115 3240 158 3295 Si
179 3243 283 3314 quis
323 3246 424 3302 hoc
449 3249 538 3302 vel
579 3248 719 3302 illud
749 3248 959 3313 fecerit,
1006 3257 1186 3302 morte
1217 3249 1508 3310 moriatur,
1541 3265 1672 3319 pec-
1693 3240 1734 3258 υ
1758 3255 2019 3320 putarent
2051 3265 2174 3302 esse
2205 3254 2494 3320 peccatum
2517 3246 2668 3318 quod
2697 3251 2821 3300 erat
2851 3251 3158 3316 peccatum.
3185 3243 3364 3299 Adva~

114 3333 324 3388 cantibus
345 3343 400 3390 et
429 3354 494 3392 ea
524 3337 868 3392 facientibus
893 3354 1015 3410 quae
1035 3338 1160 3409 ipsa
1187 3337 1536 3409 prohibebat,
1559 3355 1672 3394 non
1754 3338 1943 3392 niente
1973 3345 2165 3392 autem
2205 3339 2328 3408 lege
2358 3337 2536 3408 Moysi
2566 3334 2765 3390 revixit
2794 3334 2943 3406 quod
2971 3338 3222 3405 cmperat
3246 3348 3362 3388 nan

113 3426 207 3474 erat
229 3439 384 3478 causa
412 3426 639 3488 mortis,
673 3427 769 3480 sed
796 3427 903 3496 ipsi
941 3427 1036 3498 qui
1078 3422 1524 3496 transgressores
1554 3428 1671 3482 exi-

113 3507 311 3579 stebant,
334 3521 495 3568 erant
527 3514 642 3568 sibi
670 3531 843 3588 causa
869 3533 982 3569 suae
1004 3517 1522 3572 damnationis.Sed
1552 3532 1675 3586 pec-

112 3603 259 3654 catum
294 3617 400 3656 non
428 3604 679 3673 cognovi
708 3603 816 3658 nisi
845 3621 945 3675 per
974 3605 1174 3674 legem,
1203 3604 1257 3657 id
1303 3611 1406 3667 est,
1451 3621 1674 3674 poenam

112 3691 155 3737 et
191 3689 467 3747 vindictam
511 3693 734 3764 peccati
784 3709 894 3746 non
931 3693 1182 3762 cognovi,
1217 3692 1322 3745 nisi
1365 3709 1463 3763 per
1493 3693 1676 3762 legem

113 3788 208 3842 qua
231 3780 380 3847 punit
408 3788 667 3851 peccata,
712 3781 798 3834 vel
839 3781 1009 3834 etiam
1039 3781 1294 3852 quaedam
1329 3782 1478 3835 mala
1507 3798 1678 3852 opera

110 3875 198 3915 non
221 3869 615 3936 cognoscebam
648 3869 782 3939 quia
811 3879 1101 3939 peccatum
1144 3876 1350 3934 essent,
1388 3886 1679 3941 usquequo

111 3947 175 4003 lex
196 3955 345 4010 venit.
380 3957 557 4012 Erant
617 3958 772 4010 enim
820 3957 1076 4028 quadam
1123 3963 1367 4028 peccata,
1400 3975 1522 4028 qua:
1565 3975 1677 4012 non

109 4039 408 4104 putabantur
435 4052 574 4101 ante
599 4047 784 4116 legem
817 4062 938 4098 esse
964 4052 1208 4116 peccata,
1229 4046 1374 4101 sicut
1395 4053 1517 4100 erat
1542 4065 1674 4118 pec-

111 4133 259 4184 catum
283 4133 752 4205 concupiscentiae
781 4134 850 4188 de
877 4151 987 4204 quo
1034 4135 1152 4205 ipse
1181 4134 1504 4206 subjungit:
1541 4152 1674 4190 nam

109 4224 568 4288 concupiscentiam
600 4222 870 4288 libidinis,
904 4222 1257 4295 aliarumque
1277 4225 1558 4281 malarum
1583 4241 1674 4278 re-

1753 3427 1936 3481 vivere
1963 3427 2188 3497 quando
2218 3426 2448 3481 latebat.

1825 3517 1934 3584 Ego
1961 3521 2147 3570 autem
2168 3524 2424 3570 mortuus
2452 3531 2597 3577 sum,
2627 3513 2684 3568 id
2708 3517 2794 3567 est
2814 3511 3048 3582 dignum
3070 3528 3160 3566 me
3180 3517 3364 3566 morte

1755 3604 2003 3658 intellexi
2038 3623 2049 3658 :
2093 3609 2392 3674 postquam
2423 3603 2612 3673 accepi
2658 3602 2840 3672 legem
2873 3607 2929 3655 et
2970 3605 3363 3670 transgressus

1758 3710 1883 3748 sum
1916 3709 2041 3748 eam
2063 3712 2074 3746 :
2099 3699 2147 3747 et
2170 3697 2461 3748 inventum
2483 3697 2556 3745 est
2574 3692 2718 3744 mihi
2735 3691 3064 3743 mandatum
3083 3691 3226 3756 quod
3241 3695 3364 3742 erat

1762 3784 1834 3836 ad
1849 3786 2042 3845 vitam,
2069 3784 2162 3836 hoc
2183 3798 2288 3835 esse
2307 3783 2380 3834 ad
2397 3786 2648 3834 mortem.
2672 3781 2879 3833 Sensus
2902 3777 3224 3848 hujusmodi
3245 3784 3357 3831 est:

1762 3870 1906 3928 lllud
1935 3871 2266 3926 mandatum
2288 3869 2436 3940 quod
2463 3868 2602 3922 mihi
2622 3867 2693 3922 ad
2714 3868 2818 3922 hoc
2838 3867 3031 3921 datum
3061 3870 3163 3932 est,
3189 3872 3250 3920 ut
3271 3865 3366 3920 ob»

1761 3965 2014 4015 servatur
2057 3965 2114 4013 et
2162 3958 2502 4012 custoditum
2553 3957 2851 4027 proliceret
2896 3955 2968 4008 ad
2999 3955 3166 4008 vitam
3197 3959 3363 4010 eter-

1759 4066 1910 4115 nam,
1946 4048 2265 4117 neglectum
2296 4045 2558 4117 perduxit
2585 4045 2655 4099 ad
2697 4049 2938 4098 mortem
2969 4049 3259 4098 aeternam.
3293 4043 3364 4097 Et

1754 4139 1835 4196 ita
1861 4137 2073 4196 factum
2115 4141 2201 4191 est
2243 4140 2308 4190 ut
2354 4133 2503 4206 quod
2550 4133 2690 4188 mihi
2721 4149 2824 4205 pro
2853 4131 2998 4187 bono
3028 4132 3225 4187 datum
3254 4135 3359 4197 est,

1755 4243 1881 4280 meo
1909 4225 2043 4280 vitio
2073 4228 2389 4279 mutaretur
2418 4222 2477 4276 in
2504 4221 2738 4276 malum.

109 4318 208 4358 rum
229 4314 548 4381 nesciebam,
570 4311 844 4367 subaudis
863 4319 1149 4382 peccatum
1168 4329 1308 4377 esse,
1335 4316 1449 4368 nisi
1473 4315 1558 4368 les:
1581 4315 1671 4386 di-
1693 4316 1742 4374 D
1829 4317 1976 4370 Nam
1999 4319 2303 4382 peccatum,
2325 4312 2379 4366 id
2409 4316 2498 4366 est
2516 4309 2773 4365 diabolus
2795 4314 2993 4364 auctor
3016 4309 3252 4380 peccati,
3272 4325 3362 4364 oco

106 4402 214 4448 ceret
241 4416 256 4448 :
283 4401 402 4455 Non
434 4404 807 4470 concupisces.
839 4402 947 4456 Per
980 4401 1491 4474 concupiscentiam
1522 4403 1673 4460 enim

109 4477 459 4556 intelliguntur
500 4495 562 4544 et
609 4490 724 4546 alia
769 4492 1102 4564 quamplura
1131 4497 1359 4563 peccata
1391 4505 1512 4559 quae
1542 4499 1675 4547 ante

106 4567 248 4639 ¹θεεω
271 4576 691 4646 ignorabantur
715 4596 836 4634 esse
863 4587 1092 4652 peccata
1119 4580 1206 4636 vel
1243 4597 1356 4652 qua
1383 4596 1550 4652 paena
1586 4577 1674 4636 di-

107 4672 195 4723 gna
219 4673 412 4724 essent.

164 4749 421 4810 Occasione
453 4763 656 4812 autem
678 4763 1206 4828 accepta,peccatum
1218 4775 1322 4827 per
1341 4760 1676 4812 mandatum

108 4835 227 4904 19913.
240 4851 522 4910 operatum
543 4852 625 4900 est
649 4849 712 4902 in
727 4864 813 4900 me
826 4863 1046 4902 omnem
1067 4850 1579 4916 concupiscentiam.
1597 4847 1677 4904 Ex

104 4938 307 4992 Persona
321 4933 659 4992 Judaeorum
684 4935 937 5008 loquitur
965 4937 1266 5009 Apostolus
1286 4935 1676 5008 penitentiam

107 5019 350 5082 agentium
385 5041 398 5076 :
430 5025 519 5078 vel
551 5041 624 5078 ex
671 5040 911 5098 persona
950 5025 1394 5098 uniuscujusque
1431 5025 1677 5080 hominis

105 5105 453 5170 pmnitentiam
485 5112 738 5183 agentis.
763 5114 908 5167 Nam
937 5115 1159 5184 quando
1181 5114 1292 5170 ista
1317 5113 1673 5184 loquebatur,

105 5195 255 5259 gratia
294 5197 662 5271 baptismatis
683 5201 1025 5272 justificatus
1054 5209 1195 5258 erat.
1234 5203 1457 5258 Peccati
1487 5208 1678 5264 autem

106 5283 294 5363 nomine
319 5286 376 5344 in
404 5288 518 5344 isto
552 5290 681 5346 loco
713 5289 910 5346 beatus
935 5291 1266 5346 Ambrosius
1293 5291 1413 5346 vult
1438 5291 1679 5363 intelligi

106 5362 370 5458 tliabolum,
412 5379 513 5458 qui
573 5384 670 5433 est
719 5385 913 5434 auctor
962 5381 1200 5456 peccati.
1251 5379 1466 5436 Videris
1527 5362 1677 5436 enim

105 5452 323 5518 diabolus
360 5452 495 5544 quia
532 5484 646 5540 per
699 5467 1108 5526 observantiam
1160 5452 1305 5540 legis
1356 5469 1680 5528 redditurus

105 5558 229 5612 esset
251 5553 410 5616 homo
457 5557 534 5618 ad
578 5555 828 5625 veniam,
876 5557 1076 5624 invidit
1108 5558 1319 5616 iterum
1348 5558 1420 5627 ei,
1451 5558 1599 5632 sicut
1625 5563 1684 5614 et

1757 4408 1971 4460 casione
2008 4408 2222 4471 accepta
2246 4418 2348 4470 per
2381 4402 2712 4456 mandatum
2741 4399 2903 4470 legis,
2945 4414 3010 4454 eo
3051 4398 3218 4454 modo
3247 4414 3360 4468 quo

1758 4492 2016 4564 superius
2043 4491 2304 4551 diximus.
2335 4492 2550 4544 seduxit
2581 4505 2686 4550 me,
2717 4493 2775 4542 et
2805 4487 3026 4560 decepit
3056 4504 3146 4542 me
3179 4487 3364 4542 dulce.-

1757 4584 1887 4637 dine
1925 4579 2139 4652 peccati
2180 4586 2238 4636 et
2277 4576 2762 4648 concupiscentiae,
2802 4582 2868 4632 ut
2903 4591 2973 4630 ea
2999 4575 3296 4644 implerem
3327 4590 3365 4628 ι

1759 4671 1962 4744 quibus
2004 4671 2093 4732 lex
2135 4668 2414 4740 prohibet,
2447 4672 2497 4722 et
2546 4681 2647 4734 per
2688 4665 2836 4718 illud
2869 4663 3222 4728 mandatum,
3254 4661 3361 4716 hoc

1758 4765 1862 4827 est,
1895 4775 1995 4830 per
2038 4757 2551 4829 transgressionem
2597 4751 2870 4818 mandati,
2926 4753 3122 4806 occidit
3162 4763 3254 4804 me
3297 4749 3361 4804 in

1759 4849 1972 4905 anima.
2214 4871 2216 4873 -

1830 4939 2020 5007 Itaque
2042 4938 2126 4991 lea:
2145 4936 2364 5004 quidem
2383 4936 2574 4987 sancta
2593 4934 2642 4983 et
2663 4929 2996 4986 me:th
3018 4932 3293 4992 summm,
3309 4932 3360 4982 et

1749 5031 1971 5097 justum
2000 5031 2052 5082 et
2083 5027 2303 5084 bonum.
2333 5023 2519 5078 Unum
2540 5017 2873 5076 mandatum
2896 5017 3084 5088 accipe
3109 5031 3213 5089 pro
3241 5032 3360 5072 om-

1758 5115 1925 5172 nibus
1973 5113 2278 5170 mandatis.
2309 5113 2420 5167 Lex
2465 5113 2677 5172 sancta,
2713 5107 2885 5176 .justa
2929 5111 2988 5164 et
3032 5105 3179 5161 bona
3221 5111 3310 5164 est
3343 5125 3355 5162 :

1763 5205 1896 5278 quia
1921 5203 2299 5266 sanctitatem,
2321 5197 2627 5270 justitiam,
2651 5195 2961 5256 bonitatem
2985 5195 3274 5268 praedicat,
3302 5200 3363 5254 et

1761 5291 2149 5346 observatores
2171 5304 2304 5344 suos
2332 5291 2576 5352 sanctos,
2595 5286 2789 5356 justos
2817 5291 2875 5340 et
2902 5284 3078 5340 bones
3107 5285 3260 5343 facit.

1833 5382 1984 5449 Quod
2019 5395 2146 5448 ergo
2184 5380 2388 5436 bonum
2425 5381 2498 5430 est
2536 5376 2681 5430 mihi
2711 5377 2930 5442 factum
2959 5379 3034 5430 est
3070 5379 3264 5430 more?
3297 5374 3359 5430 id

1762 5475 1866 5535 est,
1897 5467 2229 5528 mandatum
2256 5466 2399 5536 legis
2425 5463 2574 5535 quod
2603 5479 2706 5534 per
2731 5480 2793 5526 se
2819 5462 3030 5522 bonum
3057 5468 3165 5528 est,
3187 5462 3234 5518 si
3261 5462 3357 5518 ob-

1763 5561 2035 5625 servetur,
2245 5554 2455 5618 factum
2483 5558 2570 5616 est
2597 5553 2792 5618 metu?
2815 5555 2991 5620 derit»
3019 5557 3090 5612 ut.
3115 5549 3252 5611 illud
3275 5549 3357 5606 sit
