  <div class='ocr_page' id='page_1' title='image "/cluster/home/n/w/nwhite01/storage/ocr_20150623/117/hvd.32044054759816/217.png"; bbox 0 0 3936 6164; ppageno 0'>
   <div class='ocr_carea' id='block_1_1' title="bbox 500 289 606 347">
    <p class='ocr_par' dir='ltr' id='par_1_1' title="bbox 500 289 606 347">
     <span class='ocr_line' id='line_1_1' title="bbox 500 289 606 347; baseline 0.028 -3"><span class='ocrx_word' id='word_1_1' title='bbox 500 289 606 347; x_wconf 75' lang='grc'>423</span> 
     </span>
    </p>
   </div>
   <div class='ocr_carea' id='block_1_2' title="bbox 970 274 3324 345">
    <p class='ocr_par' dir='ltr' id='par_1_2' title="bbox 970 274 3324 345">
     <span class='ocr_line' id='line_1_2' title="bbox 970 274 3324 345; baseline -0.004 0"><span class='ocrx_word' id='word_1_2' title='bbox 970 289 1349 345; x_wconf 85' lang='lat' dir='ltr'>HAYMONIS</span> <span class='ocrx_word' id='word_1_3' title='bbox 1379 288 1872 345; x_wconf 80' lang='lat' dir='ltr'>HALBERSTAT.</span> <span class='ocrx_word' id='word_1_4' title='bbox 1905 287 2127 344; x_wconf 88' lang='lat' dir='ltr'>EPISC.</span> <span class='ocrx_word' id='word_1_5' title='bbox 2165 287 2324 342; x_wconf 91' lang='lat' dir='ltr'>OPP.</span> <span class='ocrx_word' id='word_1_6' title='bbox 2358 285 2541 341; x_wconf 84' lang='lat' dir='ltr'>PARS</span> <span class='ocrx_word' id='word_1_7' title='bbox 2569 285 2616 340; x_wconf 93' lang='grc' dir='ltr'><strong>Ῑ.</strong></span> <span class='ocrx_word' id='word_1_8' title='bbox 2650 313 2715 325; x_wconf 92' lang='lat'><strong>-</strong></span> <span class='ocrx_word' id='word_1_9' title='bbox 2746 280 3122 338; x_wconf 84' lang='lat' dir='ltr'>COMMENT.</span> <span class='ocrx_word' id='word_1_10' title='bbox 3153 274 3324 339; x_wconf 87' lang='lat' dir='ltr'><strong>BIBL.</strong></span> 
     </span>
    </p>
   </div>
   <div class='ocr_carea' id='block_1_3' title="bbox 3621 284 3705 342">
    <p class='ocr_par' dir='ltr' id='par_1_3' title="bbox 3621 284 3705 342">
     <span class='ocr_line' id='line_1_3' title="bbox 3621 284 3705 342; baseline 0.036 -3"><span class='ocrx_word' id='word_1_11' title='bbox 3621 284 3705 342; x_wconf 64' lang='lat'>424</span> 
     </span>
    </p>
   </div>
   <div class='ocr_carea' id='block_1_4' title="bbox 501 407 3709 483">
    <p class='ocr_par' dir='ltr' id='par_1_4' title="bbox 501 407 3709 483">
     <span class='ocr_line' id='line_1_4' title="bbox 501 407 3709 483; baseline -0.001 -15"><span class='ocrx_word' id='word_1_12' title='bbox 501 413 641 469; x_wconf 88' lang='lat' dir='ltr'>mihi</span> <span class='ocrx_word' id='word_1_13' title='bbox 663 430 833 469; x_wconf 86' lang='lat' dir='ltr'>causa</span> <span class='ocrx_word' id='word_1_14' title='bbox 861 414 1081 469; x_wconf 90' lang='lat' dir='ltr'>mortis.</span> <span class='ocrx_word' id='word_1_15' title='bbox 1105 415 1232 469; x_wconf 90' lang='lat' dir='ltr'>Non</span> <span class='ocrx_word' id='word_1_16' title='bbox 1254 414 1403 469; x_wconf 92' lang='lat' dir='ltr'>enim</span> <span class='ocrx_word' id='word_1_17' title='bbox 1433 429 1523 468; x_wconf 91' lang='lat' dir='ltr'>me</span> <span class='ocrx_word' id='word_1_18' title='bbox 1550 413 1753 469; x_wconf 92' lang='lat' dir='ltr'>occidit</span> <span class='ocrx_word' id='word_1_19' title='bbox 1780 413 1923 469; x_wconf 89' lang='lat' dir='ltr'>illud</span> <span class='ocrx_word' id='word_1_20' title='bbox 1952 412 2173 472; x_wconf 73' lang='lat' dir='ltr'>man-&#39;A</span> <span class='ocrx_word' id='word_1_21' title='bbox 2188 427 2324 483; x_wconf 86' lang='lat' dir='ltr'>gere</span> <span class='ocrx_word' id='word_1_22' title='bbox 2346 410 2772 466; x_wconf 82' lang='lat' dir='ltr'>universitatem</span> <span class='ocrx_word' id='word_1_23' title='bbox 2802 407 3082 468; x_wconf 81' lang='lat' dir='ltr'>vitiorum,</span> <span class='ocrx_word' id='word_1_24' title='bbox 3109 423 3226 477; x_wconf 66' lang='lat' dir='ltr'>quae</span> <span class='ocrx_word' id='word_1_25' title='bbox 3249 408 3423 463; x_wconf 84' lang='lat' dir='ltr'><strong>omnia</strong></span> <span class='ocrx_word' id='word_1_26' title='bbox 3445 425 3535 480; x_wconf 89' lang='lat' dir='ltr'>per</span> <span class='ocrx_word' id='word_1_27' title='bbox 3548 425 3709 465; x_wconf 86' lang='lat' dir='ltr'>concu-</span> 
     </span>
    </p>
   </div>
   <div class='ocr_carea' id='block_1_5' title="bbox 499 502 2106 575">
    <p class='ocr_par' dir='ltr' id='par_1_5' title="bbox 499 502 2106 575">
     <span class='ocr_line' id='line_1_5' title="bbox 499 502 2106 575; baseline -0.002 -17"><span class='ocrx_word' id='word_1_28' title='bbox 499 502 696 558; x_wconf 89' lang='lat' dir='ltr'>datum</span> <span class='ocrx_word' id='word_1_29' title='bbox 715 503 857 574; x_wconf 97' lang='lat' dir='ltr'>legis</span> <span class='ocrx_word' id='word_1_30' title='bbox 883 504 1032 575; x_wconf 91' lang='lat' dir='ltr'>quod</span> <span class='ocrx_word' id='word_1_31' title='bbox 1058 519 1160 574; x_wconf 88' lang='lat' dir='ltr'>per</span> <span class='ocrx_word' id='word_1_32' title='bbox 1178 520 1238 557; x_wconf 90' lang='lat' dir='ltr'>se</span> <span class='ocrx_word' id='word_1_33' title='bbox 1257 502 1465 557; x_wconf 91' lang='lat' dir='ltr'>bonum</span> <span class='ocrx_word' id='word_1_34' title='bbox 1490 509 1594 567; x_wconf 90' lang='lat' dir='ltr'>est,</span> <span class='ocrx_word' id='word_1_35' title='bbox 1628 502 1861 574; x_wconf 71' lang='lat' dir='ltr'>sed.ego</span> <span class='ocrx_word' id='word_1_36' title='bbox 1892 518 1982 557; x_wconf 91' lang='lat' dir='ltr'>me</span> <span class='ocrx_word' id='word_1_37' title='bbox 2011 518 2106 556; x_wconf 88' lang='lat' dir='ltr'>oc-</span> 
     </span>
    </p>
   </div>
   <div class='ocr_carea' id='block_1_6' title="bbox 446 590 2102 660">
    <p class='ocr_par' dir='ltr' id='par_1_6' title="bbox 446 590 2102 660">
     <span class='ocr_line' id='line_1_6' title="bbox 446 590 2102 660; baseline -0.001 -14"><span class='ocrx_word' id='word_1_38' title='bbox 446 630 447 633; x_wconf 60' lang='grc' dir='ltr'><strong>η</strong></span> <span class='ocrx_word' id='word_1_39' title='bbox 499 591 631 659; x_wconf 90' lang='lat' dir='ltr'>cidi,</span> <span class='ocrx_word' id='word_1_40' title='bbox 663 597 720 646; x_wconf 91' lang='lat' dir='ltr'>et</span> <span class='ocrx_word' id='word_1_41' title='bbox 747 607 917 646; x_wconf 88' lang='lat' dir='ltr'>causa</span> <span class='ocrx_word' id='word_1_42' title='bbox 945 608 1083 646; x_wconf 74' lang='lat' dir='ltr'>meze</span> <span class='ocrx_word' id='word_1_43' title='bbox 1112 591 1311 645; x_wconf 91' lang='lat' dir='ltr'>mortis</span> <span class='ocrx_word' id='word_1_44' title='bbox 1341 591 1421 645; x_wconf 84' lang='lat' dir='ltr'>fui</span> <span class='ocrx_word' id='word_1_45' title='bbox 1450 591 1917 660; x_wconf 81' lang='lat' dir='ltr'>transgrediendo</span> <span class='ocrx_word' id='word_1_46' title='bbox 1943 590 2102 645; x_wconf 90' lang='lat' dir='ltr'>illud.</span> 
     </span>
    </p>
   </div>
   <div class='ocr_carea' id='block_1_7' title="bbox 499 679 2110 752">
    <p class='ocr_par' dir='ltr' id='par_1_7' title="bbox 499 679 2110 752">
     <span class='ocr_line' id='line_1_7' title="bbox 499 679 2110 752; baseline -0.003 -15"><span class='ocrx_word' id='word_1_47' title='bbox 499 680 606 737; x_wconf 90' lang='lat' dir='ltr'>Sed</span> <span class='ocrx_word' id='word_1_48' title='bbox 633 686 924 752; x_wconf 88' lang='lat' dir='ltr'>peccatum</span> <span class='ocrx_word' id='word_1_49' title='bbox 972 686 1040 735; x_wconf 91' lang='lat' dir='ltr'>ut</span> <span class='ocrx_word' id='word_1_50' title='bbox 1093 684 1366 752; x_wconf 80' lang='lat' dir='ltr'>appareat</span> <span class='ocrx_word' id='word_1_51' title='bbox 1409 686 1722 751; x_wconf 90' lang='lat' dir='ltr'>peccatum,</span> <span class='ocrx_word' id='word_1_52' title='bbox 1770 697 1873 752; x_wconf 91' lang='lat' dir='ltr'>per</span> <span class='ocrx_word' id='word_1_53' title='bbox 1900 679 2110 734; x_wconf 88' lang='lat' dir='ltr'>bonum</span> 
     </span>
    </p>
   </div>
   <div class='ocr_carea' id='block_1_8' title="bbox 500 769 2107 839">
    <p class='ocr_par' dir='ltr' id='par_1_8' title="bbox 500 769 2107 839">
     <span class='ocr_line' id='line_1_8' title="bbox 500 769 2107 839; baseline -0.001 -16"><span class='ocrx_word' id='word_1_54' title='bbox 500 769 768 823; x_wconf 88' lang='lat' dir='ltr'>mandatu</span> <span class='ocrx_word' id='word_1_55' title='bbox 778 785 831 823; x_wconf 91' lang='lat' dir='ltr'>m</span> <span class='ocrx_word' id='word_1_56' title='bbox 843 769 1294 839; x_wconf 80' lang='lat' dir='ltr'>legis,operatum</span> <span class='ocrx_word' id='word_1_57' title='bbox 1307 774 1382 822; x_wconf 85' lang='lat' dir='ltr'>est</span> <span class='ocrx_word' id='word_1_58' title='bbox 1395 769 1542 822; x_wconf 87' lang='lat' dir='ltr'>mihi</span> <span class='ocrx_word' id='word_1_59' title='bbox 1550 774 1779 823; x_wconf 80' lang='lat' dir='ltr'>mortem</span> <span class='ocrx_word' id='word_1_60' title='bbox 1788 809 1800 822; x_wconf 98' lang='lat'>.</span> <span class='ocrx_word' id='word_1_61' title='bbox 1809 769 2107 823; x_wconf 82' lang='lat' dir='ltr'>Peccatum</span> 
     </span>
    </p>
   </div>
   <div class='ocr_carea' id='block_1_9' title="bbox 499 856 2105 928">
    <p class='ocr_par' dir='ltr' id='par_1_9' title="bbox 499 856 2105 928">
     <span class='ocr_line' id='line_1_9' title="bbox 499 856 2105 928; baseline -0.002 -16"><span class='ocrx_word' id='word_1_62' title='bbox 499 857 560 912; x_wconf 92' lang='lat' dir='ltr'>in</span> <span class='ocrx_word' id='word_1_63' title='bbox 584 858 691 912; x_wconf 90' lang='lat' dir='ltr'>hoc</span> <span class='ocrx_word' id='word_1_64' title='bbox 730 858 852 912; x_wconf 94' lang='lat' dir='ltr'>loco</span> <span class='ocrx_word' id='word_1_65' title='bbox 882 857 1219 928; x_wconf 81' lang='lat' dir='ltr'>intelligitur</span> <span class='ocrx_word' id='word_1_66' title='bbox 1247 856 1505 912; x_wconf 85' lang='lat' dir='ltr'>diabolus</span> <span class='ocrx_word' id='word_1_67' title='bbox 1541 857 1851 913; x_wconf 90' lang='lat' dir='ltr'>secundum</span> <span class='ocrx_word' id='word_1_68' title='bbox 1879 856 2105 912; x_wconf 91' lang='lat' dir='ltr'>beatum</span> 
     </span>
    </p>
   </div>
   <div class='ocr_carea' id='block_1_10' title="bbox 500 943 2109 1016">
    <p class='ocr_par' dir='ltr' id='par_1_10' title="bbox 500 943 2109 1016">
     <span class='ocr_line' id='line_1_10' title="bbox 500 943 2109 1016; baseline -0.002 -15"><span class='ocrx_word' id='word_1_69' title='bbox 500 945 881 1007; x_wconf 86' lang='lat' dir='ltr'>Ambrosium,</span> <span class='ocrx_word' id='word_1_70' title='bbox 897 944 1043 1000; x_wconf 84' lang='lat' dir='ltr'>sicut</span> <span class='ocrx_word' id='word_1_71' title='bbox 1067 950 1125 999; x_wconf 90' lang='lat' dir='ltr'>et</span> <span class='ocrx_word' id='word_1_72' title='bbox 1149 945 1206 999; x_wconf 92' lang='lat' dir='ltr'>in</span> <span class='ocrx_word' id='word_1_73' title='bbox 1237 945 1643 1016; x_wconf 87' lang='lat' dir='ltr'>superioribus.</span> <span class='ocrx_word' id='word_1_74' title='bbox 1664 946 1787 1000; x_wconf 93' lang='lat' dir='ltr'>Non</span> <span class='ocrx_word' id='word_1_75' title='bbox 1808 961 1946 1015; x_wconf 88' lang='lat' dir='ltr'>ergo</span> <span class='ocrx_word' id='word_1_76' title='bbox 1969 943 2109 998; x_wconf 89' lang='lat' dir='ltr'>mihi</span> 
     </span>
    </p>
   </div>
   <div class='ocr_carea' id='block_1_11' title="bbox 506 1033 2112 1106">
    <p class='ocr_par' dir='ltr' id='par_1_11' title="bbox 506 1033 2112 1106">
     <span class='ocr_line' id='line_1_11' title="bbox 506 1033 2112 1106; baseline -0.002 -17"><span class='ocrx_word' id='word_1_77' title='bbox 506 1035 593 1089; x_wconf 86' lang='lat' dir='ltr'>lex</span> <span class='ocrx_word' id='word_1_78' title='bbox 622 1039 859 1089; x_wconf 89' lang='lat' dir='ltr'>mortem</span> <span class='ocrx_word' id='word_1_79' title='bbox 892 1039 1121 1106; x_wconf 80' lang='lat' dir='ltr'>operata</span> <span class='ocrx_word' id='word_1_80' title='bbox 1153 1039 1259 1099; x_wconf 87' lang='lat' dir='ltr'>est,</span> <span class='ocrx_word' id='word_1_81' title='bbox 1287 1033 1387 1088; x_wconf 91' lang='lat' dir='ltr'>sed</span> <span class='ocrx_word' id='word_1_82' title='bbox 1417 1034 1694 1099; x_wconf 88' lang='lat' dir='ltr'>diabolus,</span> <span class='ocrx_word' id='word_1_83' title='bbox 1718 1039 1783 1088; x_wconf 92' lang='lat' dir='ltr'>ut</span> <span class='ocrx_word' id='word_1_84' title='bbox 1810 1037 2112 1106; x_wconf 88' lang='lat' dir='ltr'>appareret</span> 
     </span>
    </p>
   </div>
   <div class='ocr_carea' id='block_1_12' title="bbox 501 1121 2113 1195">
    <p class='ocr_par' dir='ltr' id='par_1_12' title="bbox 501 1121 2113 1195">
     <span class='ocr_line' id='line_1_12' title="bbox 501 1121 2113 1195; baseline -0.002 -17"><span class='ocrx_word' id='word_1_85' title='bbox 501 1128 815 1195; x_wconf 86' lang='lat' dir='ltr'>peccatum,</span> <span class='ocrx_word' id='word_1_86' title='bbox 840 1122 896 1176; x_wconf 90' lang='lat' dir='ltr'>id</span> <span class='ocrx_word' id='word_1_87' title='bbox 918 1128 1021 1187; x_wconf 85' lang='lat' dir='ltr'>est,</span> <span class='ocrx_word' id='word_1_88' title='bbox 1049 1122 1313 1176; x_wconf 89' lang='lat' dir='ltr'>inimicus</span> <span class='ocrx_word' id='word_1_89' title='bbox 1338 1122 1573 1176; x_wconf 83' lang='lat' dir='ltr'>humani</span> <span class='ocrx_word' id='word_1_90' title='bbox 1601 1121 1826 1193; x_wconf 87' lang='lat' dir='ltr'>generis</span> <span class='ocrx_word' id='word_1_91' title='bbox 1846 1138 1988 1189; x_wconf 91' lang='lat' dir='ltr'>esse,</span> <span class='ocrx_word' id='word_1_92' title='bbox 2011 1138 2113 1193; x_wconf 88' lang='lat' dir='ltr'>per</span> 
     </span>
    </p>
   </div>
   <div class='ocr_carea' id='block_1_13' title="bbox 502 1209 2113 1281">
    <p class='ocr_par' dir='ltr' id='par_1_13' title="bbox 502 1209 2113 1281">
     <span class='ocr_line' id='line_1_13' title="bbox 502 1209 2113 1281; baseline -0.001 -16"><span class='ocrx_word' id='word_1_93' title='bbox 502 1211 1010 1281; x_wconf 85' lang='lat' dir='ltr'>transgressionem</span> <span class='ocrx_word' id='word_1_94' title='bbox 1055 1209 1189 1263; x_wconf 88' lang='lat' dir='ltr'>boni</span> <span class='ocrx_word' id='word_1_95' title='bbox 1235 1210 1488 1264; x_wconf 84' lang='lat' dir='ltr'>mandati</span> <span class='ocrx_word' id='word_1_96' title='bbox 1535 1215 1799 1281; x_wconf 86' lang='lat' dir='ltr'>operatus</span> <span class='ocrx_word' id='word_1_97' title='bbox 1845 1216 1932 1264; x_wconf 88' lang='lat' dir='ltr'>est</span> <span class='ocrx_word' id='word_1_98' title='bbox 1975 1209 2113 1263; x_wconf 89' lang='lat' dir='ltr'>mihi</span> 
     </span>
    </p>
   </div>
   <div class='ocr_carea' id='block_1_14' title="bbox 503 1298 2113 1369">
    <p class='ocr_par' dir='ltr' id='par_1_14' title="bbox 503 1298 2113 1369">
     <span class='ocr_line' id='line_1_14' title="bbox 503 1298 2113 1369; baseline -0.001 -15"><span class='ocrx_word' id='word_1_99' title='bbox 503 1305 744 1355; x_wconf 85' lang='lat' dir='ltr'>mortem</span> <span class='ocrx_word' id='word_1_100' title='bbox 771 1317 784 1351; x_wconf 74' lang='grc' dir='ltr'><em>τ</em></span> <span class='ocrx_word' id='word_1_101' title='bbox 819 1299 953 1369; x_wconf 90' lang='lat' dir='ltr'>quia</span> <span class='ocrx_word' id='word_1_102' title='bbox 993 1298 1064 1352; x_wconf 89' lang='lat' dir='ltr'>ad</span> <span class='ocrx_word' id='word_1_103' title='bbox 1093 1303 1335 1352; x_wconf 89' lang='lat' dir='ltr'>mortem</span> <span class='ocrx_word' id='word_1_104' title='bbox 1370 1314 1459 1352; x_wconf 92' lang='lat' dir='ltr'>me</span> <span class='ocrx_word' id='word_1_105' title='bbox 1488 1299 1680 1352; x_wconf 83' lang='lat' dir='ltr'>traxit.</span> <span class='ocrx_word' id='word_1_106' title='bbox 1700 1299 1883 1354; x_wconf 85' lang='lat' dir='ltr'>Aliter</span> <span class='ocrx_word' id='word_1_107' title='bbox 1911 1315 2113 1353; x_wconf 89' lang='lat' dir='ltr'>secun-</span> 
     </span>
    </p>
   </div>
   <div class='ocr_carea' id='block_1_15' title="bbox 505 1386 2115 1463">
    <p class='ocr_par' dir='ltr' id='par_1_15' title="bbox 505 1386 2115 1463">
     <span class='ocr_line' id='line_1_15' title="bbox 505 1386 2115 1463; baseline -0.001 -21"><span class='ocrx_word' id='word_1_108' title='bbox 505 1388 643 1442; x_wconf 90' lang='lat' dir='ltr'>dum</span> <span class='ocrx_word' id='word_1_109' title='bbox 693 1386 917 1440; x_wconf 87' lang='lat' dir='ltr'>beatum</span> <span class='ocrx_word' id='word_1_110' title='bbox 951 1386 1330 1457; x_wconf 86' lang='lat' dir='ltr'>Augustinum</span> <span class='ocrx_word' id='word_1_111' title='bbox 1375 1408 1387 1443; x_wconf 93' lang='lat'>:</span> <span class='ocrx_word' id='word_1_112' title='bbox 1427 1387 1726 1463; x_wconf 83' lang='lat' dir='ltr'>Peccatum</span> <span class='ocrx_word' id='word_1_113' title='bbox 1780 1387 1929 1459; x_wconf 90' lang='lat' dir='ltr'>quod</span> <span class='ocrx_word' id='word_1_114' title='bbox 1982 1392 2115 1443; x_wconf 87' lang='lat' dir='ltr'>ante</span> 
     </span>
    </p>
   </div>
   <div class='ocr_carea' id='block_1_16' title="bbox 507 1474 2118 1547">
    <p class='ocr_par' dir='ltr' id='par_1_16' title="bbox 507 1474 2118 1547">
     <span class='ocr_line' id='line_1_16' title="bbox 507 1474 2118 1547; baseline 0 -18"><span class='ocrx_word' id='word_1_115' title='bbox 507 1475 692 1546; x_wconf 89' lang='lat' dir='ltr'>legem</span> <span class='ocrx_word' id='word_1_116' title='bbox 722 1474 953 1538; x_wconf 89' lang='lat' dir='ltr'>latebat,</span> <span class='ocrx_word' id='word_1_117' title='bbox 982 1480 1037 1529; x_wconf 90' lang='lat' dir='ltr'>et</span> <span class='ocrx_word' id='word_1_118' title='bbox 1063 1474 1432 1545; x_wconf 85' lang='lat' dir='ltr'>ignorabatur</span> <span class='ocrx_word' id='word_1_119' title='bbox 1452 1492 1575 1531; x_wconf 88' lang='lat' dir='ltr'>esse</span> <span class='ocrx_word' id='word_1_120' title='bbox 1597 1482 1906 1547; x_wconf 89' lang='lat' dir='ltr'>peccatum,</span> <span class='ocrx_word' id='word_1_121' title='bbox 1932 1483 1996 1532; x_wconf 91' lang='lat' dir='ltr'>ut</span> <span class='ocrx_word' id='word_1_122' title='bbox 2020 1492 2118 1546; x_wconf 88' lang='lat' dir='ltr'>ap-</span> 
     </span>
    </p>
   </div>
   <div class='ocr_carea' id='block_1_17' title="bbox 508 1564 2118 1636">
    <p class='ocr_par' dir='ltr' id='par_1_17' title="bbox 508 1564 2118 1636">
     <span class='ocr_line' id='line_1_17' title="bbox 508 1564 2118 1636; baseline 0.001 -19"><span class='ocrx_word' id='word_1_123' title='bbox 508 1568 734 1633; x_wconf 89' lang='lat' dir='ltr'>pareret</span> <span class='ocrx_word' id='word_1_124' title='bbox 762 1564 896 1634; x_wconf 89' lang='lat' dir='ltr'>quid</span> <span class='ocrx_word' id='word_1_125' title='bbox 929 1569 1093 1631; x_wconf 86' lang='lat' dir='ltr'>esset,</span> <span class='ocrx_word' id='word_1_126' title='bbox 1118 1580 1220 1635; x_wconf 87' lang='lat' dir='ltr'>per</span> <span class='ocrx_word' id='word_1_127' title='bbox 1244 1566 1753 1635; x_wconf 85' lang='lat' dir='ltr'>transgressionem</span> <span class='ocrx_word' id='word_1_128' title='bbox 1790 1565 1931 1636; x_wconf 84' lang='lat' dir='ltr'>legis</span> <span class='ocrx_word' id='word_1_129' title='bbox 1959 1564 2118 1619; x_wconf 81' lang='lat' dir='ltr'>duxit</span> 
     </span>
    </p>
   </div>
   <div class='ocr_carea' id='block_1_18' title="bbox 2186 495 3707 572">
    <p class='ocr_par' dir='ltr' id='par_1_18' title="bbox 2186 495 3707 572">
     <span class='ocr_line' id='line_1_18' title="bbox 2186 495 3707 572; baseline -0.001 -19"><span class='ocrx_word' id='word_1_130' title='bbox 2186 499 2519 572; x_wconf 84' lang='lat' dir='ltr'>piscentiam</span> <span class='ocrx_word' id='word_1_131' title='bbox 2547 498 2861 569; x_wconf 80' lang='lat' dir='ltr'>explentur.</span> <span class='ocrx_word' id='word_1_132' title='bbox 2898 496 3127 550; x_wconf 88' lang='lat' dir='ltr'>Nullum</span> <span class='ocrx_word' id='word_1_133' title='bbox 3152 495 3292 549; x_wconf 91' lang='lat' dir='ltr'>enim</span> <span class='ocrx_word' id='word_1_134' title='bbox 3323 504 3579 566; x_wconf 86' lang='lat' dir='ltr'>peccatum</span> <span class='ocrx_word' id='word_1_135' title='bbox 3604 513 3707 567; x_wconf 76' lang='lat' dir='ltr'>per-</span> 
     </span>
    </p>
   </div>
   <div class='ocr_carea' id='block_1_19' title="bbox 2192 583 3715 658">
    <p class='ocr_par' dir='ltr' id='par_1_19' title="bbox 2192 583 3715 658">
     <span class='ocr_line' id='line_1_19' title="bbox 2192 583 3715 658; baseline -0.002 -15"><span class='ocrx_word' id='word_1_136' title='bbox 2192 589 2380 644; x_wconf 85' lang='lat' dir='ltr'>ﬁcitur</span> <span class='ocrx_word' id='word_1_137' title='bbox 2406 588 2527 643; x_wconf 87' lang='lat' dir='ltr'>sine</span> <span class='ocrx_word' id='word_1_138' title='bbox 2556 585 3030 658; x_wconf 82' lang='lat' dir='ltr'>concupiscentia.</span> <span class='ocrx_word' id='word_1_139' title='bbox 3060 583 3224 639; x_wconf 81' lang='lat' dir='ltr'>Verbi</span> <span class='ocrx_word' id='word_1_140' title='bbox 3250 585 3421 655; x_wconf 85' lang='lat' dir='ltr'>gratia</span> <span class='ocrx_word' id='word_1_141' title='bbox 3452 604 3462 638; x_wconf 90' lang='lat'><strong>:</strong></span> <span class='ocrx_word' id='word_1_142' title='bbox 3492 584 3587 652; x_wconf 86' lang='lat' dir='ltr'>Qui</span> <span class='ocrx_word' id='word_1_143' title='bbox 3609 585 3715 640; x_wconf 75' lang='lat' dir='ltr'>facit</span> 
     </span>
    </p>
   </div>
   <div class='ocr_carea' id='block_1_20' title="bbox 2194 673 3714 746">
    <p class='ocr_par' dir='ltr' id='par_1_20' title="bbox 2194 673 3714 746">
     <span class='ocr_line' id='line_1_20' title="bbox 2194 673 3714 746; baseline -0.003 -14"><span class='ocrx_word' id='word_1_144' title='bbox 2194 677 2580 742; x_wconf 86' lang='lat' dir='ltr'>homicidium,</span> <span class='ocrx_word' id='word_1_145' title='bbox 2641 674 2988 746; x_wconf 88' lang='lat' dir='ltr'>concupiscit</span> <span class='ocrx_word' id='word_1_146' title='bbox 3035 673 3193 728; x_wconf 91' lang='lat' dir='ltr'>illum</span> <span class='ocrx_word' id='word_1_147' title='bbox 3228 673 3478 741; x_wconf 89' lang='lat' dir='ltr'>occidere,</span> <span class='ocrx_word' id='word_1_148' title='bbox 3512 674 3591 729; x_wconf 91' lang='lat' dir='ltr'>cui</span> <span class='ocrx_word' id='word_1_149' title='bbox 3625 674 3714 728; x_wconf 91' lang='lat' dir='ltr'>vim</span> 
     </span>
    </p>
   </div>
   <div class='ocr_carea' id='block_1_21' title="bbox 2192 762 3717 833">
    <p class='ocr_par' dir='ltr' id='par_1_21' title="bbox 2192 762 3717 833">
     <span class='ocr_line' id='line_1_21' title="bbox 2192 762 3717 833; baseline -0.004 -12"><span class='ocrx_word' id='word_1_150' title='bbox 2192 766 2361 821; x_wconf 84' lang='lat' dir='ltr'>infert</span> <span class='ocrx_word' id='word_1_151' title='bbox 2386 785 2397 821; x_wconf 91' lang='lat'>:</span> <span class='ocrx_word' id='word_1_152' title='bbox 2422 766 2501 821; x_wconf 91' lang='lat' dir='ltr'>sic</span> <span class='ocrx_word' id='word_1_153' title='bbox 2524 766 2592 820; x_wconf 93' lang='lat' dir='ltr'>de</span> <span class='ocrx_word' id='word_1_154' title='bbox 2621 764 2842 820; x_wconf 60' lang='lat' dir='ltr'>caeteris</span> <span class='ocrx_word' id='word_1_155' title='bbox 2864 763 3013 817; x_wconf 79' lang='lat' dir='ltr'>vitiis</span> <span class='ocrx_word' id='word_1_156' title='bbox 3032 762 3457 833; x_wconf 89' lang='lat' dir='ltr'>intelligendum.</span> <span class='ocrx_word' id='word_1_157' title='bbox 3474 762 3581 817; x_wconf 84' lang='lat' dir='ltr'>Non</span> <span class='ocrx_word' id='word_1_158' title='bbox 3597 764 3717 816; x_wconf 83' lang='lat' dir='ltr'>enim</span> 
     </span>
    </p>
   </div>
   <div class='ocr_carea' id='block_1_22' title="bbox 2190 851 3715 925">
    <p class='ocr_par' dir='ltr' id='par_1_22' title="bbox 2190 851 3715 925">
     <span class='ocr_line' id='line_1_22' title="bbox 2190 851 3715 925; baseline -0.004 -15"><span class='ocrx_word' id='word_1_159' title='bbox 2190 858 2335 925; x_wconf 85' lang='lat' dir='ltr'>quod</span> <span class='ocrx_word' id='word_1_160' title='bbox 2364 857 2481 909; x_wconf 81' lang='lat' dir='ltr'>volo</span> <span class='ocrx_word' id='word_1_161' title='bbox 2517 856 2615 910; x_wconf 88' lang='lat' dir='ltr'>hoc</span> <span class='ocrx_word' id='word_1_162' title='bbox 2636 870 2757 923; x_wconf 87' lang='lat' dir='ltr'>ago,</span> <span class='ocrx_word' id='word_1_163' title='bbox 2789 854 2879 907; x_wconf 85' lang='lat' dir='ltr'>sed</span> <span class='ocrx_word' id='word_1_164' title='bbox 2903 853 3046 922; x_wconf 83' lang='lat' dir='ltr'>quod</span> <span class='ocrx_word' id='word_1_165' title='bbox 3082 853 3174 906; x_wconf 89' lang='lat' dir='ltr'>odi</span> <span class='ocrx_word' id='word_1_166' title='bbox 3200 854 3403 906; x_wconf 86' lang='lat' dir='ltr'>malum</span> <span class='ocrx_word' id='word_1_167' title='bbox 3433 851 3562 905; x_wconf 84' lang='lat' dir='ltr'>illud</span> <span class='ocrx_word' id='word_1_168' title='bbox 3584 852 3715 918; x_wconf 83' lang='lat' dir='ltr'>facio.</span> 
     </span>
    </p>
   </div>
   <div class='ocr_carea' id='block_1_23' title="bbox 2191 938 3717 1014">
    <p class='ocr_par' dir='ltr' id='par_1_23' title="bbox 2191 938 3717 1014">
     <span class='ocr_line' id='line_1_23' title="bbox 2191 938 3717 1014; baseline -0.004 -16"><span class='ocrx_word' id='word_1_169' title='bbox 2191 944 2337 1008; x_wconf 90' lang='lat' dir='ltr'>Quid</span> <span class='ocrx_word' id='word_1_170' title='bbox 2366 943 2586 998; x_wconf 85' lang='lat' dir='ltr'>volebat</span> <span class='ocrx_word' id='word_1_171' title='bbox 2610 941 2947 1014; x_wconf 86' lang='lat' dir='ltr'>Apostolus?</span> <span class='ocrx_word' id='word_1_172' title='bbox 2974 939 3212 995; x_wconf 82' lang='lat' dir='ltr'>Volebat</span> <span class='ocrx_word' id='word_1_173' title='bbox 3237 956 3344 994; x_wconf 88' lang='lat' dir='ltr'>non</span> <span class='ocrx_word' id='word_1_174' title='bbox 3366 938 3717 1009; x_wconf 86' lang='lat' dir='ltr'>concupiscere,</span> 
     </span>
    </p>
   </div>
   <div class='ocr_carea' id='block_1_24' title="bbox 2192 1030 2949 1102">
    <p class='ocr_par' dir='ltr' id='par_1_24' title="bbox 2192 1030 2949 1102">
     <span class='ocr_line' id='line_1_24' title="bbox 2192 1030 2949 1102; baseline -0.003 -15"><span class='ocrx_word' id='word_1_175' title='bbox 2192 1039 2250 1087; x_wconf 89' lang='lat' dir='ltr'>et</span> <span class='ocrx_word' id='word_1_176' title='bbox 2278 1038 2468 1087; x_wconf 90' lang='lat' dir='ltr'>tamen</span> <span class='ocrx_word' id='word_1_177' title='bbox 2498 1030 2949 1102; x_wconf 88' lang='lat' dir='ltr'>concupiscebat.</span> 
     </span>
    </p>
   </div>
   <div class='ocr_carea' id='block_1_25' title="bbox 2263 1114 3720 1191">
    <p class='ocr_par' dir='ltr' id='par_1_25' title="bbox 2263 1114 3720 1191">
     <span class='ocr_line' id='line_1_25' title="bbox 2263 1114 3720 1191; baseline -0.006 -14"><span class='ocrx_word' id='word_1_178' title='bbox 2263 1122 2327 1178; x_wconf 93' lang='lat' dir='ltr'>Si</span> <span class='ocrx_word' id='word_1_179' title='bbox 2354 1127 2541 1176; x_wconf 82' lang='lat' dir='ltr'>autem</span> <span class='ocrx_word' id='word_1_180' title='bbox 2564 1122 2709 1191; x_wconf 89' lang='lat' dir='ltr'>quod</span> <span class='ocrx_word' id='word_1_181' title='bbox 2738 1123 2863 1174; x_wconf 87' lang='lat' dir='ltr'>nolo</span> <span class='ocrx_word' id='word_1_182' title='bbox 2892 1121 3039 1174; x_wconf 83' lang='lat' dir='ltr'>illud</span> <span class='ocrx_word' id='word_1_183' title='bbox 3065 1121 3228 1187; x_wconf 80' lang='lat' dir='ltr'>facio,</span> <span class='ocrx_word' id='word_1_184' title='bbox 3245 1117 3300 1172; x_wconf 91' lang='lat' dir='ltr'>id</span> <span class='ocrx_word' id='word_1_185' title='bbox 3327 1122 3408 1171; x_wconf 88' lang='lat' dir='ltr'>est</span> <span class='ocrx_word' id='word_1_186' title='bbox 3425 1114 3720 1186; x_wconf 87' lang='lat' dir='ltr'>concupisco,</span> 
     </span>
    </p>
   </div>
   <div class='ocr_carea' id='block_1_26' title="bbox 2194 1203 3725 1279">
    <p class='ocr_par' dir='ltr' id='par_1_26' title="bbox 2194 1203 3725 1279">
     <span class='ocr_line' id='line_1_26' title="bbox 2194 1203 3725 1279; baseline -0.007 -12"><span class='ocrx_word' id='word_1_187' title='bbox 2194 1214 2471 1267; x_wconf 71' lang='lat' dir='ltr'>consentio</span> <span class='ocrx_word' id='word_1_188' title='bbox 2491 1213 2597 1278; x_wconf 86' lang='lat' dir='ltr'>legi</span> <span class='ocrx_word' id='word_1_189' title='bbox 2616 1212 2884 1279; x_wconf 87' lang='lat' dir='ltr'>quoniam</span> <span class='ocrx_word' id='word_1_190' title='bbox 2913 1209 3051 1262; x_wconf 88' lang='lat' dir='ltr'>bona</span> <span class='ocrx_word' id='word_1_191' title='bbox 3078 1212 3175 1263; x_wconf 87' lang='lat' dir='ltr'>est.</span> <span class='ocrx_word' id='word_1_192' title='bbox 3198 1205 3350 1260; x_wconf 86' lang='lat' dir='ltr'>Licet</span> <span class='ocrx_word' id='word_1_193' title='bbox 3370 1203 3725 1275; x_wconf 87' lang='lat' dir='ltr'>concupisceret</span> 
     </span>
    </p>
   </div>
   <div class='ocr_carea' id='block_1_27' title="bbox 2194 1290 3725 1373">
    <p class='ocr_par' dir='ltr' id='par_1_27' title="bbox 2194 1290 3725 1373">
     <span class='ocr_line' id='line_1_27' title="bbox 2194 1290 3725 1373; baseline -0.007 -17"><span class='ocrx_word' id='word_1_194' title='bbox 2194 1318 2295 1373; x_wconf 88' lang='lat' dir='ltr'>per</span> <span class='ocrx_word' id='word_1_195' title='bbox 2323 1299 2689 1370; x_wconf 86' lang='lat' dir='ltr'>fragilitatem</span> <span class='ocrx_word' id='word_1_196' title='bbox 2719 1297 2925 1364; x_wconf 89' lang='lat' dir='ltr'>carnis,</span> <span class='ocrx_word' id='word_1_197' title='bbox 2952 1302 3146 1352; x_wconf 91' lang='lat' dir='ltr'>tamen</span> <span class='ocrx_word' id='word_1_198' title='bbox 3192 1294 3318 1366; x_wconf 89' lang='lat' dir='ltr'>quia</span> <span class='ocrx_word' id='word_1_199' title='bbox 3345 1299 3518 1348; x_wconf 88' lang='lat' dir='ltr'>mente</span> <span class='ocrx_word' id='word_1_200' title='bbox 3541 1290 3725 1346; x_wconf 84' lang='lat' dir='ltr'>nolebat</span> 
     </span>
    </p>
   </div>
   <div class='ocr_carea' id='block_1_28' title="bbox 2195 1382 3723 1459">
    <p class='ocr_par' dir='ltr' id='par_1_28' title="bbox 2195 1382 3723 1459">
     <span class='ocr_line' id='line_1_28' title="bbox 2195 1382 3723 1459; baseline -0.008 -14"><span class='ocrx_word' id='word_1_201' title='bbox 2195 1389 2608 1459; x_wconf 90' lang='lat' dir='ltr'>concupiscere,</span> <span class='ocrx_word' id='word_1_202' title='bbox 2640 1384 3016 1442; x_wconf 85' lang='lat' dir='ltr'>concordabat</span> <span class='ocrx_word' id='word_1_203' title='bbox 3058 1383 3170 1455; x_wconf 85' lang='lat' dir='ltr'>legi</span> <span class='ocrx_word' id='word_1_204' title='bbox 3216 1382 3411 1438; x_wconf 88' lang='lat' dir='ltr'>dicenti</span> <span class='ocrx_word' id='word_1_205' title='bbox 3443 1395 3454 1430; x_wconf 78' lang='grc' dir='ltr'>ε</span> <span class='ocrx_word' id='word_1_206' title='bbox 3485 1382 3593 1437; x_wconf 75' lang='lat' dir='ltr'>Non</span> <span class='ocrx_word' id='word_1_207' title='bbox 3621 1395 3723 1434; x_wconf 85' lang='lat' dir='ltr'>con-</span> 
     </span>
    </p>
   </div>
   <div class='ocr_carea' id='block_1_29' title="bbox 2197 1481 2453 1537">
    <p class='ocr_par' dir='ltr' id='par_1_29' title="bbox 2197 1481 2453 1537">
     <span class='ocr_line' id='line_1_29' title="bbox 2197 1481 2453 1537; baseline -0.008 -4"><span class='ocrx_word' id='word_1_208' title='bbox 2197 1481 2453 1537; x_wconf 77' lang='lat' dir='ltr'>cunisces.</span> 
     </span>
    </p>
   </div>
   <div class='ocr_carea' id='block_1_30' title="bbox 2267 1557 3728 1634">
    <p class='ocr_par' dir='ltr' id='par_1_30' title="bbox 2267 1557 3728 1634">
     <span class='ocr_line' id='line_1_30' title="bbox 2267 1557 3728 1634; baseline -0.009 -12"><span class='ocrx_word' id='word_1_209' title='bbox 2267 1567 2436 1622; x_wconf 84' lang='lat' dir='ltr'>Nunc</span> <span class='ocrx_word' id='word_1_210' title='bbox 2478 1570 2665 1620; x_wconf 86' lang='lat' dir='ltr'>autem</span> <span class='ocrx_word' id='word_1_211' title='bbox 2689 1605 2703 1630; x_wconf 95' lang='lat'>,</span> <span class='ocrx_word' id='word_1_212' title='bbox 2732 1563 3002 1620; x_wconf 87' lang='lat' dir='ltr'>subaudis</span> <span class='ocrx_word' id='word_1_213' title='bbox 3048 1562 3230 1634; x_wconf 88' lang='lat' dir='ltr'>gratia</span> <span class='ocrx_word' id='word_1_214' title='bbox 3277 1561 3375 1616; x_wconf 92' lang='lat' dir='ltr'>Dei</span> <span class='ocrx_word' id='word_1_215' title='bbox 3421 1557 3728 1621; x_wconf 77' lang='lat' dir='ltr'>confortatus,</span> 
     </span>
    </p>
   </div>
   <div class='ocr_carea' id='block_1_31' title="bbox 509 1647 3732 1726">
    <p class='ocr_par' dir='ltr' id='par_1_31' title="bbox 509 1647 3732 1726">
     <span class='ocr_line' id='line_1_31' title="bbox 509 1647 3732 1726; baseline -0.002 -19"><span class='ocrx_word' id='word_1_216' title='bbox 509 1668 601 1707; x_wconf 87' lang='lat' dir='ltr'>me</span> <span class='ocrx_word' id='word_1_217' title='bbox 647 1651 717 1706; x_wconf 88' lang='lat' dir='ltr'>ad</span> <span class='ocrx_word' id='word_1_218' title='bbox 760 1657 998 1709; x_wconf 88' lang='lat' dir='ltr'>mortem</span> <span class='ocrx_word' id='word_1_219' title='bbox 1029 1670 1040 1700; x_wconf 86' lang='lat'><strong>:</strong></span> <span class='ocrx_word' id='word_1_220' title='bbox 1083 1654 1215 1723; x_wconf 86' lang='lat' dir='ltr'>quia</span> <span class='ocrx_word' id='word_1_221' title='bbox 1255 1654 1457 1724; x_wconf 89' lang='lat' dir='ltr'>majori</span> <span class='ocrx_word' id='word_1_222' title='bbox 1511 1671 1677 1726; x_wconf 66' lang='lat' dir='ltr'>poena</span> <span class='ocrx_word' id='word_1_223' title='bbox 1703 1654 1907 1726; x_wconf 90' lang='lat' dir='ltr'>dignus</span> <span class='ocrx_word' id='word_1_224' title='bbox 1935 1653 2035 1718; x_wconf 73' lang='lat' dir='ltr'>fui,</span> <span class='ocrx_word' id='word_1_225' title='bbox 2068 1652 2118 1707; x_wconf 91' lang='lat' dir='ltr'>si</span> <span class='ocrx_word' id='word_1_226' title='bbox 2188 1658 2315 1726; x_wconf 84' lang='lat' dir='ltr'>jam</span> <span class='ocrx_word' id='word_1_227' title='bbox 2346 1671 2459 1709; x_wconf 89' lang='lat' dir='ltr'>non</span> <span class='ocrx_word' id='word_1_228' title='bbox 2487 1670 2580 1721; x_wconf 85' lang='lat' dir='ltr'>ego</span> <span class='ocrx_word' id='word_1_229' title='bbox 2598 1669 2792 1722; x_wconf 80' lang='lat' dir='ltr'>operor</span> <span class='ocrx_word' id='word_1_230' title='bbox 2811 1654 2959 1707; x_wconf 85' lang='lat' dir='ltr'>illud</span> <span class='ocrx_word' id='word_1_231' title='bbox 2985 1650 3323 1706; x_wconf 89' lang='lat' dir='ltr'>desiderium</span> <span class='ocrx_word' id='word_1_232' title='bbox 3352 1647 3565 1720; x_wconf 87' lang='lat' dir='ltr'>peccati,</span> <span class='ocrx_word' id='word_1_233' title='bbox 3587 1661 3732 1716; x_wconf 86' lang='lat' dir='ltr'>neque</span> 
     </span>
    </p>
   </div>
   <div class='ocr_carea' id='block_1_32' title="bbox 509 1726 3735 1814">
    <p class='ocr_par' dir='ltr' id='par_1_32' title="bbox 509 1726 3735 1814">
     <span class='ocr_line' id='line_1_32' title="bbox 509 1726 3735 1814; baseline -0.003 -19"><span class='ocrx_word' id='word_1_234' title='bbox 509 1740 735 1812; x_wconf 87' lang='lat' dir='ltr'>peccavi</span> <span class='ocrx_word' id='word_1_235' title='bbox 769 1745 1067 1812; x_wconf 89' lang='lat' dir='ltr'>postquam</span> <span class='ocrx_word' id='word_1_236' title='bbox 1093 1742 1274 1812; x_wconf 89' lang='lat' dir='ltr'>legem</span> <span class='ocrx_word' id='word_1_237' title='bbox 1292 1742 1544 1812; x_wconf 83' lang='lat' dir='ltr'>cognovi,</span> <span class='ocrx_word' id='word_1_238' title='bbox 1572 1743 1707 1814; x_wconf 89' lang='lat' dir='ltr'>quia</span> <span class='ocrx_word' id='word_1_239' title='bbox 1729 1743 1969 1797; x_wconf 87' lang='lat' dir='ltr'>scienter</span> <span class='ocrx_word' id='word_1_240' title='bbox 1991 1757 2118 1814; x_wconf 90' lang='lat' dir='ltr'>pec-</span> <span class='ocrx_word' id='word_1_241' title='bbox 2136 1726 2183 1786; x_wconf 83' lang='grc' dir='ltr'><strong>Β</strong></span> <span class='ocrx_word' id='word_1_242' title='bbox 2200 1742 2529 1814; x_wconf 90' lang='lat' dir='ltr'>concupisco</span> <span class='ocrx_word' id='word_1_243' title='bbox 2572 1741 2776 1809; x_wconf 69' lang='lat' dir='ltr'>affectu</span> <span class='ocrx_word' id='word_1_244' title='bbox 2819 1740 3045 1803; x_wconf 88' lang='lat' dir='ltr'>mentis,</span> <span class='ocrx_word' id='word_1_245' title='bbox 3085 1741 3179 1794; x_wconf 84' lang='lat' dir='ltr'>sed</span> <span class='ocrx_word' id='word_1_246' title='bbox 3202 1739 3341 1809; x_wconf 79' lang='lat' dir='ltr'>quod</span> <span class='ocrx_word' id='word_1_247' title='bbox 3379 1738 3572 1790; x_wconf 89' lang='lat' dir='ltr'>habitat</span> <span class='ocrx_word' id='word_1_248' title='bbox 3593 1736 3647 1788; x_wconf 85' lang='lat' dir='ltr'>in</span> <span class='ocrx_word' id='word_1_249' title='bbox 3671 1748 3735 1786; x_wconf 80' lang='lat' dir='ltr'>me</span> 
     </span>
    </p>
   </div>
   <div class='ocr_carea' id='block_1_33' title="bbox 510 1827 2121 1899">
    <p class='ocr_par' dir='ltr' id='par_1_33' title="bbox 510 1827 2121 1899">
     <span class='ocr_line' id='line_1_33' title="bbox 510 1827 2121 1899; baseline 0.001 -16"><span class='ocrx_word' id='word_1_250' title='bbox 510 1827 661 1883; x_wconf 90' lang='lat' dir='ltr'>cavi:</span> <span class='ocrx_word' id='word_1_251' title='bbox 681 1832 744 1882; x_wconf 83' lang='lat' dir='ltr'>ut</span> <span class='ocrx_word' id='word_1_252' title='bbox 763 1830 862 1896; x_wconf 75' lang='lat' dir='ltr'>ﬁat</span> <span class='ocrx_word' id='word_1_253' title='bbox 872 1843 1044 1897; x_wconf 83' lang='lat' dir='ltr'>supra</span> <span class='ocrx_word' id='word_1_254' title='bbox 1063 1830 1284 1882; x_wconf 85' lang='lat' dir='ltr'>modum</span> <span class='ocrx_word' id='word_1_255' title='bbox 1301 1832 1540 1898; x_wconf 87' lang='lat' dir='ltr'>peccatis</span> <span class='ocrx_word' id='word_1_256' title='bbox 1547 1836 1834 1898; x_wconf 81' lang='lat' dir='ltr'>peccatum</span> <span class='ocrx_word' id='word_1_257' title='bbox 1846 1846 1946 1899; x_wconf 84' lang='lat' dir='ltr'>per</span> <span class='ocrx_word' id='word_1_258' title='bbox 1961 1845 2121 1884; x_wconf 86' lang='lat' dir='ltr'>man-</span> 
     </span>
    </p>
   </div>
   <div class='ocr_carea' id='block_1_34' title="bbox 512 1917 2116 1992">
    <p class='ocr_par' dir='ltr' id='par_1_34' title="bbox 512 1917 2116 1992">
     <span class='ocr_line' id='line_1_34' title="bbox 512 1917 2116 1992; baseline 0.001 -20"><span class='ocrx_word' id='word_1_259' title='bbox 512 1918 710 1972; x_wconf 85' lang='lat' dir='ltr'>datum</span> <span class='ocrx_word' id='word_1_260' title='bbox 735 1919 888 1986; x_wconf 86' lang='lat' dir='ltr'>tegis.</span> <span class='ocrx_word' id='word_1_261' title='bbox 918 1917 1054 1971; x_wconf 90' lang='lat' dir='ltr'>Erat</span> <span class='ocrx_word' id='word_1_262' title='bbox 1073 1924 1204 1971; x_wconf 87' lang='lat' dir='ltr'>aute</span> <span class='ocrx_word' id='word_1_263' title='bbox 1224 1917 1414 1972; x_wconf 83' lang='lat' dir='ltr'>datam</span> <span class='ocrx_word' id='word_1_264' title='bbox 1436 1919 1617 1990; x_wconf 89' lang='lat' dir='ltr'>legem</span> <span class='ocrx_word' id='word_1_265' title='bbox 1644 1919 1820 1992; x_wconf 84' lang='lat' dir='ltr'>Moysi</span> <span class='ocrx_word' id='word_1_266' title='bbox 1850 1934 2116 1990; x_wconf 87' lang='lat' dir='ltr'>magnum</span> 
     </span>
    </p>
   </div>
   <div class='ocr_carea' id='block_1_35' title="bbox 512 2005 2120 2079">
    <p class='ocr_par' dir='ltr' id='par_1_35' title="bbox 512 2005 2120 2079">
     <span class='ocr_line' id='line_1_35' title="bbox 512 2005 2120 2079; baseline 0 -18"><span class='ocrx_word' id='word_1_267' title='bbox 512 2010 806 2078; x_wconf 90' lang='lat' dir='ltr'>peccatum</span> <span class='ocrx_word' id='word_1_268' title='bbox 837 2005 1109 2076; x_wconf 87' lang='lat' dir='ltr'>originale</span> <span class='ocrx_word' id='word_1_269' title='bbox 1158 2012 1215 2060; x_wconf 88' lang='lat' dir='ltr'>et</span> <span class='ocrx_word' id='word_1_270' title='bbox 1260 2008 1498 2075; x_wconf 87' lang='lat' dir='ltr'>actuale,</span> <span class='ocrx_word' id='word_1_271' title='bbox 1541 2024 1652 2079; x_wconf 91' lang='lat' dir='ltr'>quo</span> <span class='ocrx_word' id='word_1_272' title='bbox 1681 2007 2120 2079; x_wconf 90' lang='lat' dir='ltr'>cognoscebatur</span> 
     </span>
    </p>
   </div>
   <div class='ocr_carea' id='block_1_36' title="bbox 512 2094 2119 2169">
    <p class='ocr_par' dir='ltr' id='par_1_36' title="bbox 512 2094 2119 2169">
     <span class='ocr_line' id='line_1_36' title="bbox 512 2094 2119 2169; baseline 0.001 -20"><span class='ocrx_word' id='word_1_273' title='bbox 512 2094 887 2165; x_wconf 87' lang='lat' dir='ltr'>transgressio</span> <span class='ocrx_word' id='word_1_274' title='bbox 941 2095 1217 2150; x_wconf 88' lang='lat' dir='ltr'>naturalis</span> <span class='ocrx_word' id='word_1_275' title='bbox 1273 2096 1434 2167; x_wconf 88' lang='lat' dir='ltr'>legis,</span> <span class='ocrx_word' id='word_1_276' title='bbox 1486 2097 1583 2151; x_wconf 87' lang='lat' dir='ltr'>sed</span> <span class='ocrx_word' id='word_1_277' title='bbox 1625 2097 1777 2151; x_wconf 91' lang='lat' dir='ltr'>istud</span> <span class='ocrx_word' id='word_1_278' title='bbox 1826 2101 2119 2169; x_wconf 89' lang='lat' dir='ltr'>peccatum</span> 
     </span>
    </p>
   </div>
   <div class='ocr_carea' id='block_1_37' title="bbox 516 2183 2122 2257">
    <p class='ocr_par' dir='ltr' id='par_1_37' title="bbox 516 2183 2122 2257">
     <span class='ocr_line' id='line_1_37' title="bbox 516 2183 2122 2257; baseline 0.001 -19"><span class='ocrx_word' id='word_1_279' title='bbox 516 2183 759 2238; x_wconf 81' lang='lat' dir='ltr'>excrevit</span> <span class='ocrx_word' id='word_1_280' title='bbox 789 2200 887 2255; x_wconf 86' lang='lat' dir='ltr'>per</span> <span class='ocrx_word' id='word_1_281' title='bbox 913 2184 1431 2255; x_wconf 68' lang='lat' dir='ltr'>praevaricationem</span> <span class='ocrx_word' id='word_1_282' title='bbox 1456 2185 1677 2257; x_wconf 77' lang='lat' dir='ltr'>scriptae</span> <span class='ocrx_word' id='word_1_283' title='bbox 1705 2186 1864 2256; x_wconf 86' lang='lat' dir='ltr'>legis,</span> <span class='ocrx_word' id='word_1_284' title='bbox 1894 2203 2019 2257; x_wconf 61' lang='lat' dir='ltr'>quae</span> <span class='ocrx_word' id='word_1_285' title='bbox 2038 2185 2122 2240; x_wconf 82' lang='lat' dir='ltr'>di-</span> 
     </span>
    </p>
   </div>
   <div class='ocr_carea' id='block_1_38' title="bbox 514 2271 2118 2345">
    <p class='ocr_par' dir='ltr' id='par_1_38' title="bbox 514 2271 2118 2345">
     <span class='ocr_line' id='line_1_38' title="bbox 514 2271 2118 2345; baseline 0.002 -19"><span class='ocrx_word' id='word_1_286' title='bbox 514 2271 596 2327; x_wconf 89' lang='lat' dir='ltr'>cit</span> <span class='ocrx_word' id='word_1_287' title='bbox 625 2272 818 2345; x_wconf 65' lang='lat' dir='ltr'>(Ewod.</span> <span class='ocrx_word' id='word_1_288' title='bbox 853 2273 955 2341; x_wconf 85' lang='lat' dir='ltr'>xx)</span> <span class='ocrx_word' id='word_1_289' title='bbox 982 2285 996 2320; x_wconf 84' lang='lat'>:</span> <span class='ocrx_word' id='word_1_290' title='bbox 1028 2272 1150 2328; x_wconf 82' lang='lat' dir='ltr'>Non</span> <span class='ocrx_word' id='word_1_291' title='bbox 1187 2275 1409 2340; x_wconf 77' lang='lat' dir='ltr'>occides,</span> <span class='ocrx_word' id='word_1_292' title='bbox 1449 2289 1563 2328; x_wconf 85' lang='lat' dir='ltr'>non</span> <span class='ocrx_word' id='word_1_293' title='bbox 1609 2277 1969 2341; x_wconf 75' lang='lat' dir='ltr'>concupisces,</span> <span class='ocrx_word' id='word_1_294' title='bbox 2011 2279 2118 2330; x_wconf 85' lang='lat' dir='ltr'>etc.</span> 
     </span>
    </p>
   </div>
   <div class='ocr_carea' id='block_1_39' title="bbox 478 2359 2123 2433">
    <p class='ocr_par' dir='ltr' id='par_1_39' title="bbox 478 2359 2123 2433">
     <span class='ocr_line' id='line_1_39' title="bbox 478 2359 2123 2433; baseline -0.001 -15"><span class='ocrx_word' id='word_1_295' title='bbox 478 2394 494 2419; x_wconf 76' lang='grc' dir='ltr'><em>ι</em></span> <span class='ocrx_word' id='word_1_296' title='bbox 518 2359 596 2415; x_wconf 87' lang='lat' dir='ltr'>Et</span> <span class='ocrx_word' id='word_1_297' title='bbox 613 2376 743 2416; x_wconf 89' lang='lat' dir='ltr'>cum</span> <span class='ocrx_word' id='word_1_298' title='bbox 763 2360 899 2416; x_wconf 88' lang='lat' dir='ltr'>dicit</span> <span class='ocrx_word' id='word_1_299' title='bbox 923 2378 934 2413; x_wconf 91' lang='lat'>:</span> <span class='ocrx_word' id='word_1_300' title='bbox 960 2360 1036 2415; x_wconf 92' lang='lat' dir='ltr'>Ut</span> <span class='ocrx_word' id='word_1_301' title='bbox 1054 2361 1156 2415; x_wconf 82' lang='lat' dir='ltr'>ﬁat</span> <span class='ocrx_word' id='word_1_302' title='bbox 1183 2377 1356 2433; x_wconf 88' lang='lat' dir='ltr'>supra</span> <span class='ocrx_word' id='word_1_303' title='bbox 1382 2361 1633 2427; x_wconf 90' lang='lat' dir='ltr'>modum,</span> <span class='ocrx_word' id='word_1_304' title='bbox 1657 2362 1904 2416; x_wconf 88' lang='lat' dir='ltr'>ostendit</span> <span class='ocrx_word' id='word_1_305' title='bbox 1923 2379 2123 2433; x_wconf 88' lang='lat' dir='ltr'>quem-</span> 
     </span>
    </p>
   </div>
   <div class='ocr_carea' id='block_1_40' title="bbox 518 2450 2125 2522">
    <p class='ocr_par' dir='ltr' id='par_1_40' title="bbox 518 2450 2125 2522">
     <span class='ocr_line' id='line_1_40' title="bbox 518 2450 2125 2522; baseline 0.001 -17"><span class='ocrx_word' id='word_1_306' title='bbox 518 2450 650 2506; x_wconf 88' lang='lat' dir='ltr'>dam</span> <span class='ocrx_word' id='word_1_307' title='bbox 664 2450 893 2504; x_wconf 89' lang='lat' dir='ltr'>modum</span> <span class='ocrx_word' id='word_1_308' title='bbox 917 2454 975 2504; x_wconf 91' lang='lat' dir='ltr'>et</span> <span class='ocrx_word' id='word_1_309' title='bbox 995 2466 1316 2505; x_wconf 87' lang='lat' dir='ltr'>mensuram</span> <span class='ocrx_word' id='word_1_310' title='bbox 1338 2466 1459 2505; x_wconf 90' lang='lat' dir='ltr'>esse</span> <span class='ocrx_word' id='word_1_311' title='bbox 1480 2450 1712 2522; x_wconf 87' lang='lat' dir='ltr'>peccati.</span> <span class='ocrx_word' id='word_1_312' title='bbox 1749 2451 1910 2506; x_wconf 87' lang='lat' dir='ltr'>Unde</span> <span class='ocrx_word' id='word_1_313' title='bbox 1934 2451 2125 2507; x_wconf 90' lang='lat' dir='ltr'>Domi-</span> 
     </span>
    </p>
   </div>
   <div class='ocr_carea' id='block_1_41' title="bbox 519 2537 2125 2612">
    <p class='ocr_par' dir='ltr' id='par_1_41' title="bbox 519 2537 2125 2612">
     <span class='ocr_line' id='line_1_41' title="bbox 519 2537 2125 2612; baseline 0.001 -18"><span class='ocrx_word' id='word_1_314' title='bbox 519 2555 629 2594; x_wconf 91' lang='lat' dir='ltr'>nus</span> <span class='ocrx_word' id='word_1_315' title='bbox 654 2538 793 2594; x_wconf 89' lang='lat' dir='ltr'>dicit</span> <span class='ocrx_word' id='word_1_316' title='bbox 816 2538 888 2593; x_wconf 88' lang='lat' dir='ltr'>ad</span> <span class='ocrx_word' id='word_1_317' title='bbox 916 2537 1202 2593; x_wconf 84' lang='lat' dir='ltr'>Abraham</span> <span class='ocrx_word' id='word_1_318' title='bbox 1230 2539 1384 2607; x_wconf 83' lang='lat' dir='ltr'>(Gen.</span> <span class='ocrx_word' id='word_1_319' title='bbox 1406 2540 1493 2611; x_wconf 82' lang='lat' dir='ltr'>xv)</span> <span class='ocrx_word' id='word_1_320' title='bbox 1521 2560 1532 2593; x_wconf 91' lang='lat'><strong>:</strong></span> <span class='ocrx_word' id='word_1_321' title='bbox 1564 2539 1817 2595; x_wconf 90' lang='lat' dir='ltr'>Necdum</span> <span class='ocrx_word' id='word_1_322' title='bbox 1845 2540 2125 2612; x_wconf 91' lang='lat' dir='ltr'>completa</span> 
     </span>
    </p>
   </div>
   <div class='ocr_carea' id='block_1_42' title="bbox 522 2628 2122 2700">
    <p class='ocr_par' dir='ltr' id='par_1_42' title="bbox 522 2628 2122 2700">
     <span class='ocr_line' id='line_1_42' title="bbox 522 2628 2122 2700; baseline 0.001 -17"><span class='ocrx_word' id='word_1_323' title='bbox 522 2631 659 2683; x_wconf 87' lang='lat' dir='ltr'>sunt</span> <span class='ocrx_word' id='word_1_324' title='bbox 675 2631 905 2700; x_wconf 86' lang='lat' dir='ltr'>peccata</span> <span class='ocrx_word' id='word_1_325' title='bbox 924 2628 1376 2683; x_wconf 84' lang='lat' dir='ltr'>Amorrhaeorum</span> <span class='ocrx_word' id='word_1_326' title='bbox 1398 2646 1411 2694; x_wconf 88' lang='lat'><strong>;</strong></span> <span class='ocrx_word' id='word_1_327' title='bbox 1440 2633 1498 2682; x_wconf 91' lang='lat' dir='ltr'>et</span> <span class='ocrx_word' id='word_1_328' title='bbox 1518 2629 1592 2683; x_wconf 87' lang='lat' dir='ltr'>ad</span> <span class='ocrx_word' id='word_1_329' title='bbox 1618 2629 1842 2683; x_wconf 63' lang='lat' dir='ltr'>Iudaeos</span> <span class='ocrx_word' id='word_1_330' title='bbox 1867 2645 1880 2680; x_wconf 90' lang='lat'><strong>:</strong></span> <span class='ocrx_word' id='word_1_331' title='bbox 1902 2631 2122 2699; x_wconf 83' lang='lat' dir='ltr'>Implete</span> 
     </span>
    </p>
   </div>
   <div class='ocr_carea' id='block_1_43' title="bbox 525 2717 2120 2789">
    <p class='ocr_par' dir='ltr' id='par_1_43' title="bbox 525 2717 2120 2789">
     <span class='ocr_line' id='line_1_43' title="bbox 525 2717 2120 2789; baseline 0 -17"><span class='ocrx_word' id='word_1_332' title='bbox 525 2732 847 2772; x_wconf 77' lang='lat' dir='ltr'>mensuram</span> <span class='ocrx_word' id='word_1_333' title='bbox 864 2722 1100 2785; x_wconf 79' lang='lat' dir='ltr'>patrum</span> <span class='ocrx_word' id='word_1_334' title='bbox 1118 2722 1425 2772; x_wconf 81' lang='lat' dir='ltr'>vestrorum</span> <span class='ocrx_word' id='word_1_335' title='bbox 1448 2718 1659 2783; x_wconf 76' lang='lat' dir='ltr'>(Matth.</span> <span class='ocrx_word' id='word_1_336' title='bbox 1683 2718 1857 2789; x_wconf 74' lang='grc' dir='ltr'>χχιιι).</span> <span class='ocrx_word' id='word_1_337' title='bbox 1882 2717 2120 2773; x_wconf 88' lang='lat' dir='ltr'>Omnem</span> 
     </span>
    </p>
   </div>
   <div class='ocr_carea' id='block_1_44' title="bbox 523 2806 2125 2877">
    <p class='ocr_par' dir='ltr' id='par_1_44' title="bbox 523 2806 2125 2877">
     <span class='ocr_line' id='line_1_44' title="bbox 523 2806 2125 2877; baseline 0 -15"><span class='ocrx_word' id='word_1_338' title='bbox 523 2821 657 2877; x_wconf 84' lang='lat' dir='ltr'>ergo</span> <span class='ocrx_word' id='word_1_339' title='bbox 678 2821 999 2860; x_wconf 88' lang='lat' dir='ltr'>mensuram</span> <span class='ocrx_word' id='word_1_340' title='bbox 1024 2806 1239 2877; x_wconf 86' lang='lat' dir='ltr'>peccati</span> <span class='ocrx_word' id='word_1_341' title='bbox 1260 2822 1385 2877; x_wconf 72' lang='lat' dir='ltr'>qua:</span> <span class='ocrx_word' id='word_1_342' title='bbox 1407 2810 1531 2861; x_wconf 89' lang='lat' dir='ltr'>erat</span> <span class='ocrx_word' id='word_1_343' title='bbox 1557 2812 1688 2861; x_wconf 90' lang='lat' dir='ltr'>ante</span> <span class='ocrx_word' id='word_1_344' title='bbox 1716 2806 1919 2876; x_wconf 79' lang='lat' dir='ltr'>legem,</span> <span class='ocrx_word' id='word_1_345' title='bbox 1944 2812 2125 2862; x_wconf 88' lang='lat' dir='ltr'>trans-</span> 
     </span>
    </p>
   </div>
   <div class='ocr_carea' id='block_1_45' title="bbox 521 2893 2125 2966">
    <p class='ocr_par' dir='ltr' id='par_1_45' title="bbox 521 2893 2125 2966">
     <span class='ocr_line' id='line_1_45' title="bbox 521 2893 2125 2966; baseline 0.001 -16"><span class='ocrx_word' id='word_1_346' title='bbox 521 2894 710 2950; x_wconf 89' lang='lat' dir='ltr'>cendit</span> <span class='ocrx_word' id='word_1_347' title='bbox 755 2893 1138 2965; x_wconf 69' lang='lat' dir='ltr'>praevaricatio</span> <span class='ocrx_word' id='word_1_348' title='bbox 1183 2894 1436 2950; x_wconf 87' lang='lat' dir='ltr'>mandati</span> <span class='ocrx_word' id='word_1_349' title='bbox 1479 2894 1639 2966; x_wconf 89' lang='lat' dir='ltr'>legis.</span> <span class='ocrx_word' id='word_1_350' title='bbox 1674 2895 1743 2950; x_wconf 90' lang='lat' dir='ltr'>Et</span> <span class='ocrx_word' id='word_1_351' title='bbox 1787 2896 1900 2950; x_wconf 90' lang='lat' dir='ltr'>tale</span> <span class='ocrx_word' id='word_1_352' title='bbox 1947 2901 2035 2950; x_wconf 91' lang='lat' dir='ltr'>est</span> <span class='ocrx_word' id='word_1_353' title='bbox 2058 2912 2125 2952; x_wconf 84' lang='lat' dir='ltr'>ac</span> 
     </span>
    </p>
   </div>
   <div class='ocr_carea' id='block_1_46' title="bbox 522 2983 2126 3058">
    <p class='ocr_par' dir='ltr' id='par_1_46' title="bbox 522 2983 2126 3058">
     <span class='ocr_line' id='line_1_46' title="bbox 522 2983 2126 3058; baseline 0.001 -20"><span class='ocrx_word' id='word_1_354' title='bbox 522 2984 572 3039; x_wconf 88' lang='lat' dir='ltr'>si</span> <span class='ocrx_word' id='word_1_355' title='bbox 592 2983 808 3038; x_wconf 89' lang='lat' dir='ltr'>diceret</span> <span class='ocrx_word' id='word_1_356' title='bbox 837 3001 847 3037; x_wconf 92' lang='lat'><em>:</em></span> <span class='ocrx_word' id='word_1_357' title='bbox 882 2983 1014 3038; x_wconf 90' lang='lat' dir='ltr'>Ideo</span> <span class='ocrx_word' id='word_1_358' title='bbox 1038 2983 1295 3038; x_wconf 88' lang='lat' dir='ltr'>diabolus</span> <span class='ocrx_word' id='word_1_359' title='bbox 1321 2984 1544 3039; x_wconf 83' lang='lat' dir='ltr'>seduxit</span> <span class='ocrx_word' id='word_1_360' title='bbox 1572 2986 1858 3040; x_wconf 84' lang='lat' dir='ltr'>hominem</span> <span class='ocrx_word' id='word_1_361' title='bbox 1882 3002 1983 3058; x_wconf 89' lang='lat' dir='ltr'>per</span> <span class='ocrx_word' id='word_1_362' title='bbox 2004 2986 2126 3040; x_wconf 91' lang='lat' dir='ltr'>dul-</span> 
     </span>
    </p>
   </div>
   <div class='ocr_carea' id='block_1_47' title="bbox 2195 1824 3733 1903">
    <p class='ocr_par' dir='ltr' id='par_1_47' title="bbox 2195 1824 3733 1903">
     <span class='ocr_line' id='line_1_47' title="bbox 2195 1824 3733 1903; baseline -0.008 -16"><span class='ocrx_word' id='word_1_363' title='bbox 2195 1843 2499 1903; x_wconf 83' lang='lat' dir='ltr'>peccatum,</span> <span class='ocrx_word' id='word_1_364' title='bbox 2552 1831 2609 1885; x_wconf 91' lang='lat' dir='ltr'>id</span> <span class='ocrx_word' id='word_1_365' title='bbox 2651 1836 2739 1885; x_wconf 92' lang='lat' dir='ltr'>est</span> <span class='ocrx_word' id='word_1_366' title='bbox 2781 1831 2930 1885; x_wconf 88' lang='lat' dir='ltr'>mala</span> <span class='ocrx_word' id='word_1_367' title='bbox 2960 1829 3304 1885; x_wconf 88' lang='lat' dir='ltr'>consuetudo</span> <span class='ocrx_word' id='word_1_368' title='bbox 3334 1824 3575 1898; x_wconf 87' lang='lat' dir='ltr'>peccandi</span> <span class='ocrx_word' id='word_1_369' title='bbox 3600 1838 3733 1894; x_wconf 84' lang='lat' dir='ltr'>quam</span> 
     </span>
    </p>
   </div>
   <div class='ocr_carea' id='block_1_48' title="bbox 2199 1913 3671 1992">
    <p class='ocr_par' dir='ltr' id='par_1_48' title="bbox 2199 1913 3671 1992">
     <span class='ocr_line' id='line_1_48' title="bbox 2199 1913 3671 1992; baseline -0.007 -16"><span class='ocrx_word' id='word_1_370' title='bbox 2199 1921 2344 1977; x_wconf 85' lang='lat' dir='ltr'>traxi</span> <span class='ocrx_word' id='word_1_371' title='bbox 2370 1937 2436 1976; x_wconf 88' lang='lat' dir='ltr'>ex</span> <span class='ocrx_word' id='word_1_372' title='bbox 2454 1920 2655 1986; x_wconf 87' lang='lat' dir='ltr'>Adam,</span> <span class='ocrx_word' id='word_1_373' title='bbox 2687 1926 2954 1992; x_wconf 90' lang='lat' dir='ltr'>operatur</span> <span class='ocrx_word' id='word_1_374' title='bbox 2980 1920 3039 1973; x_wconf 93' lang='lat' dir='ltr'>in</span> <span class='ocrx_word' id='word_1_375' title='bbox 3063 1935 3155 1973; x_wconf 92' lang='lat' dir='ltr'>me</span> <span class='ocrx_word' id='word_1_376' title='bbox 3183 1913 3671 1987; x_wconf 86' lang='lat' dir='ltr'>concupiscentiam.</span> 
     </span>
    </p>
   </div>
   <div class='ocr_carea' id='block_1_49' title="bbox 2273 2008 3738 2082">
    <p class='ocr_par' dir='ltr' id='par_1_49' title="bbox 2273 2008 3738 2082">
     <span class='ocr_line' id='line_1_49' title="bbox 2273 2008 3738 2082; baseline -0.012 -10"><span class='ocrx_word' id='word_1_377' title='bbox 2273 2015 2394 2071; x_wconf 87' lang='lat' dir='ltr'>Scio</span> <span class='ocrx_word' id='word_1_378' title='bbox 2415 2015 2565 2068; x_wconf 88' lang='lat' dir='ltr'>enim</span> <span class='ocrx_word' id='word_1_379' title='bbox 2589 2016 2723 2082; x_wconf 87' lang='lat' dir='ltr'>quia</span> <span class='ocrx_word' id='word_1_380' title='bbox 2746 2029 2858 2067; x_wconf 84' lang='lat' dir='ltr'>non</span> <span class='ocrx_word' id='word_1_381' title='bbox 2879 2012 3091 2067; x_wconf 85' lang='lat' dir='ltr'>habitat</span> <span class='ocrx_word' id='word_1_382' title='bbox 3114 2016 3176 2065; x_wconf 90' lang='lat' dir='ltr'>in</span> <span class='ocrx_word' id='word_1_383' title='bbox 3195 2027 3295 2076; x_wconf 86' lang='lat' dir='ltr'>me,</span> <span class='ocrx_word' id='word_1_384' title='bbox 3324 2010 3416 2063; x_wconf 86' lang='lat' dir='ltr'>hoc</span> <span class='ocrx_word' id='word_1_385' title='bbox 3439 2012 3510 2061; x_wconf 87' lang='lat' dir='ltr'>est</span> <span class='ocrx_word' id='word_1_386' title='bbox 3534 2008 3589 2059; x_wconf 86' lang='lat' dir='ltr'>in</span> <span class='ocrx_word' id='word_1_387' title='bbox 3607 2018 3738 2058; x_wconf 76' lang='lat' dir='ltr'>carne</span> 
     </span>
    </p>
   </div>
   <div class='ocr_carea' id='block_1_50' title="bbox 2201 2095 3739 2169">
    <p class='ocr_par' dir='ltr' id='par_1_50' title="bbox 2201 2095 3739 2169">
     <span class='ocr_line' id='line_1_50' title="bbox 2201 2095 3739 2169; baseline -0.008 -11"><span class='ocrx_word' id='word_1_388' title='bbox 2201 2119 2343 2169; x_wconf 87' lang='lat' dir='ltr'>mea,</span> <span class='ocrx_word' id='word_1_389' title='bbox 2361 2104 2585 2157; x_wconf 87' lang='lat' dir='ltr'>bonum.</span> <span class='ocrx_word' id='word_1_390' title='bbox 2602 2101 2741 2157; x_wconf 90' lang='lat' dir='ltr'>Cum</span> <span class='ocrx_word' id='word_1_391' title='bbox 2764 2100 2918 2161; x_wconf 92' lang='lat' dir='ltr'>dicit,</span> <span class='ocrx_word' id='word_1_392' title='bbox 2933 2115 3048 2154; x_wconf 90' lang='lat' dir='ltr'>non</span> <span class='ocrx_word' id='word_1_393' title='bbox 3064 2098 3283 2153; x_wconf 83' lang='lat' dir='ltr'>habitat</span> <span class='ocrx_word' id='word_1_394' title='bbox 3300 2097 3357 2151; x_wconf 91' lang='lat' dir='ltr'>in</span> <span class='ocrx_word' id='word_1_395' title='bbox 3370 2095 3645 2165; x_wconf 36' lang='lat' dir='ltr'>meitetum</span> <span class='ocrx_word' id='word_1_396' title='bbox 3662 2105 3739 2161; x_wconf 87' lang='lat' dir='ltr'>po-</span> 
     </span>
    </p>
   </div>
   <div class='ocr_carea' id='block_1_51' title="bbox 2203 2183 3737 2263">
    <p class='ocr_par' dir='ltr' id='par_1_51' title="bbox 2203 2183 3737 2263">
     <span class='ocr_line' id='line_1_51' title="bbox 2203 2183 3737 2263; baseline -0.003 -17"><span class='ocrx_word' id='word_1_397' title='bbox 2203 2191 2317 2248; x_wconf 88' lang='lat' dir='ltr'>suit</span> <span class='ocrx_word' id='word_1_398' title='bbox 2337 2206 2438 2263; x_wconf 92' lang='lat' dir='ltr'>pro</span> <span class='ocrx_word' id='word_1_399' title='bbox 2457 2193 2637 2262; x_wconf 89' lang='lat' dir='ltr'>parte,</span> <span class='ocrx_word' id='word_1_400' title='bbox 2655 2189 2803 2244; x_wconf 91' lang='lat' dir='ltr'>sicut</span> <span class='ocrx_word' id='word_1_401' title='bbox 2814 2194 2873 2243; x_wconf 90' lang='lat' dir='ltr'>et</span> <span class='ocrx_word' id='word_1_402' title='bbox 2890 2187 3070 2244; x_wconf 88' lang='lat' dir='ltr'>Maria</span> <span class='ocrx_word' id='word_1_403' title='bbox 3083 2188 3142 2242; x_wconf 93' lang='lat' dir='ltr'>in</span> <span class='ocrx_word' id='word_1_404' title='bbox 3156 2184 3449 2255; x_wconf 86' lang='lat' dir='ltr'>Evangelio</span> <span class='ocrx_word' id='word_1_405' title='bbox 3466 2197 3478 2232; x_wconf 91' lang='lat'><strong>:</strong></span> <span class='ocrx_word' id='word_1_406' title='bbox 3500 2183 3737 2242; x_wconf 66' lang='lat' dir='ltr'>Tulerunt.</span> 
     </span>
    </p>
   </div>
   <div class='ocr_carea' id='block_1_52' title="bbox 2202 2273 3741 2352">
    <p class='ocr_par' dir='ltr' id='par_1_52' title="bbox 2202 2273 3741 2352">
     <span class='ocr_line' id='line_1_52' title="bbox 2202 2273 3741 2352; baseline -0.01 -16"><span class='ocrx_word' id='word_1_407' title='bbox 2202 2280 2484 2352; x_wconf 89' lang='lat' dir='ltr'>inquiens,</span> <span class='ocrx_word' id='word_1_408' title='bbox 2508 2280 2811 2334; x_wconf 85' lang='lat' dir='ltr'>Dominum</span> <span class='ocrx_word' id='word_1_409' title='bbox 2833 2293 3016 2332; x_wconf 82' lang='lat' dir='ltr'>meum</span> <span class='ocrx_word' id='word_1_410' title='bbox 3041 2278 3223 2346; x_wconf 88' lang='lat' dir='ltr'>(Joan.</span> <span class='ocrx_word' id='word_1_411' title='bbox 3244 2275 3356 2342; x_wconf 81' lang='lat' dir='ltr'>xx),</span> <span class='ocrx_word' id='word_1_412' title='bbox 3377 2273 3431 2327; x_wconf 92' lang='lat' dir='ltr'>id</span> <span class='ocrx_word' id='word_1_413' title='bbox 3459 2274 3741 2340; x_wconf 77' lang='lat' dir='ltr'>est,‘_corpus</span> 
     </span>
    </p>
   </div>
   <div class='ocr_carea' id='block_1_53' title="bbox 2204 2362 3740 2437">
    <p class='ocr_par' dir='ltr' id='par_1_53' title="bbox 2204 2362 3740 2437">
     <span class='ocr_line' id='line_1_53' title="bbox 2204 2362 3740 2437; baseline -0.009 -13"><span class='ocrx_word' id='word_1_414' title='bbox 2204 2368 2431 2424; x_wconf 90' lang='lat' dir='ltr'>Domini</span> <span class='ocrx_word' id='word_1_415' title='bbox 2455 2368 2594 2435; x_wconf 90' lang='lat' dir='ltr'>mei;</span> <span class='ocrx_word' id='word_1_416' title='bbox 2622 2367 2722 2423; x_wconf 90' lang='lat' dir='ltr'>sed</span> <span class='ocrx_word' id='word_1_417' title='bbox 2744 2366 3125 2437; x_wconf 87' lang='lat' dir='ltr'>subjungens:</span> <span class='ocrx_word' id='word_1_418' title='bbox 3152 2366 3259 2420; x_wconf 91' lang='lat' dir='ltr'>hoc</span> <span class='ocrx_word' id='word_1_419' title='bbox 3279 2362 3437 2419; x_wconf 87' lang='lat' dir='ltr'>estin</span> <span class='ocrx_word' id='word_1_420' title='bbox 3456 2374 3606 2415; x_wconf 90' lang='lat' dir='ltr'>carne</span> <span class='ocrx_word' id='word_1_421' title='bbox 3626 2370 3740 2419; x_wconf 78' lang='lat' dir='ltr'>mea,</span> 
     </span>
    </p>
   </div>
   <div class='ocr_carea' id='block_1_54' title="bbox 2212 2443 3744 2530">
    <p class='ocr_par' dir='ltr' id='par_1_54' title="bbox 2212 2443 3744 2530">
     <span class='ocr_line' id='line_1_54' title="bbox 2212 2443 3744 2530; baseline -0.012 -15"><span class='ocrx_word' id='word_1_422' title='bbox 2212 2456 2469 2530; x_wconf 81' lang='lat' dir='ltr'>exposuit</span> <span class='ocrx_word' id='word_1_423' title='bbox 2494 2456 2612 2528; x_wconf 90' lang='lat' dir='ltr'>ipse</span> <span class='ocrx_word' id='word_1_424' title='bbox 2639 2456 2771 2527; x_wconf 91' lang='lat' dir='ltr'>quid</span> <span class='ocrx_word' id='word_1_425' title='bbox 2799 2461 2949 2510; x_wconf 86' lang='lat' dir='ltr'>esset</span> <span class='ocrx_word' id='word_1_426' title='bbox 2981 2454 3127 2526; x_wconf 89' lang='lat' dir='ltr'>quod</span> <span class='ocrx_word' id='word_1_427' title='bbox 3153 2454 3323 2509; x_wconf 82' lang='lat' dir='ltr'>dicit:</span> <span class='ocrx_word' id='word_1_428' title='bbox 3346 2452 3463 2507; x_wconf 87' lang='lat' dir='ltr'>Non</span> <span class='ocrx_word' id='word_1_429' title='bbox 3489 2446 3677 2503; x_wconf 87' lang='lat' dir='ltr'>habitat</span> <span class='ocrx_word' id='word_1_430' title='bbox 3698 2443 3744 2498; x_wconf 88' lang='lat' dir='ltr'>in</span> 
     </span>
    </p>
   </div>
   <div class='ocr_carea' id='block_1_55' title="bbox 2206 2530 3745 2618">
    <p class='ocr_par' dir='ltr' id='par_1_55' title="bbox 2206 2530 3745 2618">
     <span class='ocr_line' id='line_1_55' title="bbox 2206 2530 3745 2618; baseline -0.01 -16"><span class='ocrx_word' id='word_1_431' title='bbox 2206 2564 2296 2602; x_wconf 93' lang='lat' dir='ltr'>me</span> <span class='ocrx_word' id='word_1_432' title='bbox 2354 2545 2579 2618; x_wconf 89' lang='lat' dir='ltr'>aliquod</span> <span class='ocrx_word' id='word_1_433' title='bbox 2627 2544 2860 2611; x_wconf 86' lang='lat' dir='ltr'>bonum,</span> <span class='ocrx_word' id='word_1_434' title='bbox 2897 2550 2954 2599; x_wconf 89' lang='lat' dir='ltr'>et</span> <span class='ocrx_word' id='word_1_435' title='bbox 2984 2543 3270 2616; x_wconf 84' lang='lat' dir='ltr'>separavit</span> <span class='ocrx_word' id='word_1_436' title='bbox 3294 2542 3540 2596; x_wconf 77' lang='lat' dir='ltr'>affectum</span> <span class='ocrx_word' id='word_1_437' title='bbox 3582 2530 3745 2589; x_wconf 78' lang='lat' dir='ltr'>mentis</span> 
     </span>
    </p>
   </div>
   <div class='ocr_carea' id='block_1_56' title="bbox 2205 2624 3747 2705">
    <p class='ocr_par' dir='ltr' id='par_1_56' title="bbox 2205 2624 3747 2705">
     <span class='ocr_line' id='line_1_56' title="bbox 2205 2624 3747 2705; baseline -0.01 -15"><span class='ocrx_word' id='word_1_438' title='bbox 2205 2653 2238 2691; x_wconf 93' lang='lat' dir='ltr'>a</span> <span class='ocrx_word' id='word_1_439' title='bbox 2268 2635 2564 2690; x_wconf 87' lang='lat' dir='ltr'>desideriis</span> <span class='ocrx_word' id='word_1_440' title='bbox 2588 2633 2772 2688; x_wconf 90' lang='lat' dir='ltr'>carnis</span> <span class='ocrx_word' id='word_1_441' title='bbox 2800 2633 2859 2688; x_wconf 91' lang='lat' dir='ltr'>in</span> <span class='ocrx_word' id='word_1_442' title='bbox 2891 2648 3002 2705; x_wconf 89' lang='lat' dir='ltr'>qua</span> <span class='ocrx_word' id='word_1_443' title='bbox 3032 2632 3172 2687; x_wconf 90' lang='lat' dir='ltr'>nihil</span> <span class='ocrx_word' id='word_1_444' title='bbox 3201 2636 3289 2687; x_wconf 91' lang='lat' dir='ltr'>est</span> <span class='ocrx_word' id='word_1_445' title='bbox 3312 2629 3440 2685; x_wconf 91' lang='lat' dir='ltr'>boni</span> <span class='ocrx_word' id='word_1_446' title='bbox 3461 2642 3472 2676; x_wconf 88' lang='lat'>:</span> <span class='ocrx_word' id='word_1_447' title='bbox 3494 2624 3613 2698; x_wconf 90' lang='lat' dir='ltr'>quia</span> <span class='ocrx_word' id='word_1_448' title='bbox 3634 2637 3747 2676; x_wconf 85' lang='lat' dir='ltr'>sem-</span> 
     </span>
    </p>
   </div>
   <div class='ocr_carea' id='block_1_57' title="bbox 2204 2721 3433 2796">
    <p class='ocr_par' dir='ltr' id='par_1_57' title="bbox 2204 2721 3433 2796">
     <span class='ocr_line' id='line_1_57' title="bbox 2204 2721 3433 2796; baseline -0.007 -18"><span class='ocrx_word' id='word_1_449' title='bbox 2204 2740 2306 2796; x_wconf 89' lang='lat' dir='ltr'>per</span> <span class='ocrx_word' id='word_1_450' title='bbox 2327 2723 2641 2777; x_wconf 85' lang='lat' dir='ltr'>delectatur</span> <span class='ocrx_word' id='word_1_451' title='bbox 2669 2722 2916 2776; x_wconf 88' lang='lat' dir='ltr'>carnalia</span> <span class='ocrx_word' id='word_1_452' title='bbox 2946 2737 3118 2792; x_wconf 86' lang='lat' dir='ltr'>opera</span> <span class='ocrx_word' id='word_1_453' title='bbox 3145 2721 3433 2791; x_wconf 80' lang='lat' dir='ltr'>perficere.</span> 
     </span>
    </p>
   </div>
   <div class='ocr_carea' id='block_1_58' title="bbox 2279 2800 3751 2880">
    <p class='ocr_par' dir='ltr' id='par_1_58' title="bbox 2279 2800 3751 2880">
     <span class='ocr_line' id='line_1_58' title="bbox 2279 2800 3751 2880; baseline -0.012 -13"><span class='ocrx_word' id='word_1_454' title='bbox 2279 2814 2423 2868; x_wconf 80' lang='lat' dir='ltr'>Nam</span> <span class='ocrx_word' id='word_1_455' title='bbox 2449 2814 2583 2866; x_wconf 73' lang='lat' dir='ltr'>velle</span> <span class='ocrx_word' id='word_1_456' title='bbox 2613 2813 2825 2880; x_wconf 86' lang='lat' dir='ltr'>adjacet</span> <span class='ocrx_word' id='word_1_457' title='bbox 2844 2811 3005 2871; x_wconf 85' lang='lat' dir='ltr'>mihi,</span> <span class='ocrx_word' id='word_1_458' title='bbox 3027 2810 3085 2864; x_wconf 91' lang='lat' dir='ltr'>id</span> <span class='ocrx_word' id='word_1_459' title='bbox 3107 2814 3211 2877; x_wconf 87' lang='lat' dir='ltr'>est,</span> <span class='ocrx_word' id='word_1_460' title='bbox 3242 2809 3387 2863; x_wconf 91' lang='lat' dir='ltr'>inest</span> <span class='ocrx_word' id='word_1_461' title='bbox 3409 2803 3536 2859; x_wconf 90' lang='lat' dir='ltr'>mihi</span> <span class='ocrx_word' id='word_1_462' title='bbox 3555 2801 3689 2863; x_wconf 76' lang='lat' dir='ltr'>velle,</span> <span class='ocrx_word' id='word_1_463' title='bbox 3706 2800 3751 2850; x_wconf 85' lang='lat' dir='ltr'>et</span> 
     </span>
    </p>
   </div>
   <div class='ocr_carea' id='block_1_59' title="bbox 2206 2888 3749 2968">
    <p class='ocr_par' dir='ltr' id='par_1_59' title="bbox 2206 2888 3749 2968">
     <span class='ocr_line' id='line_1_59' title="bbox 2206 2888 3749 2968; baseline -0.01 -14"><span class='ocrx_word' id='word_1_464' title='bbox 2206 2901 2464 2956; x_wconf 82' lang='lat' dir='ltr'>voluntas</span> <span class='ocrx_word' id='word_1_465' title='bbox 2506 2906 2593 2955; x_wconf 92' lang='lat' dir='ltr'>est</span> <span class='ocrx_word' id='word_1_466' title='bbox 2631 2898 2856 2960; x_wconf 86' lang='lat' dir='ltr'>mentis,</span> <span class='ocrx_word' id='word_1_467' title='bbox 2889 2904 2954 2953; x_wconf 92' lang='lat' dir='ltr'>ut</span> <span class='ocrx_word' id='word_1_468' title='bbox 2997 2915 3114 2953; x_wconf 90' lang='lat' dir='ltr'>non</span> <span class='ocrx_word' id='word_1_469' title='bbox 3158 2896 3536 2968; x_wconf 85' lang='lat' dir='ltr'>concupiscam</span> <span class='ocrx_word' id='word_1_470' title='bbox 3577 2888 3749 2944; x_wconf 87' lang='lat' dir='ltr'>malum</span> 
     </span>
    </p>
   </div>
   <div class='ocr_carea' id='block_1_60' title="bbox 2208 2977 3747 3063">
    <p class='ocr_par' dir='ltr' id='par_1_60' title="bbox 2208 2977 3747 3063">
     <span class='ocr_line' id='line_1_60' title="bbox 2208 2977 3747 3063; baseline -0.011 -18"><span class='ocrx_word' id='word_1_471' title='bbox 2208 2990 2355 3063; x_wconf 91' lang='lat' dir='ltr'>quod</span> <span class='ocrx_word' id='word_1_472' title='bbox 2372 3006 2484 3044; x_wconf 93' lang='lat' dir='ltr'>non</span> <span class='ocrx_word' id='word_1_473' title='bbox 2503 2988 2667 3043; x_wconf 88' lang='lat' dir='ltr'>velim</span> <span class='ocrx_word' id='word_1_474' title='bbox 2688 3007 2700 3041; x_wconf 87' lang='lat'><strong>:</strong></span> <span class='ocrx_word' id='word_1_475' title='bbox 2722 2991 2978 3056; x_wconf 79' lang='lat' dir='ltr'>perﬁcere</span> <span class='ocrx_word' id='word_1_476' title='bbox 2997 2992 3186 3041; x_wconf 85' lang='lat' dir='ltr'>autem</span> <span class='ocrx_word' id='word_1_477' title='bbox 3207 2989 3408 3042; x_wconf 82' lang='lat' dir='ltr'>bonum</span> <span class='ocrx_word' id='word_1_478' title='bbox 3428 2999 3530 3038; x_wconf 88' lang='lat' dir='ltr'>non</span> <span class='ocrx_word' id='word_1_479' title='bbox 3554 2977 3747 3037; x_wconf 76' lang='lat' dir='ltr'>invenio,</span> 
     </span>
    </p>
   </div>
   <div class='ocr_carea' id='block_1_61' title="bbox 521 3068 3750 3152">
    <p class='ocr_par' dir='ltr' id='par_1_61' title="bbox 521 3068 3750 3152">
     <span class='ocr_line' id='line_1_61' title="bbox 521 3068 3750 3152; baseline -0.003 -25"><span class='ocrx_word' id='word_1_480' title='bbox 521 3071 775 3127; x_wconf 90' lang='lat' dir='ltr'>cedinem</span> <span class='ocrx_word' id='word_1_481' title='bbox 805 3072 1037 3143; x_wconf 87' lang='lat' dir='ltr'>peccati,</span> <span class='ocrx_word' id='word_1_482' title='bbox 1070 3078 1135 3127; x_wconf 92' lang='lat' dir='ltr'>ut</span> <span class='ocrx_word' id='word_1_483' title='bbox 1163 3073 1264 3127; x_wconf 88' lang='lat' dir='ltr'>ﬁat</span> <span class='ocrx_word' id='word_1_484' title='bbox 1293 3088 1394 3144; x_wconf 90' lang='lat' dir='ltr'>per</span> <span class='ocrx_word' id='word_1_485' title='bbox 1418 3073 1927 3144; x_wconf 87' lang='lat' dir='ltr'>transgressionem</span> <span class='ocrx_word' id='word_1_486' title='bbox 1959 3090 2120 3128; x_wconf 90' lang='lat' dir='ltr'>mau-</span> <span class='ocrx_word' id='word_1_487' title='bbox 2142 3081 2186 3142; x_wconf 74' lang='grc' dir='ltr'>ο</span> <span class='ocrx_word' id='word_1_488' title='bbox 2206 3079 2334 3152; x_wconf 81' lang='lat' dir='ltr'>quia</span> <span class='ocrx_word' id='word_1_489' title='bbox 2351 3095 2461 3134; x_wconf 87' lang='lat' dir='ltr'>non</span> <span class='ocrx_word' id='word_1_490' title='bbox 2475 3094 2703 3150; x_wconf 89' lang='lat' dir='ltr'>possum</span> <span class='ocrx_word' id='word_1_491' title='bbox 2722 3093 2835 3132; x_wconf 90' lang='lat' dir='ltr'>non</span> <span class='ocrx_word' id='word_1_492' title='bbox 2845 3074 3567 3149; x_wconf 68' lang='lat' dir='ltr'>concupiscerePerfectum</span> <span class='ocrx_word' id='word_1_493' title='bbox 3577 3068 3750 3122; x_wconf 87' lang='lat' dir='ltr'>bonum</span> 
     </span>
    </p>
   </div>
   <div class='ocr_carea' id='block_1_62' title="bbox 522 3160 2124 3234">
    <p class='ocr_par' dir='ltr' id='par_1_62' title="bbox 522 3160 2124 3234">
     <span class='ocr_line' id='line_1_62' title="bbox 522 3160 2124 3234; baseline 0.002 -19"><span class='ocrx_word' id='word_1_494' title='bbox 522 3160 642 3215; x_wconf 87' lang='lat' dir='ltr'>dati</span> <span class='ocrx_word' id='word_1_495' title='bbox 670 3177 845 3232; x_wconf 89' lang='lat' dir='ltr'>supra</span> <span class='ocrx_word' id='word_1_496' title='bbox 871 3161 1099 3216; x_wconf 89' lang='lat' dir='ltr'>modum</span> <span class='ocrx_word' id='word_1_497' title='bbox 1128 3177 1363 3233; x_wconf 86' lang='lat' dir='ltr'>peccans</span> <span class='ocrx_word' id='word_1_498' title='bbox 1393 3168 1703 3234; x_wconf 90' lang='lat' dir='ltr'>peccatum,</span> <span class='ocrx_word' id='word_1_499' title='bbox 1736 3162 1793 3216; x_wconf 93' lang='lat' dir='ltr'>id</span> <span class='ocrx_word' id='word_1_500' title='bbox 1823 3168 1930 3232; x_wconf 90' lang='lat' dir='ltr'>est,</span> <span class='ocrx_word' id='word_1_501' title='bbox 1966 3163 2124 3218; x_wconf 89' lang='lat' dir='ltr'>dete-</span> 
     </span>
    </p>
   </div>
   <div class='ocr_carea' id='block_1_63' title="bbox 521 3249 2126 3324">
    <p class='ocr_par' dir='ltr' id='par_1_63' title="bbox 521 3249 2126 3324">
     <span class='ocr_line' id='line_1_63' title="bbox 521 3249 2126 3324; baseline 0.001 -19"><span class='ocrx_word' id='word_1_502' title='bbox 521 3249 640 3305; x_wconf 89' lang='lat' dir='ltr'>rius</span> <span class='ocrx_word' id='word_1_503' title='bbox 670 3256 727 3305; x_wconf 92' lang='lat' dir='ltr'>et</span> <span class='ocrx_word' id='word_1_504' title='bbox 756 3250 1063 3305; x_wconf 85' lang='lat' dir='ltr'>maximum</span> <span class='ocrx_word' id='word_1_505' title='bbox 1095 3255 1406 3320; x_wconf 87' lang='lat' dir='ltr'>peccatum,</span> <span class='ocrx_word' id='word_1_506' title='bbox 1436 3251 1591 3306; x_wconf 88' lang='lat' dir='ltr'>velut</span> <span class='ocrx_word' id='word_1_507' title='bbox 1616 3250 1815 3306; x_wconf 88' lang='lat' dir='ltr'>beatus</span> <span class='ocrx_word' id='word_1_508' title='bbox 1844 3251 2126 3324; x_wconf 86' lang='lat' dir='ltr'>Hierony-</span> 
     </span>
    </p>
   </div>
   <div class='ocr_carea' id='block_1_64' title="bbox 520 3339 1514 3411">
    <p class='ocr_par' dir='ltr' id='par_1_64' title="bbox 520 3339 1514 3411">
     <span class='ocr_line' id='line_1_64' title="bbox 520 3339 1514 3411; baseline 0.001 -18"><span class='ocrx_word' id='word_1_509' title='bbox 520 3355 649 3394; x_wconf 87' lang='lat' dir='ltr'>mus</span> <span class='ocrx_word' id='word_1_510' title='bbox 676 3339 814 3395; x_wconf 89' lang='lat' dir='ltr'>dicit</span> <span class='ocrx_word' id='word_1_511' title='bbox 845 3358 857 3395; x_wconf 92' lang='lat'><strong>:</strong></span> <span class='ocrx_word' id='word_1_512' title='bbox 886 3345 1178 3411; x_wconf 89' lang='lat' dir='ltr'>peccatum</span> <span class='ocrx_word' id='word_1_513' title='bbox 1211 3339 1514 3410; x_wconf 90' lang='lat' dir='ltr'>peccatius.</span> 
     </span>
    </p>
   </div>
   <div class='ocr_carea' id='block_1_65' title="bbox 589 3428 2128 3497">
    <p class='ocr_par' dir='ltr' id='par_1_65' title="bbox 589 3428 2128 3497">
     <span class='ocr_line' id='line_1_65' title="bbox 589 3428 2128 3497; baseline 0 -13"><span class='ocrx_word' id='word_1_514' title='bbox 589 3428 809 3484; x_wconf 84' lang='lat' dir='ltr'>Scimus</span> <span class='ocrx_word' id='word_1_515' title='bbox 827 3431 978 3483; x_wconf 83' lang='lat' dir='ltr'>enim</span> <span class='ocrx_word' id='word_1_516' title='bbox 998 3430 1134 3497; x_wconf 87' lang='lat' dir='ltr'>quia</span> <span class='ocrx_word' id='word_1_517' title='bbox 1157 3430 1243 3482; x_wconf 73' lang='lat' dir='ltr'>lea:</span> <span class='ocrx_word' id='word_1_518' title='bbox 1262 3430 1537 3496; x_wconf 78' lang='lat' dir='ltr'>spiritalis</span> <span class='ocrx_word' id='word_1_519' title='bbox 1555 3434 1666 3494; x_wconf 83' lang='lat' dir='ltr'>est;</span> <span class='ocrx_word' id='word_1_520' title='bbox 1689 3445 1781 3497; x_wconf 82' lang='lat' dir='ltr'>ego</span> <span class='ocrx_word' id='word_1_521' title='bbox 1799 3434 1985 3484; x_wconf 87' lang='lat' dir='ltr'>autem</span> <span class='ocrx_word' id='word_1_522' title='bbox 2005 3445 2128 3484; x_wconf 83' lang='lat' dir='ltr'>car-</span> 
     </span>
    </p>
   </div>
   <div class='ocr_carea' id='block_1_66' title="bbox 522 3516 2125 3589">
    <p class='ocr_par' dir='ltr' id='par_1_66' title="bbox 522 3516 2125 3589">
     <span class='ocr_line' id='line_1_66' title="bbox 522 3516 2125 3589; baseline 0.002 -18"><span class='ocrx_word' id='word_1_523' title='bbox 522 3518 671 3571; x_wconf 80' lang='lat' dir='ltr'>nalis</span> <span class='ocrx_word' id='word_1_524' title='bbox 684 3516 1186 3583; x_wconf 79' lang='lat' dir='ltr'>sum,venundatus</span> <span class='ocrx_word' id='word_1_525' title='bbox 1205 3517 1306 3569; x_wconf 84' lang='lat' dir='ltr'>sub</span> <span class='ocrx_word' id='word_1_526' title='bbox 1315 3516 1633 3585; x_wconf 85' lang='lat' dir='ltr'>peccato.Ex</span> <span class='ocrx_word' id='word_1_527' title='bbox 1652 3533 1892 3588; x_wconf 85' lang='lat' dir='ltr'>persona</span> <span class='ocrx_word' id='word_1_528' title='bbox 1899 3517 2125 3589; x_wconf 88' lang='lat' dir='ltr'>generis</span> 
     </span>
    </p>
   </div>
   <div class='ocr_carea' id='block_1_67' title="bbox 518 3604 2119 3677">
    <p class='ocr_par' dir='ltr' id='par_1_67' title="bbox 518 3604 2119 3677">
     <span class='ocr_line' id='line_1_67' title="bbox 518 3604 2119 3677; baseline 0.001 -17"><span class='ocrx_word' id='word_1_529' title='bbox 518 3605 753 3660; x_wconf 81' lang='lat' dir='ltr'>humani</span> <span class='ocrx_word' id='word_1_530' title='bbox 780 3605 1032 3676; x_wconf 87' lang='lat' dir='ltr'>loquitur</span> <span class='ocrx_word' id='word_1_531' title='bbox 1058 3604 1150 3659; x_wconf 91' lang='lat' dir='ltr'>hic</span> <span class='ocrx_word' id='word_1_532' title='bbox 1178 3605 1499 3675; x_wconf 82' lang='lat' dir='ltr'>Apostolus,</span> <span class='ocrx_word' id='word_1_533' title='bbox 1533 3610 1592 3659; x_wconf 90' lang='lat' dir='ltr'>et</span> <span class='ocrx_word' id='word_1_534' title='bbox 1626 3605 1684 3661; x_wconf 90' lang='lat' dir='ltr'>in</span> <span class='ocrx_word' id='word_1_535' title='bbox 1713 3606 2081 3677; x_wconf 89' lang='lat' dir='ltr'>sequentibus</span> <span class='ocrx_word' id='word_1_536' title='bbox 2106 3626 2119 3662; x_wconf 84' lang='lat'><strong>:</strong></span> 
     </span>
    </p>
   </div>
   <div class='ocr_carea' id='block_1_68' title="bbox 519 3694 2125 3769">
    <p class='ocr_par' dir='ltr' id='par_1_68' title="bbox 519 3694 2125 3769">
     <span class='ocr_line' id='line_1_68' title="bbox 519 3694 2125 3769; baseline 0.003 -22"><span class='ocrx_word' id='word_1_537' title='bbox 519 3694 606 3748; x_wconf 84' lang='lat' dir='ltr'>vel</span> <span class='ocrx_word' id='word_1_538' title='bbox 635 3694 807 3748; x_wconf 89' lang='lat' dir='ltr'>etiam</span> <span class='ocrx_word' id='word_1_539' title='bbox 850 3710 921 3748; x_wconf 87' lang='lat' dir='ltr'>ex</span> <span class='ocrx_word' id='word_1_540' title='bbox 967 3709 1207 3765; x_wconf 88' lang='lat' dir='ltr'>persona</span> <span class='ocrx_word' id='word_1_541' title='bbox 1246 3694 1629 3766; x_wconf 88' lang='lat' dir='ltr'>cujuscunque</span> <span class='ocrx_word' id='word_1_542' title='bbox 1670 3695 1913 3751; x_wconf 88' lang='lat' dir='ltr'>hominis</span> <span class='ocrx_word' id='word_1_543' title='bbox 1943 3698 2125 3769; x_wconf 67' lang='lat' dir='ltr'>pinni-</span> 
     </span>
    </p>
   </div>
   <div class='ocr_carea' id='block_1_69' title="bbox 519 3781 2124 3852">
    <p class='ocr_par' dir='ltr' id='par_1_69' title="bbox 519 3781 2124 3852">
     <span class='ocr_line' id='line_1_69' title="bbox 519 3781 2124 3852; baseline 0.004 -18"><span class='ocrx_word' id='word_1_544' title='bbox 519 3781 757 3836; x_wconf 88' lang='lat' dir='ltr'>tentiam</span> <span class='ocrx_word' id='word_1_545' title='bbox 782 3782 1022 3852; x_wconf 88' lang='lat' dir='ltr'>agentis,</span> <span class='ocrx_word' id='word_1_546' title='bbox 1046 3787 1105 3836; x_wconf 90' lang='lat' dir='ltr'>et</span> <span class='ocrx_word' id='word_1_547' title='bbox 1130 3797 1197 3835; x_wconf 84' lang='lat' dir='ltr'>ex</span> <span class='ocrx_word' id='word_1_548' title='bbox 1222 3786 1341 3836; x_wconf 88' lang='lat' dir='ltr'>toto</span> <span class='ocrx_word' id='word_1_549' title='bbox 1367 3783 1535 3837; x_wconf 92' lang='lat' dir='ltr'>corde</span> <span class='ocrx_word' id='word_1_550' title='bbox 1564 3783 1635 3838; x_wconf 89' lang='lat' dir='ltr'>ad</span> <span class='ocrx_word' id='word_1_551' title='bbox 1666 3783 1969 3840; x_wconf 89' lang='lat' dir='ltr'>Dominum</span> <span class='ocrx_word' id='word_1_552' title='bbox 1994 3802 2124 3841; x_wconf 89' lang='lat' dir='ltr'>con-</span> 
     </span>
    </p>
   </div>
   <div class='ocr_carea' id='block_1_70' title="bbox 519 3870 2124 3945">
    <p class='ocr_par' dir='ltr' id='par_1_70' title="bbox 519 3870 2124 3945">
     <span class='ocr_line' id='line_1_70' title="bbox 519 3870 2124 3945; baseline 0.003 -22"><span class='ocrx_word' id='word_1_553' title='bbox 519 3870 807 3924; x_wconf 89' lang='lat' dir='ltr'>vertentis.</span> <span class='ocrx_word' id='word_1_554' title='bbox 832 3871 944 3925; x_wconf 88' lang='lat' dir='ltr'>Lex</span> <span class='ocrx_word' id='word_1_555' title='bbox 966 3870 1116 3926; x_wconf 87' lang='lat' dir='ltr'>enim</span> <span class='ocrx_word' id='word_1_556' title='bbox 1141 3872 1320 3944; x_wconf 84' lang='lat' dir='ltr'>Moysi</span> <span class='ocrx_word' id='word_1_557' title='bbox 1341 3872 1612 3944; x_wconf 85' lang='lat' dir='ltr'>spiritalis</span> <span class='ocrx_word' id='word_1_558' title='bbox 1634 3878 1740 3936; x_wconf 91' lang='lat' dir='ltr'>est,</span> <span class='ocrx_word' id='word_1_559' title='bbox 1765 3873 1899 3945; x_wconf 88' lang='lat' dir='ltr'>quia</span> <span class='ocrx_word' id='word_1_560' title='bbox 1920 3872 2124 3944; x_wconf 89' lang='lat' dir='ltr'>spiritu</span> 
     </span>
    </p>
   </div>
   <div class='ocr_carea' id='block_1_71' title="bbox 518 3959 2125 4034">
    <p class='ocr_par' dir='ltr' id='par_1_71' title="bbox 518 3959 2125 4034">
     <span class='ocr_line' id='line_1_71' title="bbox 518 3959 2125 4034; baseline 0.002 -20"><span class='ocrx_word' id='word_1_561' title='bbox 518 3959 631 4015; x_wconf 91' lang='lat' dir='ltr'>alia</span> <span class='ocrx_word' id='word_1_562' title='bbox 658 3964 936 4032; x_wconf 69' lang='lat' dir='ltr'>praecepta</span> <span class='ocrx_word' id='word_1_563' title='bbox 959 3960 1143 4025; x_wconf 86' lang='lat' dir='ltr'>habet,</span> <span class='ocrx_word' id='word_1_564' title='bbox 1170 3977 1238 4016; x_wconf 89' lang='lat' dir='ltr'>ea</span> <span class='ocrx_word' id='word_1_565' title='bbox 1260 3961 1467 4017; x_wconf 89' lang='lat' dir='ltr'>docens</span> <span class='ocrx_word' id='word_1_566' title='bbox 1495 3979 1619 4034; x_wconf 66' lang='lat' dir='ltr'>qua:</span> <span class='ocrx_word' id='word_1_567' title='bbox 1648 3962 1719 4017; x_wconf 87' lang='lat' dir='ltr'>ad</span> <span class='ocrx_word' id='word_1_568' title='bbox 1739 3962 1978 4018; x_wconf 86' lang='lat' dir='ltr'>salutem</span> <span class='ocrx_word' id='word_1_569' title='bbox 2006 3961 2125 4017; x_wconf 83' lang='lat' dir='ltr'>ani-</span> 
     </span>
    </p>
   </div>
   <div class='ocr_carea' id='block_1_72' title="bbox 517 4050 2126 4124">
    <p class='ocr_par' dir='ltr' id='par_1_72' title="bbox 517 4050 2126 4124">
     <span class='ocr_line' id='line_1_72' title="bbox 517 4050 2126 4124; baseline 0.001 -18"><span class='ocrx_word' id='word_1_570' title='bbox 517 4066 624 4106; x_wconf 69' lang='lat' dir='ltr'>mae</span> <span class='ocrx_word' id='word_1_571' title='bbox 644 4050 932 4121; x_wconf 81' lang='lat' dir='ltr'>pertinent</span> <span class='ocrx_word' id='word_1_572' title='bbox 951 4051 1035 4106; x_wconf 87' lang='lat' dir='ltr'>vel</span> <span class='ocrx_word' id='word_1_573' title='bbox 1056 4052 1227 4107; x_wconf 90' lang='lat' dir='ltr'>etiam</span> <span class='ocrx_word' id='word_1_574' title='bbox 1248 4050 1517 4123; x_wconf 88' lang='lat' dir='ltr'>spiritalis</span> <span class='ocrx_word' id='word_1_575' title='bbox 1549 4051 1777 4114; x_wconf 89' lang='lat' dir='ltr'>dicitur,</span> <span class='ocrx_word' id='word_1_576' title='bbox 1803 4051 1938 4123; x_wconf 90' lang='lat' dir='ltr'>quia</span> <span class='ocrx_word' id='word_1_577' title='bbox 1957 4051 2126 4124; x_wconf 89' lang='lat' dir='ltr'>spiri-</span> 
     </span>
    </p>
   </div>
   <div class='ocr_carea' id='block_1_73' title="bbox 518 4137 2125 4209">
    <p class='ocr_par' dir='ltr' id='par_1_73' title="bbox 518 4137 2125 4209">
     <span class='ocr_line' id='line_1_73' title="bbox 518 4137 2125 4209; baseline 0.001 -16"><span class='ocrx_word' id='word_1_578' title='bbox 518 4137 712 4194; x_wconf 89' lang='lat' dir='ltr'>taliter</span> <span class='ocrx_word' id='word_1_579' title='bbox 739 4155 800 4193; x_wconf 90' lang='lat' dir='ltr'>se</span> <span class='ocrx_word' id='word_1_580' title='bbox 827 4139 950 4194; x_wconf 91' lang='lat' dir='ltr'>vult</span> <span class='ocrx_word' id='word_1_581' title='bbox 974 4138 1214 4209; x_wconf 90' lang='lat' dir='ltr'>intelligi</span> <span class='ocrx_word' id='word_1_582' title='bbox 1243 4155 1279 4192; x_wconf 92' lang='lat' dir='ltr'>a</span> <span class='ocrx_word' id='word_1_583' title='bbox 1305 4138 1489 4194; x_wconf 87' lang='lat' dir='ltr'>nobis.</span> <span class='ocrx_word' id='word_1_584' title='bbox 1511 4139 1626 4209; x_wconf 91' lang='lat' dir='ltr'>Ego</span> <span class='ocrx_word' id='word_1_585' title='bbox 1655 4144 1847 4193; x_wconf 90' lang='lat' dir='ltr'>autem</span> <span class='ocrx_word' id='word_1_586' title='bbox 1879 4139 2125 4195; x_wconf 87' lang='lat' dir='ltr'>carnalis</span> 
     </span>
    </p>
   </div>
   <div class='ocr_carea' id='block_1_74' title="bbox 518 4226 2124 4299">
    <p class='ocr_par' dir='ltr' id='par_1_74' title="bbox 518 4226 2124 4299">
     <span class='ocr_line' id='line_1_74' title="bbox 518 4226 2124 4299; baseline 0 -17"><span class='ocrx_word' id='word_1_587' title='bbox 518 4243 666 4291; x_wconf 91' lang='lat' dir='ltr'>sum,</span> <span class='ocrx_word' id='word_1_588' title='bbox 689 4227 748 4281; x_wconf 90' lang='lat' dir='ltr'>id</span> <span class='ocrx_word' id='word_1_589' title='bbox 779 4233 867 4281; x_wconf 88' lang='lat' dir='ltr'>est</span> <span class='ocrx_word' id='word_1_590' title='bbox 890 4226 1145 4282; x_wconf 88' lang='lat' dir='ltr'>mortalis</span> <span class='ocrx_word' id='word_1_591' title='bbox 1174 4242 1298 4281; x_wconf 91' lang='lat' dir='ltr'>sum</span> <span class='ocrx_word' id='word_1_592' title='bbox 1325 4226 1527 4291; x_wconf 90' lang='lat' dir='ltr'>adhuc,</span> <span class='ocrx_word' id='word_1_593' title='bbox 1561 4226 1801 4299; x_wconf 89' lang='lat' dir='ltr'>ideoque</span> <span class='ocrx_word' id='word_1_594' title='bbox 1827 4227 1885 4282; x_wconf 91' lang='lat' dir='ltr'>in</span> <span class='ocrx_word' id='word_1_595' title='bbox 1924 4243 2124 4283; x_wconf 84' lang='lat' dir='ltr'>cama-</span> 
     </span>
    </p>
   </div>
   <div class='ocr_carea' id='block_1_75' title="bbox 2208 3158 3746 3238">
    <p class='ocr_par' dir='ltr' id='par_1_75' title="bbox 2208 3158 3746 3238">
     <span class='ocr_line' id='line_1_75' title="bbox 2208 3158 3746 3238; baseline -0.008 -15"><span class='ocrx_word' id='word_1_596' title='bbox 2208 3175 2295 3224; x_wconf 88' lang='lat' dir='ltr'>est</span> <span class='ocrx_word' id='word_1_597' title='bbox 2318 3184 2429 3223; x_wconf 91' lang='lat' dir='ltr'>non</span> <span class='ocrx_word' id='word_1_598' title='bbox 2461 3168 2643 3222; x_wconf 88' lang='lat' dir='ltr'>solum</span> <span class='ocrx_word' id='word_1_599' title='bbox 2683 3183 2793 3221; x_wconf 90' lang='lat' dir='ltr'>non</span> <span class='ocrx_word' id='word_1_600' title='bbox 2819 3167 3111 3238; x_wconf 87' lang='lat' dir='ltr'>perﬁcere,</span> <span class='ocrx_word' id='word_1_601' title='bbox 3132 3166 3234 3221; x_wconf 89' lang='lat' dir='ltr'>sed</span> <span class='ocrx_word' id='word_1_602' title='bbox 3262 3181 3366 3220; x_wconf 88' lang='lat' dir='ltr'>nec</span> <span class='ocrx_word' id='word_1_603' title='bbox 3391 3158 3746 3231; x_wconf 70' lang='lat' dir='ltr'>concupiscam.</span> 
     </span>
    </p>
   </div>
   <div class='ocr_carea' id='block_1_76' title="bbox 2206 3242 3752 3326">
    <p class='ocr_par' dir='ltr' id='par_1_76' title="bbox 2206 3242 3752 3326">
     <span class='ocr_line' id='line_1_76' title="bbox 2206 3242 3752 3326; baseline -0.012 -13"><span class='ocrx_word' id='word_1_604' title='bbox 2206 3257 2328 3313; x_wconf 83' lang='lat' dir='ltr'>Non</span> <span class='ocrx_word' id='word_1_605' title='bbox 2366 3259 2515 3312; x_wconf 84' lang='lat' dir='ltr'>enim</span> <span class='ocrx_word' id='word_1_606' title='bbox 2555 3257 2698 3326; x_wconf 88' lang='lat' dir='ltr'>quod</span> <span class='ocrx_word' id='word_1_607' title='bbox 2726 3258 2847 3312; x_wconf 76' lang='lat' dir='ltr'>nolo</span> <span class='ocrx_word' id='word_1_608' title='bbox 2878 3257 3081 3309; x_wconf 85' lang='lat' dir='ltr'>bonum</span> <span class='ocrx_word' id='word_1_609' title='bbox 3111 3254 3211 3309; x_wconf 88' lang='lat' dir='ltr'>hoc</span> <span class='ocrx_word' id='word_1_610' title='bbox 3246 3255 3409 3323; x_wconf 79' lang='lat' dir='ltr'>facio,</span> <span class='ocrx_word' id='word_1_611' title='bbox 3442 3249 3567 3323; x_wconf 89' lang='lat' dir='ltr'>quia</span> <span class='ocrx_word' id='word_1_612' title='bbox 3586 3242 3752 3300; x_wconf 89' lang='lat' dir='ltr'>nollem</span> 
     </span>
    </p>
   </div>
   <div class='ocr_carea' id='block_1_77' title="bbox 2205 3334 3753 3418">
    <p class='ocr_par' dir='ltr' id='par_1_77' title="bbox 2205 3334 3753 3418">
     <span class='ocr_line' id='line_1_77' title="bbox 2205 3334 3753 3418; baseline -0.012 -17"><span class='ocrx_word' id='word_1_613' title='bbox 2205 3345 2616 3418; x_wconf 89' lang='lat' dir='ltr'>concupiscere,</span> <span class='ocrx_word' id='word_1_614' title='bbox 2654 3350 2713 3399; x_wconf 90' lang='lat' dir='ltr'>et</span> <span class='ocrx_word' id='word_1_615' title='bbox 2740 3342 3102 3415; x_wconf 87' lang='lat' dir='ltr'>concupisco;</span> <span class='ocrx_word' id='word_1_616' title='bbox 3131 3343 3238 3399; x_wconf 84' lang='lat' dir='ltr'>Sed</span> <span class='ocrx_word' id='word_1_617' title='bbox 3266 3343 3410 3413; x_wconf 84' lang='lat' dir='ltr'>quod</span> <span class='ocrx_word' id='word_1_618' title='bbox 3436 3342 3552 3394; x_wconf 90' lang='lat' dir='ltr'>noto</span> <span class='ocrx_word' id='word_1_619' title='bbox 3577 3334 3753 3388; x_wconf 86' lang='lat' dir='ltr'>malum</span> 
     </span>
    </p>
   </div>
   <div class='ocr_carea' id='block_1_78' title="bbox 2207 3432 2996 3505">
    <p class='ocr_par' dir='ltr' id='par_1_78' title="bbox 2207 3432 2996 3505">
     <span class='ocr_line' id='line_1_78' title="bbox 2207 3432 2996 3505; baseline -0.004 -15"><span class='ocrx_word' id='word_1_620' title='bbox 2207 3436 2305 3490; x_wconf 82' lang='lat' dir='ltr'>hoc</span> <span class='ocrx_word' id='word_1_621' title='bbox 2330 3450 2453 3503; x_wconf 88' lang='lat' dir='ltr'>ago,</span> <span class='ocrx_word' id='word_1_622' title='bbox 2486 3433 2620 3505; x_wconf 87' lang='lat' dir='ltr'>quia</span> <span class='ocrx_word' id='word_1_623' title='bbox 2647 3432 2996 3504; x_wconf 89' lang='lat' dir='ltr'>concupisco.</span> 
     </span>
    </p>
   </div>
   <div class='ocr_carea' id='block_1_79' title="bbox 2276 3509 3757 3592">
    <p class='ocr_par' dir='ltr' id='par_1_79' title="bbox 2276 3509 3757 3592">
     <span class='ocr_line' id='line_1_79' title="bbox 2276 3509 3757 3592; baseline -0.011 -13"><span class='ocrx_word' id='word_1_624' title='bbox 2276 3523 2341 3579; x_wconf 89' lang='lat' dir='ltr'>Si</span> <span class='ocrx_word' id='word_1_625' title='bbox 2358 3527 2543 3576; x_wconf 87' lang='lat' dir='ltr'>autem</span> <span class='ocrx_word' id='word_1_626' title='bbox 2558 3523 2702 3592; x_wconf 85' lang='lat' dir='ltr'>quod</span> <span class='ocrx_word' id='word_1_627' title='bbox 2722 3523 2849 3576; x_wconf 83' lang='lat' dir='ltr'>nolo</span> <span class='ocrx_word' id='word_1_628' title='bbox 2872 3523 3018 3577; x_wconf 81' lang='lat' dir='ltr'>illud</span> <span class='ocrx_word' id='word_1_629' title='bbox 3031 3522 3197 3590; x_wconf 82' lang='lat' dir='ltr'>facio,</span> <span class='ocrx_word' id='word_1_630' title='bbox 3220 3522 3284 3576; x_wconf 92' lang='lat' dir='ltr'>id</span> <span class='ocrx_word' id='word_1_631' title='bbox 3308 3525 3394 3576; x_wconf 89' lang='lat' dir='ltr'>est</span> <span class='ocrx_word' id='word_1_632' title='bbox 3413 3518 3459 3574; x_wconf 92' lang='lat' dir='ltr'>si</span> <span class='ocrx_word' id='word_1_633' title='bbox 3478 3509 3757 3582; x_wconf 87' lang='lat' dir='ltr'>concupisco</span> 
     </span>
    </p>
   </div>
   <div class='ocr_carea' id='block_1_80' title="bbox 2207 3610 3761 3680">
    <p class='ocr_par' dir='ltr' id='par_1_80' title="bbox 2207 3610 3761 3680">
     <span class='ocr_line' id='line_1_80' title="bbox 2207 3610 3761 3680; baseline -0.008 -14"><span class='ocrx_word' id='word_1_634' title='bbox 2207 3618 2264 3666; x_wconf 91' lang='lat' dir='ltr'>et</span> <span class='ocrx_word' id='word_1_635' title='bbox 2298 3611 2547 3666; x_wconf 87' lang='lat' dir='ltr'>delector</span> <span class='ocrx_word' id='word_1_636' title='bbox 2566 3611 2623 3664; x_wconf 87' lang='lat' dir='ltr'>in</span> <span class='ocrx_word' id='word_1_637' title='bbox 2644 3610 2965 3665; x_wconf 89' lang='lat' dir='ltr'>carnalibus</span> <span class='ocrx_word' id='word_1_638' title='bbox 2981 3611 3299 3675; x_wconf 89' lang='lat' dir='ltr'>desideriis,</span> <span class='ocrx_word' id='word_1_639' title='bbox 3315 3615 3440 3680; x_wconf 85' lang='lat' dir='ltr'>jam</span> <span class='ocrx_word' id='word_1_640' title='bbox 3458 3622 3561 3662; x_wconf 88' lang='lat' dir='ltr'>non</span> <span class='ocrx_word' id='word_1_641' title='bbox 3576 3617 3655 3670; x_wconf 80' lang='lat' dir='ltr'>ego</span> <span class='ocrx_word' id='word_1_642' title='bbox 3671 3612 3761 3666; x_wconf 62' lang='grc' dir='ltr'>οριθ</span> 
     </span>
    </p>
   </div>
   <div class='ocr_carea' id='block_1_81' title="bbox 2209 3689 3763 3755">
    <p class='ocr_par' dir='ltr' id='par_1_81' title="bbox 2209 3689 3763 3755">
     <span class='ocr_line' id='line_1_81' title="bbox 2209 3689 3763 3755; baseline -0.011 -1"><span class='ocrx_word' id='word_1_643' title='bbox 2209 3716 2308 3754; x_wconf 80' lang='lat' dir='ltr'>ror</span> <span class='ocrx_word' id='word_1_644' title='bbox 2327 3702 2474 3755; x_wconf 86' lang='lat' dir='ltr'>illud</span> <span class='ocrx_word' id='word_1_645' title='bbox 2493 3700 2833 3755; x_wconf 87' lang='lat' dir='ltr'>desiderium</span> <span class='ocrx_word' id='word_1_646' title='bbox 2855 3698 3296 3755; x_wconf 79' lang='lat' dir='ltr'>rationabilitate</span> <span class='ocrx_word' id='word_1_647' title='bbox 3326 3695 3524 3753; x_wconf 87' lang='lat' dir='ltr'>mentis</span> <span class='ocrx_word' id='word_1_648' title='bbox 3545 3698 3596 3747; x_wconf 89' lang='lat' dir='ltr'>et</span> <span class='ocrx_word' id='word_1_649' title='bbox 3619 3689 3763 3743; x_wconf 79' lang='lat' dir='ltr'>inten-</span> 
     </span>
    </p>
   </div>
   <div class='ocr_carea' id='block_1_82' title="bbox 2207 3772 3763 3858">
    <p class='ocr_par' dir='ltr' id='par_1_82' title="bbox 2207 3772 3763 3858">
     <span class='ocr_line' id='line_1_82' title="bbox 2207 3772 3763 3858; baseline -0.006 -15"><span class='ocrx_word' id='word_1_650' title='bbox 2207 3789 2381 3853; x_wconf 91' lang='lat' dir='ltr'>tione,</span> <span class='ocrx_word' id='word_1_651' title='bbox 2404 3790 2494 3843; x_wconf 84' lang='lat' dir='ltr'>sed</span> <span class='ocrx_word' id='word_1_652' title='bbox 2520 3791 2664 3858; x_wconf 89' lang='lat' dir='ltr'>quod</span> <span class='ocrx_word' id='word_1_653' title='bbox 2694 3790 2904 3843; x_wconf 86' lang='lat' dir='ltr'>habitat</span> <span class='ocrx_word' id='word_1_654' title='bbox 2935 3789 2995 3842; x_wconf 88' lang='lat' dir='ltr'>in</span> <span class='ocrx_word' id='word_1_655' title='bbox 3023 3805 3108 3843; x_wconf 85' lang='lat' dir='ltr'>me</span> <span class='ocrx_word' id='word_1_656' title='bbox 3132 3794 3439 3858; x_wconf 82' lang='lat' dir='ltr'>peccatum,</span> <span class='ocrx_word' id='word_1_657' title='bbox 3462 3783 3516 3838; x_wconf 88' lang='lat' dir='ltr'>id</span> <span class='ocrx_word' id='word_1_658' title='bbox 3542 3784 3620 3836; x_wconf 88' lang='lat' dir='ltr'>est</span> <span class='ocrx_word' id='word_1_659' title='bbox 3643 3772 3763 3830; x_wconf 63' lang='lat' dir='ltr'>mala</span> 
     </span>
    </p>
   </div>
   <div class='ocr_carea' id='block_1_83' title="bbox 2208 3876 2873 3949">
    <p class='ocr_par' dir='ltr' id='par_1_83' title="bbox 2208 3876 2873 3949">
     <span class='ocr_line' id='line_1_83' title="bbox 2208 3876 2873 3949; baseline -0.003 -17"><span class='ocrx_word' id='word_1_660' title='bbox 2208 3878 2557 3933; x_wconf 89' lang='lat' dir='ltr'>consuetudo</span> <span class='ocrx_word' id='word_1_661' title='bbox 2589 3876 2873 3949; x_wconf 90' lang='lat' dir='ltr'>peccandi.</span> 
     </span>
    </p>
   </div>
   <div class='ocr_carea' id='block_1_84' title="bbox 2279 3954 3767 4035">
    <p class='ocr_par' dir='ltr' id='par_1_84' title="bbox 2279 3954 3767 4035">
     <span class='ocr_line' id='line_1_84' title="bbox 2279 3954 3767 4035; baseline -0.003 -14"><span class='ocrx_word' id='word_1_662' title='bbox 2279 3969 2504 4022; x_wconf 74' lang='lat' dir='ltr'>Invenio</span> <span class='ocrx_word' id='word_1_663' title='bbox 2523 3969 2703 4035; x_wconf 86' lang='lat' dir='ltr'>igitur</span> <span class='ocrx_word' id='word_1_664' title='bbox 2734 3968 2899 4034; x_wconf 86' lang='lat' dir='ltr'>legem</span> <span class='ocrx_word' id='word_1_665' title='bbox 2919 3966 3065 4019; x_wconf 87' lang='lat' dir='ltr'>mihi</span> <span class='ocrx_word' id='word_1_666' title='bbox 3082 3967 3290 4019; x_wconf 74' lang='lat' dir='ltr'>nolenti</span> <span class='ocrx_word' id='word_1_667' title='bbox 3305 3966 3483 4032; x_wconf 79' lang='lat' dir='ltr'>facere</span> <span class='ocrx_word' id='word_1_668' title='bbox 3505 3961 3701 4017; x_wconf 59' lang='lat' dir='ltr'>bonum,</span> <span class='ocrx_word' id='word_1_669' title='bbox 3716 3954 3767 4005; x_wconf 67' lang='grc' dir='ltr'>αῖ</span> 
     </span>
    </p>
   </div>
   <div class='ocr_carea' id='block_1_85' title="bbox 2207 4048 3768 4125">
    <p class='ocr_par' dir='ltr' id='par_1_85' title="bbox 2207 4048 3768 4125">
     <span class='ocr_line' id='line_1_85' title="bbox 2207 4048 3768 4125; baseline 0 -16"><span class='ocrx_word' id='word_1_670' title='bbox 2207 4071 2319 4110; x_wconf 92' lang='lat' dir='ltr'>non</span> <span class='ocrx_word' id='word_1_671' title='bbox 2340 4054 2730 4125; x_wconf 88' lang='lat' dir='ltr'>concupiscam</span> <span class='ocrx_word' id='word_1_672' title='bbox 2752 4055 3019 4122; x_wconf 88' lang='lat' dir='ltr'>quoniam</span> <span class='ocrx_word' id='word_1_673' title='bbox 3039 4053 3185 4106; x_wconf 86' lang='lat' dir='ltr'>mihi</span> <span class='ocrx_word' id='word_1_674' title='bbox 3204 4054 3425 4105; x_wconf 87' lang='lat' dir='ltr'>malum</span> <span class='ocrx_word' id='word_1_675' title='bbox 3443 4048 3768 4116; x_wconf 62' lang='lat' dir='ltr'>adjacetscon’</span> 
     </span>
    </p>
   </div>
   <div class='ocr_carea' id='block_1_86' title="bbox 2208 4125 3767 4214">
    <p class='ocr_par' dir='ltr' id='par_1_86' title="bbox 2208 4125 3767 4214">
     <span class='ocr_line' id='line_1_86' title="bbox 2208 4125 3767 4214; baseline -0.01 -15"><span class='ocrx_word' id='word_1_676' title='bbox 2208 4143 2448 4199; x_wconf 90' lang='lat' dir='ltr'>suetudo</span> <span class='ocrx_word' id='word_1_677' title='bbox 2487 4143 2747 4198; x_wconf 91' lang='lat' dir='ltr'>videlicet</span> <span class='ocrx_word' id='word_1_678' title='bbox 2792 4158 2963 4214; x_wconf 82' lang='lat' dir='ltr'>prava</span> <span class='ocrx_word' id='word_1_679' title='bbox 3005 4145 3064 4196; x_wconf 90' lang='lat' dir='ltr'>et</span> <span class='ocrx_word' id='word_1_680' title='bbox 3098 4136 3547 4212; x_wconf 89' lang='lat' dir='ltr'>concupiscentia</span> <span class='ocrx_word' id='word_1_681' title='bbox 3571 4125 3767 4205; x_wconf 77' lang='lat' dir='ltr'>peccati.</span> 
     </span>
    </p>
   </div>
   <div class='ocr_carea' id='block_1_87' title="bbox 2208 4216 3768 4288">
    <p class='ocr_par' dir='ltr' id='par_1_87' title="bbox 2208 4216 3768 4288">
     <span class='ocr_line' id='line_1_87' title="bbox 2208 4216 3768 4288; baseline -0.008 0"><span class='ocrx_word' id='word_1_682' title='bbox 2208 4233 2359 4288; x_wconf 89' lang='lat' dir='ltr'>Ordo</span> <span class='ocrx_word' id='word_1_683' title='bbox 2380 4232 2676 4287; x_wconf 90' lang='lat' dir='ltr'>verborum</span> <span class='ocrx_word' id='word_1_684' title='bbox 2704 4236 2793 4286; x_wconf 90' lang='lat' dir='ltr'>est</span> <span class='ocrx_word' id='word_1_685' title='bbox 2816 4250 2828 4285; x_wconf 91' lang='lat'><strong>:</strong></span> <span class='ocrx_word' id='word_1_686' title='bbox 2852 4230 2988 4284; x_wconf 88' lang='lat' dir='ltr'>mihi</span> <span class='ocrx_word' id='word_1_687' title='bbox 3020 4229 3227 4285; x_wconf 84' lang='lat' dir='ltr'>volenti</span> <span class='ocrx_word' id='word_1_688' title='bbox 3259 4230 3446 4284; x_wconf 87' lang='lat' dir='ltr'>facere</span> <span class='ocrx_word' id='word_1_689' title='bbox 3473 4225 3682 4283; x_wconf 87' lang='lat' dir='ltr'>bonum,</span> <span class='ocrx_word' id='word_1_690' title='bbox 3702 4216 3768 4269; x_wconf 85' lang='lat' dir='ltr'>in-</span> 
     </span>
    </p>
   </div>
   <div class='ocr_carea' id='block_1_88' title="bbox 519 4304 3771 4393">
    <p class='ocr_par' dir='ltr' id='par_1_88' title="bbox 519 4304 3771 4393">
     <span class='ocr_line' id='line_1_88' title="bbox 519 4304 3771 4393; baseline -0.003 -25"><span class='ocrx_word' id='word_1_691' title='bbox 519 4314 665 4369; x_wconf 90' lang='lat' dir='ltr'>libus</span> <span class='ocrx_word' id='word_1_692' title='bbox 694 4314 989 4369; x_wconf 89' lang='lat' dir='ltr'>desideriis</span> <span class='ocrx_word' id='word_1_693' title='bbox 1017 4319 1075 4368; x_wconf 90' lang='lat' dir='ltr'>et</span> <span class='ocrx_word' id='word_1_694' title='bbox 1101 4314 1571 4385; x_wconf 89' lang='lat' dir='ltr'>concupiscentiis</span> <span class='ocrx_word' id='word_1_695' title='bbox 1614 4332 1773 4387; x_wconf 90' lang='lat' dir='ltr'>spem</span> <span class='ocrx_word' id='word_1_696' title='bbox 1818 4332 1984 4388; x_wconf 89' lang='lat' dir='ltr'>pono,</span> <span class='ocrx_word' id='word_1_697' title='bbox 2026 4322 2368 4393; x_wconf 68' lang='lat' dir='ltr'>ve-nvenio</span> <span class='ocrx_word' id='word_1_698' title='bbox 2425 4322 2606 4393; x_wconf 87' lang='lat' dir='ltr'>legem</span> <span class='ocrx_word' id='word_1_699' title='bbox 2650 4320 2858 4375; x_wconf 88' lang='lat' dir='ltr'>bonam</span> <span class='ocrx_word' id='word_1_700' title='bbox 2907 4324 2966 4374; x_wconf 92' lang='lat' dir='ltr'>et</span> <span class='ocrx_word' id='word_1_701' title='bbox 3006 4318 3226 4389; x_wconf 92' lang='lat' dir='ltr'>utilem,</span> <span class='ocrx_word' id='word_1_702' title='bbox 3258 4334 3327 4374; x_wconf 91' lang='lat' dir='ltr'>ac</span> <span class='ocrx_word' id='word_1_703' title='bbox 3356 4317 3403 4372; x_wconf 90' lang='lat' dir='ltr'>si</span> <span class='ocrx_word' id='word_1_704' title='bbox 3440 4315 3640 4370; x_wconf 87' lang='lat' dir='ltr'>diceret</span> <span class='ocrx_word' id='word_1_705' title='bbox 3671 4304 3771 4393; x_wconf 82' lang='lat' dir='ltr'>aliis</span> 
     </span>
    </p>
   </div>
   <div class='ocr_carea' id='block_1_89' title="bbox 522 4391 3773 4478">
    <p class='ocr_par' dir='ltr' id='par_1_89' title="bbox 522 4391 3773 4478">
     <span class='ocr_line' id='line_1_89' title="bbox 522 4391 3773 4478; baseline -0.002 -21"><span class='ocrx_word' id='word_1_706' title='bbox 522 4402 809 4458; x_wconf 87' lang='lat' dir='ltr'>nundatus</span> <span class='ocrx_word' id='word_1_707' title='bbox 849 4402 954 4457; x_wconf 91' lang='lat' dir='ltr'>sub</span> <span class='ocrx_word' id='word_1_708' title='bbox 984 4408 1229 4473; x_wconf 89' lang='lat' dir='ltr'>peccato.</span> <span class='ocrx_word' id='word_1_709' title='bbox 1262 4403 1489 4458; x_wconf 81' lang='lat' dir='ltr'>Primus</span> <span class='ocrx_word' id='word_1_710' title='bbox 1517 4404 1706 4470; x_wconf 88' lang='lat' dir='ltr'>homo,</span> <span class='ocrx_word' id='word_1_711' title='bbox 1739 4411 1968 4477; x_wconf 89' lang='lat' dir='ltr'>accepta</span> <span class='ocrx_word' id='word_1_712' title='bbox 1997 4391 2190 4461; x_wconf 69' lang='grc' dir='ltr'>(ιρι-υ</span> <span class='ocrx_word' id='word_1_713' title='bbox 2209 4411 2392 4466; x_wconf 80' lang='lat' dir='ltr'>verbis</span> <span class='ocrx_word' id='word_1_714' title='bbox 2426 4429 2437 4465; x_wconf 91' lang='lat'><strong>:</strong></span> <span class='ocrx_word' id='word_1_715' title='bbox 2471 4391 2617 4475; x_wconf 69' lang='lat' dir='ltr'>Quia</span> <span class='ocrx_word' id='word_1_716' title='bbox 2643 4409 2940 4464; x_wconf 88' lang='lat' dir='ltr'>delectatio</span> <span class='ocrx_word' id='word_1_717' title='bbox 2967 4408 3152 4463; x_wconf 88' lang='lat' dir='ltr'>carnis</span> <span class='ocrx_word' id='word_1_718' title='bbox 3193 4412 3252 4462; x_wconf 90' lang='lat' dir='ltr'>et</span> <span class='ocrx_word' id='word_1_719' title='bbox 3290 4403 3573 4478; x_wconf 87' lang='lat' dir='ltr'>suggestio</span> <span class='ocrx_word' id='word_1_720' title='bbox 3599 4391 3773 4454; x_wconf 78' lang='lat' dir='ltr'>diaboli</span> 
     </span>
    </p>
   </div>
   <div class='ocr_carea' id='block_1_90' title="bbox 519 4488 3771 4572">
    <p class='ocr_par' dir='ltr' id='par_1_90' title="bbox 519 4488 3771 4572">
     <span class='ocr_line' id='line_1_90' title="bbox 519 4488 3771 4572; baseline -0.002 -25"><span class='ocrx_word' id='word_1_721' title='bbox 519 4490 714 4547; x_wconf 85' lang='lat' dir='ltr'>cedine</span> <span class='ocrx_word' id='word_1_722' title='bbox 744 4490 905 4545; x_wconf 83' lang='lat' dir='ltr'>vetiti</span> <span class='ocrx_word' id='word_1_723' title='bbox 932 4490 1105 4564; x_wconf 91' lang='lat' dir='ltr'>pomi,</span> <span class='ocrx_word' id='word_1_724' title='bbox 1134 4490 1387 4546; x_wconf 90' lang='lat' dir='ltr'>vendidit</span> <span class='ocrx_word' id='word_1_725' title='bbox 1414 4492 1783 4565; x_wconf 88' lang='lat' dir='ltr'>semetipsum</span> <span class='ocrx_word' id='word_1_726' title='bbox 1814 4494 2038 4551; x_wconf 91' lang='lat' dir='ltr'>diabolo</span> <span class='ocrx_word' id='word_1_727' title='bbox 2069 4495 2126 4550; x_wconf 89' lang='lat' dir='ltr'>in</span> <span class='ocrx_word' id='word_1_728' title='bbox 2210 4500 2511 4572; x_wconf 91' lang='lat' dir='ltr'>impellunt</span> <span class='ocrx_word' id='word_1_729' title='bbox 2538 4515 2626 4553; x_wconf 91' lang='lat' dir='ltr'>me</span> <span class='ocrx_word' id='word_1_730' title='bbox 2655 4498 2728 4553; x_wconf 90' lang='lat' dir='ltr'>ad</span> <span class='ocrx_word' id='word_1_731' title='bbox 2754 4498 2985 4561; x_wconf 84' lang='lat' dir='ltr'>malum,</span> <span class='ocrx_word' id='word_1_732' title='bbox 3004 4496 3212 4552; x_wconf 85' lang='lat' dir='ltr'>volenti</span> <span class='ocrx_word' id='word_1_733' title='bbox 3237 4495 3378 4551; x_wconf 89' lang='lat' dir='ltr'>mihi</span> <span class='ocrx_word' id='word_1_734' title='bbox 3398 4496 3577 4549; x_wconf 89' lang='lat' dir='ltr'>facere</span> <span class='ocrx_word' id='word_1_735' title='bbox 3597 4488 3771 4572; x_wconf 61' lang='lat' dir='ltr'>bonum</span> 
     </span>
    </p>
   </div>
   <div class='ocr_carea' id='block_1_91' title="bbox 519 4570 3775 4659">
    <p class='ocr_par' dir='ltr' id='par_1_91' title="bbox 519 4570 3775 4659">
     <span class='ocr_line' id='line_1_91' title="bbox 519 4570 3775 4659; baseline -0.002 -23"><span class='ocrx_word' id='word_1_736' title='bbox 519 4595 763 4647; x_wconf 82' lang='lat' dir='ltr'>servum,</span> <span class='ocrx_word' id='word_1_737' title='bbox 786 4596 912 4635; x_wconf 91' lang='lat' dir='ltr'>cum</span> <span class='ocrx_word' id='word_1_738' title='bbox 944 4579 1086 4636; x_wconf 89' lang='lat' dir='ltr'>liber</span> <span class='ocrx_word' id='word_1_739' title='bbox 1113 4586 1279 4647; x_wconf 90' lang='lat' dir='ltr'>esset,</span> <span class='ocrx_word' id='word_1_740' title='bbox 1305 4588 1363 4635; x_wconf 92' lang='lat' dir='ltr'>et</span> <span class='ocrx_word' id='word_1_741' title='bbox 1388 4582 1574 4636; x_wconf 87' lang='lat' dir='ltr'>omnis</span> <span class='ocrx_word' id='word_1_742' title='bbox 1596 4582 1694 4654; x_wconf 91' lang='lat' dir='ltr'>qui</span> <span class='ocrx_word' id='word_1_743' title='bbox 1725 4584 2128 4656; x_wconf 90' lang='lat' dir='ltr'>concupiscen-</span> <span class='ocrx_word' id='word_1_744' title='bbox 2208 4570 2435 4645; x_wconf 80' lang='lat' dir='ltr'>invenio</span> <span class='ocrx_word' id='word_1_745' title='bbox 2463 4589 2644 4659; x_wconf 88' lang='lat' dir='ltr'>legem</span> <span class='ocrx_word' id='word_1_746' title='bbox 2675 4587 2855 4659; x_wconf 82' lang='lat' dir='ltr'>Moysi</span> <span class='ocrx_word' id='word_1_747' title='bbox 2896 4603 3020 4658; x_wconf 70' lang='lat' dir='ltr'>quae</span> <span class='ocrx_word' id='word_1_748' title='bbox 3058 4584 3313 4658; x_wconf 62' lang='lat' dir='ltr'>praecipit</span> <span class='ocrx_word' id='word_1_749' title='bbox 3353 4582 3629 4639; x_wconf 87' lang='lat' dir='ltr'>declinare</span> <span class='ocrx_word' id='word_1_750' title='bbox 3654 4570 3775 4630; x_wconf 76' lang='lat' dir='ltr'>mala</span> 
     </span>
    </p>
   </div>
   <div class='ocr_carea' id='block_1_92' title="bbox 518 4669 2673 4743">
    <p class='ocr_par' dir='ltr' id='par_1_92' title="bbox 518 4669 2673 4743">
     <span class='ocr_line' id='line_1_92' title="bbox 518 4669 2673 4743; baseline 0.003 -18"><span class='ocrx_word' id='word_1_751' title='bbox 518 4670 601 4725; x_wconf 87' lang='lat' dir='ltr'>tia</span> <span class='ocrx_word' id='word_1_752' title='bbox 639 4669 852 4725; x_wconf 87' lang='lat' dir='ltr'>carnali</span> <span class='ocrx_word' id='word_1_753' title='bbox 879 4669 1192 4726; x_wconf 90' lang='lat' dir='ltr'>delectatur</span> <span class='ocrx_word' id='word_1_754' title='bbox 1223 4688 1235 4723; x_wconf 90' lang='lat'>:</span> <span class='ocrx_word' id='word_1_755' title='bbox 1269 4675 1327 4725; x_wconf 91' lang='lat' dir='ltr'>et</span> <span class='ocrx_word' id='word_1_756' title='bbox 1351 4670 1648 4734; x_wconf 85' lang='lat' dir='ltr'>dulcedine</span> <span class='ocrx_word' id='word_1_757' title='bbox 1678 4673 1892 4743; x_wconf 88' lang='lat' dir='ltr'>peccati</span> <span class='ocrx_word' id='word_1_758' title='bbox 1920 4673 2129 4728; x_wconf 87' lang='lat' dir='ltr'>fruitur</span> <span class='ocrx_word' id='word_1_759' title='bbox 2211 4684 2269 4734; x_wconf 88' lang='lat' dir='ltr'>et</span> <span class='ocrx_word' id='word_1_760' title='bbox 2294 4678 2480 4734; x_wconf 89' lang='lat' dir='ltr'>facere</span> <span class='ocrx_word' id='word_1_761' title='bbox 2509 4677 2673 4732; x_wconf 86' lang='lat' dir='ltr'>bona.</span> 
     </span>
    </p>
   </div>
   <div class='ocr_carea' id='block_1_93' title="bbox 520 4759 1910 4832">
    <p class='ocr_par' dir='ltr' id='par_1_93' title="bbox 520 4759 1910 4832">
     <span class='ocr_line' id='line_1_93' title="bbox 520 4759 1910 4832; baseline 0 -16"><span class='ocrx_word' id='word_1_762' title='bbox 520 4759 741 4816; x_wconf 90' lang='lat' dir='ltr'>diabolo</span> <span class='ocrx_word' id='word_1_763' title='bbox 761 4765 818 4816; x_wconf 90' lang='lat' dir='ltr'>et</span> <span class='ocrx_word' id='word_1_764' title='bbox 842 4765 1069 4832; x_wconf 87' lang='lat' dir='ltr'>peccato</span> <span class='ocrx_word' id='word_1_765' title='bbox 1106 4776 1169 4815; x_wconf 87' lang='lat' dir='ltr'>se</span> <span class='ocrx_word' id='word_1_766' title='bbox 1197 4759 1388 4814; x_wconf 91' lang='lat' dir='ltr'>vendit</span> <span class='ocrx_word' id='word_1_767' title='bbox 1413 4759 1504 4814; x_wconf 92' lang='lat' dir='ltr'>cui</span> <span class='ocrx_word' id='word_1_768' title='bbox 1535 4774 1595 4815; x_wconf 89' lang='lat' dir='ltr'>se</span> <span class='ocrx_word' id='word_1_769' title='bbox 1623 4760 1910 4832; x_wconf 86' lang='lat' dir='ltr'>supponit.</span> 
     </span>
    </p>
   </div>
   <div class='ocr_carea' id='block_1_94' title="bbox 592 4850 2126 4919">
    <p class='ocr_par' dir='ltr' id='par_1_94' title="bbox 592 4850 2126 4919">
     <span class='ocr_line' id='line_1_94' title="bbox 592 4850 2126 4919; baseline 0.003 -15"><span class='ocrx_word' id='word_1_770' title='bbox 592 4851 745 4918; x_wconf 78' lang='lat' dir='ltr'>Quod</span> <span class='ocrx_word' id='word_1_771' title='bbox 772 4852 922 4904; x_wconf 88' lang='lat' dir='ltr'>enim</span> <span class='ocrx_word' id='word_1_772' title='bbox 952 4864 1163 4919; x_wconf 83' lang='lat' dir='ltr'>operor,</span> <span class='ocrx_word' id='word_1_773' title='bbox 1190 4865 1302 4903; x_wconf 89' lang='lat' dir='ltr'>non</span> <span class='ocrx_word' id='word_1_774' title='bbox 1329 4850 1599 4918; x_wconf 85' lang='lat' dir='ltr'>intelligo.</span> <span class='ocrx_word' id='word_1_775' title='bbox 1650 4850 1956 4906; x_wconf 88' lang='lat' dir='ltr'>Personam</span> <span class='ocrx_word' id='word_1_776' title='bbox 1983 4852 2126 4908; x_wconf 83' lang='lat' dir='ltr'>duo-</span> 
     </span>
    </p>
   </div>
   <div class='ocr_carea' id='block_1_95' title="bbox 520 4937 2124 5013">
    <p class='ocr_par' dir='ltr' id='par_1_95' title="bbox 520 4937 2124 5013">
     <span class='ocr_line' id='line_1_95' title="bbox 520 4937 2124 5013; baseline 0.002 -19"><span class='ocrx_word' id='word_1_777' title='bbox 520 4954 649 4994; x_wconf 87' lang='lat' dir='ltr'>rum</span> <span class='ocrx_word' id='word_1_778' title='bbox 675 4938 971 4994; x_wconf 86' lang='lat' dir='ltr'>hominum</span> <span class='ocrx_word' id='word_1_779' title='bbox 1023 4937 1268 4993; x_wconf 88' lang='lat' dir='ltr'>assumit</span> <span class='ocrx_word' id='word_1_780' title='bbox 1321 4937 1382 4992; x_wconf 90' lang='lat' dir='ltr'>in</span> <span class='ocrx_word' id='word_1_781' title='bbox 1432 4938 1521 4992; x_wconf 88' lang='lat' dir='ltr'>his</span> <span class='ocrx_word' id='word_1_782' title='bbox 1574 4938 1757 4994; x_wconf 88' lang='lat' dir='ltr'>verbis</span> <span class='ocrx_word' id='word_1_783' title='bbox 1803 4942 2124 5013; x_wconf 86' lang='lat' dir='ltr'>Apostolus,</span> 
     </span>
    </p>
   </div>
   <div class='ocr_carea' id='block_1_96' title="bbox 519 5025 2127 5094">
    <p class='ocr_par' dir='ltr' id='par_1_96' title="bbox 519 5025 2127 5094">
     <span class='ocr_line' id='line_1_96' title="bbox 519 5025 2127 5094; baseline 0.002 -12"><span class='ocrx_word' id='word_1_784' title='bbox 519 5025 806 5083; x_wconf 83' lang='lat' dir='ltr'>interioris</span> <span class='ocrx_word' id='word_1_785' title='bbox 840 5027 1121 5091; x_wconf 90' lang='lat' dir='ltr'>videlicet,</span> <span class='ocrx_word' id='word_1_786' title='bbox 1158 5026 1215 5081; x_wconf 90' lang='lat' dir='ltr'>id</span> <span class='ocrx_word' id='word_1_787' title='bbox 1244 5032 1332 5082; x_wconf 89' lang='lat' dir='ltr'>est</span> <span class='ocrx_word' id='word_1_788' title='bbox 1359 5027 1589 5094; x_wconf 90' lang='lat' dir='ltr'>mentis,</span> <span class='ocrx_word' id='word_1_789' title='bbox 1620 5033 1679 5083; x_wconf 89' lang='lat' dir='ltr'>et</span> <span class='ocrx_word' id='word_1_790' title='bbox 1725 5030 2036 5091; x_wconf 80' lang='lat' dir='ltr'>exterioris,</span> <span class='ocrx_word' id='word_1_791' title='bbox 2068 5031 2127 5086; x_wconf 91' lang='lat' dir='ltr'>id</span> 
     </span>
    </p>
   </div>
   <div class='ocr_carea' id='block_1_97' title="bbox 522 5114 2125 5190">
    <p class='ocr_par' dir='ltr' id='par_1_97' title="bbox 522 5114 2125 5190">
     <span class='ocr_line' id='line_1_97' title="bbox 522 5114 2125 5190; baseline 0.002 -19"><span class='ocrx_word' id='word_1_792' title='bbox 522 5120 610 5171; x_wconf 88' lang='lat' dir='ltr'>est</span> <span class='ocrx_word' id='word_1_793' title='bbox 632 5114 836 5170; x_wconf 89' lang='lat' dir='ltr'>carnis.</span> <span class='ocrx_word' id='word_1_794' title='bbox 859 5114 1006 5179; x_wconf 87' lang='lat' dir='ltr'>Quid</span> <span class='ocrx_word' id='word_1_795' title='bbox 1025 5114 1369 5187; x_wconf 89' lang='lat' dir='ltr'>operabatur</span> <span class='ocrx_word' id='word_1_796' title='bbox 1384 5117 1728 5188; x_wconf 83' lang='lat' dir='ltr'>Apostolus?</span> <span class='ocrx_word' id='word_1_797' title='bbox 1754 5119 2125 5190; x_wconf 87' lang='lat' dir='ltr'>Concupisce-</span> 
     </span>
    </p>
   </div>
   <div class='ocr_carea' id='block_1_98' title="bbox 519 5203 2124 5279">
    <p class='ocr_par' dir='ltr' id='par_1_98' title="bbox 519 5203 2124 5279">
     <span class='ocr_line' id='line_1_98' title="bbox 519 5203 2124 5279; baseline 0.003 -20"><span class='ocrx_word' id='word_1_798' title='bbox 519 5204 619 5259; x_wconf 87' lang='lat' dir='ltr'>bat</span> <span class='ocrx_word' id='word_1_799' title='bbox 637 5210 837 5259; x_wconf 88' lang='lat' dir='ltr'>contra</span> <span class='ocrx_word' id='word_1_800' title='bbox 854 5203 997 5274; x_wconf 89' lang='lat' dir='ltr'>legis</span> <span class='ocrx_word' id='word_1_801' title='bbox 1018 5209 1359 5276; x_wconf 70' lang='lat' dir='ltr'>prmeeptum</span> <span class='ocrx_word' id='word_1_802' title='bbox 1386 5220 1399 5255; x_wconf 92' lang='lat'><strong>:</strong></span> <span class='ocrx_word' id='word_1_803' title='bbox 1424 5222 1592 5277; x_wconf 88' lang='lat' dir='ltr'>quam</span> <span class='ocrx_word' id='word_1_804' title='bbox 1615 5207 2124 5279; x_wconf 89' lang='lat' dir='ltr'>concupiscentiam</span> 
     </span>
    </p>
   </div>
   <div class='ocr_carea' id='block_1_99' title="bbox 521 5292 2127 5370">
    <p class='ocr_par' dir='ltr' id='par_1_99' title="bbox 521 5292 2127 5370">
     <span class='ocr_line' id='line_1_99' title="bbox 521 5292 2127 5370; baseline 0.003 -22"><span class='ocrx_word' id='word_1_805' title='bbox 521 5309 637 5348; x_wconf 91' lang='lat' dir='ltr'>non</span> <span class='ocrx_word' id='word_1_806' title='bbox 660 5292 1032 5364; x_wconf 88' lang='lat' dir='ltr'>intelligebat,</span> <span class='ocrx_word' id='word_1_807' title='bbox 1063 5293 1121 5347; x_wconf 92' lang='lat' dir='ltr'>id</span> <span class='ocrx_word' id='word_1_808' title='bbox 1144 5298 1249 5358; x_wconf 88' lang='lat' dir='ltr'>est,</span> <span class='ocrx_word' id='word_1_809' title='bbox 1281 5310 1394 5349; x_wconf 91' lang='lat' dir='ltr'>non</span> <span class='ocrx_word' id='word_1_810' title='bbox 1423 5295 1789 5368; x_wconf 87' lang='lat' dir='ltr'>approbabat,</span> <span class='ocrx_word' id='word_1_811' title='bbox 1815 5313 1929 5352; x_wconf 91' lang='lat' dir='ltr'>non</span> <span class='ocrx_word' id='word_1_812' title='bbox 1957 5298 2127 5370; x_wconf 83' lang='lat' dir='ltr'>elige-</span> 
     </span>
    </p>
   </div>
   <div class='ocr_carea' id='block_1_100' title="bbox 2281 4758 3775 4832">
    <p class='ocr_par' dir='ltr' id='par_1_100' title="bbox 2281 4758 3775 4832">
     <span class='ocr_line' id='line_1_100' title="bbox 2281 4758 3775 4832; baseline -0.011 -10"><span class='ocrx_word' id='word_1_813' title='bbox 2281 4767 2629 4822; x_wconf 78' lang='lat' dir='ltr'>Gondeteelor</span> <span class='ocrx_word' id='word_1_814' title='bbox 2677 4767 2829 4819; x_wconf 88' lang='lat' dir='ltr'>enim</span> <span class='ocrx_word' id='word_1_815' title='bbox 2876 4765 2983 4832; x_wconf 86' lang='lat' dir='ltr'>legi</span> <span class='ocrx_word' id='word_1_816' title='bbox 3021 4765 3117 4819; x_wconf 85' lang='lat' dir='ltr'>Dei</span> <span class='ocrx_word' id='word_1_817' title='bbox 3149 4765 3458 4819; x_wconf 84' lang='lat' dir='ltr'>secundum</span> <span class='ocrx_word' id='word_1_818' title='bbox 3491 4758 3775 4816; x_wconf 71' lang='lat' dir='ltr'>interiorem</span> 
     </span>
    </p>
   </div>
   <div class='ocr_carea' id='block_1_101' title="bbox 2210 4842 3776 4918">
    <p class='ocr_par' dir='ltr' id='par_1_101' title="bbox 2210 4842 3776 4918">
     <span class='ocr_line' id='line_1_101' title="bbox 2210 4842 3776 4918; baseline -0.008 -8"><span class='ocrx_word' id='word_1_819' title='bbox 2210 4857 2510 4918; x_wconf 86' lang='lat' dir='ltr'>hominem,</span> <span class='ocrx_word' id='word_1_820' title='bbox 2534 4854 2591 4909; x_wconf 89' lang='lat' dir='ltr'>id</span> <span class='ocrx_word' id='word_1_821' title='bbox 2623 4859 2710 4908; x_wconf 91' lang='lat' dir='ltr'>est</span> <span class='ocrx_word' id='word_1_822' title='bbox 2736 4852 3042 4908; x_wconf 90' lang='lat' dir='ltr'>secundum</span> <span class='ocrx_word' id='word_1_823' title='bbox 3066 4851 3564 4907; x_wconf 87' lang='lat' dir='ltr'>rationabilitatem</span> <span class='ocrx_word' id='word_1_824' title='bbox 3581 4842 3776 4902; x_wconf 70' lang='lat' dir='ltr'>mentis.</span> 
     </span>
    </p>
   </div>
   <div class='ocr_carea' id='block_1_102' title="bbox 2208 4927 3775 5013">
    <p class='ocr_par' dir='ltr' id='par_1_102' title="bbox 2208 4927 3775 5013">
     <span class='ocr_line' id='line_1_102' title="bbox 2208 4927 3775 5013; baseline -0.006 -14"><span class='ocrx_word' id='word_1_825' title='bbox 2208 4945 2319 4999; x_wconf 86' lang='lat' dir='ltr'>Lex</span> <span class='ocrx_word' id='word_1_826' title='bbox 2348 4943 2488 4998; x_wconf 91' lang='lat' dir='ltr'>dicit</span> <span class='ocrx_word' id='word_1_827' title='bbox 2522 4962 2534 4997; x_wconf 92' lang='lat'><strong>:</strong></span> <span class='ocrx_word' id='word_1_828' title='bbox 2566 4944 2693 4998; x_wconf 91' lang='lat' dir='ltr'>Non</span> <span class='ocrx_word' id='word_1_829' title='bbox 2721 4942 3098 5013; x_wconf 89' lang='lat' dir='ltr'>concupisces,</span> <span class='ocrx_word' id='word_1_830' title='bbox 3122 4947 3179 4996; x_wconf 90' lang='lat' dir='ltr'>et</span> <span class='ocrx_word' id='word_1_831' title='bbox 3197 4957 3302 5012; x_wconf 89' lang='lat' dir='ltr'>ego</span> <span class='ocrx_word' id='word_1_832' title='bbox 3323 4939 3669 4995; x_wconf 88' lang='lat' dir='ltr'>condelector</span> <span class='ocrx_word' id='word_1_833' title='bbox 3691 4927 3775 4990; x_wconf 61' lang='lat' dir='ltr'>illi.</span> 
     </span>
    </p>
   </div>
   <div class='ocr_carea' id='block_1_103' title="bbox 2208 5020 3779 5105">
    <p class='ocr_par' dir='ltr' id='par_1_103' title="bbox 2208 5020 3779 5105">
     <span class='ocr_line' id='line_1_103' title="bbox 2208 5020 3779 5105; baseline -0.01 -17"><span class='ocrx_word' id='word_1_834' title='bbox 2208 5032 2340 5105; x_wconf 91' lang='lat' dir='ltr'>quia</span> <span class='ocrx_word' id='word_1_835' title='bbox 2382 5033 2513 5087; x_wconf 92' lang='lat' dir='ltr'>nolo</span> <span class='ocrx_word' id='word_1_836' title='bbox 2560 5031 2969 5103; x_wconf 87' lang='lat' dir='ltr'>concupiscere,</span> <span class='ocrx_word' id='word_1_837' title='bbox 3014 5029 3254 5102; x_wconf 90' lang='lat' dir='ltr'>ideoque</span> <span class='ocrx_word' id='word_1_838' title='bbox 3293 5029 3447 5103; x_wconf 89' lang='lat' dir='ltr'>quod</span> <span class='ocrx_word' id='word_1_839' title='bbox 3475 5029 3623 5083; x_wconf 86' lang='lat' dir='ltr'>illam</span> <span class='ocrx_word' id='word_1_840' title='bbox 3652 5020 3779 5077; x_wconf 53' lang='lat' dir='ltr'>dele¢</span> 
     </span>
    </p>
   </div>
   <div class='ocr_carea' id='block_1_104' title="bbox 2208 5122 2843 5189">
    <p class='ocr_par' dir='ltr' id='par_1_104' title="bbox 2208 5122 2843 5189">
     <span class='ocr_line' id='line_1_104' title="bbox 2208 5122 2843 5189; baseline -0.006 -10"><span class='ocrx_word' id='word_1_841' title='bbox 2208 5127 2343 5189; x_wconf 88' lang='lat' dir='ltr'>ctat,</span> <span class='ocrx_word' id='word_1_842' title='bbox 2375 5122 2616 5177; x_wconf 88' lang='lat' dir='ltr'>delectat</span> <span class='ocrx_word' id='word_1_843' title='bbox 2647 5127 2707 5176; x_wconf 91' lang='lat' dir='ltr'>et</span> <span class='ocrx_word' id='word_1_844' title='bbox 2734 5137 2843 5176; x_wconf 89' lang='lat' dir='ltr'>me.</span> 
     </span>
    </p>
   </div>
   <div class='ocr_carea' id='block_1_105' title="bbox 2289 5209 3781 5278">
    <p class='ocr_par' dir='ltr' id='par_1_105' title="bbox 2289 5209 3781 5278">
     <span class='ocr_line' id='line_1_105' title="bbox 2289 5209 3781 5278; baseline -0.004 -12"><span class='ocrx_word' id='word_1_845' title='bbox 2289 5211 2443 5266; x_wconf 86' lang='lat' dir='ltr'>Video</span> <span class='ocrx_word' id='word_1_846' title='bbox 2465 5215 2652 5266; x_wconf 88' lang='lat' dir='ltr'>autem</span> <span class='ocrx_word' id='word_1_847' title='bbox 2681 5211 2857 5264; x_wconf 86' lang='lat' dir='ltr'>aliam</span> <span class='ocrx_word' id='word_1_848' title='bbox 2890 5212 3058 5278; x_wconf 85' lang='lat' dir='ltr'>legem</span> <span class='ocrx_word' id='word_1_849' title='bbox 3088 5212 3152 5264; x_wconf 86' lang='lat' dir='ltr'>in</span> <span class='ocrx_word' id='word_1_850' title='bbox 3175 5210 3441 5264; x_wconf 81' lang='lat' dir='ltr'>membris</span> <span class='ocrx_word' id='word_1_851' title='bbox 3470 5209 3619 5265; x_wconf 84' lang='lat' dir='ltr'>meis,</span> <span class='ocrx_word' id='word_1_852' title='bbox 3648 5213 3781 5268; x_wconf 72' lang='grc' dir='ltr'>τερα·</span> 
     </span>
    </p>
   </div>
   <div class='ocr_carea' id='block_1_106' title="bbox 2207 5288 3781 5370">
    <p class='ocr_par' dir='ltr' id='par_1_106' title="bbox 2207 5288 3781 5370">
     <span class='ocr_line' id='line_1_106' title="bbox 2207 5288 3781 5370; baseline -0.01 -13"><span class='ocrx_word' id='word_1_853' title='bbox 2207 5306 2472 5370; x_wconf 85' lang='lat' dir='ltr'>gnantem</span> <span class='ocrx_word' id='word_1_854' title='bbox 2504 5300 2609 5368; x_wconf 85' lang='lat' dir='ltr'>legi</span> <span class='ocrx_word' id='word_1_855' title='bbox 2653 5302 2855 5354; x_wconf 85' lang='lat' dir='ltr'>mentis</span> <span class='ocrx_word' id='word_1_856' title='bbox 2899 5316 3046 5362; x_wconf 61' lang='lat' dir='ltr'>mea,</span> <span class='ocrx_word' id='word_1_857' title='bbox 3079 5298 3137 5353; x_wconf 91' lang='lat' dir='ltr'>id</span> <span class='ocrx_word' id='word_1_858' title='bbox 3166 5305 3253 5354; x_wconf 89' lang='lat' dir='ltr'>est</span> <span class='ocrx_word' id='word_1_859' title='bbox 3300 5288 3714 5353; x_wconf 88' lang='lat' dir='ltr'>rationabilitati</span> <span class='ocrx_word' id='word_1_860' title='bbox 3735 5288 3781 5339; x_wconf 78' lang='lat' dir='ltr'>et</span> 
     </span>
    </p>
   </div>
   <div class='ocr_carea' id='block_1_107' title="bbox 520 5375 3778 5458">
    <p class='ocr_par' dir='ltr' id='par_1_107' title="bbox 520 5375 3778 5458">
     <span class='ocr_line' id='line_1_107' title="bbox 520 5375 3778 5458; baseline -0 -21"><span class='ocrx_word' id='word_1_861' title='bbox 520 5381 635 5448; x_wconf 83' lang='lat' dir='ltr'>bat,</span> <span class='ocrx_word' id='word_1_862' title='bbox 696 5397 879 5454; x_wconf 89' lang='lat' dir='ltr'>neque</span> <span class='ocrx_word' id='word_1_863' title='bbox 931 5384 1197 5453; x_wconf 79' lang='lat' dir='ltr'>perficere</span> <span class='ocrx_word' id='word_1_864' title='bbox 1252 5383 1502 5456; x_wconf 86' lang='lat' dir='ltr'>optabat.</span> <span class='ocrx_word' id='word_1_865' title='bbox 1543 5387 1867 5442; x_wconf 88' lang='lat' dir='ltr'>Notandum</span> <span class='ocrx_word' id='word_1_866' title='bbox 1926 5393 2117 5444; x_wconf 88' lang='lat' dir='ltr'>autem</span> <span class='ocrx_word' id='word_1_867' title='bbox 2198 5388 2500 5446; x_wconf 88' lang='lat' dir='ltr'>intentioni</span> <span class='ocrx_word' id='word_1_868' title='bbox 2526 5388 2751 5455; x_wconf 90' lang='lat' dir='ltr'>mentis,</span> <span class='ocrx_word' id='word_1_869' title='bbox 2776 5392 2827 5442; x_wconf 86' lang='lat' dir='ltr'>et</span> <span class='ocrx_word' id='word_1_870' title='bbox 2854 5391 3223 5458; x_wconf 81' lang='lat' dir='ltr'>captivantem</span> <span class='ocrx_word' id='word_1_871' title='bbox 3248 5404 3333 5441; x_wconf 87' lang='lat' dir='ltr'>me</span> <span class='ocrx_word' id='word_1_872' title='bbox 3354 5391 3421 5441; x_wconf 86' lang='lat' dir='ltr'>in</span> <span class='ocrx_word' id='word_1_873' title='bbox 3449 5389 3558 5455; x_wconf 78' lang='lat' dir='ltr'>lege</span> <span class='ocrx_word' id='word_1_874' title='bbox 3579 5375 3778 5452; x_wconf 59' lang='lat' dir='ltr'>peccati»</span> 
     </span>
    </p>
   </div>
   <div class='ocr_carea' id='block_1_108' title="bbox 521 5470 3780 5550">
    <p class='ocr_par' dir='ltr' id='par_1_108' title="bbox 521 5470 3780 5550">
     <span class='ocr_line' id='line_1_108' title="bbox 521 5470 3780 5550; baseline -0.003 -23"><span class='ocrx_word' id='word_1_875' title='bbox 521 5471 704 5527; x_wconf 88' lang='lat' dir='ltr'>multa</span> <span class='ocrx_word' id='word_1_876' title='bbox 726 5470 818 5526; x_wconf 88' lang='lat' dir='ltr'>hic</span> <span class='ocrx_word' id='word_1_877' title='bbox 846 5471 1000 5543; x_wconf 90' lang='lat' dir='ltr'>loqui</span> <span class='ocrx_word' id='word_1_878' title='bbox 1027 5472 1358 5544; x_wconf 85' lang='lat' dir='ltr'>Apostolum</span> <span class='ocrx_word' id='word_1_879' title='bbox 1379 5489 1446 5528; x_wconf 83' lang='lat' dir='ltr'>ex</span> <span class='ocrx_word' id='word_1_880' title='bbox 1492 5490 1733 5545; x_wconf 82' lang='lat' dir='ltr'>persona</span> <span class='ocrx_word' id='word_1_881' title='bbox 1765 5476 1990 5548; x_wconf 76' lang='lat' dir='ltr'>generis</span> <span class='ocrx_word' id='word_1_882' title='bbox 2007 5477 2116 5534; x_wconf 89' lang='lat' dir='ltr'>hu-</span> <span class='ocrx_word' id='word_1_883' title='bbox 2195 5478 2254 5534; x_wconf 92' lang='lat' dir='ltr'>id</span> <span class='ocrx_word' id='word_1_884' title='bbox 2282 5484 2387 5544; x_wconf 87' lang='lat' dir='ltr'>est,</span> <span class='ocrx_word' id='word_1_885' title='bbox 2416 5477 2699 5550; x_wconf 86' lang='lat' dir='ltr'>captivare</span> <span class='ocrx_word' id='word_1_886' title='bbox 2730 5475 3012 5532; x_wconf 87' lang='lat' dir='ltr'>volentem</span> <span class='ocrx_word' id='word_1_887' title='bbox 3054 5476 3114 5533; x_wconf 92' lang='lat' dir='ltr'>in</span> <span class='ocrx_word' id='word_1_888' title='bbox 3142 5477 3267 5548; x_wconf 88' lang='lat' dir='ltr'>lege</span> <span class='ocrx_word' id='word_1_889' title='bbox 3296 5477 3465 5539; x_wconf 77' lang='lat' dir='ltr'>malae</span> <span class='ocrx_word' id='word_1_890' title='bbox 3505 5470 3780 5529; x_wconf 89' lang='lat' dir='ltr'>consuetu-</span> 
     </span>
    </p>
   </div>
   <div class='ocr_carea' id='block_1_109' title="bbox 522 5559 3782 5638">
    <p class='ocr_par' dir='ltr' id='par_1_109' title="bbox 522 5559 3782 5638">
     <span class='ocr_line' id='line_1_109' title="bbox 522 5559 3782 5638; baseline -0.001 -21"><span class='ocrx_word' id='word_1_891' title='bbox 522 5559 677 5617; x_wconf 88' lang='lat' dir='ltr'>mani</span> <span class='ocrx_word' id='word_1_892' title='bbox 703 5559 775 5616; x_wconf 88' lang='lat' dir='ltr'>de</span> <span class='ocrx_word' id='word_1_893' title='bbox 802 5559 1270 5633; x_wconf 84' lang='lat' dir='ltr'>concupiscentia,</span> <span class='ocrx_word' id='word_1_894' title='bbox 1291 5577 1393 5634; x_wconf 84' lang='lat' dir='ltr'>per</span> <span class='ocrx_word' id='word_1_895' title='bbox 1414 5579 1585 5635; x_wconf 85' lang='lat' dir='ltr'>quam</span> <span class='ocrx_word' id='word_1_896' title='bbox 1604 5565 1874 5622; x_wconf 89' lang='lat' dir='ltr'>debemus</span> <span class='ocrx_word' id='word_1_897' title='bbox 1901 5565 2113 5623; x_wconf 90' lang='lat' dir='ltr'>intelli-</span> <span class='ocrx_word' id='word_1_898' title='bbox 2195 5567 2362 5637; x_wconf 85' lang='lat' dir='ltr'>diuis,</span> <span class='ocrx_word' id='word_1_899' title='bbox 2395 5584 2515 5638; x_wconf 63' lang='lat' dir='ltr'>qua</span> <span class='ocrx_word' id='word_1_900' title='bbox 2532 5570 2692 5623; x_wconf 85' lang='lat' dir='ltr'>estin</span> <span class='ocrx_word' id='word_1_901' title='bbox 2715 5568 2981 5622; x_wconf 85' lang='lat' dir='ltr'>membris</span> <span class='ocrx_word' id='word_1_902' title='bbox 2999 5568 3155 5622; x_wconf 86' lang='lat' dir='ltr'>meis.</span> <span class='ocrx_word' id='word_1_903' title='bbox 3184 5566 3392 5638; x_wconf 88' lang='lat' dir='ltr'>Legem</span> <span class='ocrx_word' id='word_1_904' title='bbox 3424 5560 3782 5621; x_wconf 85' lang='lat' dir='ltr'>membrorum</span> 
     </span>
    </p>
   </div>
  </div>
