3850 6168
190 316 268 373 625

790 306 1171 363 EXPOSITIO
1211 306 1290 361 IN
1328 305 1482 360 EPP.
1526 306 1582 361 S.
1624 300 1861 359 PAULI.
1903 330 1969 343 —
2009 303 2087 356 IN
2124 301 2348 358 EPIST.
2388 302 2485 357 AD
2522 302 2696 359 ROM.

3261 306 3371 365 426

187 436 380 509 appellat
402 448 533 486 onus
562 431 889 500 pondusque
918 431 1299 511 mortalitatis,
1332 430 1464 501 quia
1502 445 1704 500 corpus
1725 429 1894 487 Atate
1922 432 2173 492 manent,
2202 427 2343 481 nihil
2371 432 2456 482 est
2475 427 2850 483 damnationis
2879 433 2945 484 ut
2970 431 3140 485 morti
3152 434 3372 487 eterna

186 530 387 580 nostrum
412 520 586 573 adhuc
614 519 849 572 mortale
868 519 1044 572 trahit
1072 535 1174 572 nos
1201 520 1450 588 quotidie
1475 519 1546 571 ad
1571 534 1704 572 con-

183 609 516 681 cupiscentiam
542 607 749 660 malam
771 611 826 659 et
845 607 1305 660 consuetudinem
1334 623 1581 676 pravam.
1596 607 1705 659 Lex

183 700 298 752 enim
324 693 677 749 membrorum
719 693 969 762 corporis
998 700 1083 747 est
1111 693 1522 762 concupiscere,
1562 693 1705 746 sicut

178 788 244 840 lex
268 783 441 837 mentis
470 798 581 835 non
609 781 999 851 concupiscere
1047 781 1172 834 Alio
1192 781 1376 845 modo,
1396 781 1703 834 secundum

178 873 357 926 beatum
386 868 706 938 Gregorium
741 885 753 919 :
786 867 914 921 Alia
940 869 1024 920 lex
1054 885 1176 937 quae
1216 874 1301 921 est
1328 868 1386 921 in
1417 865 1700 931 membris,

172 973 440 1029 repugnans
469 956 573 1025 legi
602 956 829 1023 mentis,
868 955 1202 1025 intelligitur
1228 956 1476 1010 titillatio
1497 956 1700 1020 carnis,

175 1050 218 1104 id
242 1054 312 1103 est
335 1046 591 1118 promotio
621 1046 691 1099 ad
716 1045 1004 1099 libidinem
1040 1062 1051 1096 :
1080 1045 1162 1098 vel
1193 1052 1344 1098 certe
1367 1044 1547 1098 omnis
1569 1061 1695 1098 con-

170 1135 460 1208 cupiscentia
484 1134 659 1190 mala.

225 1224 403 1289 Infelix
434 1237 522 1288 ego
557 1222 734 1282 homo,
778 1224 903 1288 quis
942 1238 1028 1275 me
1073 1223 1327 1275 liberabit
1375 1223 1438 1274 de
1488 1236 1707 1289 corpore

170 1314 328 1365 mortis
349 1311 505 1378 hujus
532 1315 557 1362 ?
600 1308 794 1363 Gratia
826 1312 924 1363 Dei
958 1325 1059 1377 per
1084 1312 1269 1363 Jesum
1299 1309 1581 1362 Christum
1610 1310 1711 1362 Do-

169 1403 349 1453 minum
375 1402 638 1451 nostrum.
672 1398 750 1451 Ex
771 1413 1010 1467 persona
1030 1399 1256 1467 generis
1277 1398 1510 1451 humani
1534 1397 1712 1467 loqui-

168 1491 253 1549 tur,
279 1486 408 1541 sicut
433 1492 486 1538 et
523 1485 817 1555 superius;
852 1485 932 1539 vel
965 1502 1031 1539 ex
1069 1501 1307 1556 persona
1351 1486 1573 1539 illorum
1614 1485 1711 1556 qui

163 1575 388 1628 recedunt
405 1590 437 1626 a
460 1572 720 1643 peccatis,
747 1580 803 1627 et
828 1589 892 1627 ex
911 1578 1031 1627 toto
1059 1573 1225 1627 corde
1257 1573 1578 1627 desiderant
1596 1574 1711 1627 Deo

164 1662 351 1723 servire,
372 1662 461 1714 sed
494 1662 901 1731 impugnantur
919 1678 951 1715 a
971 1661 1435 1733 concupiscentiis
1456 1662 1641 1715 carnis
1656 1667 1711 1716 et

1787 513 2131 583 subjaceant.

1856 604 1957 656 Lex
1983 606 2154 666 enim,
2181 606 2414 670 spiritus
2441 606 2562 657 vitae
2590 606 2653 656 in
2682 605 2898 659 Christo
2942 609 3087 672 Jesu,
3122 610 3379 662 liberavit

1786 706 1871 744 me
1901 708 1934 743 α
1964 694 2070 757 lege
2098 695 2305 758 peccati
2326 696 2377 743 et
2405 695 2598 745 mortis
2645 693 2849 762 Legem
2870 696 3116 765 appellat
3132 697 3378 767 gratiam

1750 840 1751 845 η
1788 777 2029 847 Spiritus
2076 778 2271 839 sancti,
2307 779 2403 849 qui
2451 779 2682 845 spiritus
2715 780 2837 834 vitae
2882 782 3007 835 ideo
3035 783 3372 853 appellatur,

1788 864 1919 935 quia
1945 882 2304 935 quoscunque
2346 867 2660 937 repleverit,
2686 868 2867 923 vivere
2897 870 3030 924 facit
3066 870 3125 924 in
3153 872 3379 927 virtuti-

1786 952 1907 1016 bus,
1939 958 1990 1007 et
2024 953 2357 1008 dimittendo
2372 961 2598 1025 peccata
2642 957 2899 1026 perducit
2926 958 2997 1011 ad
3023 958 3192 1012 vitam
3223 964 3381 1013 aeter-

1788 1058 1941 1105 nam,
1974 1042 2085 1096 Lex
2111 1043 2260 1096 enim
2290 1043 2520 1114 spiritus
2537 1045 2683 1108 vitae,
2717 1046 2771 1099 id
2805 1053 2888 1101 est
2923 1047 3109 1117 gratia
3138 1046 3380 1118 Spiritus

1787 1129 2120 1200 sancti,qua>.
2142 1130 2564 1184 vivificatnosin
2585 1133 2776 1187 anima
2801 1139 3055 1204 tempore
3072 1135 3381 1205 baptisma—

1788 1218 1881 1281 tis,
1913 1216 2171 1271 liberavit
2200 1234 2290 1271 me
2319 1235 2353 1271 a
2380 1221 2785 1273 consuetudine
2811 1222 3044 1292 peccati,
3089 1240 3186 1292 per
3214 1240 3384 1295 quam

1792 1305 2116 1375 pervenitur
2134 1305 2205 1359 ad
2234 1305 2654 1361 damnationem
2676 1309 2873 1362 mortis
2902 1315 3142 1364 aeterne.
3166 1311 3377 1367 Aliter:

1792 1391 1973 1461 legem
2003 1392 2060 1445 in
2102 1392 2206 1445 hoc
2246 1393 2368 1446 loco
2396 1394 2638 1463 gratiam
2668 1396 2846 1449 sancti
2879 1397 3159 1467 Evangelii
3188 1415 3387 1468 possu-

1791 1495 1918 1532 mus
1967 1480 2217 1550 accipere
2272 1496 2439 1551 quam
2467 1498 2567 1552 per
2596 1483 2867 1552 Spiritum
2900 1491 3153 1540 sanctum
3185 1486 3389 1542 didici-

1794 1584 1941 1632 mus,
1979 1567 2075 1621 ubi
2107 1567 2266 1622 nobis
2295 1569 2409 1623 vita
2448 1572 2860 1640 repromittitur
2892 1581 3130 1645 aeterna;
3176 1576 3265 1630 vel
3303 1576 3391 1631 lex

1795 1654 2047 1723 spiritus,
2098 1655 2236 1709 ﬁdes
2264 1656 2601 1727 intelligitur
2638 1676 2760 1729 quas
2786 1660 3030 1731 Spiritus
3059 1663 3237 1717 sancti
3268 1680 3391 1718 esse

160 1747 576 1802 delectationibus
591 1748 842 1818 corporis
869 1748 1137 1819 ;ideoque
1150 1748 1709 1803 desiderantliberari
1727 1766 1770 1824 Β
1793 1742 2017 1803 dieitur.
2050 1744 2182 1813 quia
2211 1744 2281 1797 ab
2318 1745 2414 1798 illo
2445 1751 2503 1800 et
2543 1764 2642 1817 per
2668 1748 2825 1801 illum
2850 1750 3188 1804 conceditur.
3218 1752 3388 1806 Nemo

161 1852 187 1888 a
204 1852 407 1906 corpore
432 1836 658 1889 mortali
684 1841 741 1888 et
766 1836 1136 1905 corruptibili,
1170 1853 1271 1907 per
1300 1837 1448 1907 quod
1478 1833 1710 1891 trahun-

156 1930 231 1977 tur
255 1924 317 1976 ad
341 1923 869 1992 concupiscentiam.
904 1923 1013 1977 Sed
1046 1940 1157 1977 non
1206 1940 1401 1977 omnes
1452 1924 1710 1994 homines

158 2010 503 2064 liberabuntur
531 2011 606 2064 ab
653 2011 755 2064 hoc
784 2028 1015 2082 corpore
1044 2012 1437 2081 corruptionis.
1467 2012 1711 2083 Reprobi

156 2098 276 2151 enim
294 2098 414 2152 licet
436 2098 711 2169 recipiant
740 2115 976 2170 corpora
1001 2099 1362 2163 immortalia,
1384 2106 1574 2154 tamen
1600 2117 1712 2155 non

158 2185 256 2239 ideo
287 2187 668 2240 liberabuntur
697 2203 731 2240 a
758 2187 1139 2258 corruptione,
1169 2188 1302 2258 quia
1331 2188 1714 2258 corruptibilia

156 2278 364 2327 erantet
387 2279 655 2344 poterunt
683 2275 963 2345 corrumpi
986 2291 1021 2328 a
1048 2275 1330 2330 vermibus
1354 2282 1412 2329 et
1440 2277 1570 2346 igne
1606 2294 1618 2332 :
1653 2282 1715 2331 ut

154 2360 271 2413 sicut
292 2362 525 2432 propriis
542 2362 1010 2417 delectationibus
1032 2364 1364 2430 servierunt,
1391 2370 1448 2418 et
1465 2366 1717 2435 volupta-

155 2447 275 2502 tibus
296 2449 351 2502 in
378 2466 616 2520 corpore
642 2457 699 2504 et
724 2450 933 2512 anima,
966 2451 1045 2505 ita
1062 2468 1293 2522 corpore
1314 2458 1370 2505 et
1398 2453 1586 2505 anima
1605 2469 1718 2522 pce-

152 2551 233 2588 nas
259 2544 484 2591 aeternas
525 2538 698 2592 luant
731 2556 744 2589 :
787 2539 950 2592 electi
997 2545 1186 2593 autem
1232 2540 1622 2595 liberabuntur
1658 2540 1717 2595 in

152 2622 222 2676 die
239 2625 421 2693 judicii
450 2625 523 2679 ab
554 2624 711 2680 omni
732 2626 866 2681 faece
896 2628 1128 2696 peccati,
1155 2633 1214 2681 et
1241 2629 1716 2693 mortalitatis,at-

149 2726 236 2779 que
259 2714 669 2784 corruptionis,
699 2715 831 2784 quia
859 2715 1132 2785 recipient
1159 2732 1394 2786 corpora
1422 2717 1716 2771 immorta-

151 2797 210 2851 lia
244 2806 296 2852 et
330 2800 805 2873 incorruptibilia,
843 2803 903 2856 in
935 2804 1125 2857 anima
1157 2820 1379 2875 quoque
1410 2806 1718 2859 incommu-

146 2885 470 2952 tabilitatem,
521 2906 631 2944 nec
686 2896 953 2961 poterunt
999 2892 1150 2945 ultra
1198 2893 1589 2963 concupiscere
1620 2898 1717 2948 aut

150 2973 325 3044 aliquid
350 2978 481 3030 mali
514 2978 791 3048 cogitare,
826 2979 922 3032 sed
947 2978 1003 3032 in
1036 2980 1135 3033 Dei
1165 2980 1565 3050 omnipotentis
1586 2997 1720 3034 con-

1791 1833 1943 1884 enim
1970 1832 2145 1885 dicit:
2176 1833 2447 1887 Dominus
2493 1836 2667 1900 Jesus,
2709 1837 2817 1890 nisi
2865 1837 2922 1890 in
2956 1838 3168 1908 Spiritu
3194 1844 3389 1894 sancto

1794 1920 1841 1984 (Ι
1862 1918 1979 1972 Cor.
2018 1919 2132 1988 xu),
2164 1925 2221 1974 et
2250 1921 2388 1975 fides
2410 1921 2525 1976 vita
2553 1928 2659 1988 est,
2679 1923 2811 1994 quia
2837 1925 2908 1979 ad
2932 1926 3103 1980 vitam
3123 1932 3392 1981 aeternam

1795 2022 1898 2059 nos
1924 2006 2098 2060 ducit.

1867 2095 2009 2149 Nam
2042 2097 2187 2163 quod
2226 2098 2558 2163 impossibile
2595 2105 2713 2153 erat
2746 2101 2867 2166 legi,
2905 2103 2968 2155 in
2996 2117 3104 2170 quo
3132 2106 3395 2171 inﬁrma-

1799 2182 1963 2235 batur
1988 2198 2087 2251 per
2114 2198 2339 2237 carnem
2369 2204 2385 2238 :
2413 2187 2553 2240 Deus
2578 2189 2764 2253 ﬁlium
2792 2204 2960 2242 suum
2985 2193 3208 2245 mittens
3236 2196 3301 2246 in
3314 2194 3393 2246 si-

1797 2272 2179 2324 militudinem
2211 2275 2398 2325 carnis
2428 2277 2657 2342 peccati.
2688 2276 3037 2347 Impossibile
3053 2284 3174 2333 erat
3201 2279 3313 2351 legi
3331 2286 3396 2335 ut
3472 2260 3483 2276 ’

1800 2358 2085 2412 hominem
2110 2359 2468 2429 justiﬁcaret,
2492 2367 2549 2416 et
2575 2364 2876 2419 mundaret
2904 2382 2937 2419 a
2964 2368 3225 2438 peccatis,
3248 2374 3304 2423 et
3332 2374 3399 2423 ut

1793 2447 2029 2515 januam
2060 2448 2256 2517 patria;
2284 2449 2523 2504 cmlestis
2548 2452 2811 2522 aperiret.
2835 2456 2983 2524 quod
3008 2456 3195 2526 gratia
3216 2458 3395 2512 Evan-

1795 2535 1929 2605 gelii
1977 2552 2079 2606 per
2120 2536 2436 2606 passionem
2468 2538 2694 2593 Domini
2738 2541 3048 2597 Salvatoris
3090 2550 3146 2598 et
3188 2562 3394 2615 aquam

1799 2621 2153 2692 baptismatis
2190 2624 2544 2679 credentibus
2588 2633 2837 2696 praestat.
2882 2630 2949 2683 Et
2976 2630 3033 2683 in
3064 2631 3169 2685 hoc
3195 2639 3315 2687 erat
3344 2632 3395 2686 ei

1798 2708 2143 2780 impossibile
2172 2712 2318 2765 istud
2367 2713 2564 2778 facere,
2602 2713 2660 2766 in
2706 2731 2815 2785 quo
2863 2716 3255 2773 infirmabatur
3294 2736 3397 2791 per

1798 2814 2045 2861 carnem,
2095 2800 2199 2853 hoc
2228 2806 2315 2854 est
2336 2817 2438 2870 per
2461 2802 2714 2856 carnales
2746 2803 3148 2871 observantias,
3203 2813 3263 2861 et
3296 2824 3397 2879 per

1802 2885 2246 2940 observationem
2294 2889 2575 2942 carnalem
2605 2889 2828 2944 illorum
2869 2891 2963 2962 qui
2991 2893 3292 2947 carnaliter
3328 2910 3397 2949 ea

1805 2973 2211 3044 intelligebant,
2230 2982 2400 3047 atque
2424 2978 2726 3032 carnaliter
2747 2977 3022 3034 vivebant.
3039 2978 3396 3051 Impossibile

144 3038 476 3133 templatione
507 3038 686 3121 erant
732 3038 956 3131 intenti,
989 3073 1046 3121 et
1076 3068 1180 3121 hoc
1210 3038 1579 3138 pergratiam
1621 3068 1719 3122 Dei
1745 3038 1952 3116 Cenim
1984 3069 2108 3117 erat
2128 3066 2403 3135 sanguine
2431 3065 2712 3120 hircorum
2728 3067 2988 3121 mundari
3009 3071 3397 3142 peccata,quia

145 3148 300 3206 Patris
324 3159 380 3207 et
401 3155 761 3224 adjutorium
784 3155 1009 3209 Domini
1036 3157 1213 3210 nostri
1234 3158 1365 3211 Jesu
1382 3156 1722 3227 Cbristi,per

144 3253 281 3307 quem
309 3242 497 3297 omnia
526 3243 685 3297 bona
713 3243 1000 3298 habemus.
1035 3245 1215 3298 Aliter
1247 3263 1260 3298 :
1290 3261 1492 3315 corpus
1522 3230 1721 3299 mortis

143 3342 408 3395 possumus
443 3332 770 3402 intelligere
798 3332 1220 3386 universitatem
1249 3333 1533 3399 vitiorum,
1574 3335 1719 3388 sicut

130 3413 224 3483 jam
252 3435 417 3490 supra
435 3421 663 3475 dictum
686 3425 772 3476 est
795 3438 807 3471 :
832 3437 1005 3475 unum
1031 3422 1291 3492 quodque
1308 3428 1596 3493 peccatum
1620 3440 1719 3493 per

135 3518 183 3555 se
229 3507 536 3562 membrum
600 3513 709 3573 est,
758 3509 1140 3563 universitatis
1189 3526 1315 3564 vero
1361 3516 1715 3581 peccatorum

132 3606 303 3663 corpus
323 3597 678 3667 appellatur.
715 3596 873 3661 Quod
905 3598 1110 3652 idcirco
1137 3610 1345 3668 corpus
1370 3599 1569 3652 mortis
1585 3600 1718 3653 dici-

132 3683 351 3752 tur,quia
364 3692 618 3740 mortem
635 3690 902 3740 aeternam
919 3685 1102 3739 infert.
1112 3688 1189 3741 De
1202 3703 1312 3757 quo
1328 3704 1558 3757 corpore
1572 3704 1715 3741 mor-

133 3766 206 3833 tis,
228 3770 277 3824 id
307 3780 392 3827 est
413 3774 798 3828 universitate
827 3774 1077 3828 omnium
1108 3780 1484 3845 peccatorum,
1517 3792 1714 3829 exora-

130 3853 206 3910 bat
228 3859 529 3929 Apostolus
572 3861 829 3916 liberari.
864 3865 1047 3929 Igitur
1072 3879 1163 3931 ego
1194 3867 1301 3931 ipse
1333 3869 1509 3917 mente
1538 3868 1713 3917 servio

133 3944 218 4010 legi
240 3947 345 4014 Dei,
378 3964 555 4003 carne
607 3954 799 4003 autem
847 3951 951 4017 legi
993 3953 1219 4018 peccati.
1257 3950 1712 4005 Rationabilitate

126 4035 301 4089 mentis
348 4043 408 4091 et
434 4037 769 4092 intentione
797 4038 978 4092 servio
1016 4038 1128 4109 legi
1156 4039 1279 4104 Dei,
1313 4038 1711 4093 consentiendo

129 4119 183 4185 ei,
210 4122 332 4179 dum
364 4127 491 4180 volo
514 4126 993 4197 concupiscentia
1007 4127 1712 4197 carnalisubjacere,carne

126 4217 284 4266 autem
314 4214 427 4285 legi
457 4216 713 4286 peccati.
736 4215 791 4269 id
823 4222 909 4269 est
934 4215 1327 4269 consuetudini
1356 4216 1536 4278 malae,
1579 4214 1713 4285 quia

126 4303 453 4371 concupisco.
496 4305 568 4358 In
594 4308 876 4374 quantum
903 4303 1183 4373 malignus
1212 4304 1444 4374 spiritus
1462 4302 1715 4373 suggerit

1800 3151 1887 3205 lex
1916 3167 2030 3205 non
2058 3152 2211 3206 venit
2236 3153 2434 3207 tollere
2464 3159 2708 3224 peccata,
2741 3156 2837 3209 sed
2859 3157 3174 3211 ostendere.
3205 3159 3271 3213 In
3290 3160 3396 3213 hoc

1800 3238 2028 3293 inﬁrma
2066 3246 2206 3306 erat,
2259 3240 2394 3311 quia
2437 3258 2620 3313 neque
2669 3243 2954 3299 hominem
3004 3262 3064 3300 se
3091 3247 3396 3303 carnaliter

1801 3327 2210 3395 observantem,
2245 3346 2427 3400 neque
2459 3346 2526 3384 ea
2549 3331 2932 3386 destruentem
2966 3350 3089 3404 quae
3118 3335 3241 3406 ipsa
3259 3352 3397 3406 prae-

1799 3415 2059 3487 cipiebat,
2102 3418 2415 3487 justiﬁcare
2444 3424 2683 3489 poterat,
2715 3420 2954 3491 ideoque
3000 3422 3397 3479 inﬁrmabatur

1797 3521 1899 3574 per
1917 3521 2164 3570 carnem,
2190 3506 2323 3577 quia
2348 3522 2383 3559 a
2408 3507 2563 3561 nullo
2583 3509 2907 3562 mortalium
2933 3511 3240 3564 secundum
3261 3527 3394 3566 car-

1797 3610 1926 3648 nem
1974 3594 2194 3665 impleri
2237 3601 2483 3667 poterat.
2524 3596 2683 3651 Unde
2726 3597 2924 3652 beatus
2960 3599 3160 3653 Petrus
3202 3600 3339 3655 dicit
3372 3618 3385 3655 :

1798 3684 1941 3749 Quid
1971 3687 2193 3737 tentatis
2213 3685 2381 3737 Deum
2394 3723 2407 3748 ,
2426 3686 2705 3752 imponere
2720 3688 2921 3753 iugum
2951 3688 3080 3754 legis
3099 3703 3267 3756 super
3280 3704 3392 3742 cer-

1798 3774 1932 3824 vices
1978 3772 2229 3838 fratrum
2272 3773 2418 3839 quod
2447 3788 2619 3839 neque
2649 3789 2765 3837 nos,
2800 3790 2970 3841 neque
2997 3780 3181 3843 patres
3210 3780 3392 3831 nostri

1791 3864 2016 3927 portare
2036 3862 2319 3926 potuimus
2353 3863 2376 3910 7
2402 3861 2538 3924 (Act.
2577 3861 2683 3928 xv).
2716 3861 2817 3915 Vel
2848 3862 2906 3915 in
2930 3863 3034 3916 hoc
3063 3863 3389 3920 inﬁrmaba-

1794 3951 1889 4000 tur
1913 3963 2013 4017 per
2032 3963 2275 4009 carnem,
2312 3963 2424 4016 qua
2453 3952 2682 4017 propter
2707 3950 3185 4019 concupiscentiae
3204 3953 3388 4007 carnis

1793 4034 2074 4088 neminem
2121 4034 2486 4104 justiﬁcabat.
2538 4035 2695 4089 Sicut
2743 4035 2891 4089 enim
2940 4037 3193 4092 medicus
3233 4039 3290 4093 in
3320 4056 3389 4094 ea

1796 4129 1952 4193 parte
1999 4128 2086 4176 est
2131 4122 2391 4176 inﬁrmus
2430 4123 2490 4177 in
2522 4138 2631 4193 qua
2668 4139 2781 4177 non
2808 4129 2992 4195 potest
3020 4141 3162 4181 caeco
3191 4128 3385 4183 lumen

1794 4211 2048 4271 reddere,
2073 4210 2560 4280 aliisqueinfirmis
2585 4211 2886 4266 sanitatem
2916 4213 3278 4284 praebere,ita
3298 4218 3389 4272 lex

1794 4299 1855 4353 in
1887 4315 1954 4352 ea
1982 4309 2140 4370 parte
2171 4305 2294 4353 erat
2319 4300 2563 4365 infirma,
2592 4300 2649 4355 in
2678 4318 2790 4372 qua
2818 4319 2931 4356 non
2953 4310 3173 4373 poterat
3200 4306 3388 4361 homi-

124 4392 172 4439 et
185 4404 302 4444 caro
324 4392 605 4451 delectat.
640 4392 811 4445 homo
840 4391 949 4461 legi
980 4392 1192 4462 peccati
1223 4393 1395 4446 servit
1426 4392 1514 4445 :in
1540 4382 1778 4463 quan-D
1794 4404 1922 4442 nem
1956 4388 2227 4441 mundare
2256 4404 2290 4441 a
2315 4389 2701 4444 criminalibus
2721 4393 2984 4461 peccatis,
2999 4393 3096 4447 sed
3116 4394 3267 4449 Deus
3287 4396 3390 4452 Pa-

126 4478 225 4528 tum
252 4494 374 4532 vero
405 4478 765 4534 contradicit
794 4494 952 4533 mens
978 4478 1088 4547 his,
1112 4479 1223 4551 legi
1243 4480 1344 4534 Dei
1366 4479 1573 4534 servire
1585 4497 1713 4534 con-

122 4564 291 4621 tendit.

195 4672 208 4681 ι
729 4637 963 4695 CAPUT
999 4639 1149 4695 VIII.

168 4742 310 4798 Nihil
335 4764 467 4815 ergo
497 4762 673 4801 nunc
698 4748 1079 4800 damnationis
1108 4750 1182 4800 est
1219 4747 1305 4799 his
1357 4748 1458 4813 qui
1494 4751 1625 4800 sunt
1650 4748 1713 4803 in

115 4828 303 4886 Christo
330 4837 485 4897 Jesu,
517 4839 633 4905 qui
664 4852 777 4889 non
806 4837 1106 4889 secundum
1148 4850 1369 4889 carnem
1394 4837 1710 4889 ambulant.

114 4914 238 4974 Hinc
265 4921 434 4979 datur
465 4925 649 4979 nobis
686 4924 944 4993 intelligi,
978 4924 1111 4995 quia
1129 4941 1189 4978 se
1221 4924 1380 4995 ponit
1406 4941 1507 4995 pro
1528 4923 1711 4978 omni-

116 5002 201 5060 bus
223 5012 497 5068 ﬁdelibus.
536 5013 663 5077 Qui
696 5028 828 5082 ergo
856 5018 1042 5066 mente
1067 5013 1319 5066 serviunt
1334 5010 1442 5080 legi
1464 5011 1719 5071 Dei,licet

118 5101 490 5170 concupiscant
521 5117 730 5163 carne,
756 5100 894 5153 nihil
914 5100 1291 5154 damnationis
1308 5107 1395 5153 est
1417 5099 1544 5157 illis.
1587 5099 1718 5169 quia

118 5199 209 5238 non
244 5190 548 5244 ambulant
579 5190 903 5244 secundum
931 5205 1175 5252 carnem,
1206 5188 1263 5242 id
1295 5194 1380 5242 est
1412 5188 1718 5242 secundum

118 5276 332 5332 carnalia
363 5279 671 5334 desideria
702 5295 813 5332 non
843 5277 1072 5341 vivunt;
1099 5278 1185 5331 vel
1216 5284 1367 5330 certe
1389 5277 1442 5329 in
1474 5276 1582 5330 illis
1621 5277 1716 5347 qui

115 5360 215 5429 jam
241 5364 306 5418 de
343 5384 595 5438 corpore
647 5366 852 5420 mortis
882 5372 1014 5420 sunt
1044 5364 1285 5427 liberati,
1320 5364 1373 5419 id
1404 5370 1490 5418 est
1522 5364 1616 5435 qui
1648 5365 1719 5419 ab

121 5450 461 5510 universitate
483 5457 759 5512 omnium
779 5461 1130 5526 peccatorum
1150 5462 1403 5525 tempore
1423 5453 1723 5525 baptisma-

120 5538 185 5593 tis
200 5558 295 5611 per
317 5545 420 5600 Dei
448 5545 723 5619 gratiam
751 5549 885 5599 sunt
912 5543 1085 5612 exuti,
1113 5549 1170 5600 et
1195 5544 1255 5600 in
1283 5543 1481 5600 eadem
1511 5542 1721 5599 sancti-

347 5642 640 5709 PAnOL.
684 5642 918 5706 CXVII.

1794 4482 1883 4530 ter
1908 4476 2136 4530 mittens
2162 4475 2368 4530 Filium
2380 4494 2543 4532 suum
2561 4479 2629 4533 ad
2648 4479 2972 4534 salvandum
2993 4497 3173 4552 genus
3194 4484 3391 4539 huma-

1795 4582 1952 4630 num,
1977 4581 2100 4636 qua:
2119 4565 2309 4619 missio
2331 4566 2472 4620 nihil
2492 4567 2643 4622 aliud
2666 4573 2752 4623 est
2772 4585 2939 4640 quam
2964 4570 3114 4624 illius
3135 4570 3390 4627 incarna-

1794 4654 2047 4724 tio,quod
2071 4654 2155 4707 lex
2171 4670 2281 4708 non
2301 4660 2520 4725 poterat
2539 4657 2791 4711 conferre
2808 4658 3044 4711 contulit
3060 4658 3387 4729 ipse-Quare

1795 4748 1984 4795 autem
2017 4742 2190 4796 dicit:
2216 4743 2273 4796 in
2312 4742 2736 4798 similitudinem
2771 4745 2954 4800 carnis
2987 4747 3196 4815 peccati
3226 4748 3386 4802 illum

1797 4831 2049 4894 missum,
2085 4847 2211 4885 cum
2245 4831 2302 4885 in
2327 4832 2559 4886 veritate
2582 4832 2920 4885 credendum
2943 4832 3016 4887 sit
3034 4850 3160 4888 eum
3193 4852 3389 4892 verum

1798 4936 1999 4991 corpus
2028 4920 2400 4992 assumpsisse
2421 4937 2485 4974 ex
2505 4937 2671 4974 carne
2686 4925 2743 4974 et
2756 4920 3009 4975 ossibus?
3021 4922 3237 4993 Corpus
3256 4942 3389 4982 nos-

1797 5015 1949 5063 trum
1981 5014 2038 5062 et
2064 5024 2193 5062 caro
2222 5014 2415 5062 nostra
2446 5025 2575 5062 caro
2605 5008 2817 5079 peccati
2846 5013 2949 5074 est,
2984 5010 3116 5080 quia
3143 5011 3394 5069 libitudi-

1800 5113 1937 5151 noso
1958 5113 2063 5150 usu
2087 5101 2443 5167 procreatur;
2474 5096 2712 5166 ideoque
2736 5112 2861 5151 cum
2894 5104 3120 5167 peccato
3148 5101 3393 5174 concipi-

1800 5191 1916 5249 tur,
1937 5203 2062 5240 cum
2087 5190 2311 5256 peccato
2332 5184 2591 5255 originali
2616 5185 2867 5239 nascitur
2889 5202 2901 5237 :
2922 5192 2979 5241 et
2999 5186 3058 5241 in
3071 5188 3175 5243 hoc
3191 5192 3395 5246 saeculo

1802 5276 1927 5329 sine
1974 5281 2196 5345 peccato
2237 5288 2347 5327 non
2402 5279 2588 5344 potest
2625 5275 2961 5329 conversari.
3012 5276 3228 5348 Corpus
3264 5295 3394 5335 vero

1801 5363 2008 5421 Christi
2054 5379 2165 5418 non
2208 5361 2570 5418 libitudinoso
2607 5379 2713 5419 usu
2750 5364 2924 5418 maris
2971 5372 3029 5419 et
3069 5364 3290 5423 feminae
3310 5375 3398 5424 est

1800 5451 2279 5525 procreatum,sed
2289 5467 2458 5523 opere
2481 5452 2723 5524 Spiritus
2743 5452 2924 5509 sancti
2945 5453 3014 5508 de
3033 5456 3249 5511 semine
3263 5471 3394 5511 mu-

1804 5540 1958 5598 lieris
1982 5539 2105 5601 sine
2132 5539 2348 5596 semine
2372 5540 2558 5609 virili;
2589 5541 2827 5613 ideoque
2852 5542 2973 5598 sine
3000 5546 3228 5615 peccato
3263 5557 3396 5597 con-

2756 5790 2783 5803 Ὦ
