3936 6164
342 3684 355 3697 κ
447 3643 593 3698 agno
620 3626 848 3692 scilicet,
895 3625 1090 3688 ariete,
1131 3621 1406 3683 columba,
1441 3626 1497 3674 et
1525 3624 1767 3683 turture,
1800 3620 2045 3690 comple-

497 308 604 389 4&7
906 314 1285 386 HAYMONIS
1322 311 1809 385 HALBERSTAT.
1854 325 2081 381 EPISC.
2125 314 2285 380 opp.
2328 327 2531 382 PARS.
2572 330 2617 383 1.
2659 320 2718 369 -'-
2755 320 3125 386 COMMENT.
3164 333 3343 393 BIBL.
3622 340 3714 399 διἳὸ

493 448 707 526 ceptus,
743 454 864 509 sine
906 456 1133 525 peccato
1174 454 1260 506 est
1296 453 1483 514 natus,
1516 453 1573 504 et
1600 450 1720 502 sine
1752 452 1977 518 peccato
2016 447 2313 510 abAbona
2340 453 2632 521 presentis
2662 453 2787 507 vita:
2807 456 2961 508 omni
2990 457 3252 512 aviditate
3282 460 3714 530 desiderantur,“

493 543 598 597 hoc
628 542 839 596 mundo
881 542 1140 596 transivit
1172 560 1183 593 :
1219 546 1275 593 et
1304 540 1360 591 in
1404 540 1509 591 hoc
1540 538 1649 591 fuit
1678 554 1808 591 caro
1837 538 1987 591 illius
2026 532 2084 591 in
2168 539 2398 593 adversa
2419 558 2519 610 pro
2550 542 2995 597 Christinomine
3018 545 3559 613 desiderantur,bona
3577 558 3715 605 aster-

492 618 918 706 similitudinem
966 628 1147 683 carnis
1186 616 1433 698 peccati:
1466 626 1597 695 quia
1638 642 1823 679 veram
1855 642 2083 678 carnem
2166 643 2250 680 nm
2282 629 2403 681 vitm
2434 645 2534 697 pro
2564 630 2740 683 nihilo
2772 630 3070 685 habentur.
3102 634 3397 688 Prudentia
3425 643 3591 691 autem
3617 642 3713 706 spi-

490 710 690 772 habuit
712 704 810 772 sed
839 702 960 771 sine
986 720 1231 787 peccato,
1257 713 1405 785 quod
1434 730 1537 766 nos
1562 730 1671 766 non
1700 713 1987 766 habemus.
2016 715 2081 767 Et
2163 717 2329 780 ritus,
2363 718 2494 781 vita,
2526 722 2571 769 et
2589 733 2703 784 pax
2734 736 2749 769 :
2782 720 3078 787 prudentia
3107 721 3346 789 spiritus,
3381 722 3432 776 id
3464 730 3543 777 est
3567 702 3715 780 ratio-

489 808 554 860 αθ
575 803 791 885 peccato
817 804 1107 859 damnavit
1132 808 1415 885 peccatum
1443 805 1506 855 in
1536 808 1720 855 carne.
1754 801 1905 854 Licet
1929 799 2079 855 dilfl-
2160 800 2417 856 nabilitas
2465 805 2667 858 mentis
2701 824 2712 858 :
2748 810 2835 858 est
2862 809 3072 860 malum
3109 824 3208 877 pro
3237 809 3378 863 malo
3406 827 3511 864 non
3535 813 3715 867 redde-

488 884 608 948 cllis
635 891 890 947 videatur
917 888 1023 946 iste
1041 880 1369 971 versiculus,
1392 892 1590 943 sensus
1616 894 1806 942 tamen
1826 889 1933 942 iste
1952 890 2072 942 est:
2160 906 2252 956 re;
2287 892 2493 945 amicos
2524 893 2580 946 in
2602 893 2724 953 Deo
2766 899 2824 947 et
2860 894 3118 948 inimicos
3168 902 3391 967 propter
3422 898 3577 952 Deum
3599 898 3713 953 dili-

486 980 775 1053 peccatum
821 980 1068 1052 appellat
1103 977 1404 1049 Apostolus
1447 977 1506 1030 in
1552 976 1657 1029 hoc
1701 975 1820 1029 loco
1850 992 2075 1030 carnem
2157 995 2290 1046 gere
2316 996 2330 1039 ;
2355 995 2516 1033 orare
2544 997 2643 1050 pro
2674 982 3141 1051 persequentibus
3171 989 3228 1037 et
3254 985 3709 1054 calumniantibus,

485 1061 839 1136 Cli'ristiﬂion
856 1066 1210 1139 quiapeccati
1238 1066 1516 1118 maculam
1544 1062 1925 1126 hubuerit,Sed
1944 1065 2077 1135 quia
2154 1066 2309 1136 juxta
2349 1068 2495 1137 quod
2525 1069 2883 1137 Evangelium
2914 1070 3164 1140 prascipit
3193 1090 3204 1137 ;
3236 1078 3429 1126 cuncta
3455 1075 3712 1143 tempora-

482 1164 584 1229 pro
614 1156 1001 1229 peccatoribus
1030 1156 1214 1209 oblata
1240 1158 1343 1219 est,
1394 1153 1540 1206 sicut
1580 1152 1726 1205 idem
1775 1154 2074 1222 Apostolus
2156 1154 2233 1207 lia
2267 1171 2330 1207 ac
2369 1157 2694 1209 transitoria
2723 1173 2987 1226 spernere
3016 1177 3028 1223 ;
3055 1159 3259 1227 gaudia
3284 1161 3471 1228 patriae
3497 1162 3711 1215 caelestis

481 1244 619 1300 alias
647 1244 782 1301 dicit
813 1264 823 1299 :
858 1236 1019 1309 Eum,
1060 1243 1117 1296 id
1150 1246 1235 1296 est
1262 1241 1568 1304 Christum,
1601 1244 1747 1295 Deus
1778 1242 1944 1294 Pater
1972 1254 2071 1312 pro
2154 1246 2273 1295 toto
2301 1242 2426 1296 nisu
2461 1244 2664 1296 mentis
2712 1250 2997 1314 appetere.
3030 1246 3334 1299 Prudentia
3360 1247 3500 1300 enim
3530 1249 3709 1302 mentis

478 1333 639 1389 nobis
660 1316 948 1405 peccatum
979 1330 1108 1385 fecit
1138 1331 1215 1398 (ΙΙ
1243 1332 1361 1384 Cor.
1405 1328 1479 1397 ν),
1508 1328 1563 1381 id
1594 1335 1679 1382 est
1701 1328 1941 1382 hostiam
1967 1346 2067 1399 pro
2150 1329 2207 1381 in
2233 1331 2494 1399 praesenti
2526 1346 2718 1401 pacem
2753 1332 2946 1401 habet,
2968 1349 3078 1385 non
3095 1334 3374 1388 reddendo
3400 1335 3599 1388 malum
3618 1334 3706 1405 pro

476 1421 741 1493 patratis.
757 1418 849 1474 Sic
871 1419 1022 1473 enim
1038 1418 1220 1472 hostia
1236 1410 1626 1488 appellabatur
1645 1432 1745 1486 pro
1766 1421 1991 1486 peccato
2010 1417 2067 1471 in
2150 1418 2318 1479 malo,
2349 1425 2405 1471 et
2432 1419 2489 1472 in
2520 1419 2708 1472 futuro
2738 1420 2907 1473 vitam
2932 1426 3201 1474 mternam
3230 1426 3488 1476 meretur.

474 1509 667 1564 Veteri
692 1507 1052 1563 Testamento
1082 1507 1220 1572 (Lev.
1264 1510 1323 1573 t),
1351 1503 1595 1557 maxime
1623 1504 1681 1557 in
1712 1506 2069 1574 septuaginta
2224 1507 2495 1571 Quoniam
2527 1511 2801 1574 sapientia
2831 1512 3021 1561 carnis
3056 1513 3286 1563 inimica
3315 1516 3385 1563 est
3409 1511 3524 1564 Deo.
3563 1510 3703 1573 Quod

472 1597 893 1679 interpretibus,
912 1596 1008 1650 ubi
1038 1595 1242 1649 dicitur
1270 1598 1281 1646 ἑ
1316 1593 1510 1648 Posuit
1539 1608 1767 1646 manum
1799 1608 1956 1646 suam
1979 1594 2067 1650 sd-
2147 1595 2405 1664 superius
2432 1595 2576 1649 dixit
2601 1596 2956 1665 prudentiam
2976 1597 3183 1659 carnis,
3206 1598 3367 1652 modo
3395 1598 3705 1669 appellatsa-

471 1696 573 1757 per
600 1684 769 1757 caput
798 1684 1032 1757 peccati,
1082 1683 1139 1736 id
1183 1686 1270 1737 est
1296 1688 1465 1753 super
1505 1687 1673 1751 caput
1718 1679 1913 1733 hostiae
1942 1696 2113 1757 quae_
2147 1681 2414 1752 pientiam
2445 1684 2648 1737 carnis.
2683 1684 2972 1753 Sapientia
3002 1690 3192 1738 autem
3220 1686 3454 1739 carnalis
3488 1685 3703 1738 hominis

469 1768 807 1832 oﬁ‘erebatu'r
833 1791 934 1846 pro
964 1778 1213 1844 peccato.
1257 1769 1339 1826 De
1367 1776 1593 1842 peccato
1623 1769 1909 1823 damnavit
1932 1784 2060 1840 pec~

466 1868 653 1919 catum
684 1862 743 1917 in
772 1878 939 1917 carne
977 1878 1100 1926 sua,
1142 1860 1199 1913 id
1237 1862 1321 1914 est
1345 1861 1414 1913 de
1441 1866 1608 1913 carne
1638 1874 1758 1919 sua,
1792 1873 1915 1928 qua:
1952 1855 2061 1911 fuit
2141 1858 2361 1928 operari
2395 1875 2517 1928 quas
2547 1860 2804 1930 superius
2824 1857 3086 1913 diximus.
3112 1863 3239 1927 Legi
3264 1864 3407 1914 enim
3438 1862 3546 1925 Dei,
3567 1861 3617 1913 id
3631 1865 3704 1913 est

464 1952 652 2005 hostia
680 1958 781 2022 pro
810 1954 1061 2022 peccato,
1078 1946 1365 2002 damnavit
1393 1953 1683 2018 peccatum
1715 1942 1947 1999 humani
1967 1960 2060 2013 ge—
2140 1946 2250 2016 legi
2276 1947 2580 2016 Evangelii,
2606 1962 2728 2017 quae
2748 1948 2884 2002 dicit
2912 1963 2923 1997 :
2948 1942 3154 2002 Malum
3180 1965 3282 2019 pro
3305 1949 3449 2002 malo
3475 1964 3579 2001 non
3597 1946 3706 2001 red-

462 2039 635 2101 neris,
661 2054 775 2092 non
816 2037 1094 2108 peccando
1122 2053 1224 2107 per
1266 2051 1510 2088 carnem.
1562 2032 1870 2103 Dupliciter
1907 2031 2058 2083 enim
2140 2034 2377 2093 das.non
2405 2041 2477 2088 est
2507 2038 2744 2103 subjecta
2772 2036 3048 2105 sapientia
3073 2038 3331 2090 carnalis.
3351 2038 3527 2101 Quare
3550 2035 3702 2105 tquia

461 2124 771 2195 damnavit,
800 2125 913 2179 sive
938 2122 1141 2178 occidit
1168 2124 1225 2177 et
1254 2119 1613 2176 mortificavit
1646 2124 1938 2191 peccatum
1962 2136 2057 2188 ge-
2141 2137 2249 2174 non
2283 2128 2451 2189 potest
2478 2141 2491 2183 ;
2524 2128 2581 2176 et
2609 2139 2783 2193 quare
2811 2139 2922 2177 non
2953 2129 3137 2194 potest
3155 2126 3179 2177 7
3197 2127 3331 2195 quia
3353 2140 3463 2179 non
3486 2124 3611 2185 vult,
3637 2122 3702 2176 ti-

459 2213 611 2267 ne'rls
640 2212 891 2279 humani,
923 2211 1011 2267 vel
1051 2212 1185 2283 quia
1213 2220 1326 2265 non
1372 2209 1621 2281 peccavit
1644 2207 1701 2262 in
1733 2224 1902 2261 carne
1928 2223 2049 2270 sua,
2137 2226 2299 2263 mens
2328 2210 2588 2264 amittere
2618 2211 2762 2265 bona
2782 2213 3132 2283 temporalia.
3169 2214 3315 2266 Dum
3332 2213 3478 2266 enim
3508 2211 3695 2265 malum

456 2301 544 2356 vel
573 2302 745 2356 etiam
773 2296 1162 2356 mortiﬁcando
1192 2296 1330 2353 illud
1359 2298 1415 2352 in
1445 2314 1628 2352 cruce.
1663 2296 1798 2351 Tale
1828 2300 1913 2349 est
1949 2288 2053 2348 hoc
2135 2314 2235 2369 pro
2267 2300 2414 2352 malo
2444 2300 2705 2366 reddunt,
2739 2300 2991 2354 odientes
3014 2301 3566 2371 invicem,Evangelio
3581 2308 3700 2353 con-

458 2382 622 2466 quasi
651 2391 777 2465 quis
817 2388 888 2444 de
920 2386 1174 2466 barbaris
1212 2385 1502 2440 victoriam
1545 2388 1732 2440 sumat
1761 2385 1829 2438 de
1858 2383 2056 2437 barba-
2135 2387 2296 2440 trarii
2326 2387 2590 2451 existunt,
2632 2389 2780 2458 quod
2808 2388 3063 2443 inimicos
3092 2376 3343 2460 praecipit
3369 2388 3539 2459 diligi.

454 2460 553 2547 ris,
585 2478 643 2535 et
665 2460 739 2534 de
766 2460 966 2534 Gothis
995 2476 1179 2531 vincat
1210 2474 1442 2530 Gothos.
2207 2477 2315 2542 Qui
2359 2482 2545 2529 autem
2589 2480 2651 2529 in
2697 2493 2863 2530 carne
2906 2482 3055 2538 sunt,
3090 2478 3146 2531 id
3176 2483 3264 2532 est
3293 2479 3389 2548 qui
3418 2478 3697 2531 secundum

528 2564 591 2625 Ut
615 2566 940 2638 φειδιτγίσαίἰο
973 2558 1101 2634 tegis
1130 2568 1457 2635 impleretur
1486 2564 1551 2616 in
1580 2562 1751 2616 nobis.
1786 2559 1850 2615 Id
1871 2566 1973 2621 est,
1991 2560 2055 2614 ut
2136 2564 2385 2617 carnalia
2426 2564 2706 2618 desideria
2744 2565 2951 2630 vivunt,
2986 2570 3040 2619 et
3069 2565 3126 2619 in
3155 2582 3258 2638 spe
3285 2565 3582 2620 carnalium
3608 2562 3697 2617 bo-

454 2664 556 2728 pe‘r
579 2656 897 2727 passionem
930 2656 1052 2725 ejus
1080 2650 1379 2724 redempti,
1403 2652 1460 2705 et
1488 2666 1588 2723 per
1607 2649 1951 2721 baptismum
1981 2647 2051 2701 ab
2135 2667 2337 2706 norum
2365 2658 2498 2706 sunt
2522 2653 2706 2723 positi,
2738 2656 2838 2707 Deo
2861 2655 3074 2721 placere
3096 2670 3208 2709 non
3227 2661 3487 2725 possunt;
3509 2653 3693 2707 subau-

456 2742 716 2800 omnibus
745 2740 989 2814 peccatis
1010 2741 1252 2807 liberati,
1280 2754 1381 2811 per
1400 2738 1669 2810 Spiritum
1688 2753 1908 2809 quoque
1927 2753 2053 2791 sane
2134 2740 2219 2794 dis
2249 2742 2501 2811 quandiu
2526 2742 2583 2795 in
2611 2740 2819 2796 talibus
2848 2748 3095 2796 manent.

454 2830 607 2887 cttim
633 2828 901 2897 roborati,
922 2845 1093 2901 opera
1117 2828 1259 2899 legis
1286 2820 1900 2899 spiritdaliterimplere
1921 2842 2049 2896 pos.
2218 2831 2306 2882 Vos
2333 2835 2539 2896 autem,
2570 2847 2603 2883 ο
2636 2829 2897 2899 Romani,
2941 2835 3004 2885 in
3034 2846 3200 2886 carne
3234 2849 3343 2887 non
3374 2834 3510 2895 estis,
3538 2828 3589 2884 id
3623 2826 3693 2883 est

453 2928 662 2999 senius,
682 2933 784 2990 per
802 2916 959 2988 cujus
978 2916 1363 2988 impletionem
1394 2930 1692 2986 possumus
1727 2912 2045 2984 justiﬁcari.
2131 2919 2189 2972 in
2240 2919 2557 2972 carnalibus
2604 2919 2940 2985 desideriis;
3004 2919 3135 2989 quia
3184 2921 3307 2989 jam
3350 2915 3692 2974 mortiﬂrastis

452 3010 560 3077 Qui
591 3020 705 3063 non
748 3007 1050 3061 secundum
1089 3022 1313 3059 carnem
1342 3005 1720 3067 ambulamus,
1753 3002 1808 3056 id
1832 3007 1917 3056 est
1955 3019 2045 3056 se-
2066 3058 2111 3079 η
2133 3005 2388 3060 membra
2435 3013 2619 3060 vestra
2666 3022 2793 3061 cum
2834 3007 2980 3061 vitiis
3019 3014 3074 3061 et
3103 3004 3588 3079 concupiscentiis;
3617 3006 3693 3058 scd

449 3091 694 3183 cuneum
722 3092 969 3151 carnalia
997 3091 1277 3148 desideria
1302 3092 1558 3156 vivimus,
1613 3092 1704 3144 sed
1743 3093 2043 3144 secundum
2064 3082 2112 3121 υ
2134 3082 2194 3147 in
2229 3098 2433 3162 spiritu
2464 3096 2619 3159 estis,
2642 3095 2698 3148 id
2725 3101 2811 3149 est
2844 3096 2901 3149 in
2932 3095 3281 3166 spiritalibus
3307 3096 3486 3160 rebus,
3519 3102 3569 3147 et
3601 3090 3693 3163 spi-

448 3176 734 3255 Spi‘ritu‘m
765 3189 1040 3246 sanctum,
1059 3178 1165 3236 hoc
1181 3178 1266 3235 est
1293 3180 1600 3233 secundum
1625 3176 1776 3248 quod
1807 3178 2047 3249 Spiritus
2129 3183 2355 3237 ritualia
2386 3184 2637 3254 quaeritis
2669 3202 2680 3235 :
2711 3186 2761 3236 si
2791 3189 2978 3237 tamen
3014 3185 3261 3251 Spiritus
3286 3185 3383 3240 Dei
3404 3185 3603 3237 habitat
3638 3183 3691 3233 in

449 3270 677 3329 sanctus
704 3268 871 3327 docet
886 3278 944 3327 et
962 3270 1217 3342 praecipit
1250 3287 1261 3321 :
1295 3268 1381 3322 vel
1404 3268 1556 3321 certe
1585 3266 1791 3320 idcirco
1811 3268 2048 3320 damna-
2130 3271 2406 3335 vobis,hoc
2419 3276 2522 3336 est,
2539 3272 2585 3323 si
2611 3271 2852 3351 Spiritus
2870 3276 3094 3326 sanctus
3108 3272 3328 3326 habitat
3341 3271 3399 3326 in
3408 3270 3692 3334 vobis,tunc

450 3363 530 3416 vit
555 3359 705 3416 Deus
739 3358 926 3429 hostia
956 3359 1134 3412 iactus
1161 3372 1264 3429 pro
1294 3358 1521 3427 peccato
1553 3358 1843 3425 peccaturo
1872 3370 2046 3423 gene-
2128 3360 2324 3428 utique
2365 3359 2692 3430 spiritaliter
2727 3360 2927 3415 vivitis.
2960 3360 3023 3415 Si
3068 3363 3192 3429 quis
3234 3365 3421 3415 autem
3455 3360 3691 3428 spiritum

447 3449 528 3504 ris
548 3446 802 3514 humani,
840 3452 940 3501 seu
960 3444 1267 3510 diabolum,
1293 3444 1387 3515 qui
1410 3448 1496 3497 est
1522 3440 1719 3496 auctor
1746 3440 2046 3513 peccati,ut
2130 3447 2338 3501 Christi
2368 3465 2478 3501 non
2505 3449 2679 3509 habet,
2710 3449 2798 3502 hic
2826 3464 2938 3503 non
2966 3454 3040 3502 est
3070 3453 3202 3517 ejus.
3233 3448 3473 3520 Spiritus
3495 3450 3694 3501 sanctus

444 3537 670 3609 justitia
694 3553 862 3609 quam
894 3536 983 3590 lex
1005 3532 1401 3607 praeﬁgurabat
1435 3531 1494 3585 in
1514 3529 1801 3584 sacriﬁciis
1831 3531 1967 3595 suis,
1988 3531 2046 3584 in
2129 3536 2442 3589 communis
2459 3535 2689 3605 spiritus
2706 3542 2795 3589 est
2806 3530 2988 3590 Patris
3009 3541 3065 3590 et
3081 3535 3524 3601 Filii.Quomodo
3536 3533 3695 3604 potest

2129 3625 2386 3693 cognosci
2414 3624 2458 3677 si
2478 3624 2720 3694 Spiritus
2742 3630 2968 3679 sanctus
2982 3624 3199 3679 habitat
3220 3626 3284 3680 in
3296 3622 3453 3679 nobis
3472 3639 3564 3693 per
3574 3634 3692 3690 ope-

2080 1753 2201 1824 Bet
2230 1772 2517 1825 mundana
2545 1776 2631 1824 est
2649 1772 2706 1824 in
2734 1772 2901 1825 rebus
2920 1773 3144 1826 caducis
3174 1778 3331 1843 spem
3355 1776 3706 1843 ponere,etea
3798 1806 3805 1811 ο

448 3720 608 3770 retur
622 3712 678 3768 in
710 3715 870 3769 nobis
898 3729 998 3784 per
1026 3711 1313 3767 Christum
1343 3710 1401 3763 in
1426 3710 1549 3780 ejus
1575 3707 1852 3778 passione,
1876 3724 2043 3778 quem

448 3804 547 3857 illa
573 3796 982 3872 significabant.

523 3890 629 3961 Qui
657 3882 806 3945 sitim
834 3886 1136 3944 sebundum
1165 3902 1390 3943 carnem
1411 3893 1561 3953 sunt,
1594 3885 1651 3940 id
1682 3888 1769 3941 est
1798 3884 1895 3957 qui
1915 3902 2040 3939 car-

448 3979 653 4036 naliter
669 3974 882 4048 vivunt,
915 3982 972 4034 et
997 3974 1317 4033 carnalibus
1344 3975 1806 4031 delectationibus
1841 3975 2035 4029 fruun-

446 4076 561 4135 tur,
581 4072 898 4138 quzcarni‘s
914 4074 1045 4122 sunt
1068 4071 1316 4134 sapiunt,
1339 4062 1445 4119 hoc
1465 4071 1552 4119 est
1565 4065 1813 4118 carnalia
1833 4069 1890 4117 et
1904 4068 2043 4117 tem-

447 4152 663 4229 poraiia
686 4156 1041 4212 solummodo
1061 4152 1380 4225 requirunt,
1395 4169 1504 4207 non
1516 4159 1776 4206 curantes
1797 4150 1865 4205 de
1881 4151 2044 4221 spiri—

2128 3711 2403 3765 rationem
2422 3712 2623 3765 bonam
2641 3717 2698 3765 et
2709 3714 3054 3784 veram,quia
3068 3714 3313 3783 Spiritus
3323 3718 3541 3767 sanctus
3554 3704 3695 3762 disci—

2123 3800 2289 3870 plinae
2307 3801 2536 3871 eii‘ugiet
2548 3802 2760 3857 ﬁctum.
2778 3802 3105 3872 Quicunque
3127 3802 3339 3856 Christi
3357 3816 3518 3872 opera
3533 3796 3692 3851 imita-

2122 3892 2305 3953 tur,ut
2319 3896 2443 3943 oret
2456 3906 2557 3959 pro
2572 3889 3032 3959 persequentibus
3046 3896 3100 3942 et
3116 3879 3694 3950 calumniantibusmtio

2125 3994 2232 4046 que
2256 3976 2515 4047 spiritum
2534 3979 2656 4047 ejus
2678 3977 2846 4031 habet
2864 3977 2922 4031 in
2941 3994 3001 4031 se
3025 3974 3397 4044 habitantem,
3412 3976 3464 4030 id
3484 3980 3563 4028 est
3579 3970 3692 4043 Spi-

2124 4064 2295 4118 ritum
2317 4066 2698 4136 sanctum,qui
2714 4071 2802 4119 est
2816 4065 3017 4119 titulus
3037 4062 3408 4135 possessionis
3427 4064 3558 4133 ejus,
3579 4057 3694 4129 quia

2125 4169 2514 4224 quemcunque
2536 4153 2832 4224 repleverit
2851 4154 2920 4207 ad
2941 4170 3143 4223 corpus
3162 4153 3372 4208 Christi
3388 4138 3513 4206 facit
3539 4145 3693 4219 perti-

444 4239 651 4300 talibu§
683 4264 695 4299 :
726 4244 824 4316 qui
848 4259 971 4298 vero
1006 4240 1308 4297 secundum
1338 4245 1601 4309 spiritum
1632 4244 1845 4306 vivunt,
1871 4238 1928 4293 id
1959 4240 2044 4293 est
2126 4257 2261 4295 nere
2292 4260 2303 4294 :
2339 4243 2434 4312 qui
2479 4258 2608 4296 vero
2650 4242 2941 4296 Christum
2971 4258 3082 4296 non
3110 4241 3391 4308 imitatur,
3424 4256 3521 4295 nec
3548 4232 3693 4308 spiri-

446 4328 753 4390 secundum
784 4332 931 4404 quod
971 4326 1092 4402 ipse
1130 4328 1294 4384 docet
1326 4334 1383 4383 et
1410 4330 1533 4399 ejus
1560 4328 1816 4383 voluntas
1846 4334 1931 4382 est
1966 4328 2042 4381 vi-

443 4428 585 4477 vunt
614 4438 627 4472 :
652 4428 770 4489 qua:
808 4425 939 4473 sunt
986 4418 1217 4493 spiritus
1262 4421 1528 4479 sentiunt,
1563 4417 1617 4470 id
1651 4421 1736 4469 est
1762 4416 2041 4487 spiritalia

2122 4334 2244 4383 tum
2275 4331 2397 4399 ejus
2428 4329 2615 4398 habet,
2645 4345 2757 4384 non
2787 4330 3032 4400 pertinet
3058 4330 3130 4383 ad
3161 4330 3387 4385 Patrem
3418 4328 3581 4382 illius.

2191 4418 2254 4474 Si
2303 4429 2489 4472 autem
2542 4419 2793 4495 Christus
2844 4423 2907 4472 in
2960 4420 3107 4473 vobis
3136 4425 3231 4483 est,
3269 4434 3464 4488 corpus
3494 4413 3687 4485 quidem

445 4488 749 4573 sectantiir,
776 4506 986 4580 gaudia
1000 4488 1195 4578 patria:
1211 4502 1450 4579 caelestis
1474 4505 2033 4576 quaerentesAliter:
2054 4488 2102 4546 D
2121 4512 2407 4560 mortuum
2435 4511 2529 4572 est,
2561 4502 2619 4560 id
2648 4512 2734 4561 est
2757 4488 2994 4561 mortale
3023 4512 3081 4561 et
3110 4508 3467 4571 moriturum,
3492 4506 3692 4573 pro)?!”

444 4601 613 4654 homo
661 4615 726 4652 ex
755 4594 975 4652 duabus
999 4592 1330 4649 substantiis
1357 4594 1627 4659 consistit,
1661 4608 1725 4647 ex
1755 4608 1923 4648 carne
1954 4593 2035 4647 vi-
2110 4602 2397 4662 peccatum
2455 4595 2607 4661 Adae,
2667 4601 2725 4649 et
2778 4602 3007 4667 propter
3060 4596 3307 4650 actualia
3361 4586 3691 4667 postmodum

440 4681 643 4744 delicat
666 4692 728 4742 et
746 4686 954 4742 anima.
981 4682 1038 4739 Si
1058 4690 1219 4739 actus
1247 4682 1431 4737 carnis
1461 4682 1850 4754 superaverint
1866 4682 2032 4737 affec-

2116 4683 2416 4737 commissa
2447 4701 2457 4735 :
2492 4687 2723 4751 spiritus
2772 4700 2912 4747 vero,
2943 4678 3001 4737 id
3031 4689 3115 4738 est
3153 4685 3367 4753 anima,
3397 4685 3527 4737 vivit
3557 4674 3688 4748 apud

436 4780 557 4833 tum
581 4771 807 4842 mentis,
837 4768 1089 4829 Carnalia
1117 4771 1175 4827 et
1202 4771 1541 4841 temporalia
1576 4776 1711 4824 tunc
1752 4770 1920 4825 homo
1949 4787 2033 4825 re-
2114 4773 2293 4826 Deum
2326 4788 2420 4843 per
2452 4771 2618 4826 ﬁdem
2636 4779 2862 4841 propter
2864 4775 3321 4841 justi/irationem
3351 4771 3477 4827 fidei
3493 4776 3547 4825 et
3570 4767 3687 4836 bap-

435 4860 607 4937 quirit
634 4881 648 4917 :
678 4865 727 4919 si
757 4880 886 4919 vero
915 4859 1146 4918 atiectus
1180 4858 1411 4932 spiritus
1452 4859 1564 4913 sive
1614 4858 1820 4913 mentis
1863 4876 2029 4930 supe-
2113 4861 2377 4914 tismatis.
2410 4861 2518 4913 Per
2542 4860 3001 4931 anticipationem
3030 4861 3167 4916 dicit
3192 4879 3396 4933 corpus
3426 4854 3686 4915 mortuum

430 4949 639 5023 rat/erit
667 4959 826 5006 actus
850 4950 1056 5013 carnis,
1082 4950 1219 5004 tunc
1252 4946 1532 5020 spiritalia
1558 4950 1822 5001 sectatur.
2114 4966 2253 5013 esse,
2275 4964 2376 5020 pro
2405 4965 2472 5002 eo
2503 4950 2651 5019 quod
2680 4949 2872 5004 debuit
2902 4951 3109 5015 dicere,
3145 4951 3384 5005 mortale
3412 4955 3466 5004 et
3486 4957 3687 5013 corrup-

502 5035 647 5096 Nam
671 5040 975 5109 prudentia
1024 5041 1215 5092 Carnis
1260 5052 1409 5091 mors
1438 5038 1531 5090 est.
1563 5034 1873 5090 Prudentia
1899 5051 2029 5089 vero
2111 5037 2287 5090 tibile.
2332 5037 2450 5090 Hoc
2489 5043 2676 5091 autem
2718 5036 3005 5092 sciendum
3038 5043 3145 5105 est,
3176 5039 3313 5109 quia
3341 5054 3453 5092 non
3483 5034 3687 5107 propter

431 5128 616 5185 carnis
656 5123 771 5183 sive
806 5122 1049 5182 carnalis
1099 5133 1184 5180 est
1221 5126 1431 5179 malum
1464 5141 1565 5194 pro
1596 5125 1744 5178 malo
1773 5124 2025 5189 reddere,
2110 5133 2393 5179 terrenam
2424 5125 2787 5196 fragilitatem
2818 5144 3019 5198 corpus
3048 5133 3306 5182 nostrum
3336 5125 3566 5180 mortale
3591 5120 3681 5181 est,

429 5212 675 5274 carnalia
707 5213 989 5270 desideria
1018 5210 1241 5275 sectari,
1266 5229 1389 5283 qua:
1429 5213 1476 5265 si
1520 5214 1646 5282 quis
1690 5212 2027 5283 impleverit,
2110 5214 2205 5268 sed
2248 5220 2478 5286 propter
2498 5221 2807 5285 peccatum.

428 5313 665 5361 mortem
697 5298 964 5359 :eternam
996 5298 1103 5357 Sibi
1129 5301 1389 5372 acquirit.
1435 5300 1757 5372 Philosophi
1798 5300 2027 5355 deﬁnie-
2182 5304 2333 5369 Quod
2361 5304 2411 5356 si
2442 5307 2676 5371 spiritus
2704 5307 2839 5372 ejus,
2864 5300 2920 5358 id
2950 5312 3037 5359 est
3060 5306 3263 5372 Patris,
3296 5309 3395 5375 qui
3422 5295 3683 5358 suscitari?

426 5403 558 5452 runt
579 5394 935 5466 prudentiam
971 5408 1090 5446 csse
1120 5384 1268 5445 bona
1294 5388 1627 5459 temporalia
1651 5393 1934 5459 appetere,
1964 5394 2025 5443 et
2106 5394 2292 5446 Jesum
2321 5392 2603 5445 Christum
2633 5409 2668 5446 a
2704 5396 2958 5459 mortuis,
2991 5395 3201 5449 habitat
3230 5400 3289 5449 in
3323 5395 3487 5457 vobis,
3514 5405 3605 5463 per
3630 5384 3684 5439 ﬂ-

424 5476 918 5555 malatemporalia
933 5476 1769 5552 cavere;quaaprudentia,quia
1784 5478 2023 5553 carnalis
2107 5481 2256 5547 dem,
2283 5498 2386 5551 per
2413 5478 2765 5541 charitatem,
2812 5499 2913 5553 per
2955 5500 3133 5554 spem.
3180 5484 3323 5539 sicut
3362 5481 3563 5537 dicitur
3595 5488 3683 5546 per

428 5567 747 5643 est;idrirbo
767 5564 1010 5644 ﬂeuerat
1038 5562 1277 5625 mortem
1299 5565 1863 5640 actcrham,quoniam
1886 5568 2025 5624 dum
2105 5568 2444 5643 Prophetam
2462 5568 2815 5626 :Inhabitabo
2836 5570 2894 5626 in
2910 5570 3045 5640 illis;
3080 5575 3179 5643 qui
3203 5571 3486 5629 suscitavit
3512 5558 3681 5623 Jaum
