3936 6164
474 308 577 367 431

889 305 1265 361 HAYMONIS
1304 302 1790 357 HALBERSTAT.
1833 298 2057 354 EPISC.
2101 295 2259 351 OPP.
2301 296 2484 352 PARS
2522 297 2567 352 I.
2611 328 2674 339 -
2712 298 3085 355 COMMENT.
3126 298 3299 359 BIBL.

3587 308 3677 365 ‘32

477 434 612 490 dum
640 436 699 487 et
725 431 1050 495 tenendum,
1070 427 1357 497 Evangelii
1380 442 1602 497 quoque
1622 427 2066 483 Testamentum,
2087 423 2137 480 A
2156 419 2349 487 haedis,
2373 420 2563 475 dicens
2611 423 2810 492 justis:
2850 424 3043 490 Venite,
3077 424 3330 479 benedicti
3378 429 3541 482 Patris
3589 436 3679 486 mei

480 538 603 594 qum
631 520 820 575 omnia
858 520 915 572 in
955 524 1133 570 morte
1185 531 1285 569 sua
1347 513 1713 567 conﬁrmavit.
1745 510 2074 566 Cohzeredes
2157 510 2375 569 (Matth.
2401 516 2688 573 xxv),tunc
2718 512 3061 565 revelabitur
3086 512 3179 582 qui
3200 514 3303 566 sint
3330 514 3419 567 ﬁlii
3440 515 3530 570 Dei
3548 517 3595 571 in
3610 536 3676 572 re.

477 611 649 666 etiam
681 611 802 679 ejus
830 608 1040 662 erimus
1060 612 1185 676 post
1214 603 1533 673 generalem
1584 600 2071 662 resurrectionem,

477 700 702 771 quando
714 699 924 751 erimus
940 690 1874 761 immortales,incorruptibilesque
1889 688 1944 739 in
1957 702 2073 739 cor-

474 807 628 860 pore.
663 793 832 857 atque
853 782 1339 839 incommutabiles
1368 781 1421 833 iu
1456 780 1663 843 anima,
1689 779 1835 830 sicut
1854 782 1911 830 et
1929 776 2066 845 ipse,

474 879 539 933 In
564 875 746 947 gloria
771 891 992 946 quoque
1021 872 1233 926 similes
1259 870 1308 921 ei
1338 866 1836 937 erimus,quoniam
1856 863 2071 916 videbi-

472 984 601 1021 mus
620 982 748 1019 eum
782 963 944 1017 sicuti
965 960 1226 1024 est,velut
1250 959 1493 1012 Joannes
1518 956 1683 1010 dicit:
1715 954 2065 1016 Charissimi,

470 1059 579 1124 ﬁlii
601 1057 698 1109 Dei
716 1057 990 1116 sumus,et
1010 1051 1258 1103 nondum
1287 1048 1550 1113 apparuit
1580 1044 1715 1111 quid
1733 1042 2069 1107 erimus,sci—

469 1162 595 1200 mus
623 1150 810 1198 autem
841 1145 992 1210 quia,
1025 1155 1149 1191 cum
1181 1137 1524 1204 apparuerit,
1550 1134 1757 1185 similes
1786 1133 1838 1184 ei
1856 1133 2064 1183 erimus

465 1234 524 1306 (Ι
545 1229 821 1298 .Ιοαη.ῐιι).
854 1230 924 1284 Et
953 1229 1071 1298 ipse
1109 1225 1383 1279 Dominus
1414 1222 1484 1275 ad
1501 1220 1717 1275 Patrem
1739 1222 2015 1285 (Joan.xn)
2044 1235 2054 1269 :

467 1325 655 1387 Pater,
680 1320 803 1373 volo
826 1324 890 1372 ut
910 1316 1004 1370 ubi
1034 1331 1156 1369 sum
1179 1330 1299 1383 ego,
1334 1312 1410 1364 ibi
1430 1311 1505 1364 sit
1526 1317 1581 1363 et
1609 1308 1863 1361 minister
1879 1323 2052 1360 meus.

467 1412 625 1467 Sicut
645 1410 795 1463 enim
818 1405 1073 1460 Christus
1095 1401 1311 1455 habitat
1329 1400 1386 1453 in
1415 1399 1644 1452 dextera
1670 1396 1876 1462 Patris,
1898 1394 1956 1447 id
1976 1398 2063 1447 est

465 1500 527 1553 in
548 1495 934 1566 magnitudine
952 1498 1199 1564 paternae
1217 1488 1546 1557 majestatis.
1560 1487 1639 1539 ita
1661 1485 1870 1538 erimus
1888 1490 1945 1536 et
1960 1498 2060 1535 nos

466 1586 514 1641 ei
540 1585 876 1645 cohaeredes,
913 1582 1046 1653 quia
1077 1578 1414 1649 fulgebimus
1444 1576 1588 1630 sicut
1631 1576 1750 1645 ipse
1793 1572 1952 1625 fulsit
2001 1571 2059 1623 in

463 1680 655 1729 monte
680 1693 691 1739 ;
714 1678 771 1726 et
790 1687 902 1725 non
923 1670 1102 1723 solum
1125 1669 1182 1721 in
1208 1666 1387 1737 gloria
1414 1666 1624 1719 erimus
1646 1664 1696 1716 ei
1717 1660 2055 1725 coheredes,

2157 597 2316 660 Quod
2343 604 2531 651 autem
2559 599 3075 671 dicit.Exspectatio
3101 607 3378 659 creaturae.
3401 604 3502 657 sive
3520 622 3682 675 exspe-

2157 686 2327 739 ctatio
2339 693 2532 740 noatra
2559 688 2952 742 revelationem
2977 689 3215 742 ﬁliorum
3247 690 3339 743 Dei
3356 694 3689 761 exspectat,sic

2151 775 2413 828 videntur
2441 777 2558 829 hmo
2576 776 2740 829 verba
2769 794 2991 841 sonare,
3016 778 3174 847 quasi
3197 778 3343 832 aliud
3363 779 3430 831 sit
3450 788 3688 845 creatura,

2152 868 2322 933 atque
2351 864 2502 916 aliud
2534 863 2707 917 Filius
2737 864 2857 921 Dei.
2889 881 3016 918 cum
3061 881 3231 918 unum
3262 865 3347 918 sit.
3379 866 3462 920 Sic
3486 867 3690 938 denique

2153 952 2301 1005 soliti
2320 960 2453 1007 sunt
2484 954 2740 1007 homines
2756 954 3224 1015 dicere,videntes
3249 954 3305 1007 in
3326 956 3595 1024 praesentia
3619 958 3691 1011 sui

2151 1041 2358 1095 multos
2387 1042 2599 1096 colores
2609 1059 2710 1113 per
2724 1043 2944 1096 diversa
2962 1059 3093 1096 vasa
3115 1043 3392 1097 ordinatos
3413 1070 3425 1111 ;
3449 1050 3692 1114 exspecta-

2148 1129 2228 1183 tio
2259 1131 2344 1183 vel
2375 1131 2655 1201 expressio
2688 1132 2925 1185 istorum
2955 1132 3203 1185 colorum
3234 1131 3691 1188 manifestationem

2148 1219 2410 1289 imaginis
2443 1226 2744 1292 exspectat,
2777 1237 2906 1275 cum
2955 1236 3066 1275 non
3115 1220 3189 1274 sit
3243 1220 3391 1274 aliud
3435 1220 3618 1290 imago,
3645 1227 3691 1275 et

2142 1308 2293 1362 aliud
2320 1309 2549 1363 colores.

2226 1399 2468 1450 Vanitati
2487 1401 2635 1452 enim
2650 1403 2912 1452 creatura
2940 1400 3178 1466 subjecta
3202 1403 3276 1452 est
3305 1414 3411 1452 non
3434 1401 3691 1463 voletis,sal

2138 1490 2362 1552 propter
2388 1501 2512 1538 eum
2534 1488 2634 1552 qui
2659 1488 2885 1554 subjecit
2913 1503 3035 1539 eam
3068 1490 3130 1540 in
3159 1503 3266 1555 spe.
3294 1487 3355 1541 In
3382 1488 3483 1541 hoc
3509 1488 3616 1543 loco
3647 1494 3694 1543 et

2143 1574 2312 1627 etiam
2364 1573 2853 1644 subsequentibus,
2901 1574 2995 1629 ubi
3052 1576 3185 1629 dicit
3231 1578 3519 1647 Apostolus
3569 1577 3690 1647 quod

2141 1661 2323 1715 omnis
2336 1670 2594 1717 creatura
2615 1664 2801 1734 ingem
2810 1665 3323 1735 iscit,reprehendit
3335 1665 3521 1719 beatus
3533 1666 3695 1734 Augu-

462 1762 559 1817 sed
589 1762 757 1815 etiam
791 1760 845 1814 in
879 1762 1174 1829 potestate,
1208 1755 1355 1808 sicut
1391 1753 1510 1823 ipse
1566 1752 1708 1805 dixit
1753 1748 2318 1821 apostoliszBstinus
2349 1752 2670 1805 acutissime
2699 1753 3021 1823 Origenem,
3053 1770 3228 1823 quare
3277 1754 3334 1808 in
3372 1755 3473 1808 hoc
3498 1753 3694 1807 nomine

460 1854 597 1909 Cum
628 1852 825 1904 sederit
858 1851 1031 1901 Filius
1060 1847 1301 1898 hominis
1314 1846 1374 1895 in
1395 1843 1511 1895 sede
1532 1843 1832 1908 majestatis
1848 1854 2059 1899 suame-

458 1942 653 1994 dcbitis
674 1944 721 1992 et
754 1954 842 1991 vos
857 1952 1019 2003 super
1049 1935 1192 1986 sedes
1215 1932 1497 1985 duodecim
1510 1931 1836 1997 ,judicantes
1851 1927 2056 1979 duode-

459 2032 568 2085 cim
600 2029 778 2081 tribus
808 2028 979 2079 Israel
1018 2023 1230 2077 (Matth.
1265 2035 1355 2073 XIX
1386 2059 1398 2071 .
1431 2019 1577 2082 Quid
1625 2018 1789 2088 plura
1833 2015 2054 2069 dicam?

458 2117 789 2185 Quicunque
819 2114 968 2166 illius
1000 2111 1101 2166 Dei
1131 2108 1373 2163 efﬁcitur
1401 2113 1458 2160 et
1485 2107 1682 2165 haeres.
1708 2120 2055 2175 quaecunque

455 2204 560 2261 Dei
596 2208 747 2265 sunt,
780 2202 975 2271 utique
1005 2204 1060 2252 et
1104 2198 1224 2269 ipse
1278 2194 1586 2249 merebitur
1642 2193 1914 2263 accipere.
1937 2191 2055 2247 Ista

457 2292 607 2348 enim
638 2290 828 2345 omnia
854 2306 982 2342 cum
1015 2286 1316 2340 securitate
1333 2288 1658 2353 exspectare
1682 2281 2052 2353 possumus,si

453 2381 754 2436 fecerimus
779 2377 926 2450 quod
959 2376 1214 2447 sequitur
1238 2390 1249 2422 :
1278 2377 1327 2427 si
1357 2380 1542 2427 tamen
1565 2374 2056 2439 compatimur,su-

453 2469 657 2524 baudis
679 2467 993 2532 Christo,ut
1014 2466 1392 2532 gloriﬁcemur
1410 2478 1535 2515 cum
1558 2463 1655 2513 illo
1683 2459 1842 2523 Quod
1860 2464 1947 2512 est
1967 2459 2054 2511 di-

456 2574 609 2613 cere:
644 2563 779 2611 tunc
807 2554 1149 2609 merebimur
1200 2549 1515 2605 coheredes
1562 2548 1771 2603 Christi
1820 2564 1940 2601 esse
1995 2547 2052 2600 in

450 2648 653 2718 gloria,
688 2646 735 2700 si
766 2644 903 2698 talia
931 2642 1180 2713 patimur
1207 2656 1308 2710 pro
1330 2654 1521 2692 amore
1541 2636 1786 2690 nominis
1810 2636 2054 2705 ejus,ne-

402 2800 405 2803 _
454 2736 713 2791 cessitate
740 2734 1057 2803 ingruente,
1096 2729 1282 2799 qualia
1320 2727 1439 2798 ipse
1469 2742 1569 2797 pro
1600 2724 1759 2778 nobis
1797 2725 2047 2794 pertulit,

451 2825 742 2879 imitantes
763 2823 885 2892 ejus
909 2818 1225 2891 passionem
1249 2821 1305 2870 et
1325 2814 1679 2869 dilectionem
1707 2833 1718 2880 ;
1727 2814 1887 2882 juxta
1904 2812 2052 2882 quod

451 2915 653 2972 Petrus
682 2911 856 2970 dicit:
889 2910 1136 2964 Christus
1160 2921 1355 2974 passus
1412 2909 1485 2957 est
1542 2918 1641 2967 pro
1693 2904 1867 2965 nobis,
1903 2903 2051 2954 vobis

448 3005 772 3069 relinquens
798 2998 1125 3065 ewemplum,
1158 2999 1219 3047 ut
1271 2994 1586 3059 sequamini
1634 2992 1860 3057 vestigia
1910 2992 2045 3056 ejus.

442 3092 496 3161 (Ι
530 3093 671 3145 Petr.
699 3092 784 3157 ll).

520 3179 790 3235 Existimo
817 3177 967 3231 enim
996 3174 1139 3243 quod
1167 3187 1279 3225 non
1308 3173 1421 3223 sint
1462 3168 1744 3235 condigna:
1766 3170 2048 3235 passiones

451 3270 619 3338 hujus
650 3266 905 3333 temporis
926 3264 998 3317 ad
1016 3263 1275 3328 futuram
1301 3260 1545 3325 gloriam
1566 3272 1685 3323 quae
1710 3258 2049 3309 revelabitur

449 3336 717 3412 ininobis.
752 3353 810 3408 Si
840 3336 1073 3423 quilibet
1094 3347 1387 3401 hominum
1417 3344 1605 3397 omnia
1629 3348 1906 3414 praecepta
1935 3343 2045 3395 Ve-

447 3445 587 3499 teris
614 3448 670 3497 et
694 3435 1189 3496 NoviTestamenti
1222 3434 1496 3505 potuisset
1513 3432 1765 3501 implere,
1786 3437 1844 3484 et
1858 3430 2049 3493 omnia

446 3548 658 3604 genera
680 3533 1089 3585 tormentorum
1122 3522 1432 3592 despicere,
1480 3535 1729 3573 carceres
1768 3519 2042 3583 videlicet,

449 3621 691 3680 aculeos,
725 3615 984 3685 ungulas,
1045 3608 1438 3676 ustulationes,
1489 3606 1878 3677 lapidationes,
1923 3624 2046 3661 cru-

449 3709 756 3766 ciﬁxiones.
788 3702 1053 3757 frixiones
1079 3700 1139 3753 in
1185 3697 1469 3766 sartagine
1510 3712 1611 3766 per
1644 3695 1824 3748 multa
1872 3695 2044 3749 curri-

448 3797 577 3850 cula
603 3801 941 3862 temporum,
965 3801 1318 3857 nequaquam
1342 3788 1490 3838 esset
1515 3783 1720 3853 dignus
1746 3782 1924 3852 gloria
1952 3784 2041 3837 fu-

450 3890 581 3941 tura
615 3897 783 3953 quam
829 3876 1145 3950 percepturi
1172 3880 1305 3929 sunt
1349 3872 1529 3928 electi.
1558 3872 1771 3936 Quaerit
1816 3872 2038 3942 aliquis,

451 3970 662 4046 quare?
688 3969 819 4035 Ideo
846 3968 1041 4037 utique
1089 3964 1222 4035 quia
1262 3963 1372 4016 ista
1400 3961 1729 4032 temporalia
1764 3965 1914 4023 sunt,
1949 3960 2043 4012 illa

449 4069 677 4119 eterna.
710 4058 845 4122 Quae
873 4055 981 4110 erit
1008 4054 1106 4108 illa
1132 4050 1358 4122 gloria?
1386 4050 1519 4119 quia
1558 4048 1852 4117 fulgebunt
1883 4047 2044 4101 electi

450 4151 598 4205 sicut
623 4148 706 4202 sol
730 4147 787 4199 in
814 4160 987 4214 regno
1025 4142 1209 4196 Patris
1238 4138 1344 4203 sui,
1379 4143 1433 4191 et
1463 4142 1648 4200 erunt,
1681 4137 1825 4189 sicut
1860 4135 2045 4204 angeli

447 4238 571 4300 Dei,
602 4239 893 4289 cernentes
923 4227 1421 4301 praesentissimum
1453 4224 1553 4278 Dei
1589 4224 1803 4277 vultum
1840 4242 1853 4289 ;
1885 4224 2045 4293 juxta

450 4324 600 4397 quod
621 4324 865 4377 Joannes
892 4317 1027 4372 dicit
1057 4329 1069 4363 :
1089 4316 1305 4370 Scimus
1327 4316 1747 4380 quoniam,cum
1766 4327 2043 4379 apparue-

449 4416 548 4480 rit,
574 4413 781 4466 similes
810 4410 862 4462 ei
884 4405 1385 4471 erimus,quoniam
1407 4401 1707 4455 videbimus
1730 4415 1855 4454 eum
1876 4403 2046 4455 sicuti

451 4505 527 4556 est
554 4502 607 4566 (Ι
628 4502 788 4554 Joan.
821 4499 923 4564 Ill).

520 4591 667 4644 Nam
682 4587 1000 4655 emspectatio
1013 4584 1282 4636 creatura:
1296 4580 1677 4632 reuelationem
1691 4580 1940 4644 ﬁliorum
1952 4578 2051 4630 Dei

450 4682 736 4749 exspectat.
769 4676 1098 4731 Creaturam
1129 4670 1186 4723 in
1211 4669 1317 4722 hoc
1337 4667 1458 4721 loco
1478 4666 1724 4738 appellat
1737 4666 2041 4730 hominem,

452 4769 548 4842 qui
576 4766 777 4822 merito
798 4768 1057 4818 creatura
1083 4755 1560 4831 appellatur,quia
1576 4754 1707 4808 vitio
1731 4771 1832 4808 suo
1851 4754 2048 4824 imagi-

450 4874 579 4914 nem
602 4855 793 4911 amisit
811 4860 868 4908 et
883 4848 1310 4906 similitudinem
1330 4844 1729 4915 omnipotentis
1749 4843 2045 4914 Dei,quam

450 4944 695 5002 habebat
722 4944 783 4997 in
817 4941 1023 4995 anima.
1054 4940 1169 4993 Ista
1190 4952 1324 5006 ergo
1350 4939 1628 4997 creatura,
1656 4933 1714 4987 id
1752 4938 1839 4986 est
1866 4932 2049 4986 omnis

450 5035 617 5090 homo
631 5025 1353 5096 ﬁdelis,manifestationem
1369 5023 1612 5077 ﬁliorum
1627 5021 1727 5074 Dei
1743 5026 2044 5091 exspectat,

449 5127 515 5177 ut
541 5124 814 5191 appareat
840 5115 985 5187 quod
1008 5113 1345 5185 promissum
1369 5109 1705 5181 est,quando
1725 5109 1843 5178 ipsa
1856 5124 1916 5161 re
1936 5124 2051 5161 ma-

450 5207 810 5265 nifestabitur
830 5204 926 5275 qui
946 5203 1062 5256 sint
1079 5201 1179 5254 ﬁlii
1204 5200 1326 5265 Dei,
1344 5199 1491 5270 quod
1518 5198 1682 5253 modo
1704 5203 1962 5251 tenemus
1990 5197 2049 5250 in

449 5315 583 5371 spe:
612 5294 857 5351 Ecclesia
897 5291 945 5346 si
975 5290 1201 5362 quidem
1239 5289 1298 5342 in
1328 5287 1586 5359 praesenti
1640 5286 1911 5357 permista
1965 5291 2051 5340 est

447 5386 609 5442 bonis
639 5389 697 5439 et
725 5381 906 5446 malis,
940 5394 1245 5449 omnesque
1276 5376 1563 5431 Christum
1588 5375 1917 5437 clamant,et
1937 5389 2048 5427 non

447 5478 683 5549 apparet
702 5470 799 5543 qui
819 5469 934 5524 sint
963 5469 1064 5522 filii
1094 5467 1192 5521 Dei
1223 5465 1400 5520 futuri
1459 5465 1537 5557 in.
1558 5481 1616 5519 re
1667 5464 1807 5519 Cum
1857 5468 2045 5517 autem

445 5563 704 5622 Christus
724 5558 939 5616 venerit
958 5557 1027 5612 ad
1043 5555 1408 5627 judicium,et
1427 5551 1774 5623 separaverit
1785 5568 1963 5620 agnos
1976 5551 2045 5605 ab

2142 1840 2288 1909 quod
2322 1846 2409 1894 est
2436 1846 2714 1907 creatura,
2755 1843 3245 1912 comprehenderit
3275 1859 3384 1896 non
3421 1843 3587 1896 solum
3611 1841 3693 1895 be—

2138 1928 2297 1994 stias,
2321 1930 2417 1982 sed
2440 1929 2608 1983 etiam
2639 1931 2836 1992 solem,
2863 1937 3175 2001 caateraque
3208 1931 3393 1985 sidera
3421 1937 3476 1985 et
3502 1930 3700 2000 angelos

2138 2017 2350 2085 pariter
2368 2035 2493 2072 cum
2515 2019 2759 2085 homine,
2792 2020 2983 2073 dicens
3004 2020 3194 2074 omnia
3222 2020 3456 2074 vanitati
3480 2020 3699 2089 subjecta

2137 2107 2516 2177 esse,et,quod
2543 2109 2726 2177 majus
2747 2108 3227 2177 est,ingemiscere
3256 2109 3314 2162 in
3347 2126 3447 2163 suo
3474 2124 3626 2162 cursu
3653 2111 3701 2160 et

2137 2195 2480 2264 operatione.
2508 2196 2636 2260 Sed,
2686 2196 2817 2250 licet
2873 2197 3055 2250 omnis
3106 2203 3371 2252 creatura
3397 2214 3514 2266 quae
3541 2200 3699 2266 potest

2136 2282 2345 2336 mutari
2370 2283 2428 2338 in
2460 2285 2661 2339 melius
2688 2291 2787 2339 aut
2823 2286 3092 2349 deterius,
3126 2287 3273 2341 sicut
3311 2286 3490 2340 sancti
3543 2283 3703 2354 angeli

2137 2372 2420 2440 quondam
2453 2377 2775 2443 potuerunt.
2808 2374 2940 2428 licet
2966 2375 3132 2428 modo
3163 2392 3278 2429 non
3299 2374 3512 2445 possint
3529 2374 3602 2427 illi
3623 2371 3704 2442 qui

2136 2459 2251 2513 Deo
2281 2460 2588 2525 adhaerent,
2619 2467 2719 2515 aut
2739 2462 2834 2532 qui
2858 2468 3046 2533 potest
3074 2479 3107 2516 a
3134 2464 3335 2519 laetitia
3362 2463 3422 2517 in
3447 2461 3708 2516 tristitiam

2136 2550 2402 2613 converti,
2428 2555 2492 2602 ut
2511 2550 2677 2603 homo
2706 2551 2791 2603 vel
2821 2557 3034 2605 ceterae
3062 2554 3320 2606 omnium
3360 2565 3545 2604 rerum
3571 2565 3707 2602 crea-

2133 2640 2294 2699 turae,
2326 2638 2743 2707 comparatione
2772 2639 3173 2709 omnipotentis
3202 2640 3308 2694 Dei
3367 2640 3463 2710 qui
3515 2652 3710 2707 semper

2134 2724 2284 2778 idem
2347 2732 2451 2791 est,
2503 2727 2720 2779 vanitas
2768 2727 2899 2793 sint,
2946 2728 3093 2781 sicut
3149 2728 3295 2782 dicit
3354 2727 3709 2792 Ecclesiastes,

2146 2814 2366 2866 Vanitas
2385 2816 2721 2875 vanitatum,
2753 2820 2801 2867 et
2830 2817 3020 2868 omnia
3065 2818 3292 2869 vanitas
3337 2816 3487 2884 (Eccl
3539 2816 3711 2878 ηειδ-

2133 2916 2263 2955 men
2292 2916 2403 2954 non
2426 2900 2551 2954 ideo
2564 2902 2749 2955 omnis
2776 2902 3276 2972 ingemiscit,sicut
3305 2902 3490 2972 angeli
3504 2902 3611 2956 Deo
3630 2900 3712 2953 ad-

2133 2988 2427 3052 haerentes,
2462 2988 2594 3058 quia
2613 2990 2730 3059 jam
2764 2990 3145 3044 immutabiles
3173 2996 3313 3046 sunt
3340 2990 3541 3055 effecti,
3586 2989 3712 3042 sicut

2063 3061 2106 3119 C
2132 3076 2667 3148 Ezechieli(Ezech.I)
2684 3084 3059 3132 monstratum
3092 3084 3178 3133 est
3206 3080 3269 3133 in
3298 3079 3563 3151 crystallo
3583 3074 3712 3147 quod

2131 3170 2253 3217 erat
2280 3180 2450 3234 super
2470 3164 2651 3235 capita
2677 3165 3027 3230 animalium,
3057 3171 3114 3220 et
3151 3166 3305 3221 sicut
3324 3167 3423 3220 illa
3445 3182 3563 3235 quae
3584 3165 3711 3219 irra-

2129 3251 2413 3305 tionabilis
2443 3258 2544 3316 est,
2572 3253 2659 3306 vel
2683 3253 2874 3307 anima
2901 3254 3448 3326 caret.Quapropter
3467 3258 3716 3308 creaturae

2129 3340 2354 3393 nomine
2374 3340 2963 3412 debemusintelligere
2982 3343 3274 3397 hominem
3298 3344 3397 3415 qui
3412 3360 3538 3398 cum
3550 3340 3715 3396 omni-

2128 3426 2233 3481 bus
2272 3428 2547 3482 creaturis
2576 3430 2878 3499 quamdam
2908 3432 3375 3487 communionem
3406 3427 3719 3501 habet.quia

2128 3516 2312 3570 omnis
2331 3524 2591 3572 creatura
2618 3518 2677 3571 in
2705 3518 2817 3572 tria
2844 3519 3112 3573 dividitur
3142 3539 3155 3574 :
3188 3528 3294 3576 aut
3327 3521 3481 3574 enim
3512 3525 3595 3574 est
3618 3533 3721 3571 cor-

2125 3605 2351 3676 poralis,
2385 3623 2509 3675 quae
2540 3612 2723 3677 potest
2767 3608 2977 3661 moveri
3007 3614 3063 3661 et
3121 3608 3267 3663 volvi
3302 3626 3406 3679 per
3435 3610 3557 3664 loca
3589 3626 3602 3670 ;
3631 3609 3720 3660 aut.

2127 3699 2215 3748 est
2243 3693 2523 3757 animalis,
2549 3710 2671 3765 quae
2698 3694 2889 3748 anima
2919 3694 3231 3750 viviﬁcatur
3275 3717 3288 3764 ;
3323 3704 3429 3753 aut
3461 3704 3547 3751 est
3571 3693 3723 3764 spiri-

2124 3782 2313 3847 tualis,
2346 3787 2409 3835 ut
2436 3782 2622 3852 angeli
2650 3782 2743 3852 qui
2765 3783 2982 3836 ratione
3012 3790 3273 3839 utuntur.
3309 3787 3498 3841 Homo
3528 3799 3655 3854 ergo
3671 3780 3724 3835 in

2125 3870 2228 3922 hoc
2259 3870 2405 3939 quod
2461 3886 2663 3940 corpus
2707 3870 2877 3924 habet
2922 3874 3294 3943 conjungitur
3349 3872 3724 3945 corporalibus

2124 3959 2397 4011 creaturis
2428 3975 2528 4028 per
2556 3958 2822 4023 animam,
2848 3959 3037 4013 anima
3064 3964 3488 4031 vegetantibus,
3523 3978 3621 4033 per
3637 3976 3723 4013 ra-

2124 4045 2333 4099 tionem
2365 4062 2473 4116 qua
2494 4046 2764 4100 discernit
2789 4047 2937 4102 inter
2959 4052 3163 4103 bonum
3196 4057 3256 4105 et
3290 4053 3536 4114 malum,
3570 4048 3724 4120 spiri-

2124 4134 2350 4188 talibus.
2381 4135 2539 4198 Quod
2563 4135 2757 4189 beatus
2788 4137 3093 4207 Gregorius
3114 4138 3244 4192 aliis
3277 4139 3494 4205 verbis,
3523 4137 3617 4193 sed
3649 4152 3729 4190 eo-

2126 4224 2254 4278 dem
2280 4240 2448 4278 sensu
2476 4225 2557 4278 ita
2586 4226 2812 4296 exponit
2838 4226 3057 4280 dicens:
3085 4226 3273 4281 Habet
3306 4228 3508 4293 homo,
3536 4224 3727 4296 inquit,

2128 4329 2250 4366 esse
2278 4329 2404 4366 cum
2436 4313 2924 4382 lapidibus,vivere
2948 4330 3074 4368 cum
3105 4314 3659 4378 arboribus,sentire
3682 4315 3733 4365 et

2129 4400 2312 4454 vivere
2337 4417 2463 4455 cum
2495 4401 2834 4455 animalibus
2857 4421 2870 4469 ;
2896 4401 3301 4471 intelligere,id
3330 4409 3426 4459 est
3442 4397 3739 4458 rationabi-

2134 4488 2348 4543 litatem
2378 4489 2610 4556 habere,
2639 4507 2766 4544 cum
2798 4491 3033 4561 angelis.
3065 4492 3353 4545 Creatura
3384 4491 3565 4552 enim,
3586 4489 3640 4542 id
3659 4489 3737 4539 est

2132 4578 2316 4633 omnis
2344 4579 2513 4632 homo
2543 4578 2737 4633 vivens
2758 4578 2816 4632 in
2846 4595 3034 4645 carne,
3059 4578 3323 4641 vanitati,
3352 4579 3415 4634 id
3448 4584 3542 4634 est
3570 4580 3740 4632 muta-

2127 4666 2351 4732 bilitati,
2382 4667 2732 4733 mortalitati,
2762 4668 3109 4738 corruptioni
3157 4668 3437 4724 subditus
3495 4674 3603 4722 est.
3636 4679 3737 4719 non

2127 4755 2337 4819 volens,
2367 4756 2498 4825 quia
2526 4762 2726 4827 sponte
2777 4756 3003 4826 quidem
3044 4756 3302 4827 peccavit
3349 4757 3414 4811 in
3462 4753 3740 4829 paradiso,

2128 4843 2226 4897 sed
2256 4858 2370 4897 non
2397 4850 2596 4913 sponte
2626 4861 2807 4914 neque
2832 4845 3020 4899 volens
3050 4843 3349 4914 subjectus
3382 4851 3478 4900 est
3500 4840 3741 4898 mortalio

2130 4931 2235 4986 tati
2262 4937 2319 4985 et
2345 4947 2541 5001 pmnae.
2590 4932 2765 4986 Verbi
2800 4933 2987 5003 gratia
3021 4946 3033 4981 :
3060 4933 3209 4987 sicut
3235 4933 3398 4988 latro
3422 4933 3526 5005 qui
3557 4933 3748 5004 sponte

2131 5020 2433 5075 committit
2450 5020 2799 5084 furtum,sed'
2812 5038 2923 5075 non
2955 5026 3152 5092 sponte
3181 5022 3662 5092 suspenditur,et
3685 5018 3750 5072 li-

2131 5113 2224 5163 cet
2248 5109 2366 5179 ipse
2396 5109 2784 5170 nollet,tamen
2813 5109 3096 5179 subjectus
3118 5114 3204 5163 est
3231 5110 3493 5165 vanitati
3525 5111 3750 5180 propter

2131 5212 2282 5258 eum,
2313 5196 2371 5249 id
2400 5201 2487 5250 est
2508 5202 2736 5268 propter
2754 5198 2972 5266 justum
3014 5197 3438 5267 omnipotentis
3471 5199 3581 5253 Dei
3603 5195 3756 5266 judi-

2131 5285 2402 5356 cium,qui
2430 5284 2668 5355 subjecit
2694 5302 2823 5339 eum
2862 5286 2920 5339 in
2948 5302 3044 5356 spe
3074 5285 3445 5340 liberationis
3476 5293 3540 5341 et
3566 5283 3752 5338 venia.

2131 5374 2276 5427 Nam
2299 5374 2357 5428 in
2379 5374 2485 5428 hoc
2505 5374 2820 5428 ostenditur
2850 5375 2998 5429 Deus
3010 5375 3382 5445 omnipotens
3405 5392 3541 5430 esse
3549 5376 3757 5446 justus,

2131 5462 2263 5532 quia
2284 5464 2406 5532 ejus
2432 5469 2720 5533 peccatum
2739 5478 2852 5516 non
2871 5462 3087 5516 dimisit
3102 5462 3562 5533 impunitum.et
3578 5464 3638 5516 in
3661 5462 3758 5513 hoc

2129 5551 2467 5623 praedicatur
2496 5567 2616 5605 esse
2636 5550 2973 5619 misericors,
3002 5551 3136 5622 quia
3162 5566 3275 5606 non
3332 5552 3554 5608 statim
3604 5550 3765 5605 illum
