3936 6164
197 280 285 336 433
854 279 1239 337 EXPOSITIO
1280 281 1357 334 ΙΝ
1396 281 1550 338 ΕΡΡ.
1593 282 1650 336 S.
1695 281 1760 335 Pl

1845 281 1931 335 LI.
1973 311 2042 321 --
2081 281 2155 335 IN
2197 279 2418 334 EPIST.
2462 279 2557 332 AD
2599 278 2769 334 ROM.
3270 292 3279 297 ‘
3349 281 3458 335 434

104 406 117 423 ’
195 403 409 476 penitus
437 403 727 458 damnavit
762 409 821 459 et
846 404 1065 468 occidit,
1096 404 1194 459 sed
1224 406 1528 460 reservavit
1554 406 1623 460 ad
1657 408 1838 477 pm-A
1858 405 2098 475 Spiritus
2129 405 2304 459 sancti
2334 409 2673 475 acceperunt
2700 404 2754 457 in
2787 404 3197 474 praedicatione,
3240 411 3303 460 ut
3332 423 3453 461 om-

196 492 507 549 nitentiam.
538 492 678 547 dans
706 493 756 547 ei
783 494 956 547 venite
991 510 1146 564 spem
1187 499 1245 548 et
1284 494 1651 562 liberationis,
1684 512 1776 550 re-
1861 495 2014 548 nium
2044 478 2295 563 gentium
2318 493 2525 563 linguis
2546 493 2999 564 loquerentur.in
3025 493 3307 548 miraculis
3321 512 3454 566 quo-
3496 528 3507 543 .

192 580 601 652 gressionisque
646 581 704 636 in
745 582 984 652 gradum
1033 582 1337 653 pristinum
1388 589 1453 637 ut
1498 591 1779 655 exspectet
1860 599 1968 653 que
1989 583 2191 653 quibus
2210 600 2322 654 prae
2343 581 2949 635 omnibusmor‘talibus
2969 581 3454 652 abundantesglo-

194 670 320 723 illud
340 670 490 740 quod
514 670 572 723 in
600 671 964 741 sequentibus
984 670 1205 725 dicitur.
1860 671 2595 740 riosiexstiterunt.Legitur
2605 671 2753 724 enim
2766 670 3057 725 inActibus
3070 672 3455 742 apostolorum

258 758 399 823 Quia
416 763 466 811 et
492 762 610 826 ipsa
631 764 910 821 creatura,
935 759 993 813 id
1014 766 1098 813 est
1114 760 1525 830 quilibethomo
1544 762 1774 831 electus,

199 846 519 899 liberabitur
536 846 593 900 in
615 846 705 900 die
722 847 941 917 judicii,
967 863 1002 900 a
1018 851 1279 902 servitute
1304 854 1697 916 corruptionis,
1714 855 1777 905 in

198 933 495 988 libertatem
516 938 707 1001 gloria
724 939 977 1002 ﬁliorum
997 938 1112 990 Dei.
1133 937 1315 990 Homo
1334 938 1389 991 in
1404 940 1663 1008 praesenti
1681 957 1778 994 sse-

197 1020 309 1075 culo
341 1021 447 1075 sub
483 1023 752 1077 servitute
779 1026 1155 1095 corruptionis
1186 1032 1245 1079 et
1285 1027 1645 1082 mortalitatis
1693 1034 1780 1083 est

196 1110 420 1181 positus,
444 1112 572 1182 quia
590 1113 841 1182 subjacet
862 1113 1225 1177 mutabilitati
1241 1120 1298 1168 et
1308 1115 1457 1169 vitiis
1478 1136 1490 1183 ;
1514 1116 1777 1171 liberabi-

194 1204 278 1252 tur
294 1204 484 1253 autem
514 1200 572 1254 in
602 1201 691 1254 die
703 1201 898 1270 judicii
914 1201 984 1256 ab
998 1202 1151 1256 omni
1175 1202 1306 1257 face
1335 1205 1697 1259 mortalitatis
1720 1212 1778 1262 et

1861 760 2009 831 quod
2043 760 2327 831 ponebant
2363 760 2615 813 inﬁrmos
2645 766 2701 813 et
2740 765 2990 814 mortuos
3035 760 3094 813 in
3136 760 3357 830 plateis,
3391 766 3457 814 ut

1860 848 2116 902 veniente
2137 849 2303 902 Petro
2319 848 2519 902 saltem
2532 847 2729 901 umbra
2749 848 2900 901 illius
2916 849 3131 902 veniret
3144 865 3314 919 super
3326 849 3453 903 illos

1861 942 1918 991 et
1936 943 2288 991 sanarentur.
2301 937 2530 991 Beatum
2547 952 2769 1008 quoque
2787 919 3069 990 Andream
3091 936 3330 1007 legimus
3342 952 3455 992 uno

1861 1026 1951 1078 die
1969 1025 2202 1094 triginta
2221 1031 2279 1079 et
2296 1041 2361 1078 eo
2382 1025 2624 1094 amplius
2640 1031 2890 1079 mortuos
2912 1025 3229 1080 suscitasse.
3246 1025 3452 1079 Primi-

1863 1114 1950 1167 tiae
1966 1114 2242 1183 siquidem
2264 1113 2621 1184 appellantur
2633 1113 2846 1183 optima
2862 1130 3096 1185 quaeque
3107 1119 3162 1167 et
3173 1114 3453 1180 chariora,

1858 1202 2004 1257 sicut
2033 1203 2092 1256 in
2114 1202 2235 1272 lege
2269 1201 2510 1255 habetur
2540 1220 2551 1254 :
2588 1201 2799 1256 Offeres
2829 1202 3109 1271 primitias
3127 1202 3251 1257 auri
3277 1209 3336 1257 et
3361 1219 3454 1257 ar-

196 1287 417 1357 peccati,
442 1290 667 1359 quando
690 1291 1777 1363 mortalecorpusacceperitimmortali-
1855 1292 2012 1360 genti
2061 1291 2146 1345 tui
2189 1290 2446 1353 Domino,
2489 1290 2545 1343 id
2591 1296 2678 1343 est
2724 1290 2937 1361 optima
2966 1296 3022 1344 et
3051 1292 3325 1345 chariora.
3369 1292 3451 1347 Re

194 1379 378 1437 tatem,
395 1382 453 1430 et
469 1378 832 1449 corruptibile
848 1379 954 1432 hoc
975 1379 1473 1450 incorruptionem,
1491 1388 1548 1435 et
1567 1383 1775 1437 transi-
1858 1381 2007 1433 enim
2035 1396 2167 1434 vera
2191 1380 2272 1433 ita
2300 1380 2532 1448 dignum
2564 1385 2705 1444 erat,
2730 1386 2795 1433 ut
2816 1395 2915 1449 per
2935 1396 3175 1449 quorum
3197 1380 3471 1439 ministe-,

193 1461 265 1515 bit
280 1463 341 1517 in
357 1464 677 1520 libertatem
691 1467 885 1536 gloria:
906 1467 1148 1522 ﬁliorum
1168 1469 1287 1533 Dei,
1306 1470 1439 1539 quia
1454 1470 1563 1524 erit
1577 1472 1776 1525 similis
1858 1467 2005 1520 rium
2026 1467 2281 1521 doctrina
2301 1466 2638 1536 evangelica,
2653 1472 2711 1519 et
2729 1466 2866 1519 ﬁdes
2889 1467 3180 1520 Dominica
3199 1483 3300 1537 per
3318 1483 3452 1537 qua-

193 1550 407 1606 Christo
422 1554 480 1608 in
491 1555 1155 1625 gloria,etinlibertatem
1175 1558 1461 1613 ﬁliationis
1480 1560 1771 1630 adoptiva},
1858 1557 2123 1609 driﬁdum
2141 1555 2332 1609 orbem
2354 1555 2694 1608 diﬁamanda
2712 1560 2856 1622 erat,
2883 1556 3101 1625 majora
3119 1555 3267 1609 dona
3283 1555 3455 1626 Spiri-

193 1640 252 1694 de
268 1657 377 1711 qua
398 1643 483 1696 ait
502 1644 776 1699 Dominus
792 1646 1017 1700 Judwis.
1044 1646 1107 1700 Si
1126 1663 1215 1701 vos
1237 1648 1412 1700 Filius
1439 1651 1772 1714 liberaverit,
1857 1651 1950 1698 tus
1971 1644 2149 1697 sancti
2171 1644 2503 1714 acciperent.
2533 1644 2741 1697 Aliter:
2766 1645 2889 1697 Non
2910 1645 3111 1708 solum,
3136 1643 3339 1714 inquit,
3355 1644 3453 1698 alii

192 1745 296 1783 cere
317 1732 488 1784 liberi
520 1736 644 1786 estis
663 1735 845 1802 (Joan.
873 1744 1009 1803 vm).
1043 1734 1233 1789 Potest
1264 1736 1433 1789 etiam
1456 1718 1837 1794 differentiaB
1857 1734 2254 1803 ingemiscunt,
2288 1733 2385 1786 sed
2414 1733 2581 1785 etiam
2622 1748 2722 1785 n08
2770 1733 2864 1802 qui
2913 1732 3193 1803 primitias
3219 1733 3453 1802 Spiritus

193 1824 298 1870 esse
326 1818 387 1871 in
420 1819 526 1873 hoc
553 1821 673 1875 loco
704 1822 851 1877 inter
867 1825 1190 1878 Creatorem
1206 1830 1262 1877 et
1281 1830 1619 1892 creaturam;
1641 1844 1773 1882 nam
1856 1823 2053 1884 nostri,
2088 1822 2144 1875 id
2193 1827 2279 1876 est
2323 1822 2417 1893 qui
2449 1820 2947 1875 rationabilitatem
2996 1828 3053 1874 et
3097 1821 3451 1875 devotionem

192 1906 343 1977 paulo
377 1910 640 1979 superius
676 1911 773 1965 ubi
819 1912 960 1966 dixit
990 1933 1001 1966 :
1039 1914 1388 1983 Exspectatio
1417 1921 1687 1969 creaturae
1716 1918 1777 1969 ﬁ-

191 1991 377 2049 liorum
414 1998 514 2051 Dei
546 2000 945 2055 revelationem
976 2008 1278 2072 exspectat,
1302 2003 1495 2057 ﬁdeles
1522 2010 1774 2060 tantum-

192 2084 340 2137 modo
366 2094 607 2156 possunt
634 2088 892 2159 intelligi,
924 2091 1016 2160 qui
1040 2091 1157 2160 jam
1189 2090 1508 2155 credebant,
1536 2093 1625 2146 hic
1645 2110 1775 2148 vero

190 2170 273 2224 ubi
305 2172 475 2228 dicit:
497 2173 625 2246 Ipsa
641 2183 901 2232 creatura
932 2178 1265 2233 liberabitur
1288 2196 1321 2233 a
1353 2180 1621 2235 servitute
1651 2199 1774 2235 cor-

192 2261 479 2330 ruptionis,
516 2263 771 2319 inﬁdeles
815 2267 1055 2336 intelligi
1103 2272 1359 2338 possunt,
1393 2268 1490 2338 qui
1535 2270 1771 2325 necdum

191 2350 532 2419 temporibus
568 2355 951 2424 apostolorum
989 2356 1363 2423 crediderant,
1394 2358 1773 2427 prmdestinati

190 2441 363 2493 tamen
410 2446 577 2495 erant
621 2442 691 2496 ad
738 2443 930 2510 vitam,
982 2444 1131 2499 unde
1166 2450 1239 2499 ‘et
1284 2451 1478 2516 postea
1520 2447 1772 2502 credide-

190 2533 321 2581 runt.

1857 1911 2064 1965 mentis
2103 1918 2307 1965 nostra;
2350 1912 2464 1965 Deo
2496 1912 2615 1979 jam
2647 1910 2919 1964 habemus
2949 1910 3167 1963 oblatas
3203 1910 3260 1964 in
3289 1911 3451 1964 holo-

1857 2010 2114 2055 caustum
2140 2018 2151 2052 :
2178 2000 2324 2071 quod
2345 2000 2473 2069 igne
2486 1999 2799 2054 dilectionis
2822 2000 2921 2053 Dei
2940 2005 2998 2053 et
3017 1999 3445 2070 proximiardet,

1856 2089 1926 2142 de
1956 2105 2066 2159 quo
2095 2090 2225 2159 igne
2257 2089 2529 2143 Dominus
2570 2088 2652 2142 ait
2699 2130 2711 2142 .
2762 2090 2950 2155 Ignem
2983 2091 3108 2141 veni
3134 2091 3351 2142 mittere
3386 2091 3450 2142 in

1858 2184 2087 2239 terram,
2113 2184 2162 2230 et
2188 2178 2322 2246 quid
2349 2180 2466 2230 volo
2488 2181 2602 2231 nisi
2630 2182 2693 2230 ul
2719 2179 2954 2230 ardeat?
2982 2178 3129 2232 (Luc.
3152 2174 3280 2245 xu.)
3296 2177 3455 2231 Nun-

1858 2266 1991 2337 quid
2018 2266 2295 2337 primitias
2323 2265 2527 2319 mentis
2556 2282 2673 2319 suae
2700 2265 2848 2319 idem
2888 2264 3190 2334 Apostolus
3213 2280 3327 2319 non
3352 2266 3450 2319 ha-

1856 2354 2025 2409 bebat
2052 2356 2165 2409 Deo
2195 2353 2431 2421 oblatas,
2476 2355 2572 2425 qui
2610 2353 2872 2408 dicebat:
2908 2355 3085 2408 Mente
3125 2357 3303 2408 servio
3343 2357 3449 2423 legi

1854 2446 1968 2508 Dei,
2003 2459 2169 2498 carne
2196 2447 2383 2496 autem
2415 2445 2519 2509 legi
2539 2445 2748 2510 peccati
2783 2444 2958 2512 (Rom.
2999 2443 3116 2509 vn).
3146 2441 3448 2512 Apostolus

1853 2532 2063 2586 etenim
2075 2530 2516 2585 rationabilitate
2537 2531 2741 2584 mentis
2768 2536 2824 2584 et
2844 2530 3158 2584 intentione
3169 2530 3448 2585 serviebat

246 2616 464 2671 Scimus
492 2623 645 2673 enim
673 2624 820 2690 quod
860 2627 1042 2676 omnis
1069 2628 1347 2689 creatura,
1380 2623 1437 2677 id
1464 2628 1551 2677 est
1586 2625 1769 2679 omnis
1853 2621 1964 2691 legi
1990 2621 2110 2687 Dei,
2134 2620 2533 2674 consentiendo
2553 2619 2604 2673 ei
2627 2619 2686 2672 in
2708 2619 2813 2672 hoc
2832 2620 2964 2690 quia
2985 2619 3211 2673 nolebat
3234 2636 3444 2674 concu-

184 2700 352 2771 homo,
371 2709 692 2773 ingemiscit
703 2715 750 2762 et
765 2715 1020 2778 parturit
1032 2727 1201 2780 usque
1216 2713 1487 2766 adhuc.In
1499 2712 1604 2767 hoc
1624 2714 1766 2781 loco,
1853 2709 2136 2780 piscentiaa
2155 2709 2367 2762 carnali
2388 2709 2680 2777 subjacere
2709 2727 2721 2761 ε
2755 2724 2924 2762 carne
2957 2712 3147 2761 autem
3174 2708 3289 2777 legi
3317 2725 3443 2778 pec-

182 2797 237 2843 ιη
254 2792 386 2848 dicit
408 2794 613 2850 beatus
632 2799 1128 2868 Augustinus.non
1139 2805 1226 2853 est
1239 2799 1513 2869 Origenes
1533 2817 1768 2872 sequen-
1850 2799 1978 2859 cati,
2014 2798 2071 2852 id
2103 2804 2187 2852 est
2215 2797 2607 2851 consuetudini
2651 2797 2811 2850 malae
2851 2813 2963 2866 qua
2991 2796 3437 2867 concupiscebat.

180 2876 289 2943 dus,
313 2897 502 2952 neque
524 2901 794 2955 sequaces
815 2888 937 2956 ejus
962 2886 1058 2957 qui
1077 2903 1302 2940 omnem
1331 2894 1647 2942 creaturam
1679 2907 1764 2944 ra-
1848 2888 2225 2955 Emspectantes
2245 2888 2587 2954 adoptionem
2606 2888 2857 2953 ﬁliorum
2877 2886 2992 2950 Dei,
3016 2886 3442 2953 redemptionem

180 2965 495 3025 tionabilem
527 2979 584 3027 et
611 2974 1077 3041 irrationabilem,
1108 2977 1456 3046 corporalem
1488 2983 1540 3032 et
1575 2979 1760 3033 incor-

1851 2978 2092 3043 corporis
2123 2977 2317 3028 nostri.
2367 2973 2609 3037 Quaestio
2638 2973 2819 3027 oritur
2858 2973 2916 3027 in
2954 2973 3058 3026 hoc
3098 2973 3220 3027 loco
3255 2991 3267 3026 :
3311 2989 3441 3028 cum

179 3058 413 3125 poralem
438 3076 561 3114 com
569 3027 1094 3132 prehenduntiNon
1117 3027 1268 3118 enim
1495 3027 1766 3123 creatura
1784 3027 1828 3087 Ο
1848 3027 2149 3135 Apostolus
2166 3066 2222 3116 in
2237 3027 2621 3133 superioribus
2642 3061 2775 3116 locis
2796 3062 2970 3132 hujus
2990 3062 3248 3132 Epistolis
3267 3061 3438 3118 dicat:

178 3142 501 3215 ingemiscit,
537 3157 601 3205 ut
629 3152 711 3206 illi
739 3154 965 3220 volunt;
994 3153 1089 3207 sed
1116 3154 1303 3219 homo,
1339 3154 1435 3224 qui
1462 3171 1587 3209 cum
1612 3157 1764 3211 omni
1847 3154 2215 3221 IpseSpiritus
2246 3155 2621 3206 testimonium
2642 3152 2821 3205 reddit
2841 3153 3072 3219 spiritui
3092 3156 3277 3205 nostro
3295 3153 3443 3220 quod

178 3241 420 3291 creatura
453 3242 760 3307 quamdam
791 3244 1241 3296 communionem
1288 3242 1476 3309 habet,
1508 3259 1572 3297 eo
1598 3246 1763 3299 modo
1845 3259 2038 3296 sumus
2066 3245 2174 3308 ﬁlii
2203 3243 2333 3301 Dei;
2380 3245 2437 3294 et
2474 3239 2607 3293 alibi
2650 3257 2662 3292 :
2707 3239 2960 3293 Christus
2990 3255 3087 3293 nos
3117 3241 3348 3294 redemit
3374 3241 3439 3295 de

176 3335 274 3389 quo
300 3328 476 3394 paulo
505 3330 766 3400 superius
790 3331 929 3385 dixit
954 3350 964 3383 :
998 3331 1213 3394 Omnis,
1245 3332 1445 3401 inquit,
1481 3339 1761 3399 creatura,

175 3407 224 3461 id
250 3419 331 3466 est
348 3416 543 3469 omnis
562 3417 728 3472 homo
750 3419 1090 3489 ingemiscit,
1109 3419 1399 3488 afﬂigitur,
1419 3421 1681 3475 tristatur
1699 3422 1758 3476 in

174 3495 366 3565 dolore,
385 3503 451 3556 in
474 3504 624 3559 fame
646 3512 701 3559 et
722 3508 835 3573 siti,
860 3508 915 3561 in
935 3507 1143 3577 frigore
1166 3514 1223 3561 et
1252 3509 1526 3575 nuditate,
1547 3511 1605 3563 in
1635 3528 1757 3565 car-

173 3586 373 3643 ceribus
402 3596 469 3645 et
496 3595 776 3662 parturit;
811 3596 925 3649 sive
965 3596 1135 3666 (quod
1178 3596 1379 3651 melius
1423 3597 1664 3653 habetur
1700 3600 1759 3653 in

172 3671 365 3747 Graeco)
397 3681 563 3735 dolet
581 3682 638 3736 in
660 3685 851 3738 multis
872 3685 1148 3755 angustiis
1170 3701 1348 3756 usque
1370 3686 1570 3751 adhuc,
1587 3688 1643 3741 id
1674 3694 1761 3742 est

170 3776 330 3833 usque
360 3769 432 3822 ad
475 3769 625 3823 diem
641 3772 864 3840 judicii;
884 3779 941 3827 et
969 3774 1217 3843 quandiu
1249 3774 1455 3828 dicitur
1469 3776 1653 3831 adhuc
1677 3778 1758 3831 vel

168 3854 400 3919 quandiu
432 3856 651 3911 dicitur
679 3860 863 3924 hodie,
898 3878 1124 3932 semper
1149 3861 1460 3931 subjacebit
1498 3872 1755 3919 creatura

168 3936 399 3997 humana
420 3946 710 4015 angustiis
730 3954 787 4001 et
803 3949 1110 4014 doloribus;
1124 3949 1403 4002 illiautem
1426 3952 1519 4021 qui
1530 3954 1647 4021 jam
1672 3970 1757 4007 re-

165 4036 323 4094 gnant
351 4049 484 4086 cum
518 4034 657 4100 Deo,
691 4042 748 4089 et
771 4037 1021 4106 quotidie
1046 4045 1343 4091 transeunt
1383 4039 1451 4091 ad
1503 4042 1753 4110 requiem

167 4120 583 4188 sempiternam,
616 4132 913 4195 postquam
952 4126 1022 4179 ab
1065 4127 1232 4195 hujus
1262 4127 1452 4181 saeculi
1490 4129 1755 4182 aerumnis

164 4202 482 4277 liberantur,
516 4228 632 4266 non
663 4213 1054 4284 ingemiscunt.

226 4297 339 4352 Non
370 4304 563 4355 solum
593 4308 778 4355 autem
808 4306 931 4367 illa,
963 4304 1230 4358 subaudis
1254 4310 1531 4368 creatura,
1563 4306 1618 4360 id
1645 4312 1749 4373 est,

166 4397 261 4438 non
290 4389 477 4444 solum
509 4390 806 4445 credentes
835 4397 893 4446 et
920 4408 1033 4446 non
1060 4393 1352 4447 credentes
1381 4394 1756 4463 ingemiscunt

1844 3332 2133 3384 maledicto
2165 3333 2295 3396 legis
2321 3329 2521 3387 (Galat.
2550 3333 2653 3396 ιιι),
2689 3343 2863 3398 quare
2909 3328 3075 3381 modo
3120 3328 3324 3382 dixerit
3352 3346 3441 3383 ex-

1842 3424 2097 3490 spectare
2124 3436 2227 3473 nos
2256 3418 2635 3488 adoptionem,
2670 3417 2786 3470 sive
2815 3417 3143 3471 electionem
3189 3418 3438 3472 ﬁliorum

1842 3508 1963 3569 Dei.
1997 3517 2053 3561 et
2080 3506 2525 3576 redemptionem
2546 3505 2797 3574 corporis
2826 3505 3023 3569 nostri,
3058 3505 3113 3558 id
3145 3514 3232 3559 est
3258 3506 3436 3560 totius

1840 3596 2119 3661 Ecclesiae,
2150 3612 2272 3666 quae
2302 3600 2386 3648 est
2414 3610 2616 3664 corpus
2663 3593 2914 3646 Christi?
2955 3593 3199 3656 Quaestio
3229 3594 3348 3648 haec
3375 3594 3436 3648 in

1840 3684 2204 3755 sequentibus
2233 3683 2486 3749 solvitur,
2515 3681 2609 3736 ubi
2641 3681 2776 3735 dicit
2800 3682 3097 3752 Apostolus
3132 3703 3143 3733 :
3364 3744 3379 3761 θ

1912 3774 2013 3842 Spe
2026 3776 2177 3827 enim
2199 3775 2341 3825 salvi
2360 3775 2499 3838 facti
2517 3788 2731 3824 sumus.
2745 3768 2813 3823 In
2834 3787 2933 3841 spe
2948 3770 3175 3841 quidem
3191 3772 3314 3841 jam
3334 3771 3433 3825 ﬁlii

1840 3863 1940 3916 Dei
1970 3878 2165 3916 sumus
2194 3876 2389 3914 omnes
2418 3860 2731 3925 credentes,
2770 3865 2827 3912 et
2867 3859 3144 3929 redempti
3174 3860 3433 3930 passione
3526 3898 3541 3912 ς

1839 3951 2048 4005 Christi
2074 3970 2085 4017 ;
2108 3950 2204 4003 sed
2222 3949 2406 4003 adhuc
2434 3953 2821 4018 exspectamus
2854 3955 2918 4000 ut
2957 3948 3106 4017 quod
3137 3948 3304 4001 modo
3332 3965 3431 4002 su-

1836 4057 1963 4093 mus
1984 4045 2041 4093 et
2068 4044 2326 4092 tenemus
2356 4037 2412 4089 in
2442 4052 2559 4106 spe,
2594 4035 2928 4105 quandoque
2956 4035 3136 4088 simus
3163 4040 3221 4088 et
3248 4037 3428 4106 possi-

1838 4130 2072 4183 deamus
2092 4129 2149 4180 in
2171 4143 2250 4180 re.
2276 4126 2485 4180 Omnes
2502 4124 2727 4195 quidem
2755 4123 3046 4177 credentes
3066 4124 3232 4177 ﬁdem
3253 4124 3428 4179 habe-

1838 4235 1961 4271 mus
1976 4216 2121 4287 quod
2149 4216 2325 4269 simus
2341 4213 2443 4268 ﬁlii
2468 4214 2585 4271 Dei,
2600 4218 2658 4266 et
2675 4212 2851 4266 simus
2866 4212 3140 4282 redempti
3155 4212 3429 4283 sanguine

1836 4306 2112 4376 passionis
2133 4306 2181 4374 ej
2192 4320 2274 4365 us,
2290 4302 2388 4356 sed
2410 4318 2521 4355 non
2541 4300 2791 4372 proderit
2810 4300 2936 4353 aliis
2951 4300 3137 4371 passio
3151 4301 3291 4370 ejus,
3319 4302 3429 4357 nisi

1770 4377 1821 4436 D
1838 4394 2029 4448 electis
2058 4393 2153 4464 qui
2174 4398 2232 4446 et
2260 4390 2359 4446 ﬁlii
2380 4390 2480 4445 Dei
2502 4396 2670 4444 erunt
2688 4389 2833 4442 sicut
2850 4390 3094 4444 Joannes
3104 4390 3244 4445 dicit
3264 4390 3429 4446 :Gha-

166 4479 214 4527 et
236 4476 425 4532 dolent
462 4481 524 4533 in
556 4481 821 4549 praesenti
852 4481 984 4542 vita,
1030 4483 1119 4535 sed
1147 4488 1197 4535 et
1226 4486 1451 4551 nosipsi,
1489 4483 1756 4539 subaudis
1838 4486 2071 4544 rissimi,
2104 4484 2213 4549 ﬁlii
2240 4482 2336 4535 Dei
2362 4495 2557 4533 sumus
2586 4479 2742 4532 modo
2771 4484 2835 4531 in
2856 4493 2963 4546 spe,
2997 4483 3047 4531 et
3064 4480 3315 4533 nondum
3334 4494 3430 4549 ap-

164 4568 406 4634 apostoli,
429 4569 532 4639 qui
562 4569 918 4639 perfectionis
940 4570 1070 4624 ﬁdei
1094 4586 1308 4635 sumus,
1336 4575 1628 4639 primitias
1641 4577 1757 4642 spi-
1832 4575 2031 4641 paruit
2058 4572 2195 4638 quid
2218 4572 2429 4623 erimus
2456 4571 2515 4621 in
2538 4583 2596 4621 re
2619 4570 2673 4628 (Ι
2696 4568 2856 4620 Joan.
2879 4574 2977 4629 Ill).
2994 4566 3214 4621 Scimus
3233 4573 3426 4622 autem

164 4656 293 4707 ritus
320 4658 606 4724 habentes,
640 4658 915 4722 dolemus,
948 4664 1005 4713 et
1029 4659 1133 4730 ipsi
1165 4659 1316 4713 intra
1343 4676 1444 4713 nos
1471 4662 1750 4730 gemimus
1839 4661 2131 4731 quia,cum
2159 4660 2504 4728 apparuerit,
2523 4657 2733 4709 similes
2751 4659 2803 4708 ei
2821 4657 3051 4720 erimus,
3065 4657 3333 4721 quoniam
3347 4658 3427 4708 vi-

160 4737 210 4792 in
232 4746 391 4800 corde
423 4752 486 4801 et
515 4752 727 4811 mente,
755 4748 1099 4802 sustinentes
1127 4764 1397 4814 carceres,
1431 4751 1744 4820 penuriam,

158 4839 441 4899 egestates,
474 4837 801 4907 multasque
828 4836 1119 4907 angustias
1147 4849 1204 4891 et
1234 4837 1582 4893 at‘ﬂictiones.
1600 4840 1748 4895 Bene

157 4925 206 4971 et
227 4925 630 4979 convenienter
653 4925 823 4978 dicit:
846 4927 970 4980 Non
1003 4927 1185 4980 solum
1217 4926 1313 4979 alii
1350 4926 1743 4996 ingemiscunt,

154 5009 239 5062 sed
268 5018 323 5065 et
348 5031 458 5067 nos
490 5014 603 5084 ipsi
635 5015 872 5084 apostoli
892 5015 1169 5085 primitias
1190 5016 1434 5086 Spiritus
1455 5018 1634 5070 sancti
1653 5019 1747 5072 ha-

153 5092 350 5165 bentes,
375 5103 517 5173 quia
540 5104 688 5156 sicut
705 5103 830 5156 illos
847 5104 1057 5173 primos
1076 5103 1246 5173 elegit
1274 5105 1440 5162 Deus.
1470 5105 1551 5157 ita
1581 5106 1743 5175 primi

153 5188 386 5259 accipere
417 5199 759 5246 meruerunt
788 5193 1058 5262 Spiritum
1088 5200 1344 5246 sanctum
1375 5194 1432 5246 in
1453 5194 1542 5246 die
1564 5211 1747 5247 resur-

154 5279 423 5345 rectionis,
454 5282 688 5351 quando
718 5282 859 5334 dixit
890 5283 1000 5335 eis:
1028 5283 1276 5352 Accipite
1310 5282 1579 5352 Spiritum
1613 5300 1745 5336 san-

153 5374 287 5423 ctum
314 5372 511 5438 (Joan.
550 5378 652 5431 xx).
691 5372 793 5425 Die
842 5390 1064 5444 quoque
1114 5374 1491 5439 Pentecostes,
1523 5374 1746 5442 quando

153 5455 202 5509 in
229 5458 436 5529 linguis
470 5461 656 5530 igneis
688 5461 840 5515 venit
864 5478 1034 5533 super
1077 5477 1171 5514 eos
1202 5462 1444 5532 Spiritus
1487 5467 1741 5527 sanctus;

153 5546 229 5601 vel
247 5548 417 5604 etiam
439 5550 726 5621 primitias
748 5550 989 5622 Spiritus
1009 5550 1167 5618 dixit,
1188 5550 1246 5607 id
1265 5556 1351 5607 est
1364 5551 1585 5621 majora
1598 5550 1747 5605 dona

1831 4752 2077 4804 debimus
2102 4766 2226 4803 eum
2255 4751 2421 4802 siculi
2446 4752 2521 4799 est
2551 4746 2755 4811 (Ibid).
2799 4744 2908 4813 Spe
2946 4742 3097 4795 enim
3125 4742 3264 4795 salvi
3292 4742 3427 4797 facti

1830 4854 2026 4892 sumus
2050 4856 2063 4902 ;
2087 4836 2250 4891 sicuti
2270 4836 2408 4889 ﬁdes
2429 4840 2513 4887 est
2530 4832 2757 4887 credere
2779 4847 2845 4883 ea
2864 4846 2987 4901 quae
3016 4844 3129 4883 non
3147 4829 3421 4897 videmus,

1829 4926 1907 4979 ita
1936 4944 2063 4998 spes
2101 4934 2187 4979 est
2232 4922 2575 4994 exspectatio
2626 4920 2946 4973 futurorum
2989 4916 3285 4972 bonorum.
3318 4918 3427 4973 Per

1828 5016 2141 5085 passionem
2168 5013 2317 5068 enim
2343 5009 2549 5065 Christi
2576 5007 2853 5077 redempti
2872 5022 3070 5060 sumus
3096 5006 3154 5060 in
3183 5024 3300 5078 spe,
3325 5024 3427 5079 per

1828 5102 2166 5174 baptismum
2194 5107 2381 5155 autem
2413 5097 2716 5168 accipimus
2745 5094 3133 5149 remissionem
3165 5102 3426 5166 peccato-

1829 5208 1974 5258 rum,
2007 5198 2063 5244 et
2092 5189 2190 5243 ﬁlii
2222 5188 2319 5242 Dei
2349 5203 2544 5240 sumus
2573 5185 2631 5238 in
2662 5200 2781 5254 spe,
2805 5200 2914 5237 non
2946 5184 3006 5236 in
3032 5199 3110 5247 re,
3135 5184 3269 5254 quia
3298 5201 3425 5239 nec-

1827 5280 1958 5334 dum
1991 5286 2225 5350 apparet
2250 5277 2445 5347 quales
2471 5274 2645 5327 futuri
2677 5290 2889 5327 sumus.
2924 5272 3053 5340 Spes
3081 5278 3267 5326 autem
3308 5291 3426 5342 qua

1827 5371 2046 5421 videtur
2076 5384 2186 5420 non
2215 5370 2288 5419 est
2310 5381 2442 5432 spes,
2459 5363 2618 5433 quasi
2637 5363 2847 5416 diceret
2870 5361 3001 5416 :llla
3020 5378 3106 5414 res
3129 5378 3251 5430 quae
3272 5363 3424 5415 vide-

1828 5465 1923 5513 tur
1947 5473 2059 5510 non
2091 5460 2173 5509 est
2202 5470 2327 5524 spes
2351 5472 2363 5519 ;
2394 5468 2523 5505 nam
2542 5453 2689 5519 quod
2715 5452 2853 5504 videt
2887 5453 3029 5518 quis,
3054 5451 3190 5516 quid
3208 5449 3425 5516 sperat?

1828 5546 1976 5602 Illud
2008 5544 2156 5616 quod
2184 5542 2438 5597 videmus
2464 5556 2573 5595 non
2596 5537 3090 5610 speramus.Verbi
3110 5536 3329 5605 gratia:
3350 5534 3426 5587 vi-
