3850 6168
469 242 578 309 435
900 247 1293 305 HAYMONIS‘
1315 248 1804 313 HALBERSTAT.
1846 250 2071 315 EPISC.
2111 251 2271 310 OPP.
2311 255 2495 314 PARS
2533 257 2579 310 Ι.
2623 286 2685 299 -
2721 255 3088 315 COMMENT.
3130 258 3307 315 BIBL.
3590 264 3671 321 436

475 372 582 439 deo
608 377 668 437 te
696 372 757 439 in
784 372 1084 443 praesentia
1104 388 1230 427 mea
1258 376 1429 438 stare,
1457 388 1571 431 non
1597 378 1654 427 te
1683 391 1847 446 spero
1876 379 2129 437 ventu-A
2149 382 2346 435 nostri.
2368 383 2485 437 Deo
2501 399 2636 453 ergo
2656 383 2912 454 loquitur
2929 384 3289 456 sinestrepitu
3307 389 3445 441 vocis
3468 402 3576 443 cum
3594 406 3676 444 no-

473 478 621 547 rum.
817 501 831 511 .
1262 508 1267 511 .
2151 465 2235 521 bis
2254 474 2439 523 tacere
2458 470 2696 532 videtur,
2713 469 2845 539 quia
2867 474 2924 523 et
2944 470 3091 525 videt
3110 487 3232 525 cum
3254 488 3359 526 non
3375 473 3615 540 videatur,
3633 483 3677 530 et

544 552 611 635 δέ
637 558 822 613 autem
848 554 992 621 quod
1020 568 1133 611 non
1152 554 1397 609 videmus
1420 568 1725 620 speramus,
1744 569 1844 620 per
1863 557 2071 625 patien-
2151 556 2269 610 hac
2291 558 2432 627 petit
2453 574 2575 627 quae
2605 559 2712 612 scit
2740 558 2856 615 Deo
2885 558 3041 613 Patri
3076 559 3290 629 placere
3321 568 3376 616 et
3410 562 3553 617 nobis
3575 580 3678 634 pro.

482 643 623 703 tiam
649 647 1037 709 exspectamus,
1069 641 1128 695 id
1153 646 1262 705 est,
1282 656 1393 695 non
1418 640 1723 697 deﬁcimus.
1745 640 2069 711 lnterspem
2151 644 2311 699 desse
2345 663 2357 699 :
2387 646 2555 700 unius
2585 647 2734 701 enim
2766 646 3072 701 voluntatis
3097 652 3185 702 est
3207 647 3322 719 ipse
3348 655 3400 703 et
3435 650 3598 709 Pater.

480 735 539 791 et
562 746 681 791 rem
710 730 897 793 media
916 735 1004 785 est
1025 729 1318 801 patientia,
1339 730 1472 800 quia
1491 746 1593 800 per
1610 730 1940 800 patientiam
1961 746 2073 801 qua
2223 734 2439 795 Scimus
2465 742 2651 790 autem
2680 739 2949 804 quoniam
2978 736 3331 803 diligentibus
3348 738 3504 807 Demn
3527 745 3682 795 omnia

478 818 659 884 sancti
678 818 959 893 sustinent
976 818 1211 879 adversa
1230 817 1399 888 huius
1413 818 1740 883 seculimon
1758 824 2073 889 quaerentes
2153 830 2509 891 cooperantur
2526 828 2585 877 in
2610 826 2832 887 bonum,
2864 824 2950 878 his
2970 826 3069 892 qui
3086 825 3379 887 secundum
3394 831 3683 894 propositum

475 906 537 971 in
556 907 819 978 praesnti
847 906 1184 973 mercedem,
1204 912 1435 985 sperant
1468 922 1529 965 se
1560 907 1849 977 pervenire
1869 907 1940 969 ad
1958 906 2070 978 glo-
2154 914 2331 965 vocati
2354 918 2483 966 sunt
2520 912 2822 969 sancti.llli
2852 910 2948 981 qui
2974 910 3217 981 diligunt
3238 912 3429 978 Deum,
3450 914 3536 983 qui
3556 930 3687 970 mau-

474 995 621 1057 riam
648 1002 937 1057 uernam.
2153 999 2289 1053 data
2307 1001 2428 1069 ejus
2440 1000 2760 1055 custodiunt
2781 1008 2839 1057 et
2854 1005 3098 1063 servant,
3122 1000 3267 1054 sicut
3281 1000 3536 1055 Dominus
3549 1001 3681 1056 dicit:

549 1086 2067 1164 SimiliteretSpu'itusadiuvatinﬁrmitatemnostram.
2153 1088 2217 1144 Si
2244 1091 2368 1156 quis
2400 1090 2584 1155 diligit
2622 1105 2727 1151 me,
2757 1102 3064 1142 sermonem
3092 1104 3277 1141 meum
3301 1090 3518 1142 servabit
3546 1090 3686 1153 (Joaa.

477 1173 545 1238 Id
578 1180 684 1242 est,
709 1175 859 1235 sicut
883 1189 1012 1245 spes
1036 1180 1093 1251 et
1120 1175 1393 1245 patientia
1422 1174 1693 1244 adjuvant
1718 1180 1776 1228 et
1793 1174 2075 1235 sustinent
2154 1176 2258 1239 xlv)
2287 1193 2300 1241 ;
2342 1174 2446 1229 hoc
2481 1175 2616 1231 dicit
2644 1175 2779 1245 quia
2818 1173 3115 1244 diligentes
3145 1175 3342 1239 Deum,
3381 1181 3435 1229 et
3473 1176 3691 1229 mandati

479 1263 874 1327 inﬁmitatem
890 1262 1096 1323 mentis
1112 1270 1335 1323 nostra,
1365 1263 1445 1319 ita
1475 1268 1531 1316 et
1560 1262 1802 1333 Spiritus
1822 1269 2069 1317 sanctus.
2155 1264 2279 1333 ejus
2296 1269 2666 1328 servantes,et
2678 1263 2772 1333 qui
2784 1263 3091 1316 secundum
3110 1263 3450 1332 propositum
3462 1262 3562 1319 sive
3579 1280 3692 1334 prc-

480 1352 789 1413 Inﬁrmitas
818 1356 1008 1429 autem
1033 1350 1234 1429 animae
1264 1358 1347 1405 est
1377 1352 1707 1421 plerumque
1749 1350 1845 1411 illa
1884 1356 2074 1420 petere
2156 1351 2589 1415 destinationem
2620 1350 3022 1421 omnipotentis
3046 1351 3146 1411 Dei
3166 1352 3237 1405 ad
3262 1352 3362 1423 hoc
3391 1351 3554 1409 vocati
3572 1358 3691 1415 sunt,

483 1455 607 1510 qua
638 1437 798 1495 nobis
824 1454 936 1493 non
963 1438 1320 1503 conveniunt,
1345 1439 1492 1493 sicut
1523 1438 1818 1508 sequentia
1847 1437 2077 1492 manife—
2158 1446 2223 1494 ut
2260 1446 2450 1493 sancte
2498 1440 2731 1493 vivendo
2778 1439 2956 1497 sancti
3003 1439 3117 1495 sint
3147 1457 3158 1491 :
3192 1439 3240 1493 si
3269 1439 3483 1509 quando
3516 1439 3690 1509 aliquid

482 1532 642 1599 stant
662 1546 675 1585 :
698 1542 830 1583 nam
861 1528 997 1596 quid
1019 1543 1236 1580 oremus
1260 1530 1400 1583 sicut
1422 1532 1626 1595 oportet
1656 1528 2080 1587 nescimus.Ple-
2160 1529 2349 1598 inepte
2377 1534 2546 1598 atque
2575 1528 2835 1599 imperite
2868 1533 3065 1582 contra
3113 1544 3278 1581 suam
3321 1528 3595 1587 utilitatem
3620 1544 3691 1597 pe-

485 1628 728 1685 tamque
754 1616 888 1678 dum
920 1615 1175 1675 volumus
1203 1614 1347 1669 bona
1371 1614 1533 1669 nobis
1565 1621 1773 1686 petere,
1798 1608 2080 1669 contraria
2161 1622 2308 1679 tunt,
2341 1616 2485 1670 sicut
2513 1621 2570 1670 et
2600 1616 2805 1671 Paulus
2835 1622 2893 1670 et
2916 1616 3017 1672 ﬁlii
3039 1614 3310 1679 Zebediei,
3332 1616 3472 1670 Deus
3489 1616 3700 1686 omnipo-

486 1709 545 1765 et
572 1705 808 1761 adversa
827 1704 1099 1775 petimus;
1120 1705 1167 1758 si
1188 1704 1349 1764 nobis
1368 1705 1464 1758 illa
1494 1704 1952 1768 concederentur,
1977 1692 2143 1758 εἰσ-Β
2162 1710 2287 1769 tens
2317 1711 2653 1775 cooperatur
2671 1705 2781 1759 illis
2810 1705 2867 1756 in
2901 1704 3111 1757 bonum
3141 1710 3242 1757 aut
3271 1720 3378 1759 non
3404 1704 3570 1757 dando
3586 1704 3700 1773 quod

486 1798 554 1855 ut
580 1792 779 1855 beatus
811 1793 1019 1849 Paulus
1047 1791 1330 1849 contraria
1347 1791 1452 1846 sibi
1476 1792 1717 1863 petebat,
1744 1791 1967 1862 quando
1989 1808 2079 1861 pe-
2160 1800 2379 1865 petunt,
2410 1800 2511 1847 aut
2541 1795 2711 1846 etiam
2735 1792 3007 1847 mutando
3035 1792 3191 1847 aliud
3220 1809 3320 1862 pro
3350 1792 3464 1862 ipso
3487 1791 3615 1862 quod
3632 1807 3702 1861 pe-

484 1880 643 1939 tebat
669 1881 806 1941 (θΠὶ
849 1896 883 1937 a
933 1896 993 1934 se
1039 1881 1298 1951 spiritum
1337 1881 1667 1951 tentationis
1703 1888 1759 1935 et
1787 1880 2080 1939 inﬁrmita—
2160 1888 2327 1948 tunt;
2356 1898 2537 1952 neque
2558 1882 2796 1952 imputat
2823 1880 3339 1950 ilhsin'peccatum,
3360 1878 3703 1934 sedeatribuit

486 1975 623 2034 tem.
672 1970 731 2032 Si
779 1970 931 2031 enim
973 1970 1354 2033 exaudiretur,
1395 1970 1631 2031 forsitan
1676 1969 2082 2049 revelationum
2164 1988 2286 2041 qua
2307 1971 2493 2031 danda
2518 1976 2652 2023 sunt
2680 1970 2859 2031 Deum
2889 1968 3396 2023 amantibus.Bene
3414 1965 3703 2024 autemdicit

487 2058 879 2130 magnitudine
898 2075 963 2113 se
991 2060 1301 2123 extolleret,
1321 2064 1377 2112 et
1389 2059 1614 2117 caderet
1640 2058 1696 2110 in
1727 2058 1966 2128 lapsum.
1993 2058 2083 2112 Sic
2164 2064 2549 2127 cooperantur,
2581 2058 2710 2128 quia
2750 2063 3056 2137 operantur
3079 2057 3163 2111 illi
3192 2056 3289 2128 qui
3319 2062 3524 2127 petunt,
3553 2071 3705 2124 coope-

488 2150 663 2217 etiani
714 2149 1047 2219 plerumque
1091 2147 1261 2218 positi
1302 2147 1361 2201 in
1409 2146 1797 2217 prosperitate,
1840 2146 2083 2217 petimus
2164 2153 2327 2201 ratur
2348 2148 2498 2202 Deus
2526 2146 2904 2216 omnipotens,
2936 2145 3223 2215 implendo
3254 2162 3379 2216 quas
3403 2145 3471 2200 ad
3510 2144 3702 2199 salutem

488 2238 646 2301 illam
667 2236 829 2299 nobis
843 2236 1314 2306 conservari,un
1326 2236 1373 2289 si
1391 2251 1613 2305 semper
1632 2234 1792 2288 nobis
1806 2241 2077 2299 maneret,
2166 2236 2389 2301 illorum
2423 2235 2727 2306 pertinent.

489 2326 726 2389 forsitan
750 2342 943 2382 amore
962 2324 1381 2394 suiimplicaret
1410 2324 1660 2377 animum
1682 2329 1956 2377 nostrum.
1994 2324 2082 2377 Si-
2238 2326 2385 2379 Nam
2406 2308 2537 2392 quos
2562 2326 2858 2391 przscivit,
2890 2322 3156 2381 subaudis
3195 2340 3319 2379 esse
3347 2322 3643 2383 credituros,
3663 2324 3705 2374 et

489 2415 722 2483 mlliter,
768 2414 993 2485 quando
1031 2430 1229 2481 sumus
1252 2412 1420 2483 positi
1451 2412 1509 2466 in
1538 2411 1886 2471 infirmitate.
1914 2428 2084 2467 causa
2165 2415 2223 2468 in
2251 2431 2353 2468 sua
2378 2413 2488 2466 ﬁde
2511 2428 2930 2482 permansuros,
2951 2412 3076 2467 illos
3101 2417 3153 2469 et
3182 2413 3593 2480 predestinarit,
3621 2408 3707 2462 sive

490 2503 837 2576 probationis
864 2509 965 2565 aut
992 2501 1778 2571 emendationisimploramus
1808 2500 2033 2565 liberari
2067 2519 2078 2553 :
2166 2502 2460 2573 praeﬁnivit
2487 2507 2540 2554 et
2570 2500 2848 2553 ordinavit
2863 2502 3170 2566 conformes
3202 2502 3328 2567 ﬁeri
3350 2501 3595 2566 imaginis
3608 2498 3710 2549 Filii

491 2609 617 2665 qua
633 2593 683 2655 si
696 2609 731 2647 a
749 2592 912 2651 nobis
930 2592 1241 2653 tolleretur,
1266 2589 1500 2649 fortasse
1510 2589 1579 2651 ad
1593 2596 1821 2659 peccata
1848 2589 2087 2659 pristina
2167 2594 2276 2652 sui,
2298 2591 2352 2645 id
2376 2596 2462 2645 est
2481 2590 2689 2644 similes
2707 2588 2830 2643 fieri
2851 2588 2907 2641 in
2927 2587 3108 2657 gloria
3122 2586 3488 2643 humanitatis
3503 2585 3611 2641 Filii
3626 2584 3707 2647 sui,

489 2693 906 2761 reverteremur
932 2687 1031 2741 aut
1049 2679 1341 2741 remissius
1360 2678 1420 2735 in
1450 2676 1594 2735 bono
1614 2694 1782 2747 opere
1800 2676 2087 2741 laborare-
2170 2681 2266 2751 qui
2297 2679 2619 2735 reformawt
2645 2693 2846 2747 corpus
2876 2676 3221 2735 humilitatis
3249 2682 3471 2742 nostrae,
3506 2680 3563 2728 ut
3596 2673 3711 2731 idem

490 2790 639 2834 mus.
655 2772 900 2847 Ideoque
918 2769 1200 2835 nescimus
1219 2783 1382 2823 orare
1401 2766 1547 2821 sicut
1558 2771 1797 2836 oportet.
1822 2766 1928 2819 nisi
1961 2765 2087 2836 Spi-
2170 2769 2469 2839 Apostolus
2490 2766 2621 2825 alibi
2643 2765 2780 2820 dicit
2793 2764 3243 2833 :Conﬁguratum
3264 2766 3478 2831 corpori
3486 2763 3711 2817 claritatis

490 2862 608 2923 ritu
626 2866 822 2918 saneto
841 2859 1097 2924 docente,
1113 2855 1585 2925 sedipseSpiritus
1599 2862 1827 2911 sanctus
1844 2859 2089 2925 postulat
2172 2874 2281 2912 suae
2310 2858 2538 2927 (Philip.
2573 2861 2675 2921 in).
2710 2853 2864 2915 Licet
2894 2853 3043 2919 enim
3085 2852 3142 2907 in
3182 2852 3440 2923 potentia
3464 2848 3715 2905 divinitatis

486 2966 594 3019 pro
605 2950 759 3007 nobis
769 2947 1061 3017 gemitibus
1083 2945 1579 3007 inenarrabitibus.
1596 2943 1741 2998 Dicit
1752 2943 1950 2999 beatus
1960 2944 2091 2997 Am-
2111 2996 2152 3019 η
2173 2962 2285 3001 non
2298 2945 2474 2999 simus
2504 2944 2747 3013 aequales
2762 2942 2862 3001 illi,
2884 2950 3074 2995 tamen
3096 2942 3153 3001 in
3164 2942 3373 3011 gloria,
3390 2947 3445 2995 et
3462 2941 3515 2994 in
3534 2938 3715 2997 immor-

495 2996 1423 3113 iideles
1442 2996 1654 3113 aliquid
1676 2996 1877 3101 petunt
1894 3037 2091 3113 contra
2110 2996 2153 3058 Ο
2508 2996 2928 3101 incorruptione
2952 2996 3395 3085 ενίτηὶιδζιήιέιέδ
3414 3033 3481 3095 ei,
3501 3029 3715 3095 quoniam

491 3127 732 3203 salutem
759 3140 919 3183 suam
941 3140 1042 3195 per
1069 3120 1467 3191 ignorantiam,
1492 3136 1601 3173 non
1620 3136 1721 3189 per
1735 3120 2084 3189 jactantiam,
2170 3124 2472 3181 videbimus
2487 3136 2613 3173 eum
2633 3122 2801 3173 sicuti
2820 3122 2893 3171 est
2910 3120 2955 3185 (Ι
2967 3119 3130 3171 Joan.
3146 3122 3241 3188 IIl)
3267 3136 3277 3173 :
3302 3119 3389 3183 vel
3412 3123 3551 3172 certe
3565 3115 3623 3168 ad
3641 3113 3715 3173 hoc

494 3200 739 3288 Spiritus
753 3211 1112 3282 sanctus,qui
1132 3210 1299 3265 unius
1319 3207 1646 3265 substantias
1666 3214 1751 3263 est
1775 3225 1904 3263 cum
1922 3209 2089 3263 Patre
2173 3209 2589 3283 praedestinavit
2608 3224 2704 3263 eos
2725 3206 3040 3261 conformes
3061 3207 3184 3265 ﬁeri
3202 3206 3468 3277 imaginis
3494 3203 3604 3267 Filii
3635 3200 3715 3263 sui.

493 3310 554 3364 et
582 3305 743 3368 Filio,
774 3300 1086 3372 interponit
1112 3316 1173 3353 se
1200 3298 1259 3379 in
1288 3296 1473 3351 medio
1514 3296 1663 3350 inter
1693 3313 1797 3351 nos
1826 3308 1880 3350 et
1908 3298 2087 3351 Deum
2122 3362 2125 3367 ι
2170 3306 2236 3354 ut
2254 3301 2400 3353 sicut
2419 3297 2674 3353 Christus
2692 3302 2972 3363 peccatum
2993 3312 3102 3348 non
3125 3297 3278 3362 fecit,
3306 3312 3401 3350 nec
3423 3293 3717 3348 inoontumt

493 3396 743 3459 patrem,
772 3398 830 3450 et
856 3389 1106 3461 postulat
1133 3403 1234 3457 pro
1266 3384 1424 3443 nobis
1443 3400 1567 3454 quae
1599 3385 1763 3447 utilia
1791 3392 1942 3450 sunt,
1973 3402 2085 3440 non
2168 3392 2326 3443 dolus
2345 3392 2406 3441 in
2436 3404 2525 3441 ore
2550 3391 2667 3453 ejus
2690 3387 2747 3451 (Ι
2763 3388 2906 3439 Petr.
2942 3390 3103 3453 xm),
3137 3384 3221 3437 ita
3247 3390 3307 3439 et
3336 3384 3414 3440 illi
3443 3384 3531 3453 qui
3558 3381 3718 3435 fratres

494 3494 622 3542 eum
644 3481 890 3552 impulsu
916 3478 1082 3543 aeris,
1119 3490 1303 3545 neque
1330 3490 1456 3529 cum
1495 3473 1702 3538 Sonitu.
1736 3473 1818 3535 Vel
1848 3474 2085 3544 strepitu
2169 3477 2365 3531 volunt
2391 3474 2627 3528 existere
2659 3471 2881 3526 Domini
2909 3473 3041 3537 Jesu
3086 3471 3323 3537 Christi,
3370 3487 3480 3525 non
3522 3468 3719 3523 habeant

494 3572 665 3635 meis,
687 3569 785 3630 sed
801 3565 1274 3633 inenarrabiliter,
1291 3561 1436 3616 sicut
1453 3561 1710 3619 convenit
1739 3562 1862 3631 ejus
1891 3561 2090 3616 divini-
2170 3566 2514 3620 voluntatem
2539 3562 2820 3632 peccandi.
2841 3563 2981 3619 Utsit
3001 3566 3112 3630 ipse
3124 3564 3597 3630 primogenitusin
3610 3556 3721 3609 mul-

493 3662 619 3728 tati,
638 3675 763 3731 qua
791 3656 1023 3730 aequalis
1051 3660 1107 3713 et
1131 3650 1626 3713 consubstantialis
1653 3655 1739 3707 est
1759 3650 1873 3705 Deo
1893 3652 2047 3715 Patri
2071 3670 2085 3720 ;
2173 3658 2241 3715 tis
2264 3654 2557 3720 fratribus.
2576 3651 2771 3706 Omnis
2783 3650 3104 3720 unigenitus
3138 3657 3329 3721 potest
3356 3651 3461 3711 dici
3489 3648 3721 3720 primoge-

496 3756 555 3809 οι
580 3750 913 3821 plerumque
936 3760 1001 3803 ea
1030 3760 1152 3821 quae
1181 3757 1283 3795 nos
1319 3741 1563 3811 petimus
1592 3738 1753 3805 nobis
1782 3740 2085 3807 contraria,
2171 3743 2340 3809 nitus,
2390 3757 2502 3795 non
2538 3746 2731 3795 tamen
2773 3740 2953 3793 omnis
2988 3739 3403 3809 primogenitus
3439 3737 3539 3792 dici
3576 3736 3723 3807 potest

418 3834 423 3838 ’
496 3839 618 3910 ipse
642 3839 827 3894 mutat
853 3832 913 3889 in
933 3832 1152 3892 melius.
1175 3846 1288 3889 non
1316 3828 1501 3885 dando
1530 3827 1677 3898 quod
1699 3827 1961 3898 petimus.
1990 3828 2090 3884 Po-
2171 3830 2513 3900 unigenitus.
2550 3829 2879 3897 Quicunque
2902 3828 3049 3881 enim
3092 3828 3310 3897 primus
3339 3828 3519 3897 aperit
3547 3824 3724 3876 vulvam

498 3926 710 3987 stulare
736 3922 906 3984 etiam
937 3921 1141 4000 dicitur
1169 3935 1269 3990 pro
1295 3918 1475 3987 nobis,
1510 3916 1817 3972 secundum
1844 3918 1982 3972 alios
1996 3919 2091 3973 do-
2173 3920 2370 3975 matris
2399 3918 2695 3981 nascendo,
2733 3933 2834 3971 nec
2864 3916 3032 3980 habet
3066 3916 3207 3973 alios
3239 3917 3444 3973 fratres
3480 3923 3721 3983 sequaces,

497 4022 700 4085 stores,
714 4010 1173 4085 acgemere,quia
1188 4023 1550 4079 quoscunque
1567 4006 1753 4076 gratia
1771 4023 1875 4061 sua
1889 4006 2086 4077 replet,
2174 4014 2231 4065 et
2262 4007 2666 4079 primogenitus
2695 4011 2798 4069 est,
2818 4012 2876 4060 et
2906 4005 3231 4075 unigenitus
3257 4024 3268 4059 :
3297 4006 3393 4077 qui
3416 4020 3539 4061 vero
3553 4000 3726 4072 primus

495 4082 849 4179 postulanti}.
867 4101 1002 4159 facit.
1015 4104 1371 4169 etgementes
1383 4112 1483 4177 pro
1494 4096 1610 4151 suis
1626 4096 1875 4149 reatibus
1893 4096 2093 4150 etalio-
2175 4096 2463 4167 egreditur
2481 4094 2552 4150 ab
2564 4101 2724 4149 utero
2744 4100 2999 4157 materno
3014 4100 3071 4149 et
3091 4092 3268 4149 habet
3291 4087 3728 4179 postmodumqu

496 4176 625 4251 i-um
650 4211 662 4249 :
686 4192 773 4249 vel
794 4190 925 4263 quia
943 4188 1280 4248 differuntur
1298 4202 1333 4241 a
1351 4176 1554 4253 regno;
1578 4185 1670 4253 qui
1690 4184 1937 4253 gemitus
1950 4183 2092 4241 bene
2173 4192 2290 4238 tres
2321 4189 2639 4253 sequentes,
2664 4182 3016 4235 solummodo
3030 4181 3443 4252 primogenitus
3472 4186 3567 4237 est.
3591 4176 3727 4263 Fili“?

497 4259 905 4343 inenarrabiles
932 4277 1215 4336 dicuntur,
1248 4274 1383 4343 quia
1416 4289 1584 4328 nemo
1614 4279 1797 4342 potest
1825 4289 2092 4331 enarrare
2174 4279 2362 4329 autem
2394 4272 2511 4335 Dei,
2537 4272 2881 4341 Redemptor
2905 4270 3159 4324 videlicet
3188 4270 3424 4325 humani
3445 4266 3669 4339 generis,
3692 4259 3727 4312 si

498 4372 724 4438 quanta
748 4362 1204 4434 oompunctlones
1224 4363 1281 4419 in
1300 4360 1561 4419 cordibus
1578 4361 1827 4415 fidelium
1849 4362 1981 4427 sint,
2008 4363 2091 4423 vel
2115 4346 2158 4415 ι)
2177 4364 2347 4433 digna
2376 4360 2825 4415 consideratione
2869 4360 3291 4430 perpendimus,
3322 4366 3438 4414 tam
3468 4352 3728 4413 secundum

499 4461 713 4529 quanta
729 4451 1182 4519 remuneratione
1206 4450 1360 4519 digni
1385 4455 1519 4504 sunt
1545 4465 1734 4504 coram
1764 4450 1898 4505 Deo.
2175 4452 2545 4513 divinitatem,
2579 4466 2747 4519 quam
2779 4449 3088 4502 secundum
3122 4448 3552 4504 humanitatem,
3575 4450 3625 4497 et
3637 4438 3730 4494 uni-

573 4547 681 4616 ονε
701 4547 888 4601 autem
908 4543 1197 4595 scrutatur
1214 4539 1400 4601 corda,
1423 4539 1521 4591 scit
1536 4538 1674 4604 quid
1690 4539 1953 4591 desideret
1973 4538 2094 4605 8ρί-
2173 4542 2398 4612 genitus
2410 4538 2798 4610 praedicandus
2810 4544 2897 4592 est
2911 4546 2968 4592 et
2988 4538 3401 4608 primogenitus
3427 4531 3723 4604 Unigenitut

496 4641 666 4702 ritus,
683 4629 1134 4704 quiaqeoundum
1156 4630 1327 4685 Deum
1338 4628 1693 4694 postutatpro
1712 4626 2091 4689 sanctis.Deus
2175 4630 2400 4699 quidem
2432 4634 2519 4689 est
2548 4627 2855 4682 secundum
2904 4626 3275 4691 divinitatem,
3320 4625 3454 4696 quia
3482 4625 3536 4678 in
3564 4626 3730 4675 natura

495 4726 666 4784 Pater
684 4732 813 4781 cum
856 4718 996 4775 Filio
1028 4732 1153 4781 suo,
1189 4715 1285 4787 qui
1309 4715 1499 4769 omnia
1522 4730 1728 4777 arcana
1751 4714 2005 4768 cordium
2035 4720 2095 4768 et
2174 4715 2483 4781 divinitatis
2494 4731 2607 4769 non
2626 4714 2796 4769 habet
2814 4714 2954 4768 alios
2974 4714 3196 4779 fratres;
3224 4711 3728 4784 primogenitusvel‘o

495 4820 862 4877 secretorum,
885 4825 998 4867 non
1025 4806 1206 4880 solum
1237 4804 1549 4870 hominum,
1573 4804 1670 4859 sed
1691 4809 1748 4868 et
1765 4804 2113 4874 angelorum.
2176 4804 2419 4874 est,quia
2435 4809 2566 4857 ante
2587 4818 2811 4867 omnem
2832 4808 3151 4857 creaturam
3178 4818 3293 4880 non
3327 4802 3524 4864 tactus,
3547 4795 3634 4850 sed
3657 4806 3729 4880 ge-

496 4874 872 4973 penetratscit
885 4874 1311 4968 quiddeeideret
1324 4891 2092 4971 Spiritussanctus,habitans
2173 4892 2325 4946 nitus
2356 4896 2455 4955 ost,
2478 4891 2621 4946 sicut
2652 4906 2751 4960 per
2776 4890 3129 4944 Salomonem
3155 4874 3291 4943 dicit
3320 4909 3332 4942 ;
3368 4890 3478 4957 Ego
3496 4878 3731 4955 sapientia

497 4989 557 5044 in
593 4987 855 5047 cordibus
892 4985 1140 5043 ﬁdelium
1181 4998 1433 5043 suorum,
1467 4980 1600 5052 quia
1638 4980 1803 5035 unius
1846 4980 2093 5034 scientiae
2175 4998 2238 5035 er
2266 4997 2357 5033 ore
2399 4983 2674 5035 Altissimi
2708 4980 2948 5047 prodivi,
2991 4981 3371 5046 primogenita
3400 4982 3523 5033 ante
3551 4982 3731 5027 omnem

499 5080 650 5139 sunt,
670 5074 757 5127 vel
776 5071 909 5142 quid
929 5088 1030 5125 nos
1048 5071 1368 5131 desiderare
1389 5069 1574 5123 faciat.
1595 5068 1849 5121 Postulat
1869 5083 2092 5138 quoque
2175 5075 2490 5124 creaturam
2516 5069 2679 5133 (Eccl.
2700 5081 2865 5134 XXIV).
2887 5067 3205 5123 Secundum
3238 5066 3633 5120 humanitatem
3656 5072 3733 5110 alr

501 5161 808 5217 secundum
837 5160 1014 5213 Deum
1043 5174 1143 5227 pro
1170 5160 1395 5235 sanctis,
1438 5157 1703 5227 quoniam
1737 5173 1803 5209 ea
1832 5157 1966 5209 facit
1990 5173 2090 5210 nos
2173 5164 2287 5213 tem
2319 5157 2644 5227 unigenitus
2671 5156 2899 5228 quidem
2930 5161 3114 5226 potest
3142 5156 3251 5210 dici
3274 5154 3452 5208 beata
3482 5150 3668 5235 Mariae,
3687 5146 3733 5195 ei

500 5250 788 5323 postulare
817 5263 939 5317 quae
964 5252 1022 5300 et
1053 5247 1165 5303 Deo
1197 5234 1452 5315 placeant
1480 5254 1536 5300 et
1564 5245 1724 5300 nobis
1769 5245 1925 5298 utilia
1953 5246 2085 5309 sint,
2172 5246 2580 5317 primogenitus
2605 5245 2662 5298 in
2684 5244 2877 5299 multis
2899 5244 3165 5299 fratribus
3180 5242 3475 5313 adoptivis,
3501 5234 3731 5323 quiaigpse,

497 5321 580 5395 ita
608 5343 671 5393 ut
696 5336 950 5399 dicamus
984 5333 1148 5404 positi
1175 5334 1232 5388 in
1263 5340 1515 5388 oratione
1541 5353 1552 5386 ε
1577 5336 1716 5389 Deus
1741 5340 1967 5395 aeterne,
1995 5337 2090 5402 qui
2170 5336 2388 5407 primus
2406 5334 2694 5388 surrexita
2715 5333 3195 5403 mortuis,primus
3217 5326 3468 5383 ascendit
3484 5325 3550 5379 ad
3569 5321 3729 5383 caelos.

500 5425 955 5493 absconditorum
983 5431 1040 5495 et
1065 5423 1382 5477 futurorum
1408 5439 1466 5475 es
1494 5424 1770 5492 cognitor,
1802 5423 1948 5476 sicut
1984 5422 2090 5475 scis
2172 5424 2272 5478 Isti
2301 5429 2435 5477 sunt
2464 5423 2680 5488 fratres,
2712 5422 2779 5475 de
2810 5421 3012 5492 quibus
3050 5414 3170 5490 ipse
3207 5419 3346 5472 dixit
3374 5416 3446 5471 ad
3475 5411 3683 5475 Mariam
3719 5421 3730 5456 ε

497 5518 660 5577 nobis
677 5512 1060 5585 necessarium
1090 5527 1213 5568 esse
1235 5516 1290 5567 et
1311 5510 1456 5567 sicut
1471 5510 1574 5567 tibi
1594 5513 1796 5581 placet,
1821 5514 2090 5581 miserere
2184 5513 2315 5583 Vade
2334 5514 2406 5583 ait
2434 5515 2639 5581 fratres
2666 5528 2828 5577 meos,
2859 5515 2910 5565 et
2949 5509 3040 5567 die
3067 5512 3145 5565 eis
3180 5509 3364 5572 (Joan.
3396 5506 3512 5573 ax).
3540 5499 3732 5566 Fratres
