3850 6168
217 184 313 257 4:7

861 185 1243 254 ΗΡΩΒΙΤΙΟ
1276 186 1364 245 ΙΝ
1402 192 1557 255 ΕΡΡ.
1600 194 1656 252 S.
1699 196 1749 255 Ρ.

1841 195 1936 257 L1.
1979 222 2042 236 --
2080 193 2162 259 IN
2198 191 2422 259 EPIST-
2461 192 2559 259 AD
2596 189 2774 258 ΒΘΗ,

3353 178 3460 259 4³8

216 311 352 365 enim
377 310 523 367 illius
544 311 810 392 dicuntur
828 326 1024 367 omnes
1044 312 1236 367 ﬁdeles
1251 313 1312 369 in
1324 315 1446 381 hoc,
1468 318 1600 387 quia
1609 319 1779 375 homo
1796 320 1842 379 A
1860 323 1949 372 ter
1959 317 2574 383 sustinuit.Notandum
2589 322 2782 379 autem
2801 314 2935 387 quia
3082 307 3460 399 ﬁnitimi???-

213 399 325 453 ﬁeri
351 399 603 468 dignatus
631 404 733 453 est.
754 398 863 463 Sed
884 398 932 453 is
952 400 1049 469 qui
1069 400 1243 454 frater
1271 409 1462 458 noster
1490 412 1783 462 estsecun-

209 488 335 541 dum
356 503 594 551 carnem,
630 487 749 558 ipse
776 486 1050 543 Dominus
1079 490 1229 552 Deus
1256 498 1447 553 noster
1474 499 1562 548 est
1588 511 1783 553 secun-

210 575 333 639 dum
360 575 718 635 divinitatem.

270 664 403 730 Quos
426 668 611 719 autem
650 665 1083 732 praedestinavit,
1115 668 1230 722 sive
1267 671 1564 740 praeﬁnivit
1589 688 1779 727 secum

204 756 519 820 regnaturos
536 751 593 815 in
621 757 831 815 mterna
860 752 1224 823 beatitudine,
1255 759 1349 813 hos
1369 765 1418 813 et
1449 766 1658 816 vocavit
1682 778 1782 832 per

202 855 257 903 se
282 844 335 894 et
354 856 453 910 per
479 841 761 910 apostolos
786 858 938 897 suos.
972 843 1149 897 Vocat
1168 862 1390 915 quoque
1411 848 1577 905 modo
1602 865 1779 919 usque

202 927 445 992 adﬁnem
471 928 689 998 judicii,
719 935 770 984 et
798 947 931 999 quos
958 935 1164 985 vocavit
1191 952 1291 1003 per
1332 937 1576 1006 gratiam
1613 953 1777 991 suam

202 1020 258 1077 ut
283 1023 673 1085 permanerent
698 1019 757 1073 in
783 1021 966 1090 gloria
984 1038 1192 1085 secum,
1230 1025 1321 1076 hos
1367 1030 1417 1077 et
1445 1028 1777 1092 justiﬁcavit

203 1119 290 1173 per
315 1104 630 1173 passionem
657 1123 954 1179 suam,per
979 1108 1321 1180 baptismum
1349 1118 1407 1165 et
1425 1113 1593 1171 fidem
1615 1128 1775 1171 exor-

202 1196 375 1245 natam
395 1193 556 1248 bonis
582 1195 862 1265 operibus,
885 1203 943 1252 et
953 1198 1284 1267 justificabit
1305 1216 1484 1273 usque
1511 1203 1579 1259 ad
1604 1204 1771 1259 tinem

200 1279 396 1337 saeculi.
434 1282 576 1347 Quos
599 1289 783 1338 autem
800 1289 1151 1354 justiﬁcavit,
1173 1292 1299 1345 itlos
1327 1294 1385 1342 et
1407 1292 1763 1358 gloriﬁcauit.

198 1366 468 1425 Praeterito
497 1375 750 1440 tempore
781 1373 1286 1445 utitur.Apostolus
1315 1375 1375 1430 in
1403 1377 1509 1433 hoc
1530 1378 1649 1433 loco
1670 1396 1771 1450 pro

195 1453 384 1519 futuro,
417 1456 475 1510 in
504 1457 609 1517 hoc
635 1460 780 1528 quod
804 1460 941 1515 dicit
967 1464 1317 1531 giariﬁcavit,
1351 1478 1564 1518 morem
1596 1482 1770 1520 saera:

198 1541 477 1611 Scriptura:
518 1550 737 1609 tenens,
793 1562 919 1616 quae
973 1548 1054 1601 sic
1113 1550 1257 1604 solet
1301 1567 1532 1605 narrare
1578 1552 1771 1607 futura

1863 406 2107 460 cundum
2129 406 2352 460 beatum
2366 407 2745 475 Augustinum
2766 421 2867 475 per
2883 394 3383 473 interrogationem
3398 399 3457 467 et

1861 494 2343 564 percontationem
2372 494 2484 564 legi
2513 493 2679 563 debet
2704 512 2716 559 ;
2746 498 2805 555 et
2832 491 2974 545 sicut
3003 489 3123 558 ipse
3150 485 3286 555 dicit
3328 499 3459 559 per-

1861 582 2169 645 contationi
2192 583 2372 647 multa
2390 587 2627 653 possunt
2644 579 2992 651 responderi,
3026 570 3456 649 interrogationi

1861 678 2052 724 autem
2078 676 2178 733 aut
2209 652 2541 735 aiiil'mative
2569 670 2736 733 debet
2761 665 3089 739 responderi
3136 663 3306 751 etiam
3357 664 3459 733 aut

1862 757 2119 826 negative
2145 775 2155 808 :
2182 774 2294 811 non
2315 756 2771 828 pronuntiabitur
2797 771 2932 824 ergo
2971 754 3052 825 ita
3099 756 3163 822 ut
3200 753 3328 825 1398!:
3354 763 3457 826 ρῳ*

1861 844 2278 913 contentionem
2308 861 2420 915 qua
2447 845 2702 911 dicimus,
2727 847 2850 913 quis
2887 842 3164 919 accusabit
3191 839 3455 927 ᾳάυθζέξμδ

1861 933 2045 985 electos
2070 933 2167 987 Dei
2188 938 2211 985 Ρ
2229 932 2366 999 illud
2396 932 2544 1002 quod
2572 932 2846 1003 sequitur,
2880 932 3019 997 Deus
3038 930 3137 1000 qui
3154 927 3429 1001 justiﬁqat
3446 963 3460 990 ,

1860 1020 2184 1088 enuntietur
2194 1019 3006 1090 sonointerrogantismttacite
3018 1014 3447 1091 respondeatur:

1857 1109 2003 1164 Non.
2037 1108 2309 1175 Similiter
2332 1109 2471 1173 illud
2501 1109 2646 1178 quod
2676 1109 2948 1178 sequitur,
2967 1108 3088 1176 quis
3113 1109 3189 1173 6δῆ
3209 1105 3309 1175 ᾳαί
3328 1115 3454 1167 σωμ-

1856 1197 2107 1257 demnet?
2136 1197 2514 1267 percontando
2538 1197 2837 1266 legendum
2865 1198 2967 1263 est,
2990 1198 3056 1261 ut
3070 1190 3452 1267 subinieratur

1854 1284 2253 1354 interrogando
2283 1286 2534 1342 Christus
2556 1286 2710 1339 Jesus
2730 1287 2829 1351 qui
2849 1287 3101 1349 mortuus
3121 1277 3334 1351 esui:in
3354 1277 3455 1355 qui

1853 1379 1901 1426 et
1932 1376 2257 1437 resurrexit,
2291 1378 2348 1427 et
2368 1372 2827 1442 subintelligatur
2853 1369 3039 1439 tacite,
3072 1383 3205 1437 non.
3239 1367 3309 1433 Et
3360 1368 3447 1442 est

1851 1475 2049 1515 sensus
2067 1480 2079 1515 :
2111 1460 2378 1533 Nunquid
2396 1440 2685 1527 Christus;
2681 1459 2776 1530 qui
2794 1463 3050 1523 mortuus
3070 1459 3155 1508 est
3173 1469 3274 1525 pro
3288 1440 3450 1533 nobis

1852 1553 1909 1603 et
1935 1549 2260 1617 resurrexit,
2288 1556 2353 1609 ut
2381 1548 2542 1615 nobis
2563 1548 2737 1601 vitam
2766 1547 3021 1611 donaret,
3048 1538 3447 1616 condemnabit

196 1630 337 1699 quasi
366 1632 671 1701 praeterita.
703 1632 838 1698 [nos
868 1636 1019 1693 enim
1051 1654 1192 1714 quos
1216 1639 1452 1705 vocavit,
1484 1646 1541 1699 et.
1554 1641 1766 1710 justiti-
1784 1622 1831 1690 Β
1851 1652 1951 1690 nos
1978 1636 2002 1689 ?
2029 1638 2155 1691 Non
2184 1640 2399 1707 utique,
2434 1637 2532 1705 sed
2547 1634 2928 1703 salvabitﬂoc
2948 1648 3078 1697 vero
3097 1630 3245 1706 quod
3260 1628 3446 1708 sequi-

193 1718 319 1771 cavit
344 1717 399 1772 in
429 1721 695 1790 praesenti
723 1724 945 1787 saeculo,
979 1725 1080 1778 hos
1094 1726 1500 1795 gloriﬁcavitin
1520 1729 1612 1791 die
1619 1730 1769 1799 judi—
1850 1727 2092 1791 tur,quis
2114 1729 2186 1778 est
2210 1726 2577 1791 adderteram
2601 1722 2917 1791 Patris.qui
2932 1721 3098 1789 etiam
3126 1718 3447 1792 interpellat

191 1806 283 1871 cii:
315 1806 458 1861 sicut
481 1808 636 1863 idem
664 1811 965 1881 Apostolus
995 1813 1133 1869 alias
1153 1814 1291 1891 dicit
1323 1816 1493 1872 :Cum
1514 1818 1765 1875 Christus
1840 1808 1946 1881 pro
1968 1814 2140 1877 nobis,
2174 1828 2287 1867 non
2310 1813 2426 1883 jam
2458 1808 2875 1879 interrogando,
2905 1806 3003 1871 sed
3057 1805 3244 1881 potius
3286 1803 3444 1883 aﬂiy-

191 1899 518 1962 apparuerit,
552 1903 684 1957 tunc
722 1904 773 1957 et
802 1917 890 1955 vos
915 1903 1249 1969 apparebitis
1276 1920 1407 1958 eum
1428 1908 1528 1971 itte
1552 1909 1617 1961 in
1643 1912 1765 1974 glo-

193 1983 271 2034 ria
299 1984 480 2047 (0010s.
514 1989 623 2045 ml.

253 2070 386 2137 Quid
402 2088 529 2139 ergo
553 2075 799 2153 dicemus
820 2079 895 2131 ad
932 2078 1040 2132 hac
1069 2085 1093 2131 ?
1136 2078 1403 2137 subaudis
1436 2097 1559 2150 quae
1597 2083 1762 2137 modo

192 2156 408 2213 diximus
460 2161 531 2231 de
578 2164 883 2229 vocatione,
918 2165 1340 2234 justiﬁcatione,
1377 2173 1434 2227 et
1479 2168 1761 2243 glorifica-

189 2245 340 2311 tione,
354 2248 408 2302 id
429 2256 517 2304 est
530 2267 702 2321 quam
719 2253 1033 2321 gratiarum
1045 2255 1322 2315 actionem
1346 2257 1643 2312 reddemus
1657 2259 1758 2326 illi,

191 2334 269 2404 qui
284 2338 453 2405 gratis
473 2340 758 2411 nullisque
771 2341 986 2395 meritis
1006 2343 1446 2412 praecedentibus
1455 2350 1760 2417 antequam

191 2438 412 2479 essemus
467 2444 594 2493 nos,
630 2429 1045 2499 praedestinavit
1080 2438 1412 2500 regnaturae
1443 2451 1654 2500 secum,
1694 2453 1761 2492 ac
1790 2468 1815 2476 -

188 2520 360 2581 postea
384 2516 603 2570 vocavit
640 2524 697 2583 et
728 2518 1075 2587 justiﬁcavit,
1103 2520 1174 2573 ad
1206 2521 1470 2579 ultimum
1496 2525 1666 2581 etiam
1703 2532 1758 2579 et

185 2601 513 2670 glorificabit.
548 2606 685 2665 Tale
715 2614 801 2660 est
825 2613 881 2661 et
910 2608 1045 2661 illud
1075 2609 1422 2664 Psalmistse:
1449 2613 1590 2677 Quid
1601 2617 1761 2668 retri-

188 2691 329 2756 buazn
354 2695 587 2747 Domino
608 2710 714 2762 pro
742 2698 997 2750 omnibus
1021 2714 1140 2764 qua:
1156 2700 1415 2752 retribuit
1434 2701 1577 2753 mihi
1590 2704 1755 2767 (Psal.

184 2781 283 2849 ειν)
314 2779 336 2833 7
363 2780 556 2835 Potest
587 2788 644 2835 et
673 2783 939 2853 intelligi:
976 2784 1119 2848 Quid
1147 2786 1623 2855 prmdestinationi
1654 2789 1755 2849 Dei

185 2858 536 2927 centradicere
558 2872 932 2941 possumus,si
950 2889 1144 2927 omnes
1160 2890 1273 2927 non
1288 2875 1757 2944 praedestinamur

1847 1899 2053 1954 mando
2072 1900 2551 1971 pronuntiandum
2567 1899 2811 1965 est.Quis
2829 1896 2990 1971 estad
3013 1895 3294 1969 dexteram
3321 1895 3439 1972 tisi,

1844 1988 1901 2043 id
1932 1994 2017 2042 est
2042 1989 2101 2044 in
2127 1988 2473 2060 plenitudine
2502 1993 2559 2043 et
2585 1984 2974 2058 magnitudine
3023 1988 3272 2057 pateer
3317 1999 3440 2057 ma-

1838 2078 2082 2147 jestatis,
2101 2081 2200 2146 qui
2215 2081 2380 2131 etiam
2394 2078 2711 2144 interpellat
2717 2090 2821 2145 pro
2837 2074 2991 2129 nobis
3010 2072 3191 2146 Deum
3213 2072 3441 2149 Patrem

1845 2181 1957 2219 non
1990 2182 2138 2233 voce,
2180 2165 2277 2219 sed
2305 2164 2685 2227 miseratione,
2719 2162 2855 2217 dum
2879 2160 3126 2234 quotidie
3153 2160 3441 2237 hominem

1844 2270 2013 2325 quem
2041 2254 2363 2326 assumpsit,
2388 2258 2445 2307 et
2461 2250 2853 2323 gravissimum
2878 2265 3058 2325 genus
3075 2249 3273 2317 mortis
3292 2248 3442 2319 quod

1842 2359 1943 2415 pro
1974 2342 2134 2397 nobis
2157 2342 2441 2408 sustinuit,
2483 2341 2663 2396 vultui
2689 2345 2925 2412 paterno
2955 2338 3137 2411 offert,
3169 2342 3234 2413 ut
3258 2337 3438 2414 nostri

1843 2432 2193 2489 misereatur.

1914 2522 2045 2587 Quis
2073 2537 2198 2588 ergo
2229 2537 2325 2575 nos
2338 2522 2613 2589 separabit
2632 2535 2667 2583 ᾳ
2682 2520 2955 2585 charitate
2978 2516 3187 2587 Christi
3197 2522 3222 2585 2
3238 2516 3326 2573 Ad
3345 2534 3438 2591 su-

1841 2610 2063 2679 periora
2085 2608 2456 2679 pertinet,ubi
2478 2608 2559 2661 ait
2582 2624 2593 2656 :
2625 2607 2746 2660 Non
2762 2609 2897 2667 sunt
2924 2605 3204 2671 condignae
3218 2606 3437 2677 passio-

1844 2715 1934 2751 nes
1963 2700 2130 2766 hujus
2156 2700 2415 2766 temporis
2443 2698 2516 2752 ad
2543 2699 2799 2763 futuram
2831 2695 3092 2761 gloriam,
3117 2692 3250 2765 quia
3268 2707 3436 2779 omne

1840 2786 1987 2856 quod
2017 2786 2073 2839 in
2096 2786 2355 2856 praesenti
2383 2790 2489 2854 est,
2515 2782 2933 2855 comparatione
2988 2780 3190 2851 futurae
3237 2780 3435 2853 gloriae

1838 2880 2293 2929 momentaneum
2313 2880 2430 2928 est:
2462 2874 2701 2944 ideoque
2727 2870 3033 2942 alloquitur
3062 2869 3342 2939 Romanos
3357 2884 3427 2951 ne

182 2956 338 3011 adhuc
363 2964 420 3012 ut
452 2975 757 3029 regnemus
786 2976 914 3014 cum
953 2962 1092 3015 illo?
1138 2962 1203 3017 Si
1246 2964 1385 3016 Deus
1426 2980 1530 3031 pro
1578 2967 1749 3031 nobis,
1771 2973 1815 3033 (3
1837 2961 2140 3031 deﬁcerent
2170 2963 2227 3015 in
2257 2960 2741 3029 tribulationibus:
2774 2959 2969 3027 Videte
2999 2956 3434 3029 Petrum,cons_i-
3524 3012 3535 3021 κ

182 3045 414 3100 subaudis
443 3055 550 3113 est,
586 3048 673 3102 vel
703 3054 918 3118 pugnat
946 3051 1041 3119 qui
1065 3050 1447 3119 praedestinat,
1483 3053 1753 3120 justiﬁcat

181 3138 228 3186 et
248 3135 529 3203 gloriﬁcat,
565 3140 692 3205 quis
719 3142 914 3190 contra
947 3154 1041 3191 nos
1071 3139 1219 3193 valet
1276 3142 1565 3209 pugnare?
1610 3143 1751 3199 Nul-

183 3219 281 3275 lus:
311 3240 485 3295 neque
509 3224 787 3290 diabolus,
821 3242 1004 3297 neque
1023 3227 1191 3291 Nero,
1221 3228 1337 3282 sive
1369 3229 1603 3299 quilibet
1628 3248 1752 3302 per-

182 3318 391 3367 secutor.

238 3401 331 3467 Qui
358 3406 524 3457 etiam
555 3409 793 3472 proprio
822 3408 960 3461 Filio
987 3422 1085 3461 suo
1114 3422 1226 3465 non
1253 3412 1513 3474 pepercit,
1541 3409 1596 3465 id
1613 3416 1749 3467 esta

180 3496 330 3543 morte
356 3506 467 3545 non
495 3493 857 3559 servavit,sed
878 3511 985 3562 pro
1002 3497 1154 3553 nobis
1183 3498 1438 3550 omnibus
1458 3498 1746 3566 praedesti-

178 3577 299 3630 natis
310 3579 377 3632 ad
392 3580 564 3632 vitam
589 3585 857 3635 aeternam
888 3584 1121 3637 tradidit
1147 3584 1412 3638 illum.Et
1442 3585 1558 3654 ipse
1581 3586 1749 3642 Pater

179 3666 377 3727 tradidit
406 3668 637 3733 Filium,
658 3670 793 3739 quia
818 3671 965 3731 tradi
986 3672 1259 3741 permisit,
1295 3673 1598 3744 multisque
1624 3692 1746 3731 mo-

177 3754 245 3808 dis
271 3763 349 3810 est
389 3760 511 3829 ipse
540 3760 722 3821 Filius
746 3760 1006 3819 traditus.
1033 3759 1155 3817 Hoc
1208 3761 1437 3817 verbum
1481 3763 1629 3833 quod
1660 3770 1746 3819 est

177 3857 374 3910 parcere
418 3848 726 3918 aliquando
746 3848 1022 3918 signiﬁcat
1069 3849 1372 3913 dimittere,
1406 3862 1470 3905 ut
1496 3852 1636 3906 illud
1681 3852 1739 3906 in

177 3931 409 4001 Virgilio:
447 3941 619 3995 Parce
650 3943 816 4001 metu,
851 3938 1135 4006 Cytherea,
1167 3938 1224 3992 id
1251 3946 1337 3994 est
1363 3940 1584 3994 dimitte
1616 3957 1741 3995 me-

176 4024 289 4084 tum;
310 4024 612 4094 aliquando
632 4026 910 4095 signiﬁcat
929 4042 1172 4091 servare,
1197 4027 1342 4082 sicut
1360 4028 1467 4091 hic,
1493 4029 1589 4098 qui
1608 4045 1738 4098 pro-

175 4107 272 4175 prio
298 4111 425 4166 Filio
454 4131 559 4169 suo
573 4130 687 4171 non
708 4115 956 4185 pepercit
978 4134 990 4169 :
1024 4116 1171 4171 unde
1190 4132 1322 4186 apes
1340 4133 1519 4186 parcae
1533 4134 1736 4172 vocan-

176 4202 264 4258 tur.
285 4198 335 4263 id
352 4208 431 4256 est
452 4202 805 4269 servatrices,
837 4203 969 4273 quia
998 4210 1225 4264 servant
1241 4220 1345 4258 sua
1382 4205 1566 4258 mella.
1590 4207 1733 4272 Quo-

177 4288 300 4340 modo
324 4306 430 4344 non
458 4294 629 4345 etiam
661 4306 788 4344 cum
811 4294 905 4345 illo
927 4295 1117 4344 omnia
1138 4294 1291 4346 nobis
1315 4294 1537 4349 donavit
1569 4300 1592 4347 ?
1612 4295 1730 4348 Hoc
1747 4286 1794 4344 D

176 4376 377 4430 maxime
401 4380 470 4432 ad
498 4380 787 4449 apostolos
814 4380 1079 4443 refertur,
1113 4381 1313 4451 quibus
1341 4382 1422 4436 ait
1464 4382 1685 4437 Veritas
1718 4402 1729 4436 :

173 4460 281 4517 Cum
300 4468 483 4527 sederit
508 4470 687 4522 Filius
703 4470 943 4522 hominis
964 4473 1027 4523 in
1047 4472 1165 4525 sede
1184 4473 1486 4538 majestatis
1501 4488 1630 4527 suae.
1652 4488 1734 4527 se-

172 4549 383 4609 dEbitiset
402 4574 491 4611 vos
508 4573 679 4625 super
697 4559 979 4613 duodecim
996 4560 1138 4611 sedes
1160 4560 1516 4629 (Mattli.x1x):
1542 4567 1725 4630 potest

173 4640 334 4697 referri
361 4651 416 4699 et
442 4647 513 4701 ad
545 4663 745 4701 omnes
772 4647 1217 4717 praedestinatos,
1233 4649 1328 4717 qui
1353 4648 1410 4703 in
1432 4649 1611 4719 capite
1629 4666 1731 4705 suo

174 4725 355 4795 Christo
378 4736 570 4788 omnia
610 4735 915 4805 possident,
955 4752 1077 4806 quae
1117 4736 1237 4806 ipse
1277 4736 1547 4806 possidet.
1588 4738 1730 4793 Cum

171 4815 292 4870 enim
321 4823 499 4877 omnis
517 4829 780 4881 creatura
799 4824 1491 4895 longeincomparabiliter
1508 4826 1680 4883 distet
1698 4843 1732 4880 a

169 4900 285 4957 Filio
310 4908 418 4973 Dei,
447 4927 548 4978 per
578 4927 739 4979 quem
766 4913 918 4978 facta
957 4918 1087 4966 sunt
1133 4916 1324 4967 omnia
1370 4915 1559 4983 (Joan.
1592 4920 1649 4981 ι),
1681 4914 1730 4967 si

170 4988 291 5047 Deus
311 4996 467 5051 Pater
494 5000 555 5053 in
586 5005 808 5055 tantum
830 5017 930 5055 nos
954 5000 1164 5063 dilexit,
1191 5008 1255 5057 ut
1300 5018 1400 5071 pro
1430 5001 1588 5057 nobis
1608 5008 1725 5056 tra-

171 5076 300 5136 deret
327 5085 501 5154 illum,
534 5089 732 5158 utique
762 5089 971 5159 poterit.
995 5090 1051 5145 in
1081 5089 1241 5143 nobis
1263 5090 1370 5144 ista
1396 5090 1652 5161 implere.

226 5170 335 5235 Quis
346 5179 620 5231 accusabit
639 5179 1090 5231 adversuselectos
1105 5179 1281 5231 ΒριῬίίί
1297 5180 1529 5248 estzquis
1541 5186 1728 5234 sumet

172 5268 543 5317 accusationem
561 5265 826 5318 adversus
849 5266 1053 5318 electos
1071 5266 1207 5321 Dei?
1227 5267 1488 5321 Diabolus
1501 5276 1728 5323 accusat

172 5341 343 5400 electos
362 5350 626 5416 Dei,sicut
644 5353 1157 5408 accusavitbeatum
1183 5353 1312 5416 Job,
1334 5356 1432 5411 sed
1458 5357 1725 5411 meritum

173 5434 429 5499 δαιὶιωοη
444 5440 667 5505 minuit,
679 5442 808 5511 quia
827 5445 908 5503 vir
915 5444 1182 5512 justus,ej
1190 5460 1256 5501 us
1272 5444 1502 5499 adversa
1514 5445 1727 5514 patien-

1834 3049 2027 3104 derate
2054 3051 2293 3111 Paulum
2328 3070 2341 3118 ε
2381 3056 2512 3105 ante
2559 3049 2743 3120 potuit
2792 3049 2941 3109 Nero
2992 3045 3119 3119 iiios
3176 3045 3431 3119 occidere

1834 3156 2001 3210 quam
2022 3155 2055 3193 a
2075 3140 2348 3195 charitate
2368 3138 2575 3197 Christi
2597 3139 2921 3208 seiungere:
2952 3134 3271 3206 §tephqnu5
3286 3134 3430 3207 139;-

1832 3226 1995 3282 dibus
2020 3226 2597 3297 obrutis,Laurentius
2625 3224 3047 3296 ustulatusmon
3066 3227 3373 3298 potuerunt
3392 3239 3430 3277 a

1832 3298 2054 3371 Christo
2091 3316 2341 3388 separari
2372 3314 2638 3387 quoniam
2661 3313 2742 3383 ita
2771 3317 2935 3386 erant
2962 3317 3153 3379 mente
3187 3312 3301 3385 Deo
3341 3328 3431 3390 cp-

1830 3405 2025 3477 pulati,
2059 3411 2122 3460 ut
2149 3404 2504 3475 insensibiles
2549 3407 2738 3457 essent
2791 3401 2862 3473 ad
2906 3400 3098 3474 omnia
3132 3400 3428 3478 toleranda

1830 3499 2130 3549 tormenta.
2164 3488 2433 3563 Nunquid
2464 3510 2566 3546 nos
2595 3489 2881 3562 separabit
2900 3490 3211 3559 tribulatio,
3234 3504 3312 3551 an
3327 3504 3428 3543 an-

1827 3585 2053 3650 gustia?
2079 3582 2353 3652 Augustis
2390 3583 2596 3649 dicitur
2635 3580 2817 3634 omnis
2851 3577 3174 3651 necessitas,
3207 3577 3422 3652 omnis-

1829 3688 1937 3742 que
1964 3671 2277 3743 indigentia
2302 3689 2314 3723 :
2339 3673 2641 3740 persecutio
2661 3674 2850 3739 autem
2877 3672 2963 3737 est
2990 3666 3071 3723 vis
3090 3666 3245 3737 mali.
3273 3667 3421 3739 Nam

1826 3760 2083 3830 persequi
2114 3766 2198 3813 est
2216 3765 2410 3830 aperte
2422 3760 2531 3814 vim
2553 3758 2782 3829 inferre.
2802 3758 3120 3825 Periculum
3143 3761 3167 3809 ἲ
3189 3755 3422 3829 Pericu-

1824 3847 1941 3903 lum
1970 3848 2028 3916 in
2050 3848 2241 3915 multis
2270 3845 2437 3915 rebus
2462 3852 2519 3900 et
2541 3847 2598 3901 in
2627 3844 2846 3913 insidiis
2864 3842 3421 3917 accipiturﬁladius?

1823 3934 2055 4005 Gladius
2086 3953 2212 3990 vero
2251 3940 2435 4007 potest
2454 3934 2771 4005 signiﬁcare
2787 3931 3049 4005 quaeiibet
3058 3947 3268 4001 genera
3287 3948 3419 4008 sup~

1821 4024 2136 4099 pliciorum.
2170 4027 2356 4093 Fames
2381 4029 2430 4093 et
2458 4024 2685 4093 auditas
2709 4027 2731 4075 ?
2758 4021 2883 4091 Non
2914 4024 3176 4093 poterant
3201 4035 3297 4093 eos
3325 4036 3417 4099 se-

1818 4129 2039 4184 parare,
2068 4113 2199 4185 quia
2230 4112 2509 4183 habebant
2537 4126 2742 4199 panem
2762 4125 2957 4199 verum
2987 4106 3293 4199 Christum,
3318 4104 3416 4185 qui

1818 4218 1913 4254 eos
1928 4201 2296 4272 spiritualiter
2311 4196 2576 4273 pascebat
2596 4205 2653 4252 et
2670 4197 3111 4269 vestiebat.sicut
3126 4196 3261 4271 alibi
3269 4199 3415 4289 ῥιψ-

1815 4291 1992 4345 stolus
2022 4291 2104 4345 ait
2133 4304 2145 4338 ε
2179 4292 2446 4358 Quotquot
2475 4293 2539 4343 in
2556 4289 2770 4375 Chrisiu
2804 4288 3068 4359 baptizati
3092 4288 3236 4355 ϐᾄίὶε,
3258 4287 3417 4361 Citri-

1816 4385 1964 4433 stum
1990 4381 2254 4433 induistis
2272 4378 2409 4443 (Gal.
2434 4377 2538 4447 III).

1888 4469 2029 4537 Quia
2051 4472 2277 4538 propter
2303 4473 2348 4520 te
2378 4468 2791 4535 mortiﬁcamur
2812 4470 2921 4537 tota
2950 4454 3182 4521 die.Vox
3204 4470 3421 4541 marty-

1816 4573 1940 4610 rum
1970 4556 2036 4609 ad
2071 4556 2520 4629 Chi‘istum.7_'ota
2536 4557 2622 4609 die
2648 4553 2862 4625 dicit,id
2881 4557 2967 4617 est
2987 4548 3411 4627 omnitempore

1815 4645 2065 4719 quamdiu
2094 4640 2353 4713 vivimus;
2382 4647 2516 4712 quia
2543 4645 2642 4715 qui
2660 4642 3087 4713 perseveraverit
3116 4655 3287 4713 usque
3343 4643 3407 4707 in

1811 4738 1998 4807 finem,
2031 4734 2390 4801 coronabitur
2421 4732 2631 4802 (Matth.
2655 4730 2859 4801 x).Non
2888 4728 3040 4801 enim
3066 4727 3273 4807 sufﬁcit
3295 4744 3408 4801 uno

1813 4824 1903 4878 die
1926 4842 2026 4895 pro
2044 4825 2266 4879 Christo
2281 4822 2701 4878 tribulationem
2724 4818 2963 4890 pati,sed
2982 4819 3134 4891 omni
3151 4824 3406 4895 tempore

1812 4914 1859 4966 si
1880 4930 2103 4967 necesse
2117 4912 2587 4981 fuerit/Estimati
2606 4925 2799 4961 sumus
2822 4911 2965 4961 sicut
2983 4924 3101 4962 oves
3121 4912 3408 4964 occisionis

1810 5019 1934 5072 quae
1965 5002 2297 5055 occiduntur
2343 5000 2464 5053 sine
2504 4984 2895 5050 reluctatione.
2924 4995 3080 5053 Sicut
3108 5013 3237 5051 oves
3294 5015 3410 5054 non

1810 5092 2160 5145 reluctantur
2188 5106 2316 5143 cum
2339 5088 2411 5142 ad
2426 5092 2664 5141 mortem
2686 5085 2989 5151 ducuntur,
3003 5085 3152 5143 itaet
3166 5095 3270 5141 nos
3290 5104 3405 5143 non

1807 5180 2166 5239 reluctemur,
2194 5178 2328 5232 dum
2361 5174 2624 5230 occisioni
2655 5188 2940 5245 paramur.

1878 5267 1981 5322 Sed
2008 5269 2067 5319 in
2087 5267 2172 5318 his
2205 5266 2459 5318 omnibus
2483 5251 2940 5319 tribulationibus
2969 5263 3265 5329 tormentis
3297 5275 3406 5336 quo

1810 5355 1975 5425 positi
2006 5367 2332 5420 superamus
2362 5352 2699 5407 etvincimus
2715 5356 2937 5420 propter
2952 5369 3079 5407 eum
3099 5357 3198 5421 qui
3213 5356 3408 5421 dilexit

1810 5443 1988 5507 nos,id
2011 5450 2097 5501 est
2118 5447 2347 5513 propter
2364 5441 2652 5499 Christum
2690 5441 2788 5515 qui
2810 5456 2913 5503 nos
2931 5434 3125 5503 dilexit
3141 5456 3318 5511 usque
3337 5443 3410 5513 ad
