3850 6168
451 228 558 287 439

896 230 1276 288 HAYMONIS
1318 234 1807 292 HALBERSTAT.
1844 234 2066 290 EPISC.
2104 235 2262 291 OPP.
2289 234 2474 289 PARS
2502 234 2546 289 Ι.
2581 263 2645 274 -
2677 231 3056 291 COMMENT.
3094 234 3271 293 BIBL.

3553 241 3633 297 440

450 363 717 425 mortem,
751 358 886 429 quia
904 374 1008 430 pro
1034 357 1197 413 nobis
1224 364 1311 415 est
1352 365 1626 424 mortuus,
1659 365 1716 414 et
1758 360 1853 430 qui
1886 359 2044 415 nobis
2062 362 2107 420 Α
2129 358 2485 414 crediderant
2505 362 2667 413 erant
2693 358 2871 413 Judaei
2901 358 3206 421 credentes,
3240 359 3421 431 quibus
3434 363 3526 416 ista
3537 367 3640 418 scri-

457 446 630 505 dixit:
652 446 828 502 Nolite
861 450 1054 501 timere
1074 464 1158 501 eos
1185 450 1284 516 qui
1300 449 1553 501 occidunt
1570 452 2044 517 corpus,animam
2129 447 2321 501 bebat:
2353 454 2409 501 et
2438 447 2572 517 quia
2600 453 2761 501 erant
2781 447 2875 517 qui
2897 447 3145 501 dicerent
3170 448 3404 512 Paulum,
3431 466 3525 503 non
3548 452 3643 505 dili-

456 541 643 589 autem
676 552 788 588 non
813 540 1042 604 possunt
1071 538 1306 589 occidere
1338 537 1545 603 (Matth.
1579 536 1658 607 ι).

2129 552 2263 605 gere
2290 542 2517 605 gentem
2548 552 2800 593 suam.eo
2830 536 2979 605 quod
3008 537 3391 605 evangelizaret
3414 539 3642 607 gentibus,

528 623 717 678 Certus
745 626 896 676 enim
916 639 1042 676 sum
1070 627 1202 690 quia
1228 640 1395 691 neque
1421 640 1718 696 mors,qum
1738 625 2054 696 injungitur
2131 626 2457 694 juramento
2483 623 2693 693 obligat
2711 639 2969 676 asserens
2980 640 3041 677 se
3065 623 3289 693 diligere
3304 629 3357 677 et
3371 639 3536 677 amare
3548 640 3650 694 gen-

458 710 703 782 corpori,
732 711 940 781 poterit
964 726 1066 764 nos
1094 727 1356 781 separare
1403 728 1437 765 a
1493 713 1767 767 charitate
1822 714 2051 768 Christi.

458 801 583 855 Non
612 799 752 853 dixit
776 800 994 870 opinor,
1016 799 1113 853 sed
1130 806 1317 853 certus
1345 817 1467 854 sum
1493 820 1506 868 ;
1540 818 1709 869 neque
1755 806 1890 869 vita,
1920 802 2054 856 sub-

462 888 623 942 audis
651 903 896 958 praesens
925 904 1050 958 quae
1093 889 1149 941 in
1185 888 1549 960 longinquum
1592 890 2054 960 abnegationibus

2135 718 2247 766 tem
2279 728 2459 775 suam,
2497 712 2645 765 unde
2675 718 2732 765 et
2757 711 3046 781 subjungit
3077 729 3088 763 :
3132 713 3492 765 Testimonium
3510 714 3652 779 perhi-

2138 802 2288 854 bente
2302 801 2444 853 mihi
2457 802 2788 853 conscientia
2802 814 2921 852 mea
2938 802 2999 852 in
3014 799 3231 866 Spiritu
3246 804 3652 867 sancto,quoniam

2138 891 2367 942 tristitia
2385 892 2461 940 est
2478 887 2621 939 mihi
2642 892 2923 952 magna,et
2938 890 3232 940 continuus
3246 888 3391 940 dolor
3404 889 3537 940 cordi
3548 904 3655 941 mea.

464 975 673 1030 Christi
704 976 1137 1046 promittitur,et
1156 983 1239 1031 est
1269 993 1467 1030 sensus
1492 993 1503 1027 :
1536 977 1594 1031 Si
1619 977 1864 1033 minatus
1888 980 2058 1033 fuerit
2134 978 2259 1031 Non
2284 975 2422 1029 dicit
2450 974 2665 1028 modica
2686 982 2742 1028 et
2771 991 2941 1043 parva
2959 974 3189 1028 tristitia
3210 974 3337 1026 mihi
3357 980 3661 1035 est,auttem-

461 1064 599 1117 mihi
625 1064 773 1117 Nero
804 1070 1041 1117 mortem
1072 1064 1333 1118 omnibus
1356 1066 1747 1131 crudeliorem,
1765 1073 1866 1121 aut
1884 1068 2055 1121 vitam
2135 1080 2415 1136 poraneus
2441 1064 2598 1116 dolor
2627 1063 2812 1116 subito
2836 1063 3111 1125 accidens,
3137 1062 3417 1132 subitoque
3430 1063 3661 1130 recedens,

459 1152 521 1206 in
545 1151 807 1222 praesenti
838 1152 1040 1206 seculo
1072 1152 1331 1206 omnibus
1358 1153 1681 1217 feliciorem,
1714 1171 1823 1208 non
1851 1156 2060 1225 poterit

463 1255 556 1294 me
577 1255 841 1310 separare
860 1255 895 1292 a
922 1240 1030 1293 ﬁde
1059 1240 1266 1294 Christi
1294 1241 1391 1295 sed
1411 1257 1593 1311 neque
1610 1242 1750 1296 alios
1765 1249 2057 1314 coaposto-

465 1328 550 1381 los
579 1343 734 1381 meos
758 1346 772 1393 ;
802 1343 973 1395 neque
999 1332 1203 1395 angeli,
1219 1328 1487 1383 subaudis
1511 1330 2057 1401 maligni,quitrans-

465 1415 715 1484 ﬁgurant
745 1432 804 1468 se
832 1414 891 1469 in
920 1416 1149 1486 angelos
1178 1417 1347 1484 lucis;
1381 1419 1465 1471 vel
1520 1420 1823 1473 secundum
1872 1420 2011 1473 illud
2039 1439 2050 1473 :

468 1503 534 1559 Si
559 1506 789 1571 angelus
816 1505 879 1557 de
909 1506 1033 1558 caelo
1055 1508 1383 1573 evangelizet
1412 1509 1559 1561 vobis
1583 1512 1781 1575 prater
1800 1510 1944 1576 quod
1964 1525 2060 1563 nos

468 1594 933 1658 erangelizamus,
964 1594 1263 1645 anathema
1291 1596 1360 1646 sit
1394 1594 1592 1662 (Cain).
1618 1595 1687 1649 Et
1712 1603 1802 1649 est
1826 1612 2024 1650 sensus
2047 1615 2058 1649 :

2138 1153 2235 1208 sed
2250 1157 2493 1205 testatur
2515 1167 2776 1220 magnam
2794 1151 3083 1205 tristitiam
3108 1158 3165 1204 et
3180 1151 3449 1204 assiduum
3462 1151 3663 1205 dolorem

2139 1240 2244 1293 sibi
2257 1241 2438 1293 inesse
2451 1256 2550 1309 pro
2568 1239 2832 1293 fratribus
2846 1239 3083 1309 suis,qui
3104 1239 3302 1292 Filium
3320 1239 3412 1291 Dei
3426 1239 3489 1291 ad
3505 1255 3556 1292 se
3566 1240 3666 1292 mis-

2140 1343 2401 1387 sum.non
2424 1328 2602 1381 solum
2626 1328 2929 1382 noluerunt
2956 1326 3354 1391 suscipere,sed
3377 1326 3577 1395 insuper
3592 1327 3667 1378 de-

2139 1416 2518 1468 clamaverunt
2542 1431 2671 1469 eum
2697 1414 2932 1483 dignum
2957 1418 3157 1479 morte,
3187 1413 3424 1466 dicentes
3462 1413 3525 1465 ad
3556 1413 3668 1466 Pila-

2143 1509 2265 1557 tum
2287 1520 2305 1554 :
2334 1504 2618 1570 Cruciﬁge,
2660 1504 2916 1569 cruci/ige
2941 1518 3070 1555 eum
3102 1503 3255 1567 (Luc.
3287 1508 3446 1564 XXIX),
3477 1518 3586 1554 reus
3607 1509 3672 1554 est

2147 1591 2360 1647 mortis.
2388 1591 2547 1655 Quod
2565 1590 2771 1644 dicitin
2791 1590 3011 1657 Spiritu
3024 1594 3232 1654 sancto,
3257 1590 3335 1641 vel
3353 1588 3671 1659 perSpiritum

470 1680 590 1734 Etsi
618 1680 852 1749 angelus
875 1679 943 1733 de
968 1681 1105 1734 celo
1137 1681 1300 1736 vellet
1333 1659 1421 1736 me
1449 1659 1759 1754 separarea
1786 1684 2063 1740 charitate
2084 1659 2127 1719 Β
2144 1685 2423 1744 sanctum,
2444 1681 2601 1750 jurat
2629 1678 2773 1733 sicut
2792 1695 2892 1749 per
2915 1678 3224 1741 Christum,
3266 1678 3321 1731 id
3355 1683 3437 1731 est
3458 1677 3694 1761 Spiritum.

471 1762 700 1834 Christi,
734 1769 879 1839 quod
911 1769 1033 1823 ﬁeri
1064 1785 1176 1824 non
1206 1776 1406 1840 potest,
1440 1788 1551 1825 non
1578 1779 1770 1843 posset
1797 1789 1886 1826 me
1911 1790 2066 1844 sepa-
2146 1774 2400 1823 sanctum
2423 1769 2517 1839 qui
2540 1773 2664 1822 erat
2686 1770 2744 1821 in
2766 1774 2952 1820 mente
2973 1766 3346 1829 illius,testem
3370 1765 3572 1819 adhibet
3584 1781 3679 1819 oon-

472 1873 618 1912 rare.
648 1858 831 1925 Neque
849 1861 1218 1927 principatus,
1242 1859 1295 1912 id
1328 1865 1415 1913 est
1434 1861 1726 1916 contrariae
1761 1868 2066 1931 potestates
2147 1857 2393 1912 scientiae
2419 1873 2553 1919 suae,
2574 1856 2695 1927 ipsa
2723 1855 3064 1909 conscientia
3082 1855 3462 1908 testimonium
3480 1853 3571 1907 sibi
3589 1871 3680 1924 per-

472 1946 813 2011 daemonum,
847 1963 970 2017 quae
1002 1947 1128 2001 aliis
1158 1948 1564 2019 principantur,
1594 1950 1664 2003 de
1695 1949 1899 2021 quibus
1945 1951 2066 2021 ipse
2147 1946 2551 2016 hibente,quod
2580 1945 2818 1999 nimium
2843 1944 3061 1998 doleret
3086 1944 3156 1998 de
3166 1943 3473 2015 perditione
3488 1944 3679 1997 fratrum

473 2035 609 2089 dicit
641 2035 699 2088 in
727 2034 972 2105 Epistola
1000 2035 1071 2088 ad
1095 2036 1365 2107 Ephesios
1397 2042 1532 2105 (cap.
1556 2038 1637 2107 vr)
1668 2051 1679 2085 :
1711 2040 1834 2092 Non
1864 2045 1939 2092 est
1971 2055 2068 2092 ηο-
2149 2050 2397 2090 suorum.

476 2125 556 2177 bis
575 2126 887 2177 colluctatio
903 2124 1162 2177 adversus
1187 2139 1412 2178 carnem
1439 2130 1486 2178 et
1506 2128 1953 2193 sanguinem,sed
1971 2128 2067 2179 ad-
2223 2123 2481 2191 Optabam
2498 2125 2857 2193 enim,proeo
2878 2121 3027 2192 quod
3048 2126 3300 2191 opto,ego
3318 2122 3587 2175 anathema
3602 2136 3681 2173 esse

474 2226 662 2264 versus
688 2213 960 2279 principes
990 2216 1039 2264 et
1062 2217 1367 2279 potestates,
1398 2215 1658 2267 adversus
1678 2216 1881 2267 mundi
1896 2221 2065 2269 recto-
2148 2228 2183 2266 a
2204 2212 2419 2267 Christo
2442 2227 2546 2280 pro
2575 2213 2850 2279 fratribus
2872 2214 3133 2279 meis,qui
3152 2215 3289 2264 sunt
3315 2213 3686 2277 eognatimeise-

477 2314 563 2352 res
576 2301 928 2352 tenebrarum
950 2300 1361 2368 harum.Neque
1390 2304 1639 2367 virtutes,
1653 2303 1947 2357 contrariae
1961 2304 2070 2358 dae-
2148 2302 2397 2367 cundum
2421 2302 2773 2367 carnem,qui
2788 2313 2918 2352 sunt
2941 2299 3289 2365 lsraelitzﬁd
3302 2306 3385 2353 est
3398 2300 3461 2352 de
3476 2297 3686 2369 progenie

476 2403 729 2454 manum,
763 2404 885 2459 quae
913 2387 1017 2441 sub
1045 2388 1180 2459 ipsis
1208 2389 1555 2460 principibus
1598 2391 1929 2446 consistunt.
1961 2393 2067 2446 Ne-
2151 2388 2347 2443 Israel.
2381 2388 2541 2443 Unde
2575 2388 2725 2441 venit
2761 2393 2879 2441 tam
2928 2387 3117 2441 subita
3173 2388 3412 2442 mutatio
3456 2387 3506 2440 in
3541 2386 3686 2439 animo

477 2491 579 2545 que
607 2478 901 2539 instantia,
928 2475 985 2529 id
1003 2482 1090 2529 est
1116 2478 1414 2546 praesentia
1435 2478 1577 2532 bona
1597 2496 1720 2549 quae
1735 2480 2071 2550 promittuu-
2150 2476 2401 2546 Apostoli
2423 2486 2488 2530 ut
2516 2480 2738 2547 optaret
2766 2476 3070 2529 anathema
3100 2492 3225 2530 esse
3254 2492 3288 2529 a
3324 2476 3548 2539 Christo,
3575 2473 3688 2544 quod

474 2570 572 2620 tur
597 2563 971 2625 credentibus.
1006 2565 1093 2618 vel
1122 2566 1268 2619 mala
1296 2582 1419 2636 quae
1452 2568 1756 2622 minantur.
1790 2570 1972 2637 Neque
1987 2571 2076 2636 fu-
2156 2565 2214 2619 in
2240 2565 2521 2636 plerisque
2542 2564 2677 2618 locis
2698 2581 2797 2635 pro
2819 2564 3171 2634 separatione
3184 2565 3546 2635 ponitur-,cum
3563 2562 3690 2634 paulo

480 2657 631 2717 tura,
665 2651 934 2706 subaudis
964 2651 1112 2705 bona
1140 2653 1225 2706 vel
1257 2655 1406 2708 mala
1433 2655 1593 2710 istius
1651 2656 1858 2710 saeculi.
1894 2657 2073 2724 Neque
2156 2654 2415 2724 superius
2442 2653 2649 2708 dixerit
2675 2653 2828 2707 nullo
2859 2653 3024 2707 modo
3078 2670 3138 2707 se
3183 2670 3349 2724 posse
3400 2670 3432 2707 a
3472 2652 3693 2707 charitate

476 2742 769 2809 fortitudo,
801 2740 856 2794 id
885 2741 1236 2796 estdiabolus
1257 2744 1516 2814 princeps
1535 2744 1851 2799 daemonum
1873 2745 1942 2798 de
1963 2761 2073 2815 quo
2156 2743 2366 2797 Christi
2386 2743 2638 2813 separari
2658 2743 2682 2795 7
2699 2741 3182 2796 Considerandum
3201 2748 3289 2796 est
3304 2743 3431 2813 quia
3448 2741 3695 2795 anathema

476 2830 711 2885 dicitur:
744 2829 886 2885 Cum
916 2830 1078 2884 fortis
1107 2837 1361 2885 armatus
1390 2833 1636 2887 custodit
1658 2834 1866 2887 atrium
1909 2850 2073 2888 suum
2156 2831 2340 2883 varias
2362 2830 2531 2884 habet
2549 2830 2987 2900 signiﬁcationes
3012 2851 3023 2885 :
3046 2831 3279 2901 ponitur
3298 2831 3442 2884 enim
3471 2846 3558 2901 pro
3577 2845 3698 2898 sepa-

474 2920 625 2988 (Luc.
657 2923 753 2986 xx).
787 2921 969 2987 Neque
999 2921 1258 2983 altitudo,
1302 2921 1358 2974 id
1412 2914 1860 2992 est'astrologia.
1894 2925 2075 2991 Neque
2092 2962 2139 2992 η
2159 2920 2398 2981 ratione,
2422 2920 2568 2972 sicut
2595 2919 2653 2971 in
2683 2918 2866 2972 edicto
2890 2918 3196 2972 Justiniani
3229 2919 3567 2990 imperatoris
3591 2916 3697 2970 dici-

473 3008 845 3076 profundum,
879 3006 933 3060 id
964 3014 1052 3062 est
1083 3010 1489 3071 necromantia.
1523 3027 1647 3083 quae
1676 3011 1942 3065 inferiora
1987 3011 2074 3065 in-
2094 3006 2139 3024 ν
2158 3014 2269 3069 tur,
2297 3014 2354 3061 et
2382 3008 2476 3062 ubi
2506 3008 2586 3061 ait
2611 3008 2759 3061 idem
2787 3008 3115 3078 Apostolus:
3150 3008 3217 3063 Si
3246 3011 3471 3076 angelus
3510 3010 3567 3060 de
3605 3006 3699 3059 calo

477 3094 623 3149 femi
651 3100 954 3157 scrutatur,
988 3113 1089 3166 per
1113 3114 1234 3167 quae
1276 3099 1386 3151 duo
1420 3100 1581 3153 multi
1618 3100 2014 3155 avertebantur
2043 3118 2078 3155 a
2158 3097 3015 3164 evangelizetvobisprzterquam
3038 3098 3182 3166 quod
3198 3114 3297 3150 nos
3315 3099 3699 3163 euangelizante:

480 3182 690 3237 ﬁde.Et
718 3189 805 3236 est
828 3199 1026 3237 sensus
1057 3198 1069 3231 :
1103 3186 1334 3238 Etiamsi
1368 3203 1561 3241 omnes
1591 3190 1859 3259 astrologi
1876 3197 1931 3243 et
1955 3207 2078 3244 ma-
2158 3185 2628 3247 robis,anathema
2655 3187 2725 3236 sit
2752 3185 2895 3249 (Gal.
2930 3189 2989 3241 ι).
3018 3184 3075 3238 id
3106 3190 3193 3238 est
3223 3202 3258 3238 a
3285 3186 3398 3239 Deo
3440 3188 3697 3255 separatus.

481 3272 791 3335 thematici,
823 3272 929 3325 hoc
955 3278 1040 3327 est
1058 3278 1338 3328 astrorum
1371 3285 1778 3346 conspectores,
1804 3279 1897 3347 qui
1927 3296 1988 3333 se
2001 3280 2079 3334 fa-
2159 3272 2395 3327 Ponitur
2412 3278 2470 3325 et
2499 3289 2599 3342 pro
2622 3272 3034 3338 maledictione.
3059 3278 3124 3327 ut
3151 3274 3209 3327 in
3239 3273 3548 3328 Canonibus
3568 3271 3700 3325 habe

482 3366 678 3417 tentur
702 3360 979 3414 rationem
1005 3361 1252 3416 siderum
1287 3374 1578 3433 penetrare
1603 3373 1658 3418 et
1690 3382 1889 3420 cursus
1921 3384 2055 3422 vene

2158 3366 2254 3415 tur
2274 3361 2578 3431 saepissime
2602 3382 2613 3416 :
2640 3361 2702 3416 Si
2715 3365 2840 3428 quis
2859 3363 2956 3415 hoc
2978 3364 3059 3415 vel
3080 3364 3229 3415 illud
3246 3362 3702 3430 fecerit,anathenm

485 3450 603 3504 rint
624 3456 822 3503 contra
840 3465 975 3516 nos;
1000 3450 1086 3504 vel
1105 3452 1274 3505 etiam
1295 3452 1368 3506 illi
1389 3454 1480 3522 qui
1497 3470 1595 3524 per
1611 3456 2073 3523 necromantiam,
2159 3452 2250 3512 διἰ,
2283 3449 2340 3502 id
2365 3456 2452 3502 est
2479 3449 2829 3503 maledictus.
2865 3450 3100 3504 Ponitur
3125 3467 3229 3521 pro
3263 3452 3532 3506 occisione
3548 3464 3704 3518 oorpo-

484 3538 541 3593 id
572 3545 662 3593 est
688 3543 1039 3593 mortuorum
1071 3541 1575 3607 resuscitationom,
1607 3543 1826 3597 animas
1856 3544 1925 3597 :ib
1944 3545 2077 3599 infe-
2160 3537 2285 3604 Tali.
2318 3544 2382 3591 ut
2411 3537 2520 3604 hi0,
2545 3537 2691 3607 (ιιιοά
2738 3538 2850 3591 tale
2880 3543 2966 3591 est
2992 3555 3057 3592 ac
3083 3539 3331 3594 diceret:
3357 3538 3608 3611 Optabam
3630 3550 3708 3604 ego

485 3627 563 3681 ris
588 3633 869 3693 revocant,
904 3627 1050 3682 sicut
1078 3629 1283 3682 mulier
1320 3630 1418 3683 illa
1446 3632 1773 3701 pythonissa
1806 3634 2084 3687 revocavit
2163 3626 2402 3680 interﬁci
2432 3643 2466 3679 a
2487 3625 2707 3679 Christo
2736 3642 2988 3697 corpore,
3011 3633 3069 3681 et
3095 3628 3202 3681 hoc
3230 3635 3320 3683 est
3346 3628 3487 3699 quod
3509 3627 3626 3681 dicit
3648 3639 3711 3676 se-

486 3716 734 3771 animam
768 3717 1065 3780 Samuelis,
1099 3733 1455 3790 nequaquam
1475 3725 1744 3789 poterunt
1771 3737 1873 3774 nos
1918 3738 2081 3793 sepa-
2165 3715 2412 3769 cundum
2440 3731 2685 3769 carnem.
2720 3716 2949 3769 Poterat
2985 3716 3188 3787 aliquis
3212 3718 3438 3771 dicere:
3494 3716 3535 3770 Ο
3587 3713 3711 3767 beate

487 3820 615 3859 rare
646 3821 679 3858 a
702 3804 977 3858 charitate
1006 3805 1215 3859 Christi
1240 3825 1252 3873 ;
1278 3823 1449 3875 neque
1477 3815 1737 3862 creatura
1763 3813 1898 3867 alia.
1922 3811 1978 3864 id
1999 3818 2085 3865 est
2166 3803 2451 3874 Apostole,
2476 3820 2649 3873 quare
2671 3803 2902 3873 optabas
2920 3804 3160 3859 interﬁci
3176 3806 3487 3860 secundum
3505 3799 3711 3858 carnem?

487 3894 535 3948 si
562 3892 752 3964 aliqua
778 3899 1038 3948 creatura
1062 3901 1147 3948 est
1177 3911 1421 3961 sursum,
1450 3902 1550 3952 aut
1578 3899 1861 3964 deorsum,
1883 3905 2053 3970 praete

2165 3891 2249 3945 Ad
2270 3891 2375 3945 hoc
2393 3891 2919 3961 subintulitipse:Ut
2933 3891 3135 3946 fratres
3150 3894 3394 3961 mei,qui
3405 3888 3713 3957 suntcognatl'

486 3982 625 4037 istas
644 3999 785 4054 quas
802 3982 1043 4047 dixi,nec
1062 3983 1184 4053 ipsa
1190 3988 1391 4051 poterit
1421 4002 1516 4039 nos
1543 4002 1800 4055 separare
1819 3987 1877 4040 in
1914 3989 2055 4042 alian

2168 3982 2276 4031 mei
2321 3981 2625 4032 secundum
2671 3995 2921 4044 carnem,
2950 3981 3085 4034 salvi
3144 3981 3367 4047 ﬁerent,
3402 3988 3458 4035 et
3516 3980 3715 4033 viverent

488 4078 727 4143 partem.
761 4071 863 4125 Vel
895 4072 1202 4127 secundum
1233 4073 1704 4144 Gregorium,alia
1724 4078 2053 4132 creaturain

2166 4073 2355 4121 mente
2384 4069 2520 4122 Deo.
2550 4068 2792 4122 Dicendo
2821 4085 2971 4135 vero,
3003 4073 3102 4137 qui
3129 4076 3265 4124 sunt
3295 4074 3513 4137 cognati
3537 4071 3631 4120 mei
3653 4080 3715 4117 se-

489 4160 766 4229 telligitur
793 4160 885 4213 hic
903 4161 1071 4214 homo
1100 4160 1195 4230 qui
1225 4177 1284 4214 se
1318 4168 1504 4231 potest
1524 4180 1558 4216 a
1584 4164 1857 4219 charitate
1877 4167 1976 4221 Dei
1999 4183 2055 4221 se

2169 4158 2415 4210 cundum
2443 4172 2691 4223 carnem,
2715 4157 2960 4211 ostendit
2988 4174 3099 4211 non
3129 4174 3253 4212 esse
3285 4160 3413 4213 illos
3440 4157 3538 4212 sibi
3560 4169 3718 4225 cogna-

492 4237 695 4317 parare
725 4247 870 4299 male
901 4247 1157 4302 vivendo.
1200 4248 1263 4301 Et
1314 4256 1399 4302 est
1448 4266 1647 4305 sensus
1677 4270 1687 4304 :
1742 4254 1936 4324 Neque
1977 4250 2256 4335 aliaDtos
2284 4245 2606 4314 integritate
2635 4245 2846 4311 ﬁdei,et
2862 4246 3154 4300 devotione
3176 4249 3384 4302 mentis
3411 4248 3719 4302 Imitatusest

492 4340 753 4389 creatura
781 4349 947 4403 quam
978 4350 1080 4387 nos
1099 4335 1206 4405 ipsi
1229 4340 1426 4403 poterit
1458 4354 1553 4392 nos
1579 4355 1835 4408 separare
1854 4360 1888 4397 a
1910 4345 2055 4398 chari

2173 4338 2361 4386 autem
2392 4333 2693 4402 Apostolus
2723 4333 2782 4386 in
2813 4334 2915 4387 hoc
2944 4334 3065 4387 loco
3089 4334 3427 4390 charitatem
3456 4342 3511 4390 et
3552 4333 3719 4386 factum

498 4427 605 4476 tate
632 4423 749 4486 Dei,
782 4437 900 4489 qua
919 4428 993 4475 est
1018 4425 1080 4475 in
1102 4422 1316 4477 Christo
1334 4426 1459 4477 Jesu
1487 4443 1502 4487 ;
1530 4442 1631 4480 nos
1651 4434 1771 4482 tum
1792 4447 2055 4501 possumu

2173 4420 2350 4491 Moysi
2372 4421 2707 4490 legislatoris
2736 4440 2749 4488 ;
2777 4421 2867 4474 cui
2895 4438 3023 4476 cum
3052 4421 3285 4476 dixisset
3327 4423 3616 4477 Dominus:
3645 4420 3721 4471 Dc-

494 4528 599 4566 nos
628 4526 891 4581 separare
914 4510 985 4564 ab
1011 4527 1079 4565 ea
1108 4512 1255 4565 male
1276 4512 1526 4566 vivendo.
1556 4514 1778 4570 Mentes
1805 4520 1953 4573 enim
1967 4538 2055 4574 sar

2172 4510 2377 4574 scende,
2402 4514 2636 4577 peccavit
2649 4513 2886 4579 populus
2902 4516 3048 4576 tuus,
3073 4516 3121 4563 et
3141 4512 3362 4565 dimitte
3375 4529 3456 4565 me
3478 4517 3535 4563 ut
3554 4510 3721 4563 deleam

491 4606 714 4656 ctorum
753 4600 831 4655 ita
859 4606 991 4655 sunt
1015 4599 1150 4665 Deo,
1183 4600 1276 4671 qui
1306 4617 1560 4657 summus
1590 4605 1819 4675 spiritus
1849 4615 1950 4670 est,
1994 4626 2055 4679 pe

2173 4613 2275 4662 eos,
2305 4602 2355 4649 et
2384 4600 2591 4664 faciam
2622 4604 2668 4651 te
2698 4602 2761 4652 in
2798 4604 3009 4666 gentem
3045 4614 3309 4666 magnam
3365 4600 3545 4667 (Exod.
3572 4600 3718 4655 nm),

493 4691 828 4745 charitatem
858 4691 1186 4760 conjunctae,
1221 4696 1284 4744 ut
1303 4689 1453 4743 inter
1478 4691 1601 4746 illas
1626 4700 1684 4747 et
1708 4694 1883 4749 Deum
1938 4699 2091 4753 nulla
2173 4684 2271 4749 ait,
2304 4685 2479 4738 nimia
2506 4688 2781 4740 charitate
2809 4687 3047 4740 ductus:
3079 4689 3188 4741 Aut
3250 4690 3469 4742 dimitte
3496 4690 3566 4740 eis
3613 4685 3723 4737 hanc

496 4787 756 4836 creatura
782 4781 857 4835 sit
880 4780 1101 4835 media;
1134 4779 1267 4851 quia
1295 4780 1391 4851 qui
1409 4781 1658 4837 adhaeret
1673 4783 1787 4838 Deo
1810 4802 1954 4840 unus
1973 4788 2088 4858 spi-
2172 4788 2396 4839 ποιταηῑν
2427 4779 2525 4827 aut
2551 4777 2663 4827 άέτίε
2694 4791 2776 4827 τηε
2802 4776 2864 4827 αθ
2897 4776 3035 4828 “bro
3066 4781 3157 4828 ιυο
3188 4777 3398 4841 (Ῐίη’ά-)-
3451 4775 3725 4840 “deusque

497 4868 643 4924 ritus
668 4874 771 4923 est.
2178 4861 2450 4915 Dominus
2470 4864 2592 4932 ejus
2619 4862 2952 4916 charitatem
2982 4880 3115 4932 erga
3146 4864 3437 4935 papulum,
3465 4863 3542 4918 ait
3566 4876 3577 4910 ε
3628 4860 3723 4914 Non

2175 4950 2352 5003 delebo
2383 4956 2429 5003 te
2464 4953 2528 5005 de
2545 4952 2684 5005 libro
2704 4953 2937 5015 meo,sed
2954 4953 3147 5005 dimisi
3159 4956 3334 5020 juxta
3363 4954 3577 5007 verbum
3596 4956 3723 5002 tuum

1104 4992 1345 5048 CAPUT
1374 4992 1471 5049 ΙΧ·
2180 5039 2369 5102 (Num.
2398 4992 2530 5109 χιῖῇ
2545 4992 3526 5112 'izg."..t':,;:.“e11;;:;1.".;;"..:;g."
3542 4992 3724 5093 ὃιπίεω

580 5115 869 5167 Veritatem
893 5116 1012 5169 dico
1042 5118 1104 5168 in
1135 5117 1348 5173 Christo
1390 5122 1535 5189 Jesu,
1567 5122 1623 5176 id
1654 5129 1737 5177 est
1767 5140 1867 5194 per
1922 5125 2092 5179 Chri—
2177 5126 2414 5197 placere,
2447 5128 2551 5181 hoc
2578 5127 2913 5197 loquebatur
2934 5128 3207 5182 charitate
3237 5136 3471 5199 cogente
3521 5128 3585 5181 de
3608 5123 3725 5179 occi-

500 5206 671 5266 stum,
707 5218 817 5254 non
850 5206 1107 5260 mentior.
1131 5204 1478 5263 Necessitate
1507 5218 1739 5282 cogente
1777 5230 1922 5284 saepe
1940 5214 2094 5283 jura-
2174 5216 2330 5269 sione
2355 5217 2603 5286 corporis
2644 5217 2750 5278 sui,
2786 5232 2913 5269 cum
2946 5216 3099 5271 nullo
3132 5218 3296 5271 modo
3321 5223 3539 5290 optaret
3560 5212 3726 5269 mentis

472 5290 597 5345 .bat
616 5290 934 5361 Apostolus,
955 5306 1067 5344 non
1088 5307 1258 5360 agens
1271 5303 1463 5350 contra
1486 5300 1704 5354 Domini
1731 5310 2088 5373 praeceptum,
2174 5305 2377 5358 affectu
2410 5306 2662 5375 separari
2684 5323 2716 5359 a
2747 5306 2985 5360 Christo.

495 5385 554 5435 et
579 5380 711 5451 quia
746 5379 998 5432 dicturus
1045 5384 1166 5432 erat
1198 5397 1316 5434 rem
1342 5399 1481 5452 pene
1523 5386 1932 5456 incredibilem,
1966 5391 2091 5445 ideo
2247 5396 2493 5460 Quorum
2522 5397 2805 5463 adoptioet
2826 5398 3094 5461 ﬁliorum,
3126 5396 3184 5450 id
3203 5396 3498 5451 estelectio
3517 5394 3723 5453 illorum,

490 5472 706 5544 juravit
733 5470 1065 5528 necessitate
1084 5476 1335 5545 cogente.
1357 5471 1502 5527 Nam
1534 5480 1678 5532 inter
1694 5479 1976 5535 Romanos
1997 5481 2093 5552 qui
2175 5483 2372 5536 electio
2401 5483 2644 5537 ﬁliorum
2684 5484 2929 5554 est,quia
2958 5500 3029 5538 ex
3051 5484 3189 5557 ipsis
3214 5486 3465 5555 adoptati
3482 5488 3607 5538 sunt
3627 5479 3723 5539 ﬁlii.
