3850 6168
3296 121 3323 141 δ

162 264 245 320 Mi
801 264 1179 322 EXPOSITIO
1218 267 1295 322 IN
1335 265 1489 321 EPP.
1532 266 1587 321 S.
1631 265 1864 320 PAULI.
1911 295 1975 306 —
2016 266 2095 321 IN
2133 265 2354 321 EPIST.
2395 265 2492 320 AD
2530 263 2703 324 ROM.
3278 260 3384 318 442

165 389 340 459 etipse
360 390 589 460 populus
617 391 918 445 vocabatur
938 391 1111 445 Pilius
1134 392 1261 446 Dei.
1309 390 1468 445 Unde
1497 390 1766 450 diciturA
1794 396 1886 442 luo
1927 392 2312 444 benedicentur
2367 407 2551 444 omnes
2614 396 2828 457 ,gcntcs,
2890 391 2948 443 id
3004 394 3076 442 est
3135 404 3246 441 non
3292 390 3391 456 qui

163 476 223 530 ad
276 476 648 531 Pharaonem.
698 481 877 532 Filius
950 495 1102 533 meus
1156 482 1480 546 progenitus
1542 479 1711 531 Israel
1794 480 1908 544 ﬁlii
1934 482 2149 542 carnis,
2183 479 2244 531 hi
2279 481 2390 546 ﬁlii
2443 480 2560 544 Dei,
2622 481 2713 532 sed
2776 482 2876 547 qui
2922 480 3032 544 ﬁlii
3080 481 3214 530 sunt
3263 491 3389 543 pro-

163 564 320 637 (Exod.
350 569 443 632 Iv),
476 571 531 619 et
571 582 669 636 per
698 567 901 621 Isaiam
932 585 945 619 ε
979 568 1155 620 Filius
1184 570 1356 633 genui
1383 571 1431 619 et
1472 568 1715 620 exaltavi
1796 569 2095 631 missionis,
2129 570 2482 621 zstimantur
2510 572 2572 620 in
2601 567 2986 621 semine.Licet
3015 564 3194 619 Judaei
3222 564 3279 617 in
3299 564 3388 617 in-

169 654 349 719 (lsa,1),
377 656 554 720 gloria
582 661 705 709 erat
731 655 862 715 illis,
897 654 1043 725 quod
1081 655 1150 708 de
1175 654 1433 708 omnibus
1453 654 1714 723 gentibus
1796 653 2064 709 ﬁdelitate
2096 661 2505 725 permanentes,
2539 655 2639 708 ﬁlii
2678 660 2811 708 sunt
2832 654 3069 708 Abrahae
3099 668 3200 725 per
3220 658 3390 707 natu-

163 740 210 794 in
236 740 550 811 peculiarem
576 743 675 796 Dei
695 743 911 813 plebem
935 748 1069 797 sunt
1089 743 1269 797 electi.
1298 741 1419 797 Illis
1448 743 1616 796 etiam
1631 748 1716 796 est
1795 758 1917 796 ram
1943 743 2286 813 carnis,quia
2314 744 2383 796 de
2412 743 2672 813 prosapia
2702 743 2852 796 illius
2875 742 3392 806 descenderunt,ta-

168 830 532 882 Testamentum
560 830 733 885 Vetus
763 832 958 885 datum
990 833 1111 884 :vel
1143 832 1308 898 (sicut
1354 831 1580 901 quidam
1619 847 1715 884 co-
1796 847 1924 884 men
1955 847 2065 884 non
2096 838 2228 884 sunt
2247 830 2373 884 ideo
2394 831 2492 884 ﬁlii
2509 831 2899 901 Dei,quoniam
2932 831 3238 899 degeneres
3257 833 3392 883 sunt
3416 824 3431 837 “

160 915 287 969 dices
315 916 530 986 habent)
553 919 932 985 Testamenta,
956 920 1131 973 Vetus
1160 920 1370 973 scilicet
1398 925 1453 972 et
1475 920 1711 985 Novum,
1797 936 1828 972 a
1860 919 1968 971 ﬁde
2002 925 2060 971 et
2088 919 2351 988 operibus
2376 918 2633 983 Abrahae,
2661 935 2842 988 neque
2870 917 3117 988 pertinet
3173 916 3242 970 ad
3295 932 3390 970 eos

160 1003 200 1056 si
224 1003 479 1058 voluerint
503 1007 749 1071 credere,
781 1007 1205 1061 Testamentum
1222 1008 1371 1061 enim
1394 1008 1608 1061 Novum
1623 1007 1717 1060 da-
1797 1007 2008 1076 aliquid
2031 1023 2093 1059 ex
2116 1006 2261 1060 dono
2282 992 2685 1060 benedictionis
2704 1006 3123 1076 spiritalis,quze
3143 1003 3288 1056 facta
3306 1007 3393 1057 est

1798 1096 1866 1148 ad
1896 1094 2182 1148 Abraham
2213 1094 2282 1147 de
2303 1094 2525 1148 Christo
2550 1098 2606 1149 et
2628 1093 2987 1147 multitudine
3015 1092 3386 1146 credentium.

1799 1183 2049 1237 Gentiles
2079 1199 2208 1236 vero
2237 1182 2333 1251 qui
2360 1187 2493 1235 sunt
2521 1182 2619 1234 ﬁlii
2643 1182 3394 1252 promissionis,reputantur

1795 1271 1855 1325 in
1884 1271 2098 1325 semine
2119 1271 2376 1333 Abrahae,
2408 1270 2463 1323 id
2488 1276 2572 1323 est
2597 1269 2653 1322 in
2686 1268 3201 1339 Christo,quoniam
3223 1268 3409 1325 ﬁdem

1797 1365 1855 1413 et
1878 1375 2049 1430 opera
2084 1359 2324 1413 Abrahae
2344 1359 2657 1412 innituntur.
2692 1357 3087 1411 Promissionis
3108 1361 3296 1409 autem
3323 1356 3392 1409 ﬁ-

1796 1448 1855 1501 lii
1885 1448 2242 1519 appellantur
2256 1448 2514 1518 gentiles,
2540 1452 2769 1518 propter
2792 1444 3227 1516 promissionem
3249 1443 3396 1496 scili-

1796 1543 1887 1590 cet
1915 1553 2037 1607 quaa
2065 1538 2212 1590 facta
2238 1542 2323 1591 est
2352 1537 2421 1590 de
2446 1537 2527 1590 eis
2551 1536 2620 1589 ad
2643 1534 3046 1597 Abraham,cui
3071 1532 3303 1585 dicitur:
3330 1532 3396 1585 In

158 1622 396 1692 quidquid
424 1625 765 1693 promissum
798 1629 883 1678 est
910 1624 1181 1691 patribus,
1230 1626 1611 1696 compleretur
1657 1626 1715 1680 in
1798 1630 2003 1679 semine
2030 1633 2121 1678 tuo
2157 1627 2543 1678 benedicentur
2567 1640 2750 1678 omnes
2775 1622 3048 1691 gentean
3078 1622 3259 1691 ﬁgura
3278 1618 3391 1689 igi-

155 1709 279 1762 ﬁliis.
1731 1728 1778 1788 13
1795 1720 1890 1767 tur
1910 1713 2138 1783 gentilis
2168 1714 2355 1784 populi
2378 1714 2659 1784 praecessit
2678 1711 2857 1766 Isaac.
2884 1711 3239 1781 Quapropter
3265 1708 3398 1760 licet

215 1798 441 1863 Quorum
458 1807 666 1869 patres,
689 1801 957 1856 subaudis
979 1802 1206 1857 fuerunt
1232 1803 1535 1870 Abraham,
1560 1805 1717 1860 Isaac
1797 1818 1910 1857 non
1927 1803 2157 1856 credant
2173 1818 2368 1856 omnes
2388 1802 2782 1867 Judaei,tamen
2800 1816 2991 1854 verum
3013 1804 3098 1851 est
3112 1796 3257 1867 quod
3270 1810 3398 1865 pro-

154 1892 200 1939 et
221 1887 395 1952 Jacob,
419 1906 488 1943 ea:
508 1892 707 1957 quibus
738 1890 1105 1962 patribus,vel
1134 1892 1339 1948 Iudaeis
1359 1899 1433 1946 est
1464 1894 1716 1949 Christus
1798 1892 2029 1944 missum
2062 1895 2147 1944 est
2172 1889 2431 1943 Abrahae:
2459 1892 2527 1943 In
2567 1892 2721 1944 Isaac
2749 1891 3035 1942 vocabitur
3066 1888 3168 1939 tibi
3186 1899 3390 1941 semen.

154 1982 295 2030 natus
310 1980 610 2032 secundum
633 1995 995 2044 carnem,non
1015 1981 1321 2034 secundum
1341 1980 1712 2047 divinitatem,
1798 1980 1853 2033 id
1884 1986 1972 2033 est
1990 1980 2046 2033 in
2080 1979 2165 2032 his
2192 1979 2286 2049 qui
2315 1978 2417 2032 tibi
2443 1979 2848 2049 promittuntur
2879 1978 2978 2031 ﬁlii
3007 1974 3187 2030 futuri
3211 1995 3221 2028 :
3246 1972 3393 2027 sicut

152 2068 234 2132 qui
262 2070 333 2119 est
359 2082 529 2134 super
554 2071 744 2121 omnia
764 2068 904 2121 Deus
926 2070 1234 2122 benedictus
1258 2072 1318 2123 in
1333 2070 1717 2124 saeulehri-
1798 2069 2136 2139 promissum
2165 2074 2252 2122 est
2270 2069 2438 2122 .Isaac
2469 2081 2480 2115 ε
2509 2067 2777 2137 ponitque
2803 2066 3141 2136 exemplum.

156 2155 422 2219 stus,Deus
451 2155 690 2209 ethomo
706 2162 793 2210 est
820 2177 830 2209 :
864 2162 921 2210 et
939 2158 1246 2211 secundum
1261 2159 1409 2229 quod
1433 2159 1715 2224 homoest,
1871 2159 2284 2218 Promissionis,
2315 2155 2518 2226 inquit,
2558 2158 2782 2209 verbum
2826 2156 2922 2209 hoc
2952 2161 3047 2208 est.
3078 2152 3395 2207 Secundum

156 2256 208 2294 ex
233 2242 357 2313 ipsis
381 2259 611 2297 carnem
640 2245 971 2314 assumpsit;
997 2252 1056 2299 et
1081 2245 1230 2299 inter
1243 2245 1432 2299 omnia
1454 2246 1596 2299 fuit:
1629 2262 1719 2299 se-
1803 2252 2013 2313 tempus
2042 2247 2138 2298 hoc
2164 2247 2383 2298 veniam
2415 2264 2432 2298 :
2456 2261 2557 2315 per
2576 2245 2840 2314 angelum
2862 2244 3073 2297 scilicet
3093 2237 3396 2302 veniam,id

153 2331 366 2383 cundum
388 2332 539 2401 quod
554 2332 704 2385 Deus
719 2338 822 2397 est,
840 2350 875 2386 a
901 2334 1017 2387 Deo
1048 2334 1214 2387 Patre
1241 2342 1370 2388 ante
1392 2335 1597 2389 saecula
1626 2351 1719 2403 ge-
1801 2340 1886 2387 est
1913 2333 2213 2405 apparebo.
2250 2334 2314 2386 Et
2343 2337 2447 2386 erit
2477 2334 2627 2388 Sara:
2663 2336 2835 2400 ﬁlius.
2864 2332 3045 2402 Igitur
3073 2330 3218 2385 sicut
3238 2327 3398 2383 Isaac

156 2415 300 2482 nitus,
330 2424 412 2472 est
439 2436 616 2489 supra
646 2421 835 2473 omnia
862 2421 1115 2492 potentia
1144 2421 1484 2476 Divinitatis.
1512 2424 1721 2476 Notan-
1801 2440 1902 2493 per
1929 2423 2356 2493 promissionem
2384 2438 2494 2492 qua
2523 2423 2730 2477 dicitur
2762 2440 2772 2471 :
2798 2426 2859 2475 in.
2908 2423 3063 2474 Isaac
3109 2420 3399 2472 vocabitur

156 2505 265 2558 dum
294 2515 499 2569 autem,
533 2508 670 2579 quia
699 2525 822 2562 cum
864 2516 1012 2563 esset
1048 2510 1267 2563 locutus
1295 2510 1363 2564 de
1407 2510 1719 2580 abjectione
1805 2511 1905 2563 tibi
1929 2512 2215 2575 semen,sic
2235 2510 2464 2579 gentilis
2485 2511 2723 2582 populus
2741 2510 3006 2564 sectando
3033 2509 3200 2562 ﬁdem
3222 2512 3279 2561 et
3303 2523 3399 2561 νεα·

156 2602 419 2663 parentum
451 2614 709 2661 suorum,
744 2614 850 2651 non
886 2599 1310 2664 murmurando,
1339 2615 1519 2669 neque
1536 2617 1722 2670 repre-
1803 2600 1970 2668 stigia
1988 2599 2245 2662 Abrahae,
2279 2616 2381 2670 per
2408 2600 2831 2670 promissionem
2866 2616 2989 2670 quae
3026 2599 3173 2651 facta
3198 2600 3284 2650 est
3320 2595 3392 2648 ad

156 2681 420 2739 hendendo
441 2685 723 2755 judicium
755 2687 854 2740 Dei
878 2688 1017 2741 talia
1046 2693 1373 2758 prosecutus
1393 2689 1599 2752 est,sed
1630 2706 1724 2760 po-
1802 2689 1984 2756 illum,
2011 2690 2408 2744 benedictionis
2436 2691 2681 2760 gratiam
2711 2690 3274 2763 consequijmeretur-

157 2770 249 2824 tius
274 2772 555 2828 benedixit
582 2775 762 2839 illum,
794 2792 895 2846 pro
942 2782 1095 2830 certo
1127 2776 1307 2830 sciens
1330 2778 1485 2847 justo
1509 2778 1722 2847 judicio
1879 2781 2003 2832 Non
2025 2783 2201 2833 solum
2226 2785 2409 2832 autem
2437 2782 2547 2840 illi,
2579 2780 2669 2832 sed
2697 2784 2744 2832 et
2783 2780 3004 2833 Rebecca
3032 2797 3096 2833 ex
3124 2792 3237 2835 uno
3266 2798 3396 2836 con-

154 2866 325 2914 cuncta
350 2862 419 2915 ab
440 2864 543 2917 illo
575 2864 853 2918 moderari
883 2880 947 2917 ac
977 2862 1216 2935 disponi,
1242 2865 1390 2918 unde
1419 2871 1477 2918 et
1502 2864 1719 2919 subdit:
1804 2870 1993 2922 cubitu
2022 2869 2223 2921 habens
2256 2870 2411 2921 Isaac
2433 2870 2615 2935 patris
2648 2870 2826 2921 nostri
2835 2914 2838 2917 .
2896 2868 3046 2922 Ordo
3101 2869 3398 2925 verborum

211 2950 317 3002 Non
342 2958 529 3006 autem
572 2953 716 3020 quod
744 2954 1005 3006 exciderit
1061 2956 1282 3006 verbum
1339 2955 1470 3016 Dei;
1529 2960 1587 3007 et
1636 2958 1723 3007 est
1737 3001 1778 3027 η
1804 2963 1891 3011 est
1917 2955 2236 3027 pariterque
2266 2971 2566 3010 sensuum:
2601 2957 2725 3009 Non
2771 2957 2953 3010 solum
3006 2957 3086 3010 illi
3136 2957 3248 3012 duo
3297 2960 3400 3014 ﬁlii

154 3052 322 3091 sensus
360 3059 370 3092 :
438 3040 714 3104 Quamvis
772 3040 1072 3094 multitudo
1122 3041 1442 3095 Iudaeorum
1516 3040 1780 3112 parem“
1804 3046 2040 3099 Abrahae
2070 3044 2227 3099 Isaac
2253 3050 2308 3099 et
2328 3045 2527 3099 lsmael
2561 3046 2799 3115 ﬁguram
2820 3051 3127 3099 tenuerunt
3154 3046 3397 3102 duorum

155 3128 252 3178 tum
276 3144 523 3182 meorum
558 3129 911 3183 inﬁdelitatis
967 3146 1158 3183 errore
1201 3130 1586 3193 remansisset,
1619 3146 1722 3183 no-
1805 3135 2160 3206 populorum,
2184 3134 2435 3187 ﬁdelium
2466 3141 2523 3187 et
2542 3134 2873 3193 inﬁdelium.
2900 3136 3266 3190 verumetiam
3289 3137 3399 3191 Re-

153 3213 253 3269 leus
277 3218 330 3270 in
360 3219 656 3273 Christum
678 3220 1045 3279 credere,non
1063 3225 1250 3272 tamen
1269 3220 1394 3273 ideo
1420 3220 1546 3273 dico
1573 3219 1721 3290 quod
1803 3222 1973 3276 becca
1999 3228 2199 3293 typum
2240 3223 2589 3277 credentium
2620 3230 2677 3277 et
2705 3223 3074 3294 reproborum
3121 3225 3298 3295 gessit
3341 3226 3401 3279 in

155 3306 430 3369 evanuerit,
457 3312 567 3361 aut
597 3308 887 3360 annullata
917 3308 991 3360 sit
1020 3307 1322 3377 promissio
1347 3308 1468 3372 Dei,
1487 3324 1611 3378 qua:
1632 3306 1723 3361 Ia-
1804 3312 2023 3366 duobus
2043 3312 2171 3364 ﬁliis
2201 3312 2334 3372 suis,
2359 3311 2529 3365 Jacob
2550 3319 2607 3365 et
2638 3312 3022 3377 Esau,habens
3050 3313 3175 3368 illos
3196 3331 3262 3368 ex
3289 3330 3403 3368 uno

155 3398 227 3444 cta
243 3400 319 3447 est
336 3395 404 3448 ad
435 3395 751 3461 Abraham,
787 3396 934 3465 quod
956 3400 1022 3460 in.
1047 3399 1250 3449 semine
1270 3397 1392 3465 ejus
1419 3398 1727 3449 benediccn-
1805 3398 2106 3455 concubitu
2136 3399 2309 3469 patris
2339 3399 2517 3452 nostri
2548 3399 2722 3452 Isaac.
2757 3401 2872 3453 Nec
2895 3407 3050 3454 vacat
3078 3402 3227 3472 quod
3270 3402 3352 3456 ait
3386 3420 3398 3457 :

157 3485 234 3531 tur
257 3498 432 3536 omnes
458 3490 648 3551 gentes
681 3484 824 3549 (Gen.
880 3494 999 3551 xu),
1045 3485 1307 3554 quoniam
1370 3485 1424 3537 in
1483 3485 1595 3538 illis
1643 3489 1729 3538 est
1806 3489 1887 3542 Είι
1914 3503 2027 3540 uno
2056 3488 2367 3539 concubitu.
2410 3486 2494 3539 Ne
2518 3486 2660 3539 forte
2703 3486 2855 3539 enim
2884 3487 3069 3540 dicere
3096 3495 3283 3557 posset
3305 3489 3405 3543 Ja-

161 1095 260 1145 tum
285 1100 362 1145 est
380 1093 578 1158 illis,ut
607 1111 641 1148 a
669 1096 940 1150 servitute
968 1096 1110 1165 legis
1129 1096 1438 1150 transirent
1463 1096 1532 1149 ad
1555 1096 1719 1149 liber-

158 1186 305 1234 tatem
333 1183 526 1251 gratiae
556 1184 784 1238 Christi.
816 1187 883 1239 Et
906 1188 1190 1252 legislalio,
1220 1185 1277 1238 id
1299 1190 1385 1239 est
1442 1184 1593 1238 datio
1645 1184 1714 1237 ad

160 1284 238 1322 eos
265 1271 518 1340 pertinet,
550 1273 682 1342 quia
727 1273 813 1327 lex
842 1289 943 1344 per
965 1274 1194 1344 Moysen
1223 1273 1305 1327 eis
1334 1273 1468 1326 data
1513 1278 1617 1326 est.
1648 1274 1714 1327 Et

155 1358 460 1425 obsequium,
487 1361 673 1415 cultus
700 1360 960 1415 videlicet
979 1358 1178 1415 divinis
1199 1361 1608 1432 religionis,qui
1628 1365 1713 1415 est

158 1444 250 1498 illis
275 1447 818 1505 traditus.Promissa
845 1466 1067 1521 quoque
1088 1451 1309 1504 Christo
1336 1456 1391 1504 et
1414 1451 1485 1504 de
1500 1450 1716 1504 redem-

157 1533 319 1605 ptione
346 1535 595 1605 ipsorum
627 1552 640 1587 :
672 1543 730 1591 et
756 1537 869 1591 vita
896 1542 1105 1592 eterna
1139 1538 1251 1592 illis
1278 1539 1409 1591 data
1467 1545 1620 1605 sunt,
1653 1544 1715 1593 ut

154 3568 424 3641 adimpleta
448 3574 549 3644 qui
583 3572 961 3637 crediderunt,
990 3579 1104 3626 tam
1136 3590 1203 3625 ex
1258 3572 1463 3627 Iudaeis
1520 3573 1614 3643 qui
1663 3589 1727 3626 ex

155 3659 466 3725 gentibus,et
489 3662 595 3732 qui
622 3661 805 3715 adhuc
825 3661 1091 3715 credituri
1122 3662 1402 3716 sunt.N0n
1428 3664 1577 3714 enim
1607 3678 1725 3714 om-

158 3760 233 3799 nes
265 3754 357 3816 qui
383 3767 449 3803 ex
482 3753 663 3804 Israel
690 3756 823 3803 sunt
853 3752 913 3803 hi
937 3756 1066 3803 sunt
1120 3752 1403 3807 Israelita,
1456 3748 1625 3803 Jacob
1672 3756 1727 3804 et

154 3834 299 3889 Israel
325 3839 559 3892 nomina
582 3839 751 3893 unius
795 3838 1040 3892 hominis
1097 3839 1342 3893 fuerunt.
1375 3839 1501 3891 Non
1539 3848 1728 3892 autem

159 3937 323 3978 omnes
340 3928 433 3997 qui
459 3945 528 3981 ex
556 3927 736 3997 stirpe
762 3927 914 3981 illius
945 3928 1376 3989 descenderunt,
1408 3944 1603 3981 omnes
1626 3928 1729 3981 viri

158 4010 397 4070 Israelita;
415 4023 577 4081 sunt,
604 4017 661 4070 id
689 4023 775 4070 est
820 4017 1070 4070 videntes
1130 4017 1305 4070 Deum
1358 4025 1567 4080 mente,
1599 4017 1731 4088 quia

156 4111 314 4156 mente
342 4112 397 4158 et
426 4106 543 4159 ﬁde
577 4107 755 4159 Deum
802 4121 915 4158 non
944 4111 1199 4158 cernunt.
1231 4104 1430 4176 Itaque
1470 4107 1640 4160 Israel
1669 4106 1727 4159 in

154 4190 429 4257 spiritalem
460 4202 522 4249 et
542 4195 831 4249 carnalem
872 4194 1158 4247 dividitur.
1203 4196 1380 4248 Judaei
1412 4196 1725 4260 credentes,

1807 3576 1909 3629 cob
1946 3590 1956 3622 :
1987 3574 2222 3638 Quando
2261 3590 2350 3627 me
2373 3574 2572 3644 genuit
2600 3581 2761 3645 pater
2784 3590 2963 3640 meus,
2991 3575 3116 3627 boni
3142 3575 3317 3628 animi
3348 3582 3405 3630 et

1808 3663 1967 3718 bona;
1997 3662 2296 3716 voluntatis
2326 3670 2467 3728 erat,
2500 3663 2723 3733 quando
2753 3678 2882 3715 vero
2922 3664 3154 3716 fratrem
3213 3679 3401 3716 meum

1810 3750 1961 3805 Esau
1986 3751 2203 3821 genuit,
2238 3752 2399 3804 malae
2424 3752 2727 3805 voluntatis
2748 3756 2890 3817 erat,
2914 3752 3149 3822 ideoque
3178 3751 3398 3805 bonitas

1811 3842 1934 3909 ejus
1962 3856 2062 3910 per
2098 3855 2293 3893 semen
2323 3839 2474 3892 illius
2504 3839 2706 3893 diffusa
2730 3840 2890 3893 estin
2919 3857 3028 3905 me,
3064 3840 3281 3893 malitia
3306 3856 3405 3893 au-

1810 3934 1926 3982 tem
1957 3928 2015 3981 in
2043 3928 2274 3981 fratrem
2307 3930 2635 3981 meum.Aut
2660 3929 2852 3991 etiam,
2891 3945 2961 3982 ne
2989 3929 3195 3999 aliquis
3220 3928 3404 3981 homi-

1812 4032 1947 4070 num
1973 4016 2053 4069 ita
2073 4016 2259 4069 dicere
2288 4020 2495 4086 posset,
2524 4015 2605 4069 ait
2649 4017 2972 4086 Apostolus,
3003 4033 3069 4070 ex
3105 4033 3218 4071 uno
3270 4032 3404 4070 con-

1810 4105 1999 4159 cubitu
2026 4105 2247 4174 genitos
2268 4121 2390 4157 esse
2416 4105 2539 4158 illos
2568 4105 2708 4158 duos
2740 4118 2750 4151 :
2786 4106 3085 4159 ostendens
3118 4122 3182 4158 ex
3206 4121 3405 4158 vocan-
3444 4131 3454 4140 -

1811 4195 1883 4247 tis
1912 4194 2059 4247 dono
2084 4210 2260 4247 unum
2289 4193 2577 4259 dilectum,
2610 4194 2851 4247 alterum
2883 4211 2946 4247 ex
2981 4195 3137 4263 justo
3190 4194 3400 4263 judicio

158 4276 238 4331 ﬁlii
261 4290 383 4337 sunt
408 4285 590 4337 Israel
620 4290 680 4337 et
708 4282 953 4337 Abrahae
982 4284 1290 4337 secundum
1320 4290 1633 4348 carnem,et
1648 4301 1731 4337 se-
1747 4351 1780 4354 _
1813 4282 1941 4336 odio
1952 4282 2373 4336 babitum.Nam
2393 4299 2589 4337 omnes
2608 4283 2677 4336 ab
2698 4283 2830 4337 Adae
2856 4284 3258 4338 descendentes
3275 4300 3404 4354 pro-

157 4370 369 4425 cundum
394 4374 570 4427 ﬁdem
604 4390 718 4427 non
739 4373 1031 4427 credentes
1054 4389 1180 4426 vero
1213 4390 1223 4422 :
1258 4373 1364 4427 etsi
1397 4380 1529 4427 sunt
1561 4351 1970 4443 carneDsapia
2001 4373 2100 4425 ﬁlii
2130 4381 2441 4427 nascuntur
2484 4373 2717 4444 peccati,
2748 4374 2987 4444 ideoque
3043 4373 3407 4427 damnatione

159 4455 239 4510 ﬁlii
262 4460 447 4527 Israel,
481 4463 587 4516 sed
610 4479 724 4516 non
752 4469 941 4515 tamen
975 4462 1207 4532 Spiritu.
1238 4461 1489 4516 Gentiles
1518 4468 1725 4523 autem,

158 4543 263 4601 licet
286 4566 449 4606 carne
471 4568 593 4605 non
620 4550 730 4604 sint
753 4550 853 4603 ﬁlii
875 4551 1066 4611 Israel,
1100 4557 1290 4604 tamen
1322 4552 1429 4605 ﬁde
1459 4556 1516 4603 et
1543 4556 1729 4604 mente

159 4643 269 4689 sunt
294 4640 387 4693 ﬁlii
430 4639 619 4695 Israel
647 4646 705 4694 et
724 4639 983 4705 Abrahae,
1016 4641 1150 4710 quia
1178 4641 1357 4694 Deum
1387 4645 1574 4693 mente
1603 4654 1731 4692 con-

159 4727 487 4797 teniplaut‘ur.

215 4817 377 4886 Neque
405 4823 509 4889 qui
553 4835 741 4873 semen
766 4825 898 4874 sunt
923 4820 1155 4873 Abraha
1184 4835 1368 4872 omnes
1398 4820 1525 4885 ﬁlii,
1552 4817 1642 4870 sed
1666 4815 1734 4869 de

159 4902 256 4957 solo
274 4906 422 4962 Isaac
438 4909 661 4963 dictum
683 4913 801 4962 est:
836 4910 901 4962 In
929 4911 1083 4962 Isaac
1108 4909 1391 4961 vocabitur
1413 4908 1513 4959 tibi
1530 4920 1731 4959 semen.

159 4990 329 5049 lsmael
349 4999 580 5067 quidem
610 5014 675 5051 ex
695 4998 908 5051 semine
937 4996 1174 5051 Abrahae
1201 4997 1389 5061 fuit,et
1407 5002 1599 5049 tamen
1621 5009 1734 5047 non

159 5091 489 5153 computatur
517 5087 649 5157 ejus
672 5086 821 5140 ﬁlius
860 5103 1000 5140 esse.
1036 5085 1107 5139 Et
1131 5085 1277 5139 sicut
1303 5102 1414 5139 non
1445 5101 1638 5138 omnes
1664 5085 1733 5137 ﬁ-

160 5167 208 5220 lii
231 5172 451 5229 Abrahae
480 5176 795 5229 secundum
825 5176 1201 5244 carnem,ejus
1227 5174 1490 5227 dicuntur
1515 5173 1735 5238 ﬁlii,sed

161 5271 321 5315 semen
351 5265 476 5333 ejus
508 5265 568 5318 in
604 5263 762 5318 Isaac
786 5264 1086 5318 stabilitur:
1118 5264 1194 5316 ita
1212 5262 1375 5315 modo
1406 5278 1516 5315 non
1539 5279 1735 5315 omnes

164 5348 241 5413 qui
264 5365 322 5401 ex
341 5354 462 5419 ejus
490 5353 675 5423 stirpe
702 5370 803 5422 per
823 5354 979 5407 Isaac
1000 5352 1427 5411 descenderunt,
1463 5352 1585 5420 ejus
1633 5351 1733 5405 ﬁlii

165 5444 484 5504 reputantur,
521 5441 622 5495 sed
652 5443 745 5512 qui
800 5442 1009 5495 habent
1044 5440 1209 5494 ﬁdem
1241 5441 1383 5509 ejus,
1416 5447 1474 5493 et
1501 5439 1736 5494 credunt

163 5520 210 5575 in
228 5523 521 5594 Christum,
556 5530 631 5583 de
676 5546 786 5603 quo
833 5529 1158 5602 praedictum
1219 5533 1347 5581 est:
1407 5528 1471 5581 In
1528 5529 1734 5583 semine

1814 4460 1988 4530 digni.
2024 4461 2082 4516 Si
2113 4462 2206 4532 qui
2228 4479 2357 4516 vero
2386 4462 2717 4524 liberantur,
2748 4462 2968 4516 bonitas
2994 4469 3051 4516 et
3072 4467 3258 4533 gratia
3308 4463 3408 4517 Dei

1813 4556 1916 4616 est,
1945 4556 2003 4604 et
2024 4567 2136 4605 non
2166 4567 2362 4605 eorum
2387 4552 2686 4606 retributio
2717 4552 3065 4605 meritorum.

1886 4640 2023 4694 Cum
2045 4642 2168 4693 nali
2194 4642 2441 4693 nondum
2461 4642 2718 4708 fuissent,
2740 4640 2942 4693 illiduo
2962 4638 3132 4691 Jacob
3155 4643 3211 4690 et
3237 4638 3404 4703 Esau,

1815 4735 1913 4784 aut
1932 4731 2153 4798 aliquid
2180 4734 2409 4797 egissent
2431 4732 2560 4782 boni
2577 4734 2677 4782 aut
2704 4731 2861 4792 mali,
2892 4733 2952 4779 ut
2972 4728 3276 4779 secundum
3301 4728 3406 4778 ele-

1815 4823 2048 4873 ctionem
2077 4835 2309 4890 Operum
2329 4818 2554 4871 illorum
2578 4818 2918 4885 propositum
2938 4831 3038 4868 seu
3060 4813 3405 4885 praeordina-

1814 4909 1895 4963 tio
1924 4910 2023 4963 Dei
2060 4912 2305 4961 maneret
2337 4923 2446 4960 non
2475 4922 2539 4959 ea:
2563 4904 2813 4971 operibus
2834 4903 3057 4957 illorum
3090 4920 3213 4975 quae
3252 4904 3409 4959 nulla

1817 5001 1998 5060 erant,
2021 4997 2113 5050 sed
2130 5013 2194 5049 ex
2212 4999 2431 5049 vocante
2453 4995 2665 5045 dictum
2694 4997 2768 5045 est
2802 4997 2871 5057 ei,
2914 4996 3048 5060 quia
3080 4997 3263 5061 major
3293 5011 3410 5049 ser-

1817 5088 1919 5138 viet
1944 5086 2261 5138 minori.Er
2291 5089 2528 5147 vocante,
2553 5081 2773 5143 dicit,id
2795 5088 2881 5135 est
2903 5098 2968 5136 ex
2989 5082 3136 5136 dono
3159 5084 3411 5155 omnipo-

1817 5173 1987 5226 tentis
2020 5172 2117 5225 Dei
2148 5170 2243 5242 qui
2291 5170 2415 5241 illos
2474 5169 2704 5230 vocavit,
2737 5170 2946 5223 dictum
2996 5182 3081 5224 est
3129 5170 3410 5239 Rebecca,

1817 5262 1965 5332 quod
1992 5258 2135 5314 Esau
2165 5260 2344 5327 major
2374 5264 2508 5311 natu
2530 5259 2814 5311 servitutis
2844 5258 3174 5329 obsequium
3208 5261 3412 5314 minori

1816 5358 1965 5404 esset
1993 5349 2314 5402 redditurus
2346 5350 2491 5413 (Gen.
2528 5347 2670 5418 xxv),
2705 5349 2810 5401 hoc
2860 5355 2944 5402 est
2999 5349 3187 5403 Jacob.
3216 5349 3283 5402 Et
3332 5350 3411 5404 ita
3502 5411 3511 5419 ο

1817 5440 2018 5492 evenit.
2093 5439 2236 5492 Nam
2286 5438 2435 5492 sicut
2486 5438 2541 5491 in
2604 5438 2763 5491 libris
2846 5439 3063 5507 Regum
3141 5437 3347 5505 legitur

1816 5526 2164 5601 temporibus
2186 5527 2360 5582 David
2399 5532 2455 5582 et
2494 5527 2810 5582 Salomonis
2836 5526 3187 5594 aliorumque
3213 5536 3407 5589 regum
