  <div class='ocr_page' id='page_1' title='image "/cluster/home/n/w/nwhite01/storage/ocr_20150623/117/hvd.32044054759816/227.png"; bbox 0 0 3936 6164; ppageno 0'>
   <div class='ocr_carea' id='block_1_1' title="bbox 510 248 615 321">
    <p class='ocr_par' dir='ltr' id='par_1_1' title="bbox 510 248 615 321">
     <span class='ocr_line' id='line_1_1' title="bbox 510 248 615 321; baseline -0.143 1"><span class='ocrx_word' id='word_1_1' title='bbox 510 248 615 321; x_wconf 59' lang='grc'><strong>448</strong></span> 
     </span>
    </p>
   </div>
   <div class='ocr_carea' id='block_1_2' title="bbox 828 251 3359 337">
    <p class='ocr_par' dir='ltr' id='par_1_2' title="bbox 828 251 3359 337">
     <span class='ocr_line' id='line_1_2' title="bbox 828 251 3359 337; baseline 0.001 -31"><span class='ocrx_word' id='word_1_2' title='bbox 828 330 837 337; x_wconf 32' lang='grc' dir='ltr'><strong><em>ο</em></strong></span> <span class='ocrx_word' id='word_1_3' title='bbox 933 251 1314 321; x_wconf 72' lang='lat' dir='ltr'><strong>HAYMQNIS</strong></span> <span class='ocrx_word' id='word_1_4' title='bbox 1353 252 1843 321; x_wconf 70' lang='lat' dir='ltr'><strong>HALBERSTAT.</strong></span> <span class='ocrx_word' id='word_1_5' title='bbox 1887 255 2120 321; x_wconf 74' lang='lat' dir='ltr'><strong>EPISC.</strong></span> <span class='ocrx_word' id='word_1_6' title='bbox 2157 254 2320 319; x_wconf 82' lang='lat' dir='ltr'><strong>OPP.</strong></span> <span class='ocrx_word' id='word_1_7' title='bbox 2359 253 2544 322; x_wconf 61' lang='lat' dir='ltr'><strong>PARS</strong></span> <span class='ocrx_word' id='word_1_8' title='bbox 2579 252 2622 307; x_wconf 85' lang='grc' dir='ltr'><strong>Ι.</strong></span> <span class='ocrx_word' id='word_1_9' title='bbox 2668 281 2733 301; x_wconf 69' lang='grc' dir='ltr'><strong>-ν-</strong></span> <span class='ocrx_word' id='word_1_10' title='bbox 2766 251 3143 319; x_wconf 63' lang='lat' dir='ltr'><strong>90mm.</strong></span> <span class='ocrx_word' id='word_1_11' title='bbox 3183 251 3359 308; x_wconf 81' lang='lat' dir='ltr'><strong>BIBL.</strong></span> 
     </span>
    </p>
   </div>
   <div class='ocr_carea' id='block_1_3' title="bbox 3637 255 3723 314">
    <p class='ocr_par' dir='ltr' id='par_1_3' title="bbox 3637 255 3723 314">
     <span class='ocr_line' id='line_1_3' title="bbox 3637 255 3723 314; baseline -0.047 1"><span class='ocrx_word' id='word_1_12' title='bbox 3637 255 3723 314; x_wconf 63' lang='grc' dir='ltr'>ιιι</span> 
     </span>
    </p>
   </div>
   <div class='ocr_carea' id='block_1_4' title="bbox 506 373 3727 454">
    <p class='ocr_par' dir='ltr' id='par_1_4' title="bbox 506 373 3727 454">
     <span class='ocr_line' id='line_1_4' title="bbox 506 373 3727 454; baseline -0.002 -17"><span class='ocrx_word' id='word_1_13' title='bbox 506 374 736 437; x_wconf 60' lang='grc' dir='ltr'><strong>ξθΐνὶνὶι</strong></span> <span class='ocrx_word' id='word_1_14' title='bbox 750 373 946 430; x_wconf 85' lang='lat' dir='ltr'><strong>Israeli</strong></span> <span class='ocrx_word' id='word_1_15' title='bbox 967 393 1146 448; x_wconf 89' lang='lat' dir='ltr'><strong>usque</strong></span> <span class='ocrx_word' id='word_1_16' title='bbox 1168 377 1237 431; x_wconf 88' lang='lat' dir='ltr'><strong>ad</strong></span> <span class='ocrx_word' id='word_1_17' title='bbox 1262 377 1400 433; x_wconf 90' lang='lat' dir='ltr'><strong>illud</strong></span> <span class='ocrx_word' id='word_1_18' title='bbox 1435 384 1547 433; x_wconf 89' lang='lat' dir='ltr'><strong>tem</strong></span> <span class='ocrx_word' id='word_1_19' title='bbox 1557 384 1913 452; x_wconf 85' lang='lat' dir='ltr'><strong>pus,quando</strong></span> <span class='ocrx_word' id='word_1_20' title='bbox 1932 382 2104 454; x_wconf 82' lang='lat' dir='ltr'><strong>(sicut</strong></span> <span class='ocrx_word' id='word_1_21' title='bbox 2121 384 2165 442; x_wconf 82' lang='lat' dir='ltr'><strong>A</strong></span> <span class='ocrx_word' id='word_1_22' title='bbox 2188 384 2246 434; x_wconf 89' lang='lat' dir='ltr'><strong>et</strong></span> <span class='ocrx_word' id='word_1_23' title='bbox 2276 379 2538 450; x_wconf 75' lang='lat' dir='ltr'><strong>perfectio</strong></span> <span class='ocrx_word' id='word_1_24' title='bbox 2558 378 2741 448; x_wconf 87' lang='lat' dir='ltr'><strong>operis</strong></span> <span class='ocrx_word' id='word_1_25' title='bbox 2762 393 2797 430; x_wconf 89' lang='lat' dir='ltr'><strong>a</strong></span> <span class='ocrx_word' id='word_1_26' title='bbox 2818 374 2932 439; x_wconf 80' lang='lat' dir='ltr'><strong>Deo</strong></span> <span class='ocrx_word' id='word_1_27' title='bbox 2961 374 3041 428; x_wconf 86' lang='lat' dir='ltr'><strong>eis</strong></span> <span class='ocrx_word' id='word_1_28' title='bbox 3071 375 3277 443; x_wconf 73' lang='lat' dir='ltr'><strong>dqtur?</strong></span> <span class='ocrx_word' id='word_1_29' title='bbox 3302 375 3401 431; x_wconf 87' lang='lat' dir='ltr'><strong>Cui</strong></span> <span class='ocrx_word' id='word_1_30' title='bbox 3428 379 3727 447; x_wconf 75' lang='lat' dir='ltr'><strong>responden-</strong></span> 
     </span>
    </p>
   </div>
   <div class='ocr_carea' id='block_1_5' title="bbox 506 462 2104 543">
    <p class='ocr_par' dir='ltr' id='par_1_5' title="bbox 506 462 2104 543">
     <span class='ocr_line' id='line_1_5' title="bbox 506 462 2104 543; baseline 0.006 -27"><span class='ocrx_word' id='word_1_31' title='bbox 506 462 569 533; x_wconf 84' lang='lat' dir='ltr'><strong>in</strong></span> <span class='ocrx_word' id='word_1_32' title='bbox 588 462 783 534; x_wconf 86' lang='lat' dir='ltr'><strong>eodem</strong></span> <span class='ocrx_word' id='word_1_33' title='bbox 814 465 1095 543; x_wconf 73' lang='lat' dir='ltr'><strong>volumine</strong></span> <span class='ocrx_word' id='word_1_34' title='bbox 1120 465 1342 535; x_wconf 77' lang='lat' dir='ltr'><strong>legitur)</strong></span> <span class='ocrx_word' id='word_1_35' title='bbox 1375 470 1705 536; x_wconf 72' lang='lat' dir='ltr'><strong>praeparavit</strong></span> <span class='ocrx_word' id='word_1_36' title='bbox 1734 488 1795 523; x_wconf 89' lang='lat' dir='ltr'><strong>se</strong></span> <span class='ocrx_word' id='word_1_37' title='bbox 1826 472 2000 525; x_wconf 87' lang='lat' dir='ltr'><strong>Edom</strong></span> <span class='ocrx_word' id='word_1_38' title='bbox 2033 488 2104 525; x_wconf 88' lang='lat' dir='ltr'><strong>ne</strong></span> 
     </span>
    </p>
   </div>
   <div class='ocr_carea' id='block_1_6' title="bbox 508 550 2104 625">
    <p class='ocr_par' dir='ltr' id='par_1_6' title="bbox 508 550 2104 625">
     <span class='ocr_line' id='line_1_6' title="bbox 508 550 2104 625; baseline 0.006 -22"><span class='ocrx_word' id='word_1_39' title='bbox 508 556 658 621; x_wconf 72' lang='lat' dir='ltr'><strong>esset</strong></span> <span class='ocrx_word' id='word_1_40' title='bbox 685 550 788 621; x_wconf 79' lang='lat' dir='ltr'><strong>sub</strong></span> <span class='ocrx_word' id='word_1_41' title='bbox 819 553 1140 624; x_wconf 59' lang='lat' dir='ltr'><strong>{uda,quod</strong></span> <span class='ocrx_word' id='word_1_42' title='bbox 1170 554 1364 624; x_wconf 83' lang='lat' dir='ltr'><strong>utique</strong></span> <span class='ocrx_word' id='word_1_43' title='bbox 1393 557 1720 625; x_wconf 69' lang='lat' dir='ltr'><strong>praedictum</strong></span> <span class='ocrx_word' id='word_1_44' title='bbox 1744 559 1794 611; x_wconf 90' lang='lat' dir='ltr'><strong>ei</strong></span> <span class='ocrx_word' id='word_1_45' title='bbox 1821 560 2006 614; x_wconf 84' lang='lat' dir='ltr'><strong>fuerat</strong></span> <span class='ocrx_word' id='word_1_46' title='bbox 2034 559 2104 613; x_wconf 89' lang='lat' dir='ltr'><strong>ab</strong></span> 
     </span>
    </p>
   </div>
   <div class='ocr_carea' id='block_1_7' title="bbox 508 636 2104 712">
    <p class='ocr_par' dir='ltr' id='par_1_7' title="bbox 508 636 2104 712">
     <span class='ocr_line' id='line_1_7' title="bbox 508 636 2104 712; baseline 0.005 -19"><span class='ocrx_word' id='word_1_47' title='bbox 508 636 671 709; x_wconf 71' lang='lat' dir='ltr'><strong>Isaac</strong></span> <span class='ocrx_word' id='word_1_48' title='bbox 698 646 859 711; x_wconf 86' lang='lat' dir='ltr'><strong>patre</strong></span> <span class='ocrx_word' id='word_1_49' title='bbox 888 658 1007 695; x_wconf 89' lang='lat' dir='ltr'><strong>suo.</strong></span> <span class='ocrx_word' id='word_1_50' title='bbox 1025 643 1222 706; x_wconf 86' lang='lat' dir='ltr'><strong>Veniet,</strong></span> <span class='ocrx_word' id='word_1_51' title='bbox 1244 643 1447 712; x_wconf 85' lang='lat' dir='ltr'><strong>inquit,</strong></span> <span class='ocrx_word' id='word_1_52' title='bbox 1483 653 1693 712; x_wconf 83' lang='lat' dir='ltr'><strong>tempus</strong></span> <span class='ocrx_word' id='word_1_53' title='bbox 1713 663 1839 701; x_wconf 83' lang='lat' dir='ltr'><strong>cum</strong></span> <span class='ocrx_word' id='word_1_54' title='bbox 1870 651 2104 703; x_wconf 65' lang='lat' dir='ltr'><strong>excutias</strong></span> 
     </span>
    </p>
   </div>
   <div class='ocr_carea' id='block_1_8' title="bbox 478 728 2106 801">
    <p class='ocr_par' dir='ltr' id='par_1_8' title="bbox 478 728 2106 801">
     <span class='ocr_line' id='line_1_8' title="bbox 478 728 2106 801; baseline 0.007 -21"><span class='ocrx_word' id='word_1_55' title='bbox 478 728 706 797; x_wconf 45' lang='lat' dir='ltr'><strong>iugum</strong></span> <span class='ocrx_word' id='word_1_56' title='bbox 732 730 889 789; x_wconf 62' lang='lat' dir='ltr'><strong>illius</strong></span> <span class='ocrx_word' id='word_1_57' title='bbox 912 731 976 795; x_wconf 76' lang='lat' dir='ltr'><strong>de</strong></span> <span class='ocrx_word' id='word_1_58' title='bbox 1007 732 1206 797; x_wconf 65' lang='lat' dir='ltr'><strong>cervice</strong></span> <span class='ocrx_word' id='word_1_59' title='bbox 1237 736 1335 787; x_wconf 83' lang='lat' dir='ltr'><strong>tua</strong></span> <span class='ocrx_word' id='word_1_60' title='bbox 1359 732 1515 800; x_wconf 73' lang='lat' dir='ltr'><strong>(Gen.</strong></span> <span class='ocrx_word' id='word_1_61' title='bbox 1539 742 1728 801; x_wconf 78' lang='lat' dir='ltr'><strong>xxvii).</strong></span> <span class='ocrx_word' id='word_1_62' title='bbox 1770 736 1906 799; x_wconf 87' lang='lat' dir='ltr'><strong>Quis</strong></span> <span class='ocrx_word' id='word_1_63' title='bbox 1929 736 2106 795; x_wconf 88' lang='lat' dir='ltr'><strong>homi-</strong></span> 
     </span>
    </p>
   </div>
   <div class='ocr_carea' id='block_1_9' title="bbox 505 804 2107 894">
    <p class='ocr_par' dir='ltr' id='par_1_9' title="bbox 505 804 2107 894">
     <span class='ocr_line' id='line_1_9' title="bbox 505 804 2107 894; baseline 0.009 -30"><span class='ocrx_word' id='word_1_64' title='bbox 505 828 645 879; x_wconf 68' lang='lat' dir='ltr'><strong>num</strong></span> <span class='ocrx_word' id='word_1_65' title='bbox 672 820 857 885; x_wconf 80' lang='lat' dir='ltr'><strong>potest</strong></span> <span class='ocrx_word' id='word_1_66' title='bbox 885 832 1149 870; x_wconf 81' lang='lat' dir='ltr'><strong>enarrare</strong></span> <span class='ocrx_word' id='word_1_67' title='bbox 1179 804 1353 889; x_wconf 83' lang='lat' dir='ltr'><strong>quare</strong></span> <span class='ocrx_word' id='word_1_68' title='bbox 1374 819 1526 874; x_wconf 86' lang='lat' dir='ltr'><strong>Deus</strong></span> <span class='ocrx_word' id='word_1_69' title='bbox 1546 823 1900 893; x_wconf 86' lang='lat' dir='ltr'><strong>omnipotens</strong></span> <span class='ocrx_word' id='word_1_70' title='bbox 1926 825 2107 894; x_wconf 83' lang='lat' dir='ltr'><strong>elege-</strong></span> 
     </span>
    </p>
   </div>
   <div class='ocr_carea' id='block_1_10' title="bbox 507 900 2106 987">
    <p class='ocr_par' dir='ltr' id='par_1_10' title="bbox 507 900 2106 987">
     <span class='ocr_line' id='line_1_10' title="bbox 507 900 2106 987; baseline 0.009 -34"><span class='ocrx_word' id='word_1_71' title='bbox 507 900 585 953; x_wconf 85' lang='lat' dir='ltr'><strong>rit</strong></span> <span class='ocrx_word' id='word_1_72' title='bbox 602 901 772 957; x_wconf 84' lang='lat' dir='ltr'><strong>Jacob</strong></span> <span class='ocrx_word' id='word_1_73' title='bbox 788 909 1093 974; x_wconf 80' lang='lat' dir='ltr'><strong>antequam</strong></span> <span class='ocrx_word' id='word_1_74' title='bbox 1113 914 1457 973; x_wconf 84' lang='lat' dir='ltr'><strong>nasceretur,</strong></span> <span class='ocrx_word' id='word_1_75' title='bbox 1482 914 1540 963; x_wconf 88' lang='lat' dir='ltr'><strong>et</strong></span> <span class='ocrx_word' id='word_1_76' title='bbox 1554 911 1935 987; x_wconf 77' lang='lat' dir='ltr'><strong>reprobaverit</strong></span> <span class='ocrx_word' id='word_1_77' title='bbox 1955 912 2106 972; x_wconf 81' lang='lat' dir='ltr'><strong>Esau</strong></span> 
     </span>
    </p>
   </div>
   <div class='ocr_carea' id='block_1_11' title="bbox 507 991 2108 1069">
    <p class='ocr_par' dir='ltr' id='par_1_11' title="bbox 507 991 2108 1069">
     <span class='ocr_line' id='line_1_11' title="bbox 507 991 2108 1069; baseline 0.007 -27"><span class='ocrx_word' id='word_1_78' title='bbox 507 1004 636 1053; x_wconf 85' lang='lat' dir='ltr'><strong>cum</strong></span> <span class='ocrx_word' id='word_1_79' title='bbox 657 991 862 1057; x_wconf 83' lang='lat' dir='ltr'><strong>necille</strong></span> <span class='ocrx_word' id='word_1_80' title='bbox 879 1007 979 1055; x_wconf 87' lang='lat' dir='ltr'><strong>nec</strong></span> <span class='ocrx_word' id='word_1_81' title='bbox 996 992 1103 1060; x_wconf 81' lang='lat' dir='ltr'><strong>iste</strong></span> <span class='ocrx_word' id='word_1_82' title='bbox 1118 993 1325 1049; x_wconf 88' lang='lat' dir='ltr'><strong>bonum</strong></span> <span class='ocrx_word' id='word_1_83' title='bbox 1339 996 1551 1067; x_wconf 84' lang='lat' dir='ltr'><strong>aliquid</strong></span> <span class='ocrx_word' id='word_1_84' title='bbox 1563 999 1647 1053; x_wconf 87' lang='lat' dir='ltr'><strong>vel</strong></span> <span class='ocrx_word' id='word_1_85' title='bbox 1660 1000 1805 1054; x_wconf 86' lang='lat' dir='ltr'><strong>malu</strong></span> <span class='ocrx_word' id='word_1_86' title='bbox 1817 1018 1867 1054; x_wconf 90' lang='lat' dir='ltr'><strong>m</strong></span> <span class='ocrx_word' id='word_1_87' title='bbox 1889 1008 2108 1069; x_wconf 69' lang='lat' dir='ltr'><strong>poterat</strong></span> 
     </span>
    </p>
   </div>
   <div class='ocr_carea' id='block_1_12' title="bbox 506 1077 2100 1158">
    <p class='ocr_par' dir='ltr' id='par_1_12' title="bbox 506 1077 2100 1158">
     <span class='ocr_line' id='line_1_12' title="bbox 506 1077 2100 1158; baseline 0.008 -28"><span class='ocrx_word' id='word_1_88' title='bbox 506 1077 762 1148; x_wconf 83' lang='lat' dir='ltr'><strong>implere,</strong></span> <span class='ocrx_word' id='word_1_89' title='bbox 798 1079 904 1145; x_wconf 86' lang='lat' dir='ltr'><strong>nisi</strong></span> <span class='ocrx_word' id='word_1_90' title='bbox 934 1081 1066 1150; x_wconf 83' lang='lat' dir='ltr'><strong>quia</strong></span> <span class='ocrx_word' id='word_1_91' title='bbox 1105 1082 1164 1135; x_wconf 90' lang='lat' dir='ltr'><strong>in</strong></span> <span class='ocrx_word' id='word_1_92' title='bbox 1193 1083 1321 1146; x_wconf 86' lang='lat' dir='ltr'><strong>isto,</strong></span> <span class='ocrx_word' id='word_1_93' title='bbox 1353 1084 1410 1147; x_wconf 88' lang='lat' dir='ltr'><strong>id</strong></span> <span class='ocrx_word' id='word_1_94' title='bbox 1435 1092 1522 1141; x_wconf 83' lang='lat' dir='ltr'><strong>est</strong></span> <span class='ocrx_word' id='word_1_95' title='bbox 1550 1086 1609 1140; x_wconf 90' lang='lat' dir='ltr'><strong>in</strong></span> <span class='ocrx_word' id='word_1_96' title='bbox 1637 1088 1826 1147; x_wconf 86' lang='lat' dir='ltr'><strong>Jacob.</strong></span> <span class='ocrx_word' id='word_1_97' title='bbox 1860 1090 2100 1158; x_wconf 75' lang='lat' dir='ltr'><strong>gratiam</strong></span> 
     </span>
    </p>
   </div>
   <div class='ocr_carea' id='block_1_13' title="bbox 507 1168 2106 1246">
    <p class='ocr_par' dir='ltr' id='par_1_13' title="bbox 507 1168 2106 1246">
     <span class='ocr_line' id='line_1_13' title="bbox 507 1168 2106 1246; baseline 0.008 -26"><span class='ocrx_word' id='word_1_98' title='bbox 507 1182 667 1227; x_wconf 88' lang='lat' dir='ltr'><strong>suam</strong></span> <span class='ocrx_word' id='word_1_99' title='bbox 697 1172 755 1220; x_wconf 91' lang='lat' dir='ltr'><strong>et</strong></span> <span class='ocrx_word' id='word_1_100' title='bbox 786 1168 1227 1235; x_wconf 84' lang='lat' dir='ltr'><strong>misericordiam</strong></span> <span class='ocrx_word' id='word_1_101' title='bbox 1251 1172 1521 1236; x_wconf 83' lang='lat' dir='ltr'><strong>exhibuit,</strong></span> <span class='ocrx_word' id='word_1_102' title='bbox 1544 1179 1600 1227; x_wconf 90' lang='lat' dir='ltr'><strong>et</strong></span> <span class='ocrx_word' id='word_1_103' title='bbox 1626 1175 1683 1228; x_wconf 90' lang='lat' dir='ltr'><strong>in</strong></span> <span class='ocrx_word' id='word_1_104' title='bbox 1718 1177 1863 1231; x_wconf 84' lang='lat' dir='ltr'><strong>Esau</strong></span> <span class='ocrx_word' id='word_1_105' title='bbox 1887 1179 2106 1246; x_wconf 87' lang='lat' dir='ltr'><strong>justum</strong></span> 
     </span>
    </p>
   </div>
   <div class='ocr_carea' id='block_1_14' title="bbox 2185 463 3722 532">
    <p class='ocr_par' dir='ltr' id='par_1_14' title="bbox 2185 463 3722 532">
     <span class='ocr_line' id='line_1_14' title="bbox 2185 463 3722 532; baseline 0.001 -12"><span class='ocrx_word' id='word_1_106' title='bbox 2185 468 2320 520; x_wconf 90' lang='lat' dir='ltr'><strong>dum</strong></span> <span class='ocrx_word' id='word_1_107' title='bbox 2350 472 2437 520; x_wconf 87' lang='lat' dir='ltr'><strong>est</strong></span> <span class='ocrx_word' id='word_1_108' title='bbox 2457 466 2660 521; x_wconf 89' lang='lat' dir='ltr'><strong>idcirco</strong></span> <span class='ocrx_word' id='word_1_109' title='bbox 2681 465 2885 517; x_wconf 85' lang='lat' dir='ltr'><strong>electos</strong></span> <span class='ocrx_word' id='word_1_110' title='bbox 2912 463 3110 532; x_wconf 83' lang='lat' dir='ltr'><strong>dignos</strong></span> <span class='ocrx_word' id='word_1_111' title='bbox 3140 480 3261 519; x_wconf 84' lang='lat' dir='ltr'><strong>esse</strong></span> <span class='ocrx_word' id='word_1_112' title='bbox 3293 467 3722 532; x_wconf 75' lang='lat' dir='ltr'><strong>remuneratione,</strong></span> 
     </span>
    </p>
   </div>
   <div class='ocr_carea' id='block_1_15' title="bbox 2186 551 3724 623">
    <p class='ocr_par' dir='ltr' id='par_1_15' title="bbox 2186 551 3724 623">
     <span class='ocr_line' id='line_1_15' title="bbox 2186 551 3724 623; baseline -0.001 -14"><span class='ocrx_word' id='word_1_113' title='bbox 2186 554 2320 623; x_wconf 84' lang='lat' dir='ltr'><strong>quia</strong></span> <span class='ocrx_word' id='word_1_114' title='bbox 2342 555 2533 611; x_wconf 81' lang='lat' dir='ltr'><strong>statim</strong></span> <span class='ocrx_word' id='word_1_115' title='bbox 2568 559 2633 606; x_wconf 89' lang='lat' dir='ltr'><strong>ut</strong></span> <span class='ocrx_word' id='word_1_116' title='bbox 2664 551 2915 605; x_wconf 88' lang='lat' dir='ltr'><strong>sentiunt</strong></span> <span class='ocrx_word' id='word_1_117' title='bbox 2944 567 3003 604; x_wconf 89' lang='lat' dir='ltr'><strong>se</strong></span> <span class='ocrx_word' id='word_1_118' title='bbox 3029 567 3064 603; x_wconf 88' lang='lat' dir='ltr'><strong>a</strong></span> <span class='ocrx_word' id='word_1_119' title='bbox 3094 551 3191 617; x_wconf 85' lang='lat' dir='ltr'>Dei</span> <span class='ocrx_word' id='word_1_120' title='bbox 3226 552 3407 620; x_wconf 76' lang='lat' dir='ltr'><strong>gratia</strong></span> <span class='ocrx_word' id='word_1_121' title='bbox 3448 555 3724 621; x_wconf 68' lang='lat' dir='ltr'><strong>praeveniri,</strong></span> 
     </span>
    </p>
   </div>
   <div class='ocr_carea' id='block_1_16' title="bbox 2185 638 3729 713">
    <p class='ocr_par' dir='ltr' id='par_1_16' title="bbox 2185 638 3729 713">
     <span class='ocr_line' id='line_1_16' title="bbox 2185 638 3729 713; baseline -0.001 -17"><span class='ocrx_word' id='word_1_122' title='bbox 2185 644 2319 705; x_wconf 83' lang='lat' dir='ltr'><strong>totis</strong></span> <span class='ocrx_word' id='word_1_123' title='bbox 2339 642 2553 697; x_wconf 83' lang='lat' dir='ltr'><strong>nisibus</strong></span> <span class='ocrx_word' id='word_1_124' title='bbox 2583 640 2843 707; x_wconf 79' lang='lat' dir='ltr'><strong>laborant</strong></span> <span class='ocrx_word' id='word_1_125' title='bbox 2862 639 3137 713; x_wconf 78' lang='lat' dir='ltr'><strong>voluntati</strong></span> <span class='ocrx_word' id='word_1_126' title='bbox 3167 638 3317 705; x_wconf 85' lang='lat' dir='ltr'><strong>illius</strong></span> <span class='ocrx_word' id='word_1_127' title='bbox 3344 639 3729 701; x_wconf 80' lang='lat' dir='ltr'><strong>obsecundando</strong></span> 
     </span>
    </p>
   </div>
   <div class='ocr_carea' id='block_1_17' title="bbox 2186 732 2436 786">
    <p class='ocr_par' dir='ltr' id='par_1_17' title="bbox 2186 732 2436 786">
     <span class='ocr_line' id='line_1_17' title="bbox 2186 732 2436 786; baseline -0.004 0"><span class='ocrx_word' id='word_1_128' title='bbox 2186 732 2436 786; x_wconf 83' lang='lat' dir='ltr'><strong>obedire.</strong></span> 
     </span>
    </p>
   </div>
   <div class='ocr_carea' id='block_1_18' title="bbox 2256 818 3734 888">
    <p class='ocr_par' dir='ltr' id='par_1_18' title="bbox 2256 818 3734 888">
     <span class='ocr_line' id='line_1_18' title="bbox 2256 818 3734 888; baseline -0.001 -15"><span class='ocrx_word' id='word_1_129' title='bbox 2256 821 2401 875; x_wconf 85' lang='lat' dir='ltr'><strong>Dicit</strong></span> <span class='ocrx_word' id='word_1_130' title='bbox 2424 822 2576 875; x_wconf 88' lang='lat' dir='ltr'><strong>enim</strong></span> <span class='ocrx_word' id='word_1_131' title='bbox 2603 819 2897 886; x_wconf 71' lang='lat' dir='ltr'><strong>Scriptura</strong></span> <span class='ocrx_word' id='word_1_132' title='bbox 2917 818 3216 883; x_wconf 71' lang='lat' dir='ltr'><strong>Pharaoni.</strong></span> <span class='ocrx_word' id='word_1_133' title='bbox 3238 818 3362 877; x_wconf 81' lang='lat' dir='ltr'><strong>Non</strong></span> <span class='ocrx_word' id='word_1_134' title='bbox 3374 818 3640 888; x_wconf 73' lang='lat' dir='ltr'><strong>Scriptum</strong></span> <span class='ocrx_word' id='word_1_135' title='bbox 3650 833 3734 887; x_wconf 84' lang='lat' dir='ltr'><strong>per</strong></span> 
     </span>
    </p>
   </div>
   <div class='ocr_carea' id='block_1_19' title="bbox 2188 894 3735 977">
    <p class='ocr_par' dir='ltr' id='par_1_19' title="bbox 2188 894 3735 977">
     <span class='ocr_line' id='line_1_19' title="bbox 2188 894 3735 977; baseline -0.001 -16"><span class='ocrx_word' id='word_1_136' title='bbox 2188 924 2248 961; x_wconf 88' lang='lat' dir='ltr'><strong>se</strong></span> <span class='ocrx_word' id='word_1_137' title='bbox 2276 894 2547 977; x_wconf 85' lang='lat' dir='ltr'><strong>loquitur,</strong></span> <span class='ocrx_word' id='word_1_138' title='bbox 2580 908 2679 967; x_wconf 87' lang='lat' dir='ltr'><strong>sed</strong></span> <span class='ocrx_word' id='word_1_139' title='bbox 2721 907 2865 969; x_wconf 83' lang='lat' dir='ltr'><strong>alius</strong></span> <span class='ocrx_word' id='word_1_140' title='bbox 2904 922 3004 976; x_wconf 78' lang='lat' dir='ltr'><strong>per</strong></span> <span class='ocrx_word' id='word_1_141' title='bbox 3031 921 3177 969; x_wconf 87' lang='lat' dir='ltr'><strong>eam,</strong></span> <span class='ocrx_word' id='word_1_142' title='bbox 3225 905 3367 960; x_wconf 84' lang='lat' dir='ltr'><strong>sicut</strong></span> <span class='ocrx_word' id='word_1_143' title='bbox 3392 905 3478 967; x_wconf 82' lang='lat' dir='ltr'><strong>hic</strong></span> <span class='ocrx_word' id='word_1_144' title='bbox 3518 904 3735 974; x_wconf 78' lang='lat' dir='ltr'><strong>loquitur</strong></span> 
     </span>
    </p>
   </div>
   <div class='ocr_carea' id='block_1_20' title="bbox 2187 993 3737 1063">
    <p class='ocr_par' dir='ltr' id='par_1_20' title="bbox 2187 993 3737 1063">
     <span class='ocr_line' id='line_1_20' title="bbox 2187 993 3737 1063; baseline -0.001 -13"><span class='ocrx_word' id='word_1_145' title='bbox 2187 996 2370 1055; x_wconf 81' lang='lat' dir='ltr'><strong>Dens:</strong></span> <span class='ocrx_word' id='word_1_146' title='bbox 2403 998 2544 1063; x_wconf 81' lang='lat' dir='ltr'><strong>Quia</strong></span> <span class='ocrx_word' id='word_1_147' title='bbox 2586 999 2650 1059; x_wconf 78' lang='lat' dir='ltr'><strong>in</strong></span> <span class='ocrx_word' id='word_1_148' title='bbox 2697 996 2794 1059; x_wconf 84' lang='lat' dir='ltr'><strong>hoc</strong></span> <span class='ocrx_word' id='word_1_149' title='bbox 2822 998 3008 1062; x_wconf 73' lang='lat' dir='ltr'><strong>ipsum</strong></span> <span class='ocrx_word' id='word_1_150' title='bbox 3043 996 3297 1055; x_wconf 68' lang='lat' dir='ltr'><strong>excitavit</strong></span> <span class='ocrx_word' id='word_1_151' title='bbox 3332 999 3398 1056; x_wconf 85' lang='lat' dir='ltr'><strong>te,</strong></span> <span class='ocrx_word' id='word_1_152' title='bbox 3431 993 3485 1047; x_wconf 86' lang='lat' dir='ltr'><strong>id</strong></span> <span class='ocrx_word' id='word_1_153' title='bbox 3507 998 3587 1053; x_wconf 82' lang='lat' dir='ltr'><strong>est</strong></span> <span class='ocrx_word' id='word_1_154' title='bbox 3610 993 3737 1049; x_wconf 86' lang='lat' dir='ltr'><strong>duri-</strong></span> 
     </span>
    </p>
   </div>
   <div class='ocr_carea' id='block_1_21' title="bbox 2185 1080 3735 1153">
    <p class='ocr_par' dir='ltr' id='par_1_21' title="bbox 2185 1080 3735 1153">
     <span class='ocr_line' id='line_1_21' title="bbox 2185 1080 3735 1153; baseline -0.004 -14"><span class='ocrx_word' id='word_1_155' title='bbox 2185 1084 2322 1139; x_wconf 86' lang='lat' dir='ltr'><strong>tiam</strong></span> <span class='ocrx_word' id='word_1_156' title='bbox 2361 1083 2546 1137; x_wconf 84' lang='lat' dir='ltr'><strong>cordis</strong></span> <span class='ocrx_word' id='word_1_157' title='bbox 2582 1083 2668 1148; x_wconf 85' lang='lat' dir='ltr'><strong>tui</strong></span> <span class='ocrx_word' id='word_1_158' title='bbox 2708 1087 2938 1153; x_wconf 83' lang='lat' dir='ltr'><strong>prapter</strong></span> <span class='ocrx_word' id='word_1_159' title='bbox 2974 1082 3081 1135; x_wconf 88' lang='lat' dir='ltr'><strong>hoc</strong></span> <span class='ocrx_word' id='word_1_160' title='bbox 3128 1080 3254 1145; x_wconf 79' lang='lat' dir='ltr'><strong>aliis</strong></span> <span class='ocrx_word' id='word_1_161' title='bbox 3298 1080 3647 1145; x_wconf 52' lang='lat' dir='ltr'><strong>manifestam</strong></span> <span class='ocrx_word' id='word_1_162' title='bbox 3686 1087 3735 1135; x_wconf 86' lang='lat' dir='ltr'><strong>ut</strong></span> 
     </span>
    </p>
   </div>
   <div class='ocr_carea' id='block_1_22' title="bbox 2189 1168 3736 1239">
    <p class='ocr_par' dir='ltr' id='par_1_22' title="bbox 2189 1168 3736 1239">
     <span class='ocr_line' id='line_1_22' title="bbox 2189 1168 3736 1239; baseline -0.005 -13"><span class='ocrx_word' id='word_1_163' title='bbox 2189 1174 2471 1226; x_wconf 78' lang='lat' dir='ltr'><strong>ostendam</strong></span> <span class='ocrx_word' id='word_1_164' title='bbox 2500 1175 2563 1227; x_wconf 87' lang='lat' dir='ltr'><strong>in</strong></span> <span class='ocrx_word' id='word_1_165' title='bbox 2600 1176 2645 1224; x_wconf 75' lang='lat' dir='ltr'><strong>te</strong></span> <span class='ocrx_word' id='word_1_166' title='bbox 2676 1173 2940 1224; x_wconf 79' lang='lat' dir='ltr'><strong>virtutem</strong></span> <span class='ocrx_word' id='word_1_167' title='bbox 2971 1185 3173 1233; x_wconf 82' lang='lat' dir='ltr'><strong>meam,</strong></span> <span class='ocrx_word' id='word_1_168' title='bbox 3197 1169 3311 1223; x_wconf 89' lang='lat' dir='ltr'><strong>sive</strong></span> <span class='ocrx_word' id='word_1_169' title='bbox 3355 1168 3660 1239; x_wconf 84' lang='lat' dir='ltr'><strong>potentiam,</strong></span> <span class='ocrx_word' id='word_1_170' title='bbox 3686 1174 3736 1223; x_wconf 76' lang='lat' dir='ltr'><strong>ut</strong></span> 
     </span>
    </p>
   </div>
   <div class='ocr_carea' id='block_1_23' title="bbox 497 1254 2094 1333">
    <p class='ocr_par' dir='ltr' id='par_1_23' title="bbox 497 1254 2094 1333">
     <span class='ocr_line' id='line_1_23' title="bbox 497 1254 2094 1333; baseline 0.006 -25"><span class='ocrx_word' id='word_1_171' title='bbox 497 1254 776 1323; x_wconf 79' lang='lat' dir='ltr'><strong>judicium</strong></span> <span class='ocrx_word' id='word_1_172' title='bbox 799 1273 968 1323; x_wconf 86' lang='lat' dir='ltr'><strong>suum</strong></span> <span class='ocrx_word' id='word_1_173' title='bbox 997 1257 1265 1327; x_wconf 80' lang='lat' dir='ltr'><strong>implevit.</strong></span> <span class='ocrx_word' id='word_1_174' title='bbox 1282 1261 1426 1313; x_wconf 84' lang='lat' dir='ltr'><strong>Nam</strong></span> <span class='ocrx_word' id='word_1_175' title='bbox 1448 1278 1575 1315; x_wconf 85' lang='lat' dir='ltr'><strong>cum</strong></span> <span class='ocrx_word' id='word_1_176' title='bbox 1604 1263 1852 1318; x_wconf 80' lang='lat' dir='ltr'><strong>Rebecca</strong></span> <span class='ocrx_word' id='word_1_177' title='bbox 1866 1267 1985 1333; x_wconf 85' lang='lat' dir='ltr'><strong>jam</strong></span> <span class='ocrx_word' id='word_1_178' title='bbox 2003 1266 2094 1325; x_wconf 84' lang='lat' dir='ltr'><strong>ha-</strong></span> 
     </span>
    </p>
   </div>
   <div class='ocr_carea' id='block_1_24' title="bbox 2184 1254 3735 1333">
    <p class='ocr_par' dir='ltr' id='par_1_24' title="bbox 2187 1257 3735 1325">
     <span class='ocr_line' id='line_1_24' title="bbox 2187 1257 3735 1325; baseline -0.003 -12"><span class='ocrx_word' id='word_1_179' title='bbox 2187 1263 2563 1325; x_wconf 75' lang='lat' dir='ltr'><strong>annuntietur</strong></span> <span class='ocrx_word' id='word_1_180' title='bbox 2608 1276 2805 1313; x_wconf 83' lang='lat' dir='ltr'><strong>nomen</strong></span> <span class='ocrx_word' id='word_1_181' title='bbox 2836 1274 3043 1319; x_wconf 86' lang='lat' dir='ltr'><strong>meum,</strong></span> <span class='ocrx_word' id='word_1_182' title='bbox 3075 1257 3133 1321; x_wconf 92' lang='lat' dir='ltr'><strong>id</strong></span> <span class='ocrx_word' id='word_1_183' title='bbox 3165 1263 3250 1311; x_wconf 85' lang='lat' dir='ltr'><strong>est</strong></span> <span class='ocrx_word' id='word_1_184' title='bbox 3278 1257 3573 1321; x_wconf 70' lang='lat' dir='ltr'><strong>divinitatis</strong></span> <span class='ocrx_word' id='word_1_185' title='bbox 3605 1271 3735 1319; x_wconf 76' lang='lat' dir='ltr'><strong>mete,</strong></span> 
     </span>
    </p>
   </div>
   <div class='ocr_carea' id='block_1_25' title="bbox 506 1336 3732 1415">
    <p class='ocr_par' dir='ltr' id='par_1_25' title="bbox 506 1336 3732 1415">
     <span class='ocr_line' id='line_1_25' title="bbox 506 1336 3732 1415; baseline 0.001 -20"><span class='ocrx_word' id='word_1_186' title='bbox 506 1341 667 1409; x_wconf 88' lang='lat' dir='ltr'><strong>beret</strong></span> <span class='ocrx_word' id='word_1_187' title='bbox 693 1352 1026 1415; x_wconf 87' lang='lat' dir='ltr'><strong>conceptum</strong></span> <span class='ocrx_word' id='word_1_188' title='bbox 1048 1347 1106 1399; x_wconf 91' lang='lat' dir='ltr'><strong>in</strong></span> <span class='ocrx_word' id='word_1_189' title='bbox 1130 1353 1308 1413; x_wconf 80' lang='lat' dir='ltr'><strong>utero,</strong></span> <span class='ocrx_word' id='word_1_190' title='bbox 1338 1354 1396 1402; x_wconf 90' lang='lat' dir='ltr'><strong>et</strong></span> <span class='ocrx_word' id='word_1_191' title='bbox 1420 1349 1528 1414; x_wconf 84' lang='lat' dir='ltr'><strong>iret</strong></span> <span class='ocrx_word' id='word_1_192' title='bbox 1553 1357 1619 1405; x_wconf 91' lang='lat' dir='ltr'><strong>ut</strong></span> <span class='ocrx_word' id='word_1_193' title='bbox 1647 1352 1949 1409; x_wconf 88' lang='lat' dir='ltr'><strong>Dominum</strong></span> <span class='ocrx_word' id='word_1_194' title='bbox 1978 1370 2106 1408; x_wconf 89' lang='lat' dir='ltr'><strong>con-</strong></span> <span class='ocrx_word' id='word_1_195' title='bbox 2187 1351 2249 1401; x_wconf 85' lang='lat' dir='ltr'><strong>in</strong></span> <span class='ocrx_word' id='word_1_196' title='bbox 2289 1352 2551 1403; x_wconf 81' lang='lat' dir='ltr'><strong>universa</strong></span> <span class='ocrx_word' id='word_1_197' title='bbox 2591 1354 2761 1401; x_wconf 87' lang='lat' dir='ltr'><strong>terra.</strong></span> <span class='ocrx_word' id='word_1_198' title='bbox 2797 1348 2883 1413; x_wconf 78' lang='lat' dir='ltr'><strong>ita</strong></span> <span class='ocrx_word' id='word_1_199' title='bbox 2913 1336 3080 1400; x_wconf 87' lang='lat' dir='ltr'><strong>modo</strong></span> <span class='ocrx_word' id='word_1_200' title='bbox 3104 1346 3197 1400; x_wconf 88' lang='lat' dir='ltr'><strong>sit.</strong></span> <span class='ocrx_word' id='word_1_201' title='bbox 3229 1346 3290 1399; x_wconf 84' lang='lat' dir='ltr'><strong>In</strong></span> <span class='ocrx_word' id='word_1_202' title='bbox 3322 1345 3572 1409; x_wconf 85' lang='lat' dir='ltr'><strong>universa</strong></span> <span class='ocrx_word' id='word_1_203' title='bbox 3591 1344 3732 1408; x_wconf 87' lang='lat' dir='ltr'><strong>enim,</strong></span> 
     </span>
    </p>
   </div>
   <div class='ocr_carea' id='block_1_26' title="bbox 506 1431 3737 1515">
    <p class='ocr_par' dir='ltr' id='par_1_26' title="bbox 506 1431 3737 1515">
     <span class='ocr_line' id='line_1_26' title="bbox 506 1431 3737 1515; baseline 0.001 -31"><span class='ocrx_word' id='word_1_204' title='bbox 506 1431 954 1503; x_wconf 81' lang='lat' dir='ltr'><strong>suleret,autper</strong></span> <span class='ocrx_word' id='word_1_205' title='bbox 970 1434 1376 1515; x_wconf 84' lang='lat' dir='ltr'><strong>Melchisedech</strong></span> <span class='ocrx_word' id='word_1_206' title='bbox 1390 1439 1738 1515; x_wconf 66' lang='lat' dir='ltr'><strong>sacerdotem</strong></span> <span class='ocrx_word' id='word_1_207' title='bbox 1756 1440 2101 1515; x_wconf 82' lang='lat' dir='ltr'><strong>Deisummi,</strong></span> <span class='ocrx_word' id='word_1_208' title='bbox 2188 1443 2358 1503; x_wconf 80' lang='lat' dir='ltr'><strong>terra,</strong></span> <span class='ocrx_word' id='word_1_209' title='bbox 2393 1442 2449 1490; x_wconf 90' lang='lat' dir='ltr'><strong>et</strong></span> <span class='ocrx_word' id='word_1_210' title='bbox 2488 1452 2588 1506; x_wconf 88' lang='lat' dir='ltr'><strong>per</strong></span> <span class='ocrx_word' id='word_1_211' title='bbox 2626 1434 3004 1506; x_wconf 83' lang='lat' dir='ltr'><strong>quadriﬁdum</strong></span> <span class='ocrx_word' id='word_1_212' title='bbox 3033 1432 3224 1488; x_wconf 88' lang='lat' dir='ltr'><strong>orbem</strong></span> <span class='ocrx_word' id='word_1_213' title='bbox 3271 1432 3624 1499; x_wconf 83' lang='lat' dir='ltr'><strong>annuntiatur</strong></span> <span class='ocrx_word' id='word_1_214' title='bbox 3655 1445 3737 1491; x_wconf 83' lang='lat' dir='ltr'><strong>no-</strong></span> 
     </span>
    </p>
   </div>
   <div class='ocr_carea' id='block_1_27' title="bbox 505 1510 3740 1601">
    <p class='ocr_par' dir='ltr' id='par_1_27' title="bbox 505 1510 3740 1601">
     <span class='ocr_line' id='line_1_27' title="bbox 505 1510 3740 1601; baseline 0.004 -30"><span class='ocrx_word' id='word_1_215' title='bbox 505 1525 606 1583; x_wconf 68' lang='lat' dir='ltr'><strong>aut</strong></span> <span class='ocrx_word' id='word_1_216' title='bbox 636 1536 738 1590; x_wconf 87' lang='lat' dir='ltr'><strong>per</strong></span> <span class='ocrx_word' id='word_1_217' title='bbox 764 1522 935 1576; x_wconf 90' lang='lat' dir='ltr'><strong>alium</strong></span> <span class='ocrx_word' id='word_1_218' title='bbox 970 1510 1295 1593; x_wconf 80' lang='lat' dir='ltr'><strong>quemlibet,</strong></span> <span class='ocrx_word' id='word_1_219' title='bbox 1318 1542 1417 1594; x_wconf 89' lang='lat' dir='ltr'><strong>per</strong></span> <span class='ocrx_word' id='word_1_220' title='bbox 1437 1541 1601 1596; x_wconf 85' lang='lat' dir='ltr'><strong>quem</strong></span> <span class='ocrx_word' id='word_1_221' title='bbox 1627 1510 1776 1583; x_wconf 90' lang='lat' dir='ltr'><strong>Deus</strong></span> <span class='ocrx_word' id='word_1_222' title='bbox 1799 1510 1935 1585; x_wconf 86' lang='lat' dir='ltr'><strong>tunc</strong></span> <span class='ocrx_word' id='word_1_223' title='bbox 1957 1536 2102 1584; x_wconf 88' lang='lat' dir='ltr'><strong>tem-</strong></span> <span class='ocrx_word' id='word_1_224' title='bbox 2188 1541 2316 1578; x_wconf 75' lang='lat' dir='ltr'><strong>men</strong></span> <span class='ocrx_word' id='word_1_225' title='bbox 2347 1523 2655 1589; x_wconf 69' lang='grc' dir='ltr'><strong>άίνὶηίῑὸῐίε</strong></span> <span class='ocrx_word' id='word_1_226' title='bbox 2682 1525 2826 1593; x_wconf 61' lang='lat' dir='ltr'><strong>eius.</strong></span> <span class='ocrx_word' id='word_1_227' title='bbox 2864 1522 2995 1593; x_wconf 78' lang='lat' dir='ltr'><strong>quia</strong></span> <span class='ocrx_word' id='word_1_228' title='bbox 3032 1538 3174 1592; x_wconf 75' lang='grc' dir='ltr'><strong>Ρθηθ</strong></span> <span class='ocrx_word' id='word_1_229' title='bbox 3223 1520 3427 1591; x_wconf 78' lang='lat' dir='ltr'><strong>ubique</strong></span> <span class='ocrx_word' id='word_1_230' title='bbox 3455 1520 3587 1601; x_wconf 54' lang='lat' dir='ltr'><strong>liber</strong></span> <span class='ocrx_word' id='word_1_231' title='bbox 3628 1520 3740 1575; x_wconf 72' lang='grc' dir='ltr'><strong>Εἰθ-</strong></span> 
     </span>
    </p>
   </div>
   <div class='ocr_carea' id='block_1_28' title="bbox 507 1607 3739 1685">
    <p class='ocr_par' dir='ltr' id='par_1_28' title="bbox 507 1607 3739 1685">
     <span class='ocr_line' id='line_1_28' title="bbox 507 1607 3739 1685; baseline 0.001 -26"><span class='ocrx_word' id='word_1_232' title='bbox 507 1607 659 1676; x_wconf 87' lang='lat' dir='ltr'><strong>poris</strong></span> <span class='ocrx_word' id='word_1_233' title='bbox 688 1624 959 1679; x_wconf 81' lang='lat' dir='ltr'><strong>responsa</strong></span> <span class='ocrx_word' id='word_1_234' title='bbox 986 1612 1400 1685; x_wconf 85' lang='lat' dir='ltr'><strong>dabat.dictum</strong></span> <span class='ocrx_word' id='word_1_235' title='bbox 1429 1623 1515 1668; x_wconf 90' lang='lat' dir='ltr'><strong>est</strong></span> <span class='ocrx_word' id='word_1_236' title='bbox 1543 1616 1592 1669; x_wconf 92' lang='lat' dir='ltr'><strong>ei</strong></span> <span class='ocrx_word' id='word_1_237' title='bbox 1615 1634 1680 1670; x_wconf 85' lang='lat' dir='ltr'><strong>ex</strong></span> <span class='ocrx_word' id='word_1_238' title='bbox 1700 1628 1931 1673; x_wconf 90' lang='lat' dir='ltr'><strong>vocante</strong></span> <span class='ocrx_word' id='word_1_239' title='bbox 1953 1620 2102 1679; x_wconf 87' lang='lat' dir='ltr'><strong>Deo:</strong></span> <span class='ocrx_word' id='word_1_240' title='bbox 2187 1613 2294 1667; x_wconf 87' lang='lat' dir='ltr'><strong>dus</strong></span> <span class='ocrx_word' id='word_1_241' title='bbox 2322 1612 2593 1667; x_wconf 80' lang='lat' dir='ltr'><strong>recitatur</strong></span> <span class='ocrx_word' id='word_1_242' title='bbox 2626 1630 2637 1664; x_wconf 91' lang='lat'><strong><em>:</em></strong></span> <span class='ocrx_word' id='word_1_243' title='bbox 2676 1612 3000 1681; x_wconf 83' lang='lat' dir='ltr'><strong>Antequam</strong></span> <span class='ocrx_word' id='word_1_244' title='bbox 3048 1610 3391 1675; x_wconf 81' lang='lat' dir='ltr'><strong>excitaretur</strong></span> <span class='ocrx_word' id='word_1_245' title='bbox 3432 1609 3635 1663; x_wconf 84' lang='lat' dir='ltr'><strong>Pharao</strong></span> <span class='ocrx_word' id='word_1_246' title='bbox 3657 1608 3739 1671; x_wconf 81' lang='lat' dir='ltr'><strong>de-</strong></span> 
     </span>
    </p>
   </div>
   <div class='ocr_carea' id='block_1_29' title="bbox 505 1696 3740 1783">
    <p class='ocr_par' dir='ltr' id='par_1_29' title="bbox 505 1696 3740 1783">
     <span class='ocr_line' id='line_1_29' title="bbox 505 1696 3740 1783; baseline 0 -34"><span class='ocrx_word' id='word_1_247' title='bbox 505 1696 625 1763; x_wconf 64' lang='lat' dir='ltr'><strong>Duo</strong></span> <span class='ocrx_word' id='word_1_248' title='bbox 657 1700 769 1763; x_wconf 79' lang='lat' dir='ltr'><strong>ﬁlii</strong></span> <span class='ocrx_word' id='word_1_249' title='bbox 797 1702 859 1751; x_wconf 87' lang='lat' dir='ltr'><strong>in</strong></span> <span class='ocrx_word' id='word_1_250' title='bbox 888 1704 1046 1767; x_wconf 78' lang='lat' dir='ltr'><strong>utero</strong></span> <span class='ocrx_word' id='word_1_251' title='bbox 1078 1707 1171 1754; x_wconf 84' lang='lat' dir='ltr'><strong>tuo</strong></span> <span class='ocrx_word' id='word_1_252' title='bbox 1199 1708 1329 1756; x_wconf 79' lang='lat' dir='ltr'><strong>sunt</strong></span> <span class='ocrx_word' id='word_1_253' title='bbox 1358 1709 1407 1756; x_wconf 81' lang='lat' dir='ltr'><strong>et</strong></span> <span class='ocrx_word' id='word_1_254' title='bbox 1439 1706 1548 1758; x_wconf 86' lang='lat' dir='ltr'><strong>duo</strong></span> <span class='ocrx_word' id='word_1_255' title='bbox 1575 1709 1785 1772; x_wconf 81' lang='lat' dir='ltr'><strong>populi,</strong></span> <span class='ocrx_word' id='word_1_256' title='bbox 1821 1710 2167 1783; x_wconf 73' lang='lat' dir='ltr'><strong>mqjorqueB</strong></span> <span class='ocrx_word' id='word_1_257' title='bbox 2188 1718 2307 1754; x_wconf 89' lang='lat' dir='ltr'><strong>cem</strong></span> <span class='ocrx_word' id='word_1_258' title='bbox 2352 1702 2531 1772; x_wconf 82' lang='lat' dir='ltr'><strong>plagis</strong></span> <span class='ocrx_word' id='word_1_259' title='bbox 2585 1716 2616 1753; x_wconf 88' lang='lat' dir='ltr'><strong>a</strong></span> <span class='ocrx_word' id='word_1_260' title='bbox 2664 1700 2779 1754; x_wconf 93' lang='lat' dir='ltr'><strong>Deo</strong></span> <span class='ocrx_word' id='word_1_261' title='bbox 2823 1699 2986 1769; x_wconf 90' lang='lat' dir='ltr'><strong>quasi</strong></span> <span class='ocrx_word' id='word_1_262' title='bbox 3030 1698 3362 1761; x_wconf 81' lang='lat' dir='ltr'><strong>dormiebat,</strong></span> <span class='ocrx_word' id='word_1_263' title='bbox 3395 1705 3453 1751; x_wconf 88' lang='lat' dir='ltr'><strong>et</strong></span> <span class='ocrx_word' id='word_1_264' title='bbox 3503 1696 3740 1753; x_wconf 83' lang='lat' dir='ltr'><strong>excitatus</strong></span> 
     </span>
    </p>
   </div>
   <div class='ocr_carea' id='block_1_30' title="bbox 505 1785 3741 1863">
    <p class='ocr_par' dir='ltr' id='par_1_30' title="bbox 505 1785 3741 1863">
     <span class='ocr_line' id='line_1_30' title="bbox 505 1785 3741 1863; baseline 0 -25"><span class='ocrx_word' id='word_1_265' title='bbox 505 1787 701 1851; x_wconf 61' lang='lat' dir='ltr'><strong>serviet</strong></span> <span class='ocrx_word' id='word_1_266' title='bbox 730 1790 942 1851; x_wconf 81' lang='lat' dir='ltr'><strong>minori</strong></span> <span class='ocrx_word' id='word_1_267' title='bbox 958 1804 1121 1857; x_wconf 88' lang='lat' dir='ltr'><strong>;ergo</strong></span> <span class='ocrx_word' id='word_1_268' title='bbox 1142 1789 1285 1856; x_wconf 85' lang='lat' dir='ltr'><strong>sicut</strong></span> <span class='ocrx_word' id='word_1_269' title='bbox 1307 1808 1419 1845; x_wconf 91' lang='lat' dir='ltr'><strong>non</strong></span> <span class='ocrx_word' id='word_1_270' title='bbox 1440 1792 1544 1846; x_wconf 87' lang='lat' dir='ltr'><strong>fuit</strong></span> <span class='ocrx_word' id='word_1_271' title='bbox 1565 1795 1913 1863; x_wconf 88' lang='lat' dir='ltr'><strong>propositum</strong></span> <span class='ocrx_word' id='word_1_272' title='bbox 1945 1797 2060 1858; x_wconf 89' lang='lat' dir='ltr'><strong>Deo</strong></span> <span class='ocrx_word' id='word_1_273' title='bbox 2085 1814 2096 1847; x_wconf 90' lang='lat'><strong>:</strong></span> <span class='ocrx_word' id='word_1_274' title='bbox 2185 1792 2347 1860; x_wconf 83' lang='lat' dir='ltr'><strong>cujus</strong></span> <span class='ocrx_word' id='word_1_275' title='bbox 2387 1790 2615 1855; x_wconf 82' lang='lat' dir='ltr'><strong>malitias</strong></span> <span class='ocrx_word' id='word_1_276' title='bbox 2659 1795 2807 1842; x_wconf 84' lang='lat' dir='ltr'><strong>esset</strong></span> <span class='ocrx_word' id='word_1_277' title='bbox 2832 1805 2929 1842; x_wconf 90' lang='lat' dir='ltr'><strong>cor</strong></span> <span class='ocrx_word' id='word_1_278' title='bbox 2960 1788 3081 1857; x_wconf 90' lang='lat' dir='ltr'><strong>ejus</strong></span> <span class='ocrx_word' id='word_1_279' title='bbox 3120 1786 3440 1841; x_wconf 86' lang='lat' dir='ltr'><strong>hominibus</strong></span> <span class='ocrx_word' id='word_1_280' title='bbox 3466 1785 3741 1855; x_wconf 75' lang='lat' dir='ltr'><strong>ignoranti-</strong></span> 
     </span>
    </p>
   </div>
   <div class='ocr_carea' id='block_1_31' title="bbox 505 1871 3740 1943">
    <p class='ocr_par' dir='ltr' id='par_1_31' title="bbox 505 1871 3740 1943">
     <span class='ocr_line' id='line_1_31' title="bbox 505 1871 3740 1943; baseline -0 -18"><span class='ocrx_word' id='word_1_281' title='bbox 505 1876 565 1926; x_wconf 85' lang='lat' dir='ltr'><strong>et</strong></span> <span class='ocrx_word' id='word_1_282' title='bbox 590 1873 1010 1943; x_wconf 61' lang='lat' dir='ltr'><strong>praedestinatio</strong></span> <span class='ocrx_word' id='word_1_283' title='bbox 1039 1879 1349 1933; x_wconf 89' lang='lat' dir='ltr'><strong>secundum</strong></span> <span class='ocrx_word' id='word_1_284' title='bbox 1386 1881 1716 1934; x_wconf 87' lang='lat' dir='ltr'><strong>electionem</strong></span> <span class='ocrx_word' id='word_1_285' title='bbox 1752 1882 1882 1936; x_wconf 89' lang='lat' dir='ltr'><strong>boni</strong></span> <span class='ocrx_word' id='word_1_286' title='bbox 1914 1884 2097 1937; x_wconf 89' lang='lat' dir='ltr'><strong>meriti</strong></span> <span class='ocrx_word' id='word_1_287' title='bbox 2186 1879 2288 1934; x_wconf 90' lang='lat' dir='ltr'><strong>bus</strong></span> <span class='ocrx_word' id='word_1_288' title='bbox 2314 1879 2733 1933; x_wconf 77' lang='lat' dir='ltr'><strong>manifestatum</strong></span> <span class='ocrx_word' id='word_1_289' title='bbox 2757 1882 2861 1939; x_wconf 88' lang='lat' dir='ltr'><strong>est,</strong></span> <span class='ocrx_word' id='word_1_290' title='bbox 2885 1876 3036 1931; x_wconf 88' lang='lat' dir='ltr'><strong>unde</strong></span> <span class='ocrx_word' id='word_1_291' title='bbox 3058 1876 3194 1941; x_wconf 80' lang='lat' dir='ltr'><strong>dicit</strong></span> <span class='ocrx_word' id='word_1_292' title='bbox 3211 1875 3482 1930; x_wconf 88' lang='lat' dir='ltr'><strong>Dominus</strong></span> <span class='ocrx_word' id='word_1_293' title='bbox 3503 1889 3514 1927; x_wconf 85' lang='lat'><strong>:</strong></span> <span class='ocrx_word' id='word_1_294' title='bbox 3534 1871 3740 1929; x_wconf 85' lang='lat' dir='ltr'><strong>Excitavi</strong></span> 
     </span>
    </p>
   </div>
   <div class='ocr_carea' id='block_1_32' title="bbox 504 1960 3741 2039">
    <p class='ocr_par' dir='ltr' id='par_1_32' title="bbox 504 1960 3741 2039">
     <span class='ocr_line' id='line_1_32' title="bbox 504 1960 3741 2039; baseline 0.001 -24"><span class='ocrx_word' id='word_1_295' title='bbox 504 1961 694 2029; x_wconf 61' lang='lat' dir='ltr'><strong>Iacob,</strong></span> <span class='ocrx_word' id='word_1_296' title='bbox 730 1962 810 2031; x_wconf 77' lang='lat' dir='ltr'><strong>ita</strong></span> <span class='ocrx_word' id='word_1_297' title='bbox 860 1970 916 2017; x_wconf 91' lang='lat' dir='ltr'><strong>et</strong></span> <span class='ocrx_word' id='word_1_298' title='bbox 966 1966 1163 2035; x_wconf 81' lang='lat' dir='ltr'><strong>electio</strong></span> <span class='ocrx_word' id='word_1_299' title='bbox 1189 1968 1443 2036; x_wconf 82' lang='lat' dir='ltr'><strong>gentium</strong></span> <span class='ocrx_word' id='word_1_300' title='bbox 1483 1986 1595 2024; x_wconf 89' lang='lat' dir='ltr'><strong>non</strong></span> <span class='ocrx_word' id='word_1_301' title='bbox 1642 1970 1749 2033; x_wconf 87' lang='lat' dir='ltr'><strong>fuit</strong></span> <span class='ocrx_word' id='word_1_302' title='bbox 1789 1973 2096 2026; x_wconf 86' lang='lat' dir='ltr'><strong>secundum</strong></span> <span class='ocrx_word' id='word_1_303' title='bbox 2180 1974 2236 2022; x_wconf 83' lang='lat' dir='ltr'><strong>te</strong></span> <span class='ocrx_word' id='word_1_304' title='bbox 2268 1967 2545 2037; x_wconf 66' lang='lat' dir='ltr'><strong>pulsando</strong></span> <span class='ocrx_word' id='word_1_305' title='bbox 2572 1967 2761 2039; x_wconf 80' lang='lat' dir='ltr'><strong>decem</strong></span> <span class='ocrx_word' id='word_1_306' title='bbox 2793 1965 2992 2035; x_wconf 81' lang='lat' dir='ltr'><strong>plagis,</strong></span> <span class='ocrx_word' id='word_1_307' title='bbox 3027 1964 3084 2019; x_wconf 93' lang='lat' dir='ltr'><strong>id</strong></span> <span class='ocrx_word' id='word_1_308' title='bbox 3113 1970 3195 2019; x_wconf 89' lang='lat' dir='ltr'><strong>est</strong></span> <span class='ocrx_word' id='word_1_309' title='bbox 3235 1963 3577 2029; x_wconf 72' lang='lat' dir='ltr'><strong>manifestavi</strong></span> <span class='ocrx_word' id='word_1_310' title='bbox 3604 1960 3741 2016; x_wconf 71' lang='lat' dir='ltr'><strong>mali&#39;</strong></span> 
     </span>
    </p>
   </div>
   <div class='ocr_carea' id='block_1_33' title="bbox 505 2050 3736 2130">
    <p class='ocr_par' dir='ltr' id='par_1_33' title="bbox 505 2050 3736 2130">
     <span class='ocr_line' id='line_1_33' title="bbox 505 2050 3736 2130; baseline 0.001 -28"><span class='ocrx_word' id='word_1_311' title='bbox 505 2050 835 2119; x_wconf 78' lang='lat' dir='ltr'><strong>electionem</strong></span> <span class='ocrx_word' id='word_1_312' title='bbox 868 2054 1217 2123; x_wconf 85' lang='lat' dir='ltr'><strong>meritorum,</strong></span> <span class='ocrx_word' id='word_1_313' title='bbox 1265 2059 1361 2115; x_wconf 88' lang='lat' dir='ltr'><strong>sed</strong></span> <span class='ocrx_word' id='word_1_314' title='bbox 1391 2060 1700 2115; x_wconf 88' lang='lat' dir='ltr'><strong>secundum</strong></span> <span class='ocrx_word' id='word_1_315' title='bbox 1743 2062 1986 2130; x_wconf 79' lang='lat' dir='ltr'><strong>gratiam</strong></span> <span class='ocrx_word' id='word_1_316' title='bbox 2043 2069 2100 2129; x_wconf 79' lang='lat' dir='ltr'><strong>et</strong></span> <span class='ocrx_word' id='word_1_317' title='bbox 2181 2057 2320 2111; x_wconf 88' lang='lat' dir='ltr'><strong>tiam</strong></span> <span class='ocrx_word' id='word_1_318' title='bbox 2337 2056 2520 2125; x_wconf 74' lang='lat' dir='ltr'><strong>cordis</strong></span> <span class='ocrx_word' id='word_1_319' title='bbox 2550 2056 2783 2126; x_wconf 72' lang='lat' dir='ltr'><strong>tui,quaa</strong></span> <span class='ocrx_word' id='word_1_320' title='bbox 2812 2071 2902 2108; x_wconf 87' lang='lat' dir='ltr'><strong>me</strong></span> <span class='ocrx_word' id='word_1_321' title='bbox 2930 2070 3043 2107; x_wconf 90' lang='lat' dir='ltr'><strong>non</strong></span> <span class='ocrx_word' id='word_1_322' title='bbox 3068 2053 3310 2119; x_wconf 79' lang='lat' dir='ltr'><strong>latebat;</strong></span> <span class='ocrx_word' id='word_1_323' title='bbox 3335 2054 3481 2117; x_wconf 79' lang='lat' dir='ltr'><strong>unde</strong></span> <span class='ocrx_word' id='word_1_324' title='bbox 3502 2052 3736 2119; x_wconf 80' lang='lat' dir='ltr'><strong>excitatus</strong></span> 
     </span>
    </p>
   </div>
   <div class='ocr_carea' id='block_1_34' title="bbox 503 2139 3736 2227">
    <p class='ocr_par' dir='ltr' id='par_1_34' title="bbox 503 2139 3736 2227">
     <span class='ocr_line' id='line_1_34' title="bbox 503 2139 3736 2227; baseline 0.004 -35"><span class='ocrx_word' id='word_1_325' title='bbox 503 2139 1056 2208; x_wconf 64' lang='lat' dir='ltr'><strong>prasdestinationem</strong></span> <span class='ocrx_word' id='word_1_326' title='bbox 1088 2145 1572 2221; x_wconf 86' lang='lat' dir='ltr'><strong>Dei.Quapropter</strong></span> <span class='ocrx_word' id='word_1_327' title='bbox 1591 2165 1765 2218; x_wconf 88' lang='lat' dir='ltr'><strong>quare</strong></span> <span class='ocrx_word' id='word_1_328' title='bbox 1789 2150 1957 2205; x_wconf 86' lang='lat' dir='ltr'><strong>Jacob</strong></span> <span class='ocrx_word' id='word_1_329' title='bbox 1981 2151 2101 2204; x_wconf 89' lang='lat' dir='ltr'><strong>sine</strong></span> <span class='ocrx_word' id='word_1_330' title='bbox 2182 2146 2265 2199; x_wconf 87' lang='lat' dir='ltr'><strong>ait</strong></span> <span class='ocrx_word' id='word_1_331' title='bbox 2289 2147 2507 2227; x_wconf 43' lang='lat' dir='ltr'><strong>:ODeum</strong></span> <span class='ocrx_word' id='word_1_332' title='bbox 2528 2147 2747 2211; x_wconf 84' lang='lat' dir='ltr'><strong>ignoro.</strong></span> <span class='ocrx_word' id='word_1_333' title='bbox 2775 2150 2823 2197; x_wconf 83' lang='lat' dir='ltr'><strong>et</strong></span> <span class='ocrx_word' id='word_1_334' title='bbox 2847 2146 3020 2199; x_wconf 74' lang='lat' dir='ltr'><strong>Israel</strong></span> <span class='ocrx_word' id='word_1_335' title='bbox 3054 2159 3164 2196; x_wconf 87' lang='lat' dir='ltr'><strong>non</strong></span> <span class='ocrx_word' id='word_1_336' title='bbox 3185 2144 3471 2199; x_wconf 73' lang='lat' dir='ltr'><strong>dimittam</strong></span> <span class='ocrx_word' id='word_1_337' title='bbox 3497 2141 3736 2205; x_wconf 57' lang='grc' dir='ltr'><strong>(Μαίων)-</strong></span> 
     </span>
    </p>
   </div>
   <div class='ocr_carea' id='block_1_35' title="bbox 506 2226 3739 2307">
    <p class='ocr_par' dir='ltr' id='par_1_35' title="bbox 506 2226 3739 2307">
     <span class='ocr_line' id='line_1_35' title="bbox 506 2226 3739 2307; baseline -0.002 -24"><span class='ocrx_word' id='word_1_338' title='bbox 506 2226 768 2299; x_wconf 72' lang='lat' dir='ltr'><strong>operibus</strong></span> <span class='ocrx_word' id='word_1_339' title='bbox 794 2228 953 2295; x_wconf 84' lang='lat' dir='ltr'><strong>bonis</strong></span> <span class='ocrx_word' id='word_1_340' title='bbox 973 2231 1183 2286; x_wconf 86' lang='lat' dir='ltr'><strong>electus</strong></span> <span class='ocrx_word' id='word_1_341' title='bbox 1202 2233 1294 2301; x_wconf 87' lang='lat' dir='ltr'><strong>sit,</strong></span> <span class='ocrx_word' id='word_1_342' title='bbox 1331 2236 1476 2289; x_wconf 81' lang='lat' dir='ltr'><strong>Esau</strong></span> <span class='ocrx_word' id='word_1_343' title='bbox 1504 2253 1633 2290; x_wconf 88' lang='lat' dir='ltr'><strong>vero</strong></span> <span class='ocrx_word' id='word_1_344' title='bbox 1659 2237 1757 2290; x_wconf 90' lang='lat' dir='ltr'><strong>abs</strong></span> <span class='ocrx_word' id='word_1_345' title='bbox 1783 2238 1946 2291; x_wconf 89' lang='lat' dir='ltr'><strong>malis</strong></span> <span class='ocrx_word' id='word_1_346' title='bbox 1974 2255 2103 2307; x_wconf 85' lang='lat' dir='ltr'><strong>ope-</strong></span> <span class='ocrx_word' id='word_1_347' title='bbox 2183 2233 2253 2297; x_wconf 77' lang='lat' dir='ltr'><strong>Et</strong></span> <span class='ocrx_word' id='word_1_348' title='bbox 2278 2226 2412 2302; x_wconf 85' lang='lat' dir='ltr'><strong>quia</strong></span> <span class='ocrx_word' id='word_1_349' title='bbox 2437 2248 2537 2302; x_wconf 91' lang='lat' dir='ltr'><strong>pro</strong></span> <span class='ocrx_word' id='word_1_350' title='bbox 2568 2248 2670 2286; x_wconf 89' lang='lat' dir='ltr'><strong>sua</strong></span> <span class='ocrx_word' id='word_1_351' title='bbox 2691 2230 2908 2297; x_wconf 83' lang='lat' dir='ltr'><strong>malitia</strong></span> <span class='ocrx_word' id='word_1_352' title='bbox 2925 2228 3223 2299; x_wconf 78' lang='lat' dir='ltr'><strong>ignorabat</strong></span> <span class='ocrx_word' id='word_1_353' title='bbox 3249 2230 3449 2293; x_wconf 87' lang='lat' dir='ltr'><strong>Deum,</strong></span> <span class='ocrx_word' id='word_1_354' title='bbox 3486 2230 3739 2285; x_wconf 81' lang='lat' dir='ltr'><strong>induravit</strong></span> 
     </span>
    </p>
   </div>
   <div class='ocr_carea' id='block_1_36' title="bbox 503 2313 3737 2396">
    <p class='ocr_par' dir='ltr' id='par_1_36' title="bbox 503 2313 3737 2396">
     <span class='ocr_line' id='line_1_36' title="bbox 503 2313 3737 2396; baseline -0.001 -28"><span class='ocrx_word' id='word_1_355' title='bbox 503 2314 659 2383; x_wconf 84' lang='lat' dir='ltr'><strong>ribus</strong></span> <span class='ocrx_word' id='word_1_356' title='bbox 689 2317 816 2377; x_wconf 82' lang='lat' dir='ltr'><strong>odio</strong></span> <span class='ocrx_word' id='word_1_357' title='bbox 846 2317 1087 2391; x_wconf 78' lang='lat' dir='ltr'><strong>habitus,</strong></span> <span class='ocrx_word' id='word_1_358' title='bbox 1119 2321 1221 2374; x_wconf 89' lang='lat' dir='ltr'><strong>soli</strong></span> <span class='ocrx_word' id='word_1_359' title='bbox 1250 2322 1367 2376; x_wconf 89' lang='lat' dir='ltr'><strong>Deo</strong></span> <span class='ocrx_word' id='word_1_360' title='bbox 1393 2332 1589 2378; x_wconf 90' lang='lat' dir='ltr'><strong>notum</strong></span> <span class='ocrx_word' id='word_1_361' title='bbox 1640 2334 1726 2380; x_wconf 90' lang='lat' dir='ltr'><strong>est</strong></span> <span class='ocrx_word' id='word_1_362' title='bbox 1770 2326 1867 2396; x_wconf 88' lang='lat' dir='ltr'><strong>qui</strong></span> <span class='ocrx_word' id='word_1_363' title='bbox 1913 2326 2104 2380; x_wconf 87' lang='lat' dir='ltr'><strong>omnia</strong></span> <span class='ocrx_word' id='word_1_364' title='bbox 2183 2322 2323 2375; x_wconf 72' lang='lat' dir='ltr'><strong>Deus</strong></span> <span class='ocrx_word' id='word_1_365' title='bbox 2375 2336 2468 2374; x_wconf 86' lang='lat' dir='ltr'><strong>cor</strong></span> <span class='ocrx_word' id='word_1_366' title='bbox 2508 2323 2667 2374; x_wconf 77' lang='lat' dir='ltr'><strong>illius</strong></span> <span class='ocrx_word' id='word_1_367' title='bbox 2695 2320 2888 2387; x_wconf 69' lang='lat' dir='ltr'><strong>(Exod.</strong></span> <span class='ocrx_word' id='word_1_368' title='bbox 2931 2326 3066 2383; x_wconf 81' lang='lat' dir='ltr'><strong>xw),</strong></span> <span class='ocrx_word' id='word_1_369' title='bbox 3118 2318 3175 2373; x_wconf 90' lang='lat' dir='ltr'><strong>id</strong></span> <span class='ocrx_word' id='word_1_370' title='bbox 3218 2323 3307 2372; x_wconf 87' lang='lat' dir='ltr'><strong>est</strong></span> <span class='ocrx_word' id='word_1_371' title='bbox 3334 2333 3446 2372; x_wconf 91' lang='lat' dir='ltr'><strong>non</strong></span> <span class='ocrx_word' id='word_1_372' title='bbox 3487 2313 3737 2378; x_wconf 84' lang='lat' dir='ltr'><strong>emollivit,</strong></span> 
     </span>
    </p>
   </div>
   <div class='ocr_carea' id='block_1_37' title="bbox 504 2402 3738 2493">
    <p class='ocr_par' dir='ltr' id='par_1_37' title="bbox 504 2402 3738 2493">
     <span class='ocr_line' id='line_1_37' title="bbox 504 2402 3738 2493; baseline -0.001 -36"><span class='ocrx_word' id='word_1_373' title='bbox 504 2403 661 2469; x_wconf 80' lang='lat' dir='ltr'><strong>novit</strong></span> <span class='ocrx_word' id='word_1_374' title='bbox 701 2410 1004 2477; x_wconf 84' lang='lat' dir='ltr'><strong>antequam</strong></span> <span class='ocrx_word' id='word_1_375' title='bbox 1047 2408 1185 2461; x_wconf 84' lang='lat' dir='ltr'><strong>ﬁant</strong></span> <span class='ocrx_word' id='word_1_376' title='bbox 1215 2431 1226 2465; x_wconf 90' lang='lat'><strong>:</strong></span> <span class='ocrx_word' id='word_1_377' title='bbox 1258 2411 1424 2480; x_wconf 86' lang='lat' dir='ltr'><strong>cujus</strong></span> <span class='ocrx_word' id='word_1_378' title='bbox 1451 2412 1667 2485; x_wconf 87' lang='lat' dir='ltr'><strong>judicia</strong></span> <span class='ocrx_word' id='word_1_379' title='bbox 1702 2430 1925 2484; x_wconf 88' lang='lat' dir='ltr'><strong>semper</strong></span> <span class='ocrx_word' id='word_1_380' title='bbox 1946 2415 2104 2493; x_wconf 72' lang='lat' dir='ltr'><strong>justa</strong></span> <span class='ocrx_word' id='word_1_381' title='bbox 2183 2408 2400 2463; x_wconf 85' lang='lat' dir='ltr'><strong>meritis</strong></span> <span class='ocrx_word' id='word_1_382' title='bbox 2429 2409 2553 2476; x_wconf 88' lang='lat' dir='ltr'><strong>ejus</strong></span> <span class='ocrx_word' id='word_1_383' title='bbox 2592 2408 2698 2461; x_wconf 90' lang='lat' dir='ltr'><strong>hoc</strong></span> <span class='ocrx_word' id='word_1_384' title='bbox 2746 2407 3115 2477; x_wconf 83' lang='lat' dir='ltr'><strong>exigentibus.</strong></span> <span class='ocrx_word' id='word_1_385' title='bbox 3163 2406 3270 2461; x_wconf 87' lang='lat' dir='ltr'><strong>Sed</strong></span> <span class='ocrx_word' id='word_1_386' title='bbox 3328 2406 3525 2477; x_wconf 73' lang='lat' dir='ltr'><strong>quierit</strong></span> <span class='ocrx_word' id='word_1_387' title='bbox 3565 2402 3738 2493; x_wconf 86' lang='lat' dir='ltr'><strong>aliquis</strong></span> 
     </span>
    </p>
   </div>
   <div class='ocr_carea' id='block_1_38' title="bbox 507 2492 3739 2568">
    <p class='ocr_par' dir='ltr' id='par_1_38' title="bbox 507 2492 3739 2568">
     <span class='ocr_line' id='line_1_38' title="bbox 507 2492 3739 2568; baseline -0.004 -11"><span class='ocrx_word' id='word_1_388' title='bbox 507 2498 658 2563; x_wconf 62' lang='lat' dir='ltr'><strong>Sunt.</strong></span> <span class='ocrx_word' id='word_1_389' title='bbox 2054 2492 2057 2493; x_wconf 44' lang='grc'><strong><em>⁷</em></strong></span> <span class='ocrx_word' id='word_1_390' title='bbox 2184 2514 2358 2568; x_wconf 88' lang='lat' dir='ltr'><strong>quare</strong></span> <span class='ocrx_word' id='word_1_391' title='bbox 2385 2496 2692 2567; x_wconf 87' lang='lat' dir='ltr'><strong>perdiderit</strong></span> <span class='ocrx_word' id='word_1_392' title='bbox 2709 2497 2858 2559; x_wconf 90' lang='lat' dir='ltr'><strong>Deus</strong></span> <span class='ocrx_word' id='word_1_393' title='bbox 2883 2502 2985 2550; x_wconf 90' lang='lat' dir='ltr'><strong>aut</strong></span> <span class='ocrx_word' id='word_1_394' title='bbox 3008 2496 3361 2549; x_wconf 88' lang='lat' dir='ltr'><strong>Pharaonem</strong></span> <span class='ocrx_word' id='word_1_395' title='bbox 3387 2510 3511 2548; x_wconf 88' lang='lat' dir='ltr'><strong>cum</strong></span> <span class='ocrx_word' id='word_1_396' title='bbox 3529 2492 3739 2549; x_wconf 84' lang='lat' dir='ltr'><strong>exercitu</strong></span> 
     </span>
    </p>
   </div>
   <div class='ocr_carea' id='block_1_39' title="bbox 575 2580 3739 2660">
    <p class='ocr_par' dir='ltr' id='par_1_39' title="bbox 575 2580 3739 2660">
     <span class='ocr_line' id='line_1_39' title="bbox 575 2580 3739 2660; baseline -0.001 -26"><span class='ocrx_word' id='word_1_397' title='bbox 575 2580 729 2655; x_wconf 76' lang='lat' dir='ltr'><strong>Sicut</strong></span> <span class='ocrx_word' id='word_1_398' title='bbox 762 2586 1033 2652; x_wconf 79' lang='lat' dir='ltr'><strong>scriptum</strong></span> <span class='ocrx_word' id='word_1_399' title='bbox 1064 2591 1136 2647; x_wconf 78' lang='lat' dir='ltr'><strong>est</strong></span> <span class='ocrx_word' id='word_1_400' title='bbox 1170 2586 1227 2639; x_wconf 91' lang='lat' dir='ltr'><strong>in</strong></span> <span class='ocrx_word' id='word_1_401' title='bbox 1270 2587 1545 2643; x_wconf 70' lang='lat' dir='ltr'><strong>Malachia</strong></span> <span class='ocrx_word' id='word_1_402' title='bbox 1577 2590 1853 2660; x_wconf 87' lang='lat' dir='ltr'><strong>propheta</strong></span> <span class='ocrx_word' id='word_1_403' title='bbox 1888 2609 1899 2643; x_wconf 89' lang='lat'><strong>:</strong></span> <span class='ocrx_word' id='word_1_404' title='bbox 1931 2590 2101 2646; x_wconf 78' lang='lat' dir='ltr'><strong>Iacob</strong></span> <span class='ocrx_word' id='word_1_405' title='bbox 2183 2603 2304 2651; x_wconf 86' lang='lat' dir='ltr'><strong>suo,</strong></span> <span class='ocrx_word' id='word_1_406' title='bbox 2352 2592 2449 2639; x_wconf 90' lang='lat' dir='ltr'><strong>aut</strong></span> <span class='ocrx_word' id='word_1_407' title='bbox 2507 2584 2842 2649; x_wconf 87' lang='lat' dir='ltr'><strong>Sodomitas,</strong></span> <span class='ocrx_word' id='word_1_408' title='bbox 2894 2590 2994 2637; x_wconf 90' lang='lat' dir='ltr'><strong>aut</strong></span> <span class='ocrx_word' id='word_1_409' title='bbox 3019 2600 3114 2637; x_wconf 87' lang='lat' dir='ltr'><strong>eos</strong></span> <span class='ocrx_word' id='word_1_410' title='bbox 3143 2583 3239 2654; x_wconf 91' lang='lat' dir='ltr'><strong>qui</strong></span> <span class='ocrx_word' id='word_1_411' title='bbox 3268 2582 3329 2636; x_wconf 92' lang='lat' dir='ltr'><strong>in</strong></span> <span class='ocrx_word' id='word_1_412' title='bbox 3359 2581 3558 2635; x_wconf 86' lang='lat' dir='ltr'><strong>diluvio</strong></span> <span class='ocrx_word' id='word_1_413' title='bbox 3585 2580 3739 2650; x_wconf 85' lang='lat' dir='ltr'><strong>perie-</strong></span> 
     </span>
    </p>
   </div>
   <div class='ocr_carea' id='block_1_40' title="bbox 506 2667 3741 2749">
    <p class='ocr_par' dir='ltr' id='par_1_40' title="bbox 506 2667 3741 2749">
     <span class='ocr_line' id='line_1_40' title="bbox 506 2667 3741 2749; baseline 0.002 -27"><span class='ocrx_word' id='word_1_414' title='bbox 506 2668 695 2733; x_wconf 87' lang='lat' dir='ltr'><strong>dilexi,</strong></span> <span class='ocrx_word' id='word_1_415' title='bbox 728 2670 875 2739; x_wconf 82' lang='lat' dir='ltr'><strong>Esau</strong></span> <span class='ocrx_word' id='word_1_416' title='bbox 906 2670 1033 2726; x_wconf 92' lang='lat' dir='ltr'><strong>odio</strong></span> <span class='ocrx_word' id='word_1_417' title='bbox 1066 2674 1411 2747; x_wconf 78' lang='lat' dir='ltr'><strong>habui.Cum</strong></span> <span class='ocrx_word' id='word_1_418' title='bbox 1436 2677 1570 2737; x_wconf 84' lang='lat' dir='ltr'><strong>dicit</strong></span> <span class='ocrx_word' id='word_1_419' title='bbox 1592 2678 1881 2749; x_wconf 85' lang='lat' dir='ltr'><strong>Scriptura</strong></span> <span class='ocrx_word' id='word_1_420' title='bbox 1914 2679 2098 2743; x_wconf 82' lang='lat' dir='ltr'><strong>:Nihil</strong></span> <span class='ocrx_word' id='word_1_421' title='bbox 2182 2675 2356 2728; x_wconf 81' lang='lat' dir='ltr'><strong>runt?</strong></span> <span class='ocrx_word' id='word_1_422' title='bbox 2396 2673 2497 2727; x_wconf 91' lang='lat' dir='ltr'><strong>Cui</strong></span> <span class='ocrx_word' id='word_1_423' title='bbox 2536 2673 2986 2743; x_wconf 78' lang='lat' dir='ltr'><strong>respondendum</strong></span> <span class='ocrx_word' id='word_1_424' title='bbox 3036 2679 3141 2734; x_wconf 86' lang='lat' dir='ltr'><strong>est,</strong></span> <span class='ocrx_word' id='word_1_425' title='bbox 3177 2672 3312 2742; x_wconf 89' lang='lat' dir='ltr'><strong>quia</strong></span> <span class='ocrx_word' id='word_1_426' title='bbox 3340 2686 3528 2726; x_wconf 82' lang='lat' dir='ltr'><strong>eorum</strong></span> <span class='ocrx_word' id='word_1_427' title='bbox 3557 2667 3741 2729; x_wconf 65' lang='lat' dir='ltr'><strong>malitia</strong></span> 
     </span>
    </p>
   </div>
   <div class='ocr_carea' id='block_1_41' title="bbox 506 2757 3735 2835">
    <p class='ocr_par' dir='ltr' id='par_1_41' title="bbox 506 2757 3735 2835">
     <span class='ocr_line' id='line_1_41' title="bbox 506 2757 3735 2835; baseline -0.001 -24"><span class='ocrx_word' id='word_1_428' title='bbox 506 2758 674 2812; x_wconf 84' lang='lat' dir='ltr'><strong>odisti</strong></span> <span class='ocrx_word' id='word_1_429' title='bbox 703 2775 895 2815; x_wconf 82' lang='lat' dir='ltr'><strong>eorum</strong></span> <span class='ocrx_word' id='word_1_430' title='bbox 930 2777 1052 2831; x_wconf 65' lang='lat' dir='ltr'><strong>quae</strong></span> <span class='ocrx_word' id='word_1_431' title='bbox 1080 2762 1291 2819; x_wconf 87' lang='lat' dir='ltr'><strong>fecisti:</strong></span> <span class='ocrx_word' id='word_1_432' title='bbox 1325 2771 1382 2819; x_wconf 89' lang='lat' dir='ltr'><strong>et</strong></span> <span class='ocrx_word' id='word_1_433' title='bbox 1412 2766 1543 2835; x_wconf 89' lang='lat' dir='ltr'><strong>quia</strong></span> <span class='ocrx_word' id='word_1_434' title='bbox 1563 2766 1701 2820; x_wconf 85' lang='lat' dir='ltr'><strong>vidit</strong></span> <span class='ocrx_word' id='word_1_435' title='bbox 1728 2768 1877 2833; x_wconf 87' lang='lat' dir='ltr'><strong>Deus</strong></span> <span class='ocrx_word' id='word_1_436' title='bbox 1894 2773 2097 2821; x_wconf 87' lang='lat' dir='ltr'><strong>cuncta</strong></span> <span class='ocrx_word' id='word_1_437' title='bbox 2174 2765 2294 2834; x_wconf 90' lang='lat' dir='ltr'><strong>jam</strong></span> <span class='ocrx_word' id='word_1_438' title='bbox 2334 2770 2456 2817; x_wconf 86' lang='lat' dir='ltr'><strong>erat</strong></span> <span class='ocrx_word' id='word_1_439' title='bbox 2484 2770 2874 2816; x_wconf 86' lang='lat' dir='ltr'><strong>consummata</strong></span> <span class='ocrx_word' id='word_1_440' title='bbox 2903 2762 3174 2827; x_wconf 82' lang='lat' dir='ltr'><strong>excedens</strong></span> <span class='ocrx_word' id='word_1_441' title='bbox 3200 2761 3432 2825; x_wconf 89' lang='lat' dir='ltr'><strong>modum</strong></span> <span class='ocrx_word' id='word_1_442' title='bbox 3458 2757 3698 2829; x_wconf 87' lang='lat' dir='ltr'><strong>peccandi</strong></span> <span class='ocrx_word' id='word_1_443' title='bbox 3725 2774 3735 2807; x_wconf 93' lang='lat'><strong>:</strong></span> 
     </span>
    </p>
   </div>
   <div class='ocr_carea' id='block_1_42' title="bbox 507 2846 3737 2927">
    <p class='ocr_par' dir='ltr' id='par_1_42' title="bbox 507 2846 3737 2927">
     <span class='ocr_line' id='line_1_42' title="bbox 507 2846 3737 2927; baseline -0.001 -26"><span class='ocrx_word' id='word_1_444' title='bbox 507 2863 629 2927; x_wconf 67' lang='lat' dir='ltr'><strong>quae</strong></span> <span class='ocrx_word' id='word_1_445' title='bbox 655 2846 801 2911; x_wconf 86' lang='lat' dir='ltr'><strong>fecit,</strong></span> <span class='ocrx_word' id='word_1_446' title='bbox 836 2854 895 2925; x_wconf 82' lang='lat' dir='ltr'><strong>et</strong></span> <span class='ocrx_word' id='word_1_447' title='bbox 922 2856 1084 2921; x_wconf 88' lang='lat' dir='ltr'><strong>erant</strong></span> <span class='ocrx_word' id='word_1_448' title='bbox 1113 2852 1270 2906; x_wconf 88' lang='lat' dir='ltr'><strong>valde</strong></span> <span class='ocrx_word' id='word_1_449' title='bbox 1300 2852 1676 2925; x_wconf 82' lang='lat' dir='ltr'><strong>bona,quaetio</strong></span> <span class='ocrx_word' id='word_1_450' title='bbox 1708 2855 1888 2909; x_wconf 89' lang='lat' dir='ltr'><strong>oritur</strong></span> <span class='ocrx_word' id='word_1_451' title='bbox 1922 2872 2109 2926; x_wconf 63' lang='lat' dir='ltr'><strong>quare,</strong></span> <span class='ocrx_word' id='word_1_452' title='bbox 2179 2858 2235 2906; x_wconf 86' lang='lat' dir='ltr'><strong>et</strong></span> <span class='ocrx_word' id='word_1_453' title='bbox 2272 2852 2398 2905; x_wconf 90' lang='lat' dir='ltr'><strong>ideo</strong></span> <span class='ocrx_word' id='word_1_454' title='bbox 2421 2853 2576 2921; x_wconf 83' lang='lat' dir='ltr'><strong>justo</strong></span> <span class='ocrx_word' id='word_1_455' title='bbox 2611 2852 2709 2906; x_wconf 89' lang='lat' dir='ltr'><strong>Dei</strong></span> <span class='ocrx_word' id='word_1_456' title='bbox 2732 2850 2943 2919; x_wconf 81' lang='lat' dir='ltr'><strong>judicio</strong></span> <span class='ocrx_word' id='word_1_457' title='bbox 2972 2856 3094 2903; x_wconf 88' lang='lat' dir='ltr'><strong>erat</strong></span> <span class='ocrx_word' id='word_1_458' title='bbox 3122 2849 3425 2919; x_wconf 86' lang='lat' dir='ltr'><strong>punienda.</strong></span> <span class='ocrx_word' id='word_1_459' title='bbox 3474 2849 3560 2907; x_wconf 89' lang='lat' dir='ltr'><strong>Sic</strong></span> <span class='ocrx_word' id='word_1_460' title='bbox 3586 2861 3737 2903; x_wconf 83' lang='lat' dir='ltr'><strong>unus-</strong></span> 
     </span>
    </p>
   </div>
   <div class='ocr_carea' id='block_1_43' title="bbox 506 2920 3744 3014">
    <p class='ocr_par' dir='ltr' id='par_1_43' title="bbox 506 2920 3744 3014">
     <span class='ocr_line' id='line_1_43' title="bbox 506 2920 3744 3014; baseline 0 -29"><span class='ocrx_word' id='word_1_461' title='bbox 506 2920 713 3007; x_wconf 77' lang='lat' dir='ltr'><strong>dicitur</strong></span> <span class='ocrx_word' id='word_1_462' title='bbox 742 2920 868 3003; x_wconf 87' lang='lat' dir='ltr'><strong>odio</strong></span> <span class='ocrx_word' id='word_1_463' title='bbox 892 2938 1096 3011; x_wconf 83' lang='lat' dir='ltr'><strong>habere</strong></span> <span class='ocrx_word' id='word_1_464' title='bbox 1118 2940 1283 2995; x_wconf 87' lang='lat' dir='ltr'><strong>Esau.</strong></span> <span class='ocrx_word' id='word_1_465' title='bbox 1310 2942 1444 3009; x_wconf 78' lang='lat' dir='ltr'><strong>Quae</strong></span> <span class='ocrx_word' id='word_1_466' title='bbox 1466 2920 1544 2997; x_wconf 78' lang='lat' dir='ltr'><strong>ita</strong></span> <span class='ocrx_word' id='word_1_467' title='bbox 1573 2920 1961 3014; x_wconf 73' lang='lat' dir='ltr'><strong>solvitur,quia</strong></span> <span class='ocrx_word' id='word_1_468' title='bbox 1985 2962 2097 3000; x_wconf 88' lang='lat' dir='ltr'><strong>non</strong></span> <span class='ocrx_word' id='word_1_469' title='bbox 2181 2920 2435 3010; x_wconf 11' lang='lat' dir='ltr'><strong>quisque,</strong></span> <span class='ocrx_word' id='word_1_470' title='bbox 2455 2946 2715 3010; x_wconf 88' lang='lat' dir='ltr'><strong>peccator</strong></span> <span class='ocrx_word' id='word_1_471' title='bbox 2726 2939 2991 2993; x_wconf 89' lang='lat' dir='ltr'><strong>divinitus</strong></span> <span class='ocrx_word' id='word_1_472' title='bbox 3012 2938 3443 3009; x_wconf 83' lang='lat' dir='ltr'><strong>puniturmodo.</strong></span> <span class='ocrx_word' id='word_1_473' title='bbox 3466 2938 3571 2991; x_wconf 84' lang='lat' dir='ltr'><strong>ﬁne</strong></span> <span class='ocrx_word' id='word_1_474' title='bbox 3586 2949 3744 3005; x_wconf 87' lang='lat' dir='ltr'><strong>pecca-</strong></span> 
     </span>
    </p>
   </div>
   <div class='ocr_carea' id='block_1_44' title="bbox 507 3023 3739 3104">
    <p class='ocr_par' dir='ltr' id='par_1_44' title="bbox 507 3023 3739 3104">
     <span class='ocr_line' id='line_1_44' title="bbox 507 3023 3739 3104; baseline -0.005 -13"><span class='ocrx_word' id='word_1_475' title='bbox 507 3023 626 3091; x_wconf 62' lang='lat' dir='ltr'><strong>Odit</strong></span> <span class='ocrx_word' id='word_1_476' title='bbox 650 3031 907 3101; x_wconf 61' lang='lat' dir='ltr'><strong>naturain</strong></span> <span class='ocrx_word' id='word_1_477' title='bbox 952 3045 1121 3104; x_wconf 80' lang='lat' dir='ltr'><strong>quam</strong></span> <span class='ocrx_word' id='word_1_478' title='bbox 1161 3029 1291 3101; x_wconf 75' lang='lat' dir='ltr'><strong>fecit</strong></span> <span class='ocrx_word' id='word_1_479' title='bbox 1324 3044 1335 3078; x_wconf 76' lang='grc' dir='ltr'>ε</span> <span class='ocrx_word' id='word_1_480' title='bbox 1365 3033 1462 3086; x_wconf 89' lang='lat' dir='ltr'><strong>sed</strong></span> <span class='ocrx_word' id='word_1_481' title='bbox 1494 3040 1784 3100; x_wconf 87' lang='lat' dir='ltr'><strong>peccatum</strong></span> <span class='ocrx_word' id='word_1_482' title='bbox 1822 3041 1879 3089; x_wconf 91' lang='lat' dir='ltr'><strong>et</strong></span> <span class='ocrx_word' id='word_1_483' title='bbox 1903 3035 2099 3089; x_wconf 84' lang='lat' dir='ltr'><strong>vitium</strong></span> <span class='ocrx_word' id='word_1_484' title='bbox 2123 3028 2370 3087; x_wconf 83' lang='lat' dir='ltr'><strong>Ctorum</strong></span> <span class='ocrx_word' id='word_1_485' title='bbox 2402 3028 2709 3098; x_wconf 83' lang='lat' dir='ltr'><strong>completo;</strong></span> <span class='ocrx_word' id='word_1_486' title='bbox 2742 3028 2811 3081; x_wconf 91' lang='lat' dir='ltr'><strong>de</strong></span> <span class='ocrx_word' id='word_1_487' title='bbox 2833 3044 2942 3097; x_wconf 92' lang='lat' dir='ltr'><strong>quo</strong></span> <span class='ocrx_word' id='word_1_488' title='bbox 2971 3029 3051 3081; x_wconf 86' lang='lat' dir='ltr'><strong>ait</strong></span> <span class='ocrx_word' id='word_1_489' title='bbox 3066 3026 3337 3083; x_wconf 86' lang='lat' dir='ltr'><strong>Dominus</strong></span> <span class='ocrx_word' id='word_1_490' title='bbox 3359 3027 3431 3081; x_wconf 91' lang='lat' dir='ltr'><strong>ad</strong></span> <span class='ocrx_word' id='word_1_491' title='bbox 3460 3024 3739 3081; x_wconf 83' lang='lat' dir='ltr'><strong>Abraham:</strong></span> 
     </span>
    </p>
   </div>
   <div class='ocr_carea' id='block_1_45' title="bbox 508 3112 3742 3187">
    <p class='ocr_par' dir='ltr' id='par_1_45' title="bbox 508 3112 3742 3187">
     <span class='ocr_line' id='line_1_45' title="bbox 508 3112 3742 3187; baseline -0.003 -6"><span class='ocrx_word' id='word_1_492' title='bbox 508 3112 653 3183; x_wconf 65' lang='grc' dir='ltr'><strong>ψιοᾱ</strong></span> <span class='ocrx_word' id='word_1_493' title='bbox 684 3129 793 3167; x_wconf 76' lang='lat' dir='ltr'><strong>non</strong></span> <span class='ocrx_word' id='word_1_494' title='bbox 822 3115 972 3179; x_wconf 70' lang='grc' dir='ltr'><strong>Γεοίῐν</strong></span> <span class='ocrx_word' id='word_1_495' title='bbox 996 3116 1165 3177; x_wconf 80' lang='lat' dir='ltr'><strong>JaCOb</strong></span> <span class='ocrx_word' id='word_1_496' title='bbox 1210 3127 1398 3174; x_wconf 87' lang='lat' dir='ltr'><strong>autem</strong></span> <span class='ocrx_word' id='word_1_497' title='bbox 1428 3122 1623 3187; x_wconf 77' lang='lat' dir='ltr'><strong>dilexit</strong></span> <span class='ocrx_word' id='word_1_498' title='bbox 1643 3138 1747 3176; x_wconf 89' lang='lat' dir='ltr'><strong>sua</strong></span> <span class='ocrx_word' id='word_1_499' title='bbox 1780 3123 2099 3177; x_wconf 88' lang='lat' dir='ltr'><strong>misericor-</strong></span> <span class='ocrx_word' id='word_1_500' title='bbox 2182 3119 2309 3172; x_wconf 84' lang='lat' dir='ltr'><strong>Non</strong></span> <span class='ocrx_word' id='word_1_501' title='bbox 2330 3124 2463 3173; x_wconf 90' lang='lat' dir='ltr'><strong>sunt</strong></span> <span class='ocrx_word' id='word_1_502' title='bbox 2483 3118 2762 3187; x_wconf 79' lang='lat' dir='ltr'><strong>completa</strong></span> <span class='ocrx_word' id='word_1_503' title='bbox 2782 3121 3011 3187; x_wconf 83' lang='lat' dir='ltr'><strong>peccata</strong></span> <span class='ocrx_word' id='word_1_504' title='bbox 3024 3116 3629 3180; x_wconf 65' lang='lat' dir='ltr'><strong>Amorrhaaorumwen.</strong></span> <span class='ocrx_word' id='word_1_505' title='bbox 3652 3116 3742 3174; x_wconf 71' lang='lat' dir='ltr'><strong>xvi.</strong></span> 
     </span>
    </p>
   </div>
   <div class='ocr_carea' id='block_1_46' title="bbox 504 3192 3745 3281">
    <p class='ocr_par' dir='ltr' id='par_1_46' title="bbox 504 3192 3745 3281">
     <span class='ocr_line' id='line_1_46' title="bbox 504 3192 3745 3281; baseline -0.001 -27"><span class='ocrx_word' id='word_1_506' title='bbox 504 3200 599 3255; x_wconf 88' lang='lat' dir='ltr'><strong>dia</strong></span> <span class='ocrx_word' id='word_1_507' title='bbox 617 3204 885 3273; x_wconf 85' lang='lat' dir='ltr'><strong>gratuita.</strong></span> <span class='ocrx_word' id='word_1_508' title='bbox 919 3206 1065 3275; x_wconf 78' lang='lat' dir='ltr'><strong>Esau</strong></span> <span class='ocrx_word' id='word_1_509' title='bbox 1090 3208 1217 3281; x_wconf 83' lang='lat' dir='ltr'><strong>odio</strong></span> <span class='ocrx_word' id='word_1_510' title='bbox 1246 3209 1445 3275; x_wconf 79' lang='lat' dir='ltr'><strong>habuit</strong></span> <span class='ocrx_word' id='word_1_511' title='bbox 1464 3212 1617 3280; x_wconf 78' lang='lat' dir='ltr'><strong>justo</strong></span> <span class='ocrx_word' id='word_1_512' title='bbox 1640 3212 1880 3280; x_wconf 86' lang='lat' dir='ltr'><strong>judicio:</strong></span> <span class='ocrx_word' id='word_1_513' title='bbox 1900 3192 2100 3267; x_wconf 62' lang='lat' dir='ltr'><strong>etcuin</strong></span> <span class='ocrx_word' id='word_1_514' title='bbox 2183 3212 2239 3273; x_wconf 87' lang='lat' dir='ltr'><strong>et</strong></span> <span class='ocrx_word' id='word_1_515' title='bbox 2266 3207 2337 3261; x_wconf 90' lang='lat' dir='ltr'><strong>ad</strong></span> <span class='ocrx_word' id='word_1_516' title='bbox 2362 3207 2615 3265; x_wconf 83' lang='lat' dir='ltr'><strong>Judaeos:</strong></span> <span class='ocrx_word' id='word_1_517' title='bbox 2643 3208 2865 3273; x_wconf 79' lang='lat' dir='ltr'><strong>Imp/etc</strong></span> <span class='ocrx_word' id='word_1_518' title='bbox 2880 3221 3197 3258; x_wconf 80' lang='lat' dir='ltr'><strong>mensuram</strong></span> <span class='ocrx_word' id='word_1_519' title='bbox 3218 3210 3453 3272; x_wconf 81' lang='lat' dir='ltr'><strong>patrum</strong></span> <span class='ocrx_word' id='word_1_520' title='bbox 3473 3208 3745 3263; x_wconf 75' lang='lat' dir='ltr'><strong>vestrorum</strong></span> 
     </span>
    </p>
   </div>
   <div class='ocr_carea' id='block_1_47' title="bbox 506 3290 3744 3369">
    <p class='ocr_par' dir='ltr' id='par_1_47' title="bbox 506 3290 3744 3369">
     <span class='ocr_line' id='line_1_47' title="bbox 506 3290 3744 3369; baseline -0.001 -27"><span class='ocrx_word' id='word_1_521' title='bbox 506 3290 670 3355; x_wconf 82' lang='lat' dir='ltr'><strong>ambo</strong></span> <span class='ocrx_word' id='word_1_522' title='bbox 686 3292 945 3363; x_wconf 89' lang='lat' dir='ltr'><strong>originali</strong></span> <span class='ocrx_word' id='word_1_523' title='bbox 967 3302 1192 3365; x_wconf 88' lang='lat' dir='ltr'><strong>peccato</strong></span> <span class='ocrx_word' id='word_1_524' title='bbox 1215 3298 1480 3351; x_wconf 86' lang='lat' dir='ltr'><strong>maculati</strong></span> <span class='ocrx_word' id='word_1_525' title='bbox 1512 3305 1716 3365; x_wconf 88' lang='lat' dir='ltr'><strong>essent,</strong></span> <span class='ocrx_word' id='word_1_526' title='bbox 1742 3300 1891 3369; x_wconf 84' lang='lat' dir='ltr'><strong>quod</strong></span> <span class='ocrx_word' id='word_1_527' title='bbox 1922 3317 2095 3355; x_wconf 82' lang='lat' dir='ltr'><strong>unum</strong></span> <span class='ocrx_word' id='word_1_528' title='bbox 2185 3297 2404 3361; x_wconf 76' lang='lat' dir='ltr'><strong>(Matth.</strong></span> <span class='ocrx_word' id='word_1_529' title='bbox 2434 3299 2591 3360; x_wconf 78' lang='lat' dir='ltr'><strong>XXII).</strong></span> <span class='ocrx_word' id='word_1_530' title='bbox 2625 3295 2856 3349; x_wconf 82' lang='lat' dir='ltr'><strong>Verum.</strong></span> <span class='ocrx_word' id='word_1_531' title='bbox 2904 3293 3037 3363; x_wconf 89' lang='lat' dir='ltr'><strong>quia</strong></span> <span class='ocrx_word' id='word_1_532' title='bbox 3066 3294 3215 3347; x_wconf 88' lang='lat' dir='ltr'><strong>Deus</strong></span> <span class='ocrx_word' id='word_1_533' title='bbox 3244 3290 3618 3346; x_wconf 74' lang='lat' dir='ltr'><strong>manifestavit</strong></span> <span class='ocrx_word' id='word_1_534' title='bbox 3650 3302 3744 3341; x_wconf 82' lang='lat' dir='ltr'><strong>ma-</strong></span> 
     </span>
    </p>
   </div>
   <div class='ocr_carea' id='block_1_48' title="bbox 505 3370 3743 3461">
    <p class='ocr_par' dir='ltr' id='par_1_48' title="bbox 505 3370 3743 3461">
     <span class='ocr_line' id='line_1_48' title="bbox 505 3370 3743 3461; baseline -0.001 -30"><span class='ocrx_word' id='word_1_535' title='bbox 505 3370 700 3461; x_wconf 78' lang='lat' dir='ltr'><strong>dilexit</strong></span> <span class='ocrx_word' id='word_1_536' title='bbox 732 3399 742 3433; x_wconf 92' lang='lat'>:</span> <span class='ocrx_word' id='word_1_537' title='bbox 777 3383 899 3451; x_wconf 88' lang='lat' dir='ltr'><strong>ejus</strong></span> <span class='ocrx_word' id='word_1_538' title='bbox 928 3383 1311 3439; x_wconf 88' lang='lat' dir='ltr'><strong>misericordia</strong></span> <span class='ocrx_word' id='word_1_539' title='bbox 1340 3384 1465 3447; x_wconf 87' lang='lat' dir='ltr'><strong>fuit,</strong></span> <span class='ocrx_word' id='word_1_540' title='bbox 1501 3387 1648 3455; x_wconf 88' lang='lat' dir='ltr'><strong>quod</strong></span> <span class='ocrx_word' id='word_1_541' title='bbox 1674 3403 1803 3440; x_wconf 89' lang='lat' dir='ltr'><strong>vero</strong></span> <span class='ocrx_word' id='word_1_542' title='bbox 1828 3388 2099 3457; x_wconf 83' lang='lat' dir='ltr'><strong>reproba-</strong></span> <span class='ocrx_word' id='word_1_543' title='bbox 2179 3384 2361 3439; x_wconf 83' lang='lat' dir='ltr'><strong>litium</strong></span> <span class='ocrx_word' id='word_1_544' title='bbox 2386 3384 2717 3446; x_wconf 86' lang='lat' dir='ltr'><strong>Pharaonis,</strong></span> <span class='ocrx_word' id='word_1_545' title='bbox 2741 3399 2837 3435; x_wconf 93' lang='lat' dir='ltr'><strong>cor</strong></span> <span class='ocrx_word' id='word_1_546' title='bbox 2866 3382 3018 3437; x_wconf 88' lang='lat' dir='ltr'><strong>illius</strong></span> <span class='ocrx_word' id='word_1_547' title='bbox 3047 3398 3159 3435; x_wconf 89' lang='lat' dir='ltr'><strong>non</strong></span> <span class='ocrx_word' id='word_1_548' title='bbox 3182 3381 3534 3441; x_wconf 89' lang='lat' dir='ltr'><strong>emolliendo,</strong></span> <span class='ocrx_word' id='word_1_549' title='bbox 3573 3393 3671 3432; x_wconf 91' lang='lat' dir='ltr'><strong>non</strong></span> <span class='ocrx_word' id='word_1_550' title='bbox 3696 3376 3743 3429; x_wconf 89' lang='lat' dir='ltr'><strong>in</strong></span> 
     </span>
    </p>
   </div>
   <div class='ocr_carea' id='block_1_49' title="bbox 505 3462 3746 3542">
    <p class='ocr_par' dir='ltr' id='par_1_49' title="bbox 505 3462 3746 3542">
     <span class='ocr_line' id='line_1_49' title="bbox 505 3462 3746 3542; baseline -0.002 -20"><span class='ocrx_word' id='word_1_551' title='bbox 505 3467 584 3533; x_wconf 87' lang='lat' dir='ltr'><strong>vit</strong></span> <span class='ocrx_word' id='word_1_552' title='bbox 609 3471 871 3532; x_wconf 84' lang='lat' dir='ltr'><strong>alterum,</strong></span> <span class='ocrx_word' id='word_1_553' title='bbox 900 3472 1117 3540; x_wconf 87' lang='lat' dir='ltr'><strong>justum</strong></span> <span class='ocrx_word' id='word_1_554' title='bbox 1143 3472 1418 3541; x_wconf 87' lang='lat' dir='ltr'><strong>judicium</strong></span> <span class='ocrx_word' id='word_1_555' title='bbox 1450 3474 1569 3542; x_wconf 87' lang='lat' dir='ltr'><strong>ejus</strong></span> <span class='ocrx_word' id='word_1_556' title='bbox 1599 3475 1829 3529; x_wconf 84' lang='lat' dir='ltr'><strong>exstitit.</strong></span> <span class='ocrx_word' id='word_1_557' title='bbox 2183 3474 2359 3527; x_wconf 88' lang='lat' dir='ltr'><strong>Deum</strong></span> <span class='ocrx_word' id='word_1_558' title='bbox 2385 3472 2710 3537; x_wconf 80' lang='lat' dir='ltr'><strong>reﬂectitur,</strong></span> <span class='ocrx_word' id='word_1_559' title='bbox 2737 3471 2830 3540; x_wconf 89' lang='lat' dir='ltr'><strong>qui</strong></span> <span class='ocrx_word' id='word_1_560' title='bbox 2862 3471 3074 3536; x_wconf 80' lang='lat' dir='ltr'><strong>nmium</strong></span> <span class='ocrx_word' id='word_1_561' title='bbox 3096 3486 3206 3523; x_wconf 87' lang='lat' dir='ltr'><strong>non</strong></span> <span class='ocrx_word' id='word_1_562' title='bbox 3238 3475 3524 3539; x_wconf 86' lang='lat' dir='ltr'><strong>operatur,</strong></span> <span class='ocrx_word' id='word_1_563' title='bbox 3552 3466 3639 3521; x_wconf 90' lang='lat' dir='ltr'><strong>sed</strong></span> <span class='ocrx_word' id='word_1_564' title='bbox 3658 3462 3746 3534; x_wconf 81' lang='lat' dir='ltr'><strong>ipsi</strong></span> 
     </span>
    </p>
   </div>
   <div class='ocr_carea' id='block_1_50' title="bbox 576 3556 3746 3632">
    <p class='ocr_par' dir='ltr' id='par_1_50' title="bbox 576 3556 3746 3632">
     <span class='ocr_line' id='line_1_50' title="bbox 576 3556 3746 3632; baseline 0.001 -21"><span class='ocrx_word' id='word_1_565' title='bbox 576 3559 721 3632; x_wconf 76' lang='lat' dir='ltr'><strong>Quid</strong></span> <span class='ocrx_word' id='word_1_566' title='bbox 734 3574 857 3626; x_wconf 84' lang='lat' dir='ltr'><strong>ergo</strong></span> <span class='ocrx_word' id='word_1_567' title='bbox 879 3562 1443 3628; x_wconf 61' lang='lat' dir='ltr'><strong>dicemushVunquid</strong></span> <span class='ocrx_word' id='word_1_568' title='bbox 1456 3566 1887 3632; x_wconf 83' lang='lat' dir='ltr'><strong>iniquitasapud</strong></span> <span class='ocrx_word' id='word_1_569' title='bbox 1902 3568 2100 3619; x_wconf 76' lang='lat' dir='ltr'><strong>Deum?</strong></span> <span class='ocrx_word' id='word_1_570' title='bbox 2184 3561 2463 3627; x_wconf 72' lang='lat' dir='ltr'><strong>Pharaoni</strong></span> <span class='ocrx_word' id='word_1_571' title='bbox 2497 3561 2707 3615; x_wconf 78' lang='lat' dir='ltr'><strong>malum</strong></span> <span class='ocrx_word' id='word_1_572' title='bbox 2735 3576 2899 3613; x_wconf 79' lang='lat' dir='ltr'><strong>suum</strong></span> <span class='ocrx_word' id='word_1_573' title='bbox 2922 3559 3071 3628; x_wconf 87' lang='lat' dir='ltr'><strong>quod</strong></span> <span class='ocrx_word' id='word_1_574' title='bbox 3112 3558 3263 3622; x_wconf 67' lang='lat' dir='ltr'><strong>feeit,</strong></span> <span class='ocrx_word' id='word_1_575' title='bbox 3292 3557 3517 3627; x_wconf 68' lang='lat' dir='ltr'><strong>proprie</strong></span> <span class='ocrx_word' id='word_1_576' title='bbox 3548 3556 3746 3624; x_wconf 56' lang='grc' dir='ltr'><strong>ἀθρυψ-</strong></span> 
     </span>
    </p>
   </div>
   <div class='ocr_carea' id='block_1_51' title="bbox 506 3630 3741 3720">
    <p class='ocr_par' dir='ltr' id='par_1_51' title="bbox 506 3630 3741 3720">
     <span class='ocr_line' id='line_1_51' title="bbox 506 3630 3741 3720; baseline 0.003 -21"><span class='ocrx_word' id='word_1_577' title='bbox 506 3630 786 3713; x_wconf 87' lang='lat' dir='ltr'><strong>Subaudis</strong></span> <span class='ocrx_word' id='word_1_578' title='bbox 817 3647 950 3717; x_wconf 89' lang='lat' dir='ltr'><strong>quia</strong></span> <span class='ocrx_word' id='word_1_579' title='bbox 990 3648 1159 3716; x_wconf 76' lang='lat' dir='ltr'><strong>Iacob</strong></span> <span class='ocrx_word' id='word_1_580' title='bbox 1188 3666 1287 3720; x_wconf 85' lang='lat' dir='ltr'><strong>per</strong></span> <span class='ocrx_word' id='word_1_581' title='bbox 1310 3649 1751 3705; x_wconf 88' lang='lat' dir='ltr'><strong>misericordiam</strong></span> <span class='ocrx_word' id='word_1_582' title='bbox 1804 3670 1965 3708; x_wconf 85' lang='lat' dir='ltr'><strong>suam</strong></span> <span class='ocrx_word' id='word_1_583' title='bbox 2012 3654 2098 3707; x_wconf 86' lang='lat' dir='ltr'><strong>di—</strong></span> <span class='ocrx_word' id='word_1_584' title='bbox 2183 3654 2293 3702; x_wconf 75' lang='lat' dir='ltr'><strong>tur.</strong></span> <span class='ocrx_word' id='word_1_585' title='bbox 2328 3647 2495 3700; x_wconf 80' lang='lat' dir='ltr'><strong>Verbi</strong></span> <span class='ocrx_word' id='word_1_586' title='bbox 2521 3647 2723 3716; x_wconf 70' lang='lat' dir='ltr'><strong>gratia,</strong></span> <span class='ocrx_word' id='word_1_587' title='bbox 2758 3647 2903 3699; x_wconf 73' lang='lat' dir='ltr'><strong>Sicut</strong></span> <span class='ocrx_word' id='word_1_588' title='bbox 2943 3646 2991 3699; x_wconf 75' lang='lat' dir='ltr'><strong>Si</strong></span> <span class='ocrx_word' id='word_1_589' title='bbox 3032 3646 3243 3707; x_wconf 65' lang='lat' dir='ltr'><strong>fuerint</strong></span> <span class='ocrx_word' id='word_1_590' title='bbox 3270 3645 3385 3699; x_wconf 76' lang='lat' dir='ltr'><strong>duo</strong></span> <span class='ocrx_word' id='word_1_591' title='bbox 3418 3662 3559 3707; x_wconf 64' lang='grc' dir='ltr'><strong>νεεδ.</strong></span> <span class='ocrx_word' id='word_1_592' title='bbox 3590 3656 3741 3697; x_wconf 74' lang='lat' dir='ltr'><strong>unum</strong></span> 
     </span>
    </p>
   </div>
   <div class='ocr_carea' id='block_1_52' title="bbox 502 3729 3746 3813">
    <p class='ocr_par' dir='ltr' id='par_1_52' title="bbox 502 3729 3746 3813">
     <span class='ocr_line' id='line_1_52' title="bbox 502 3729 3746 3813; baseline -0.002 -27"><span class='ocrx_word' id='word_1_593' title='bbox 502 3733 652 3798; x_wconf 84' lang='lat' dir='ltr'><strong>lexit,</strong></span> <span class='ocrx_word' id='word_1_594' title='bbox 699 3740 757 3807; x_wconf 75' lang='lat' dir='ltr'><strong>et</strong></span> <span class='ocrx_word' id='word_1_595' title='bbox 782 3735 928 3788; x_wconf 88' lang='lat' dir='ltr'><strong>Esau</strong></span> <span class='ocrx_word' id='word_1_596' title='bbox 962 3736 1118 3803; x_wconf 87' lang='lat' dir='ltr'><strong>justo</strong></span> <span class='ocrx_word' id='word_1_597' title='bbox 1160 3753 1261 3790; x_wconf 89' lang='lat' dir='ltr'><strong>suo</strong></span> <span class='ocrx_word' id='word_1_598' title='bbox 1299 3739 1509 3808; x_wconf 88' lang='lat' dir='ltr'><strong>judicio</strong></span> <span class='ocrx_word' id='word_1_599' title='bbox 1549 3739 1885 3809; x_wconf 81' lang='lat' dir='ltr'><strong>reprobavit.</strong></span> <span class='ocrx_word' id='word_1_600' title='bbox 1918 3749 1975 3796; x_wconf 89' lang='lat' dir='ltr'><strong>et</strong></span> <span class='ocrx_word' id='word_1_601' title='bbox 2004 3742 2099 3813; x_wconf 89' lang='lat' dir='ltr'><strong>qui</strong></span> <span class='ocrx_word' id='word_1_602' title='bbox 2184 3737 2431 3801; x_wconf 84' lang='lat' dir='ltr'><strong>balsamo</strong></span> <span class='ocrx_word' id='word_1_603' title='bbox 2451 3737 2700 3807; x_wconf 88' lang='lat' dir='ltr'><strong>plenum,</strong></span> <span class='ocrx_word' id='word_1_604' title='bbox 2723 3735 2875 3788; x_wconf 90' lang='lat' dir='ltr'><strong>aliud</strong></span> <span class='ocrx_word' id='word_1_605' title='bbox 2899 3735 3226 3800; x_wconf 87' lang='lat' dir='ltr'><strong>stercore,si</strong></span> <span class='ocrx_word' id='word_1_606' title='bbox 3251 3735 3379 3804; x_wconf 90' lang='lat' dir='ltr'><strong>quis</strong></span> <span class='ocrx_word' id='word_1_607' title='bbox 3400 3729 3746 3802; x_wconf 86' lang='lat' dir='ltr'><strong>eaagitaverit</strong></span> 
     </span>
    </p>
   </div>
   <div class='ocr_carea' id='block_1_53' title="bbox 501 3817 3747 3900">
    <p class='ocr_par' dir='ltr' id='par_1_53' title="bbox 501 3817 3747 3900">
     <span class='ocr_line' id='line_1_53' title="bbox 501 3817 3747 3900; baseline -0.002 -25"><span class='ocrx_word' id='word_1_608' title='bbox 501 3837 677 3900; x_wconf 78' lang='lat' dir='ltr'><strong>unum</strong></span> <span class='ocrx_word' id='word_1_609' title='bbox 700 3822 901 3891; x_wconf 85' lang='lat' dir='ltr'><strong>diligit,</strong></span> <span class='ocrx_word' id='word_1_610' title='bbox 928 3823 1169 3878; x_wconf 89' lang='lat' dir='ltr'><strong>alterum</strong></span> <span class='ocrx_word' id='word_1_611' title='bbox 1198 3826 1334 3893; x_wconf 78' lang='lat' dir='ltr'><strong>odit.</strong></span> <span class='ocrx_word' id='word_1_612' title='bbox 1367 3828 1518 3893; x_wconf 63' lang='lat' dir='ltr'><strong>Absit</strong></span> <span class='ocrx_word' id='word_1_613' title='bbox 1540 3833 1601 3881; x_wconf 76' lang='lat' dir='ltr'><strong>ui</strong></span> <span class='ocrx_word' id='word_1_614' title='bbox 1628 3831 1737 3896; x_wconf 73' lang='lat' dir='ltr'><strong>ipse</strong></span> <span class='ocrx_word' id='word_1_615' title='bbox 1760 3832 1990 3898; x_wconf 64' lang='lat' dir='ltr'><strong>iniquus</strong></span> <span class='ocrx_word' id='word_1_616' title='bbox 2010 3834 2099 3885; x_wconf 67' lang='lat' dir='ltr'><strong>di-</strong></span> <span class='ocrx_word' id='word_1_617' title='bbox 2187 3827 2267 3878; x_wconf 89' lang='lat' dir='ltr'><strong>vel</strong></span> <span class='ocrx_word' id='word_1_618' title='bbox 2290 3824 2780 3884; x_wconf 84' lang='lat' dir='ltr'><strong>ventilaverit.non</strong></span> <span class='ocrx_word' id='word_1_619' title='bbox 2802 3828 2887 3876; x_wconf 87' lang='lat' dir='ltr'><strong>est</strong></span> <span class='ocrx_word' id='word_1_620' title='bbox 2906 3829 3104 3889; x_wconf 87' lang='lat' dir='ltr'><strong>auctor</strong></span> <span class='ocrx_word' id='word_1_621' title='bbox 3118 3824 3306 3877; x_wconf 89' lang='lat' dir='ltr'><strong>odoris</strong></span> <span class='ocrx_word' id='word_1_622' title='bbox 3342 3824 3430 3877; x_wconf 90' lang='lat' dir='ltr'><strong>vel</strong></span> <span class='ocrx_word' id='word_1_623' title='bbox 3462 3821 3661 3885; x_wconf 81' lang='lat' dir='ltr'><strong>fetoris,</strong></span> <span class='ocrx_word' id='word_1_624' title='bbox 3683 3817 3747 3871; x_wconf 83' lang='lat' dir='ltr'><strong>sic</strong></span> 
     </span>
    </p>
   </div>
   <div class='ocr_carea' id='block_1_54' title="bbox 501 3912 3747 3985">
    <p class='ocr_par' dir='ltr' id='par_1_54' title="bbox 501 3912 3747 3985">
     <span class='ocr_line' id='line_1_54' title="bbox 501 3912 3747 3985; baseline -0.006 -8"><span class='ocrx_word' id='word_1_625' title='bbox 501 3915 683 3975; x_wconf 70' lang='grc' dir='ltr'><strong>σαιιιν-</strong></span> <span class='ocrx_word' id='word_1_626' title='bbox 2181 3915 2331 3969; x_wconf 90' lang='lat' dir='ltr'><strong>Deus</strong></span> <span class='ocrx_word' id='word_1_627' title='bbox 2361 3914 2455 3985; x_wconf 86' lang='lat' dir='ltr'><strong>qui</strong></span> <span class='ocrx_word' id='word_1_628' title='bbox 2487 3913 2677 3983; x_wconf 88' lang='lat' dir='ltr'><strong>tetigit</strong></span> <span class='ocrx_word' id='word_1_629' title='bbox 2704 3912 2822 3967; x_wconf 87' lang='lat' dir='ltr'><strong>suis</strong></span> <span class='ocrx_word' id='word_1_630' title='bbox 2853 3912 3033 3982; x_wconf 84' lang='lat' dir='ltr'><strong>plagis</strong></span> <span class='ocrx_word' id='word_1_631' title='bbox 3054 3912 3427 3977; x_wconf 84' lang='lat' dir='ltr'><strong>Pharaonem,</strong></span> <span class='ocrx_word' id='word_1_632' title='bbox 3451 3927 3561 3966; x_wconf 90' lang='lat' dir='ltr'><strong>non</strong></span> <span class='ocrx_word' id='word_1_633' title='bbox 3579 3915 3747 3963; x_wconf 82' lang='lat' dir='ltr'><strong>estau-</strong></span> 
     </span>
    </p>
   </div>
   <div class='ocr_carea' id='block_1_55' title="bbox 571 4000 3747 4077">
    <p class='ocr_par' dir='ltr' id='par_1_55' title="bbox 571 4000 3747 4077">
     <span class='ocr_line' id='line_1_55' title="bbox 571 4000 3747 4077; baseline -0.002 -23"><span class='ocrx_word' id='word_1_634' title='bbox 571 4000 749 4073; x_wconf 63' lang='lat' dir='ltr'><strong>dloysi</strong></span> <span class='ocrx_word' id='word_1_635' title='bbox 775 4004 925 4073; x_wconf 84' lang='lat' dir='ltr'><strong>enim</strong></span> <span class='ocrx_word' id='word_1_636' title='bbox 956 4003 1094 4058; x_wconf 84' lang='lat' dir='ltr'><strong>dicit</strong></span> <span class='ocrx_word' id='word_1_637' title='bbox 1124 4020 1140 4055; x_wconf 91' lang='lat'><strong><em>:</em></strong></span> <span class='ocrx_word' id='word_1_638' title='bbox 1172 4005 1464 4077; x_wconf 64' lang='grc' dir='ltr'><strong>Μίδεγώον</strong></span> <span class='ocrx_word' id='word_1_639' title='bbox 1486 4009 1581 4059; x_wconf 88' lang='lat' dir='ltr'><strong>cui</strong></span> <span class='ocrx_word' id='word_1_640' title='bbox 1610 4008 1894 4071; x_wconf 82' lang='lat' dir='ltr'><strong>misereor,</strong></span> <span class='ocrx_word' id='word_1_641' title='bbox 1922 4013 1969 4060; x_wconf 85' lang='lat' dir='ltr'><strong>et</strong></span> <span class='ocrx_word' id='word_1_642' title='bbox 1996 4012 2100 4061; x_wconf 86' lang='lat' dir='ltr'><strong>mi-</strong></span> <span class='ocrx_word' id='word_1_643' title='bbox 2180 4008 2300 4057; x_wconf 88' lang='lat' dir='ltr'><strong>ctor</strong></span> <span class='ocrx_word' id='word_1_644' title='bbox 2326 4004 2551 4059; x_wconf 68' lang='lat' dir='ltr'><strong>malitiae</strong></span> <span class='ocrx_word' id='word_1_645' title='bbox 2577 4004 2717 4072; x_wconf 84' lang='lat' dir='ltr'><strong>ejus.</strong></span> <span class='ocrx_word' id='word_1_646' title='bbox 2752 4001 2836 4055; x_wconf 91' lang='lat' dir='ltr'><strong>Ob</strong></span> <span class='ocrx_word' id='word_1_647' title='bbox 2856 4002 2996 4055; x_wconf 87' lang='lat' dir='ltr'><strong>duas</strong></span> <span class='ocrx_word' id='word_1_648' title='bbox 3027 4018 3226 4057; x_wconf 83' lang='lat' dir='ltr'><strong>causas</strong></span> <span class='ocrx_word' id='word_1_649' title='bbox 3262 4008 3454 4061; x_wconf 86' lang='lat' dir='ltr'><strong>autem</strong></span> <span class='ocrx_word' id='word_1_650' title='bbox 3483 4010 3747 4071; x_wconf 84' lang='lat' dir='ltr'><strong>percussus</strong></span> 
     </span>
    </p>
   </div>
   <div class='ocr_carea' id='block_1_56' title="bbox 498 4084 3743 4163">
    <p class='ocr_par' dir='ltr' id='par_1_56' title="bbox 498 4084 3743 4163">
     <span class='ocr_line' id='line_1_56' title="bbox 498 4084 3743 4163; baseline -0.001 -21"><span class='ocrx_word' id='word_1_651' title='bbox 498 4092 861 4144; x_wconf 81' lang='lat' dir='ltr'><strong>sericordiam</strong></span> <span class='ocrx_word' id='word_1_652' title='bbox 886 4094 1283 4163; x_wconf 64' lang='lat' dir='ltr'><strong>prastabo,cui</strong></span> <span class='ocrx_word' id='word_1_653' title='bbox 1313 4096 1626 4148; x_wconf 76' lang='lat' dir='ltr'><strong>miserebor.</strong></span> <span class='ocrx_word' id='word_1_654' title='bbox 1648 4094 1799 4155; x_wconf 89' lang='lat' dir='ltr'><strong>Ordo</strong></span> <span class='ocrx_word' id='word_1_655' title='bbox 1824 4095 1931 4149; x_wconf 91' lang='lat' dir='ltr'><strong>iste</strong></span> <span class='ocrx_word' id='word_1_656' title='bbox 1964 4104 2046 4151; x_wconf 88' lang='lat' dir='ltr'><strong>est</strong></span> <span class='ocrx_word' id='word_1_657' title='bbox 2081 4116 2091 4150; x_wconf 91' lang='lat'><strong>:</strong></span> <span class='ocrx_word' id='word_1_658' title='bbox 2180 4084 2266 4147; x_wconf 82' lang='lat' dir='ltr'><strong>est</strong></span> <span class='ocrx_word' id='word_1_659' title='bbox 2302 4093 2561 4147; x_wconf 90' lang='lat' dir='ltr'><strong>Pharaon</strong></span> <span class='ocrx_word' id='word_1_660' title='bbox 2590 4107 2716 4145; x_wconf 89' lang='lat' dir='ltr'><strong>cum</strong></span> <span class='ocrx_word' id='word_1_661' title='bbox 2738 4106 2839 4144; x_wconf 87' lang='lat' dir='ltr'><strong>suo</strong></span> <span class='ocrx_word' id='word_1_662' title='bbox 2871 4090 3133 4157; x_wconf 83' lang='lat' dir='ltr'><strong>exercitu,</strong></span> <span class='ocrx_word' id='word_1_663' title='bbox 3165 4097 3222 4144; x_wconf 91' lang='lat' dir='ltr'><strong>et</strong></span> <span class='ocrx_word' id='word_1_664' title='bbox 3248 4091 3306 4144; x_wconf 91' lang='lat' dir='ltr'><strong>in</strong></span> <span class='ocrx_word' id='word_1_665' title='bbox 3332 4091 3479 4145; x_wconf 87' lang='lat' dir='ltr'><strong>mari</strong></span> <span class='ocrx_word' id='word_1_666' title='bbox 3524 4088 3743 4143; x_wconf 90' lang='lat' dir='ltr'><strong>submer-</strong></span> 
     </span>
    </p>
   </div>
   <div class='ocr_carea' id='block_1_57' title="bbox 499 4177 3747 4249">
    <p class='ocr_par' dir='ltr' id='par_1_57' title="bbox 499 4177 3747 4249">
     <span class='ocr_line' id='line_1_57' title="bbox 499 4177 3747 4249; baseline -0.002 -16"><span class='ocrx_word' id='word_1_667' title='bbox 499 4177 675 4249; x_wconf 89' lang='lat' dir='ltr'><strong>Cujus</strong></span> <span class='ocrx_word' id='word_1_668' title='bbox 692 4179 979 4249; x_wconf 87' lang='lat' dir='ltr'><strong>misereor,</strong></span> <span class='ocrx_word' id='word_1_669' title='bbox 994 4182 1240 4235; x_wconf 91' lang='lat' dir='ltr'><strong>vocando</strong></span> <span class='ocrx_word' id='word_1_670' title='bbox 1270 4198 1400 4234; x_wconf 89' lang='lat' dir='ltr'><strong>eum</strong></span> <span class='ocrx_word' id='word_1_671' title='bbox 1431 4182 1502 4235; x_wconf 87' lang='lat' dir='ltr'><strong>ad</strong></span> <span class='ocrx_word' id='word_1_672' title='bbox 1524 4182 1691 4236; x_wconf 81' lang='lat' dir='ltr'><strong>fidem</strong></span> <span class='ocrx_word' id='word_1_673' title='bbox 1713 4200 1898 4237; x_wconf 86' lang='lat' dir='ltr'><strong>meam</strong></span> <span class='ocrx_word' id='word_1_674' title='bbox 1921 4186 2094 4239; x_wconf 90' lang='lat' dir='ltr'><strong>mise-</strong></span> <span class='ocrx_word' id='word_1_675' title='bbox 2178 4198 2290 4247; x_wconf 89' lang='lat' dir='ltr'><strong>sus,</strong></span> <span class='ocrx_word' id='word_1_676' title='bbox 2327 4181 2581 4234; x_wconf 84' lang='lat' dir='ltr'><strong>videlicet</strong></span> <span class='ocrx_word' id='word_1_677' title='bbox 2606 4187 2669 4233; x_wconf 90' lang='lat' dir='ltr'><strong>ut</strong></span> <span class='ocrx_word' id='word_1_678' title='bbox 2705 4195 2899 4233; x_wconf 90' lang='lat' dir='ltr'><strong>eorum</strong></span> <span class='ocrx_word' id='word_1_679' title='bbox 2925 4180 3142 4245; x_wconf 87' lang='lat' dir='ltr'><strong>malitia</strong></span> <span class='ocrx_word' id='word_1_680' title='bbox 3167 4180 3469 4249; x_wconf 86' lang='lat' dir='ltr'><strong>puniretur</strong></span> <span class='ocrx_word' id='word_1_681' title='bbox 3498 4193 3615 4249; x_wconf 65' lang='lat' dir='ltr'><strong>quae</strong></span> <span class='ocrx_word' id='word_1_682' title='bbox 3644 4181 3747 4229; x_wconf 80' lang='lat' dir='ltr'><strong>erat</strong></span> 
     </span>
    </p>
   </div>
   <div class='ocr_carea' id='block_1_58' title="bbox 498 4254 3744 4341">
    <p class='ocr_par' dir='ltr' id='par_1_58' title="bbox 498 4254 3744 4341">
     <span class='ocr_line' id='line_1_58' title="bbox 498 4254 3744 4341; baseline 0 -22"><span class='ocrx_word' id='word_1_683' title='bbox 498 4254 683 4330; x_wconf 77' lang='lat' dir='ltr'><strong>rebor,</strong></span> <span class='ocrx_word' id='word_1_684' title='bbox 702 4267 868 4341; x_wconf 69' lang='lat' dir='ltr'><strong>iidem</strong></span> <span class='ocrx_word' id='word_1_685' title='bbox 902 4283 1085 4320; x_wconf 88' lang='lat' dir='ltr'><strong>meam</strong></span> <span class='ocrx_word' id='word_1_686' title='bbox 1102 4268 1185 4321; x_wconf 90' lang='lat' dir='ltr'><strong>illi</strong></span> <span class='ocrx_word' id='word_1_687' title='bbox 1206 4269 1390 4323; x_wconf 91' lang='lat' dir='ltr'><strong>dando</strong></span> <span class='ocrx_word' id='word_1_688' title='bbox 1409 4275 1472 4323; x_wconf 91' lang='lat' dir='ltr'><strong>ut</strong></span> <span class='ocrx_word' id='word_1_689' title='bbox 1499 4270 1691 4324; x_wconf 89' lang='lat' dir='ltr'><strong>credat</strong></span> <span class='ocrx_word' id='word_1_690' title='bbox 1713 4270 1769 4325; x_wconf 91' lang='lat' dir='ltr'><strong>in</strong></span> <span class='ocrx_word' id='word_1_691' title='bbox 1793 4289 1898 4339; x_wconf 89' lang='lat' dir='ltr'><strong>me,</strong></span> <span class='ocrx_word' id='word_1_692' title='bbox 1930 4279 2094 4329; x_wconf 89' lang='lat' dir='ltr'><strong>etcu-</strong></span> <span class='ocrx_word' id='word_1_693' title='bbox 2111 4333 2152 4341; x_wconf 90' lang='lat'><strong><em>_</em></strong></span> <span class='ocrx_word' id='word_1_694' title='bbox 2177 4270 2569 4340; x_wconf 88' lang='lat' dir='ltr'><strong>multiplicata,</strong></span> <span class='ocrx_word' id='word_1_695' title='bbox 2605 4274 2662 4335; x_wconf 84' lang='lat' dir='ltr'><strong>et</strong></span> <span class='ocrx_word' id='word_1_696' title='bbox 2696 4268 3019 4333; x_wconf 85' lang='lat' dir='ltr'><strong>Israeliticis</strong></span> <span class='ocrx_word' id='word_1_697' title='bbox 3045 4275 3229 4333; x_wconf 86' lang='lat' dir='ltr'><strong>terror</strong></span> <span class='ocrx_word' id='word_1_698' title='bbox 3256 4268 3619 4331; x_wconf 85' lang='lat' dir='ltr'><strong>incuteretur,</strong></span> <span class='ocrx_word' id='word_1_699' title='bbox 3653 4277 3744 4333; x_wconf 82' lang='lat' dir='ltr'><strong>quo</strong></span> 
     </span>
    </p>
   </div>
   <div class='ocr_carea' id='block_1_59' title="bbox 495 4333 3745 4429">
    <p class='ocr_par' dir='ltr' id='par_1_59' title="bbox 495 4333 3745 4429">
     <span class='ocr_line' id='line_1_59' title="bbox 495 4333 3745 4429; baseline 0 -24"><span class='ocrx_word' id='word_1_700' title='bbox 495 4354 592 4423; x_wconf 88' lang='lat' dir='ltr'><strong>jus</strong></span> <span class='ocrx_word' id='word_1_701' title='bbox 623 4352 779 4429; x_wconf 63' lang='lat' dir='ltr'><strong>fuero</strong></span> <span class='ocrx_word' id='word_1_702' title='bbox 808 4354 1093 4423; x_wconf 82' lang='lat' dir='ltr'><strong>misertus,</strong></span> <span class='ocrx_word' id='word_1_703' title='bbox 1125 4361 1189 4409; x_wconf 91' lang='lat' dir='ltr'><strong>ut</strong></span> <span class='ocrx_word' id='word_1_704' title='bbox 1216 4358 1407 4411; x_wconf 88' lang='lat' dir='ltr'><strong>credat</strong></span> <span class='ocrx_word' id='word_1_705' title='bbox 1438 4358 1498 4429; x_wconf 81' lang='lat' dir='ltr'><strong>in</strong></span> <span class='ocrx_word' id='word_1_706' title='bbox 1529 4375 1619 4411; x_wconf 90' lang='lat' dir='ltr'><strong>me</strong></span> <span class='ocrx_word' id='word_1_707' title='bbox 1651 4360 2091 4415; x_wconf 87' lang='lat' dir='ltr'><strong>misericordiam</strong></span> <span class='ocrx_word' id='word_1_708' title='bbox 2111 4333 2442 4413; x_wconf 82' lang='lat' dir='ltr'><strong>Dtimerent</strong></span> <span class='ocrx_word' id='word_1_709' title='bbox 2477 4374 2724 4429; x_wconf 83' lang='lat' dir='ltr'><strong>peccare,</strong></span> <span class='ocrx_word' id='word_1_710' title='bbox 2768 4374 2838 4411; x_wconf 90' lang='lat' dir='ltr'><strong>ne</strong></span> <span class='ocrx_word' id='word_1_711' title='bbox 2881 4357 3087 4411; x_wconf 86' lang='lat' dir='ltr'><strong>similia</strong></span> <span class='ocrx_word' id='word_1_712' title='bbox 3120 4364 3471 4427; x_wconf 87' lang='lat' dir='ltr'><strong>paterentur,</strong></span> <span class='ocrx_word' id='word_1_713' title='bbox 3535 4355 3745 4409; x_wconf 71' lang='lat' dir='ltr'><strong>scientes</strong></span> 
     </span>
    </p>
   </div>
   <div class='ocr_carea' id='block_1_60' title="bbox 499 4440 3745 4523">
    <p class='ocr_par' dir='ltr' id='par_1_60' title="bbox 499 4440 3745 4523">
     <span class='ocr_line' id='line_1_60' title="bbox 499 4440 3745 4523; baseline -0 -29"><span class='ocrx_word' id='word_1_714' title='bbox 499 4440 775 4523; x_wconf 75' lang='lat' dir='ltr'><strong>praestabo</strong></span> <span class='ocrx_word' id='word_1_715' title='bbox 805 4442 903 4519; x_wconf 75' lang='lat' dir='ltr'><strong>iiii,</strong></span> <span class='ocrx_word' id='word_1_716' title='bbox 933 4449 995 4519; x_wconf 81' lang='lat' dir='ltr'><strong>ut</strong></span> <span class='ocrx_word' id='word_1_717' title='bbox 1012 4445 1165 4515; x_wconf 90' lang='lat' dir='ltr'><strong>juste</strong></span> <span class='ocrx_word' id='word_1_718' title='bbox 1202 4444 1368 4510; x_wconf 82' lang='lat' dir='ltr'><strong>vivat,</strong></span> <span class='ocrx_word' id='word_1_719' title='bbox 1413 4453 1469 4519; x_wconf 78' lang='lat' dir='ltr'><strong>et</strong></span> <span class='ocrx_word' id='word_1_720' title='bbox 1500 4447 1815 4503; x_wconf 87' lang='lat' dir='ltr'><strong>misericors</strong></span> <span class='ocrx_word' id='word_1_721' title='bbox 1842 4450 1932 4513; x_wconf 89' lang='lat' dir='ltr'><strong>sit,</strong></span> <span class='ocrx_word' id='word_1_722' title='bbox 1964 4468 2093 4521; x_wconf 91' lang='lat' dir='ltr'><strong>per-</strong></span> <span class='ocrx_word' id='word_1_723' title='bbox 2175 4448 2527 4518; x_wconf 85' lang='lat' dir='ltr'><strong>iniquitatem</strong></span> <span class='ocrx_word' id='word_1_724' title='bbox 2549 4464 2583 4501; x_wconf 89' lang='lat' dir='ltr'><strong>a</strong></span> <span class='ocrx_word' id='word_1_725' title='bbox 2603 4448 2716 4500; x_wconf 91' lang='lat' dir='ltr'><strong>Deo</strong></span> <span class='ocrx_word' id='word_1_726' title='bbox 2742 4446 3019 4500; x_wconf 91' lang='lat' dir='ltr'><strong>damnari.</strong></span> <span class='ocrx_word' id='word_1_727' title='bbox 3038 4446 3349 4501; x_wconf 84' lang='lat' dir='ltr'><strong>Dicitenim</strong></span> <span class='ocrx_word' id='word_1_728' title='bbox 3375 4464 3386 4498; x_wconf 94' lang='lat'><strong>:</strong></span> <span class='ocrx_word' id='word_1_729' title='bbox 3414 4452 3470 4511; x_wconf 84' lang='lat' dir='ltr'><strong>ul</strong></span> <span class='ocrx_word' id='word_1_730' title='bbox 3496 4444 3745 4499; x_wconf 72' lang='lat' dir='ltr'><strong>ostendam</strong></span> 
     </span>
    </p>
   </div>
   <div class='ocr_carea' id='block_1_61' title="bbox 499 4528 3742 4609">
    <p class='ocr_par' dir='ltr' id='par_1_61' title="bbox 499 4528 3742 4609">
     <span class='ocr_line' id='line_1_61' title="bbox 499 4528 3742 4609; baseline 0.002 -26"><span class='ocrx_word' id='word_1_731' title='bbox 499 4536 823 4601; x_wconf 89' lang='lat' dir='ltr'><strong>severetque</strong></span> <span class='ocrx_word' id='word_1_732' title='bbox 852 4532 911 4586; x_wconf 91' lang='lat' dir='ltr'><strong>in</strong></span> <span class='ocrx_word' id='word_1_733' title='bbox 949 4532 1106 4587; x_wconf 87' lang='lat' dir='ltr'><strong>bonis</strong></span> <span class='ocrx_word' id='word_1_734' title='bbox 1134 4534 1398 4605; x_wconf 91' lang='lat' dir='ltr'><strong>operibus</strong></span> <span class='ocrx_word' id='word_1_735' title='bbox 1426 4552 1527 4609; x_wconf 85' lang='lat' dir='ltr'><strong>pro</strong></span> <span class='ocrx_word' id='word_1_736' title='bbox 1558 4536 1760 4607; x_wconf 88' lang='lat' dir='ltr'><strong>quibus</strong></span> <span class='ocrx_word' id='word_1_737' title='bbox 1799 4528 2092 4609; x_wconf 68' lang='lat' dir='ltr'><strong>praemium</strong></span> <span class='ocrx_word' id='word_1_738' title='bbox 2175 4539 2238 4590; x_wconf 86' lang='lat' dir='ltr'><strong>in</strong></span> <span class='ocrx_word' id='word_1_739' title='bbox 2265 4543 2313 4589; x_wconf 78' lang='lat' dir='ltr'><strong>te</strong></span> <span class='ocrx_word' id='word_1_740' title='bbox 2340 4540 2601 4603; x_wconf 77' lang='lat' dir='ltr'><strong>virtutem</strong></span> <span class='ocrx_word' id='word_1_741' title='bbox 2632 4551 2829 4600; x_wconf 86' lang='lat' dir='ltr'><strong>meam,</strong></span> <span class='ocrx_word' id='word_1_742' title='bbox 2847 4535 3058 4601; x_wconf 78' lang='lat' dir='ltr'><strong>scilicet</strong></span> <span class='ocrx_word' id='word_1_743' title='bbox 3088 4551 3189 4605; x_wconf 86' lang='lat' dir='ltr'><strong>per</strong></span> <span class='ocrx_word' id='word_1_744' title='bbox 3218 4535 3384 4604; x_wconf 86' lang='lat' dir='ltr'><strong>signa</strong></span> <span class='ocrx_word' id='word_1_745' title='bbox 3402 4541 3460 4589; x_wconf 89' lang='lat' dir='ltr'><strong>et</strong></span> <span class='ocrx_word' id='word_1_746' title='bbox 3475 4529 3742 4603; x_wconf 58' lang='lat' dir='ltr'><strong>supplicia,</strong></span> 
     </span>
    </p>
   </div>
   <div class='ocr_carea' id='block_1_62' title="bbox 497 4618 753 4700">
    <p class='ocr_par' dir='ltr' id='par_1_62' title="bbox 497 4618 753 4700">
     <span class='ocr_line' id='line_1_62' title="bbox 497 4618 753 4700; baseline 0 -28"><span class='ocrx_word' id='word_1_747' title='bbox 497 4618 753 4700; x_wconf 85' lang='lat' dir='ltr'><strong>accipiat.</strong></span> 
     </span>
    </p>
   </div>
   <div class='ocr_carea' id='block_1_63' title="bbox 568 4710 2088 4786">
    <p class='ocr_par' dir='ltr' id='par_1_63' title="bbox 568 4710 2088 4786">
     <span class='ocr_line' id='line_1_63' title="bbox 568 4710 2088 4786; baseline 0.005 -24"><span class='ocrx_word' id='word_1_748' title='bbox 568 4710 751 4781; x_wconf 77' lang='lat' dir='ltr'><strong>Igitur</strong></span> <span class='ocrx_word' id='word_1_749' title='bbox 780 4726 891 4786; x_wconf 74' lang='lat' dir='ltr'><strong>non</strong></span> <span class='ocrx_word' id='word_1_750' title='bbox 922 4714 1167 4777; x_wconf 82' lang='lat' dir='ltr'><strong>volentis,</strong></span> <span class='ocrx_word' id='word_1_751' title='bbox 1209 4712 1478 4779; x_wconf 87' lang='lat' dir='ltr'><strong>subaudis</strong></span> <span class='ocrx_word' id='word_1_752' title='bbox 1498 4720 1584 4768; x_wconf 88' lang='lat' dir='ltr'><strong>est</strong></span> <span class='ocrx_word' id='word_1_753' title='bbox 1611 4714 1885 4779; x_wconf 79' lang='lat' dir='ltr'><strong>voluntas,</strong></span> <span class='ocrx_word' id='word_1_754' title='bbox 1917 4732 2088 4783; x_wconf 87' lang='lat' dir='ltr'><strong>neque</strong></span> 
     </span>
    </p>
   </div>
   <div class='ocr_carea' id='block_1_64' title="bbox 496 4802 2087 4877">
    <p class='ocr_par' dir='ltr' id='par_1_64' title="bbox 496 4802 2087 4877">
     <span class='ocr_line' id='line_1_64' title="bbox 496 4802 2087 4877; baseline 0.004 -28"><span class='ocrx_word' id='word_1_755' title='bbox 496 4802 773 4877; x_wconf 77' lang='lat' dir='ltr'><strong>currentis</strong></span> <span class='ocrx_word' id='word_1_756' title='bbox 802 4815 1017 4871; x_wconf 79' lang='lat' dir='ltr'><strong>cursus,</strong></span> <span class='ocrx_word' id='word_1_757' title='bbox 1045 4804 1135 4865; x_wconf 77' lang='lat' dir='ltr'><strong>sed</strong></span> <span class='ocrx_word' id='word_1_758' title='bbox 1156 4805 1468 4855; x_wconf 80' lang='lat' dir='ltr'><strong>misereniis</strong></span> <span class='ocrx_word' id='word_1_759' title='bbox 1488 4809 1561 4856; x_wconf 77' lang='lat' dir='ltr'><strong>est</strong></span> <span class='ocrx_word' id='word_1_760' title='bbox 1586 4804 1684 4857; x_wconf 86' lang='lat' dir='ltr'><strong>Dei</strong></span> <span class='ocrx_word' id='word_1_761' title='bbox 1699 4803 2087 4873; x_wconf 89' lang='lat' dir='ltr'><strong>misericordia</strong></span> 
     </span>
    </p>
   </div>
   <div class='ocr_carea' id='block_1_65' title="bbox 496 4884 2088 4961">
    <p class='ocr_par' dir='ltr' id='par_1_65' title="bbox 496 4884 2088 4961">
     <span class='ocr_line' id='line_1_65' title="bbox 496 4884 2088 4961; baseline 0.004 -23"><span class='ocrx_word' id='word_1_762' title='bbox 496 4891 559 4938; x_wconf 90' lang='lat' dir='ltr'><strong>ut</strong></span> <span class='ocrx_word' id='word_1_763' title='bbox 573 4884 668 4940; x_wconf 91' lang='lat' dir='ltr'><strong>det</strong></span> <span class='ocrx_word' id='word_1_764' title='bbox 686 4887 897 4941; x_wconf 90' lang='lat' dir='ltr'><strong>homini</strong></span> <span class='ocrx_word' id='word_1_765' title='bbox 910 4888 1119 4944; x_wconf 85' lang='lat' dir='ltr'><strong>bonum</strong></span> <span class='ocrx_word' id='word_1_766' title='bbox 1143 4890 1300 4961; x_wconf 87' lang='lat' dir='ltr'><strong>velle,</strong></span> <span class='ocrx_word' id='word_1_767' title='bbox 1324 4890 1525 4953; x_wconf 86' lang='lat' dir='ltr'><strong>facere,</strong></span> <span class='ocrx_word' id='word_1_768' title='bbox 1560 4907 1933 4960; x_wconf 88' lang='lat' dir='ltr'><strong>perseverare.</strong></span> <span class='ocrx_word' id='word_1_769' title='bbox 1960 4892 2088 4945; x_wconf 91' lang='lat' dir='ltr'><strong>Non</strong></span> 
     </span>
    </p>
   </div>
   <div class='ocr_carea' id='block_1_66' title="bbox 492 4973 2089 5051">
    <p class='ocr_par' dir='ltr' id='par_1_66' title="bbox 492 4973 2089 5051">
     <span class='ocr_line' id='line_1_66' title="bbox 492 4973 2089 5051; baseline 0.006 -26"><span class='ocrx_word' id='word_1_770' title='bbox 492 4973 697 5027; x_wconf 80' lang='lat' dir='ltr'><strong>sufficit</strong></span> <span class='ocrx_word' id='word_1_771' title='bbox 725 4977 843 5029; x_wconf 86' lang='lat' dir='ltr'><strong>sola</strong></span> <span class='ocrx_word' id='word_1_772' title='bbox 874 4976 1019 5029; x_wconf 92' lang='lat' dir='ltr'><strong>bona</strong></span> <span class='ocrx_word' id='word_1_773' title='bbox 1044 4978 1301 5032; x_wconf 84' lang='lat' dir='ltr'><strong>voluntas</strong></span> <span class='ocrx_word' id='word_1_774' title='bbox 1324 4978 1582 5039; x_wconf 89' lang='lat' dir='ltr'><strong>hominis,</strong></span> <span class='ocrx_word' id='word_1_775' title='bbox 1615 4980 1721 5032; x_wconf 86' lang='lat' dir='ltr'><strong>nisi</strong></span> <span class='ocrx_word' id='word_1_776' title='bbox 1761 4980 1933 5034; x_wconf 87' lang='lat' dir='ltr'><strong>etiam</strong></span> <span class='ocrx_word' id='word_1_777' title='bbox 1963 4996 2089 5051; x_wconf 87' lang='lat' dir='ltr'><strong>per-</strong></span> 
     </span>
    </p>
   </div>
   <div class='ocr_carea' id='block_1_67' title="bbox 492 5061 2085 5135">
    <p class='ocr_par' dir='ltr' id='par_1_67' title="bbox 492 5061 2085 5135">
     <span class='ocr_line' id='line_1_67' title="bbox 492 5061 2085 5135; baseline 0.006 -24"><span class='ocrx_word' id='word_1_778' title='bbox 492 5061 679 5114; x_wconf 89' lang='lat' dir='ltr'><strong>veniat</strong></span> <span class='ocrx_word' id='word_1_779' title='bbox 706 5079 831 5133; x_wconf 83' lang='lat' dir='ltr'><strong>cum</strong></span> <span class='ocrx_word' id='word_1_780' title='bbox 860 5064 1243 5135; x_wconf 86' lang='lat' dir='ltr'><strong>misericordia</strong></span> <span class='ocrx_word' id='word_1_781' title='bbox 1274 5067 1373 5120; x_wconf 89' lang='lat' dir='ltr'><strong>Dei</strong></span> <span class='ocrx_word' id='word_1_782' title='bbox 1402 5067 1472 5120; x_wconf 85' lang='lat' dir='ltr'><strong>ad</strong></span> <span class='ocrx_word' id='word_1_783' title='bbox 1506 5069 1629 5134; x_wconf 89' lang='lat' dir='ltr'><strong>hoc,</strong></span> <span class='ocrx_word' id='word_1_784' title='bbox 1657 5073 1718 5121; x_wconf 90' lang='lat' dir='ltr'><strong>ut</strong></span> <span class='ocrx_word' id='word_1_785' title='bbox 1748 5069 1845 5122; x_wconf 91' lang='lat' dir='ltr'><strong>det</strong></span> <span class='ocrx_word' id='word_1_786' title='bbox 1873 5068 1954 5122; x_wconf 87' lang='lat' dir='ltr'><strong>illi</strong></span> <span class='ocrx_word' id='word_1_787' title='bbox 1987 5069 2085 5121; x_wconf 91' lang='lat' dir='ltr'><strong>bo-</strong></span> 
     </span>
    </p>
   </div>
   <div class='ocr_carea' id='block_1_68' title="bbox 490 5150 2086 5227">
    <p class='ocr_par' dir='ltr' id='par_1_68' title="bbox 490 5150 2086 5227">
     <span class='ocr_line' id='line_1_68' title="bbox 490 5150 2086 5227; baseline 0.006 -28"><span class='ocrx_word' id='word_1_788' title='bbox 490 5163 626 5212; x_wconf 78' lang='lat' dir='ltr'><strong>num</strong></span> <span class='ocrx_word' id='word_1_789' title='bbox 648 5150 810 5219; x_wconf 83' lang='lat' dir='ltr'><strong>velle,</strong></span> <span class='ocrx_word' id='word_1_790' title='bbox 839 5157 896 5203; x_wconf 90' lang='lat' dir='ltr'><strong>et</strong></span> <span class='ocrx_word' id='word_1_791' title='bbox 924 5151 1130 5205; x_wconf 89' lang='lat' dir='ltr'><strong>bonum</strong></span> <span class='ocrx_word' id='word_1_792' title='bbox 1156 5153 1397 5226; x_wconf 83' lang='lat' dir='ltr'><strong>idipsum</strong></span> <span class='ocrx_word' id='word_1_793' title='bbox 1423 5156 1711 5225; x_wconf 81' lang='lat' dir='ltr'><strong>perﬁcere,</strong></span> <span class='ocrx_word' id='word_1_794' title='bbox 1736 5157 1900 5224; x_wconf 84' lang='lat' dir='ltr'><strong>juxta</strong></span> <span class='ocrx_word' id='word_1_795' title='bbox 1937 5156 2086 5227; x_wconf 89' lang='lat' dir='ltr'><strong>quod</strong></span> 
     </span>
    </p>
   </div>
   <div class='ocr_carea' id='block_1_69' title="bbox 490 5230 2080 5319">
    <p class='ocr_par' dir='ltr' id='par_1_69' title="bbox 490 5230 2080 5319">
     <span class='ocr_line' id='line_1_69' title="bbox 490 5230 2080 5319; baseline 0.006 -32"><span class='ocrx_word' id='word_1_796' title='bbox 490 5230 793 5319; x_wconf 63' lang='lat' dir='ltr'><strong>Psalmista</strong></span> <span class='ocrx_word' id='word_1_797' title='bbox 822 5238 957 5303; x_wconf 86' lang='lat' dir='ltr'><strong>dicit</strong></span> <span class='ocrx_word' id='word_1_798' title='bbox 988 5257 999 5289; x_wconf 88' lang='lat'><strong>:</strong></span> <span class='ocrx_word' id='word_1_799' title='bbox 1032 5242 1410 5297; x_wconf 67' lang='lat' dir='ltr'><strong>Misericordia</strong></span> <span class='ocrx_word' id='word_1_800' title='bbox 1432 5247 1548 5311; x_wconf 81' lang='lat' dir='ltr'><strong>ejus</strong></span> <span class='ocrx_word' id='word_1_801' title='bbox 1570 5250 1862 5311; x_wconf 69' lang='lat' dir='ltr'><strong>pm&#39;cenict</strong></span> <span class='ocrx_word' id='word_1_802' title='bbox 1898 5263 1996 5308; x_wconf 82' lang='lat' dir='ltr'><strong>mc,</strong></span> <span class='ocrx_word' id='word_1_803' title='bbox 2031 5250 2080 5298; x_wconf 86' lang='lat' dir='ltr'><strong>et</strong></span> 
     </span>
    </p>
   </div>
   <div class='ocr_carea' id='block_1_70' title="bbox 488 5328 2080 5400">
    <p class='ocr_par' dir='ltr' id='par_1_70' title="bbox 488 5328 2080 5400">
     <span class='ocr_line' id='line_1_70' title="bbox 488 5328 2080 5400; baseline 0.006 -24"><span class='ocrx_word' id='word_1_804' title='bbox 488 5328 869 5387; x_wconf 77' lang='lat' dir='ltr'><strong>misericordia</strong></span> <span class='ocrx_word' id='word_1_805' title='bbox 891 5332 1006 5395; x_wconf 80' lang='lat' dir='ltr'><strong>ejus</strong></span> <span class='ocrx_word' id='word_1_806' title='bbox 1030 5330 1385 5397; x_wconf 75' lang='lat' dir='ltr'><strong>subsequatur</strong></span> <span class='ocrx_word' id='word_1_807' title='bbox 1416 5349 1496 5385; x_wconf 84' lang='lat' dir='ltr'><strong>me</strong></span> <span class='ocrx_word' id='word_1_808' title='bbox 1519 5335 1743 5399; x_wconf 79' lang='lat' dir='ltr'><strong>(Psutm.</strong></span> <span class='ocrx_word' id='word_1_809' title='bbox 1769 5338 1946 5400; x_wconf 80' lang='lat' dir='ltr'><strong>LXIII).</strong></span> <span class='ocrx_word' id='word_1_810' title='bbox 1973 5334 2080 5388; x_wconf 89' lang='lat' dir='ltr'><strong>Sed</strong></span> 
     </span>
    </p>
   </div>
   <div class='ocr_carea' id='block_1_71' title="bbox 491 5402 2081 5493">
    <p class='ocr_par' dir='ltr' id='par_1_71' title="bbox 491 5402 2081 5493">
     <span class='ocr_line' id='line_1_71' title="bbox 491 5402 2081 5493; baseline 0.008 -29"><span class='ocrx_word' id='word_1_811' title='bbox 491 5402 582 5465; x_wconf 85' lang='lat' dir='ltr'><strong>hic</strong></span> <span class='ocrx_word' id='word_1_812' title='bbox 608 5411 844 5493; x_wconf 76' lang='lat' dir='ltr'><strong>fortasse</strong></span> <span class='ocrx_word' id='word_1_813' title='bbox 865 5416 1063 5486; x_wconf 76' lang='lat' dir='ltr'><strong>quaerit</strong></span> <span class='ocrx_word' id='word_1_814' title='bbox 1087 5417 1290 5488; x_wconf 87' lang='lat' dir='ltr'><strong>aliquis</strong></span> <span class='ocrx_word' id='word_1_815' title='bbox 1320 5436 1331 5472; x_wconf 89' lang='lat'><strong>:</strong></span> <span class='ocrx_word' id='word_1_816' title='bbox 1364 5419 1437 5473; x_wconf 90' lang='lat' dir='ltr'><strong>Ut</strong></span> <span class='ocrx_word' id='word_1_817' title='bbox 1469 5419 1603 5493; x_wconf 90' lang='lat' dir='ltr'><strong>quid</strong></span> <span class='ocrx_word' id='word_1_818' title='bbox 1644 5430 2081 5476; x_wconf 82' lang='lat' dir='ltr'><strong>remunerantur</strong></span> 
     </span>
    </p>
   </div>
   <div class='ocr_carea' id='block_1_72' title="bbox 498 5498 2078 5587">
    <p class='ocr_par' dir='ltr' id='par_1_72' title="bbox 498 5498 2078 5587">
     <span class='ocr_line' id='line_1_72' title="bbox 498 5498 2078 5587; baseline 0.007 -33"><span class='ocrx_word' id='word_1_819' title='bbox 498 5498 769 5586; x_wconf 79' lang='lat' dir='ltr'><strong>electi,vel</strong></span> <span class='ocrx_word' id='word_1_820' title='bbox 787 5504 917 5585; x_wconf 79' lang='lat' dir='ltr'><strong>quid</strong></span> <span class='ocrx_word' id='word_1_821' title='bbox 940 5507 1154 5587; x_wconf 65' lang='lat' dir='ltr'><strong>praemii</strong></span> <span class='ocrx_word' id='word_1_822' title='bbox 1173 5513 1483 5574; x_wconf 89' lang='lat' dir='ltr'><strong>merentur,</strong></span> <span class='ocrx_word' id='word_1_823' title='bbox 1502 5508 1551 5563; x_wconf 86' lang='lat' dir='ltr'><strong>si</strong></span> <span class='ocrx_word' id='word_1_824' title='bbox 1570 5515 1627 5562; x_wconf 88' lang='lat' dir='ltr'><strong>et</strong></span> <span class='ocrx_word' id='word_1_825' title='bbox 1644 5509 1900 5583; x_wconf 86' lang='lat' dir='ltr'><strong>voluntas</strong></span> <span class='ocrx_word' id='word_1_826' title='bbox 1913 5510 2078 5576; x_wconf 89' lang='lat' dir='ltr'><strong>bona,</strong></span> 
     </span>
    </p>
   </div>
   <div class='ocr_carea' id='block_1_73' title="bbox 2176 4623 3742 4679">
    <p class='ocr_par' dir='ltr' id='par_1_73' title="bbox 2176 4623 3742 4679">
     <span class='ocr_line' id='line_1_73' title="bbox 2176 4623 3742 4679; baseline -0.001 -2"><span class='ocrx_word' id='word_1_827' title='bbox 2176 4631 2232 4677; x_wconf 83' lang='lat' dir='ltr'><strong>et</strong></span> <span class='ocrx_word' id='word_1_828' title='bbox 2256 4632 2321 4678; x_wconf 91' lang='lat' dir='ltr'><strong>ut</strong></span> <span class='ocrx_word' id='word_1_829' title='bbox 2340 4623 2708 4679; x_wconf 88' lang='lat' dir='ltr'><strong>annuntietur</strong></span> <span class='ocrx_word' id='word_1_830' title='bbox 2738 4640 2943 4677; x_wconf 90' lang='lat' dir='ltr'><strong>nomen</strong></span> <span class='ocrx_word' id='word_1_831' title='bbox 2975 4640 3164 4677; x_wconf 89' lang='lat' dir='ltr'><strong>meum</strong></span> <span class='ocrx_word' id='word_1_832' title='bbox 3207 4623 3265 4679; x_wconf 90' lang='lat' dir='ltr'><strong>in</strong></span> <span class='ocrx_word' id='word_1_833' title='bbox 3296 4624 3559 4677; x_wconf 82' lang='lat' dir='ltr'><strong>universa</strong></span> <span class='ocrx_word' id='word_1_834' title='bbox 3594 4628 3742 4675; x_wconf 73' lang='lat' dir='ltr'><strong>terra.</strong></span> 
     </span>
    </p>
   </div>
   <div class='ocr_carea' id='block_1_74' title="bbox 2174 4711 3745 4783">
    <p class='ocr_par' dir='ltr' id='par_1_74' title="bbox 2174 4711 3745 4783">
     <span class='ocr_line' id='line_1_74' title="bbox 2174 4711 3745 4783; baseline -0.004 -16"><span class='ocrx_word' id='word_1_835' title='bbox 2174 4712 2393 4783; x_wconf 90' lang='lat' dir='ltr'><strong>Ubique</strong></span> <span class='ocrx_word' id='word_1_836' title='bbox 2423 4713 2571 4766; x_wconf 91' lang='lat' dir='ltr'><strong>enim</strong></span> <span class='ocrx_word' id='word_1_837' title='bbox 2593 4714 2742 4766; x_wconf 90' lang='lat' dir='ltr'><strong>Deus</strong></span> <span class='ocrx_word' id='word_1_838' title='bbox 2772 4728 3011 4781; x_wconf 77' lang='lat' dir='ltr'><strong>magnus</strong></span> <span class='ocrx_word' id='word_1_839' title='bbox 3032 4711 3388 4781; x_wconf 77' lang='lat' dir='ltr'><strong>praedicatur,</strong></span> <span class='ocrx_word' id='word_1_840' title='bbox 3412 4713 3509 4782; x_wconf 89' lang='lat' dir='ltr'><strong>qui</strong></span> <span class='ocrx_word' id='word_1_841' title='bbox 3532 4711 3745 4767; x_wconf 80' lang='lat' dir='ltr'><strong>Pharao-</strong></span> 
     </span>
    </p>
   </div>
   <div class='ocr_carea' id='block_1_75' title="bbox 2171 4796 3743 4871">
    <p class='ocr_par' dir='ltr' id='par_1_75' title="bbox 2171 4796 3743 4871">
     <span class='ocr_line' id='line_1_75' title="bbox 2171 4796 3743 4871; baseline -0.005 -15"><span class='ocrx_word' id='word_1_842' title='bbox 2171 4818 2302 4856; x_wconf 89' lang='lat' dir='ltr'><strong>nem</strong></span> <span class='ocrx_word' id='word_1_843' title='bbox 2329 4819 2457 4856; x_wconf 90' lang='lat' dir='ltr'><strong>cum</strong></span> <span class='ocrx_word' id='word_1_844' title='bbox 2488 4801 2744 4856; x_wconf 85' lang='lat' dir='ltr'><strong>curribus</strong></span> <span class='ocrx_word' id='word_1_845' title='bbox 2789 4807 2846 4855; x_wconf 88' lang='lat' dir='ltr'><strong>et</strong></span> <span class='ocrx_word' id='word_1_846' title='bbox 2872 4800 3155 4871; x_wconf 85' lang='lat' dir='ltr'><strong>equitibus</strong></span> <span class='ocrx_word' id='word_1_847' title='bbox 3183 4800 3300 4854; x_wconf 90' lang='lat' dir='ltr'><strong>suis</strong></span> <span class='ocrx_word' id='word_1_848' title='bbox 3349 4799 3648 4855; x_wconf 86' lang='lat' dir='ltr'><strong>submersit</strong></span> <span class='ocrx_word' id='word_1_849' title='bbox 3697 4796 3743 4862; x_wconf 80' lang='lat' dir='ltr'><strong>ip</strong></span> 
     </span>
    </p>
   </div>
   <div class='ocr_carea' id='block_1_76' title="bbox 2171 4907 2347 4946">
    <p class='ocr_par' dir='ltr' id='par_1_76' title="bbox 2171 4907 2347 4946">
     <span class='ocr_line' id='line_1_76' title="bbox 2171 4907 2347 4946; baseline -0.011 0"><span class='ocrx_word' id='word_1_850' title='bbox 2171 4907 2347 4946; x_wconf 86' lang='lat' dir='ltr'><strong>mare.</strong></span> 
     </span>
    </p>
   </div>
   <div class='ocr_carea' id='block_1_77' title="bbox 2242 4976 3749 5047">
    <p class='ocr_par' dir='ltr' id='par_1_77' title="bbox 2242 4976 3749 5047">
     <span class='ocr_line' id='line_1_77' title="bbox 2242 4976 3749 5047; baseline -0.002 -16"><span class='ocrx_word' id='word_1_851' title='bbox 2242 4979 2384 5047; x_wconf 80' lang='lat' dir='ltr'><strong>Ergo</strong></span> <span class='ocrx_word' id='word_1_852' title='bbox 2415 4976 2701 5047; x_wconf 85' lang='lat' dir='ltr'><strong>subaudis,</strong></span> <span class='ocrx_word' id='word_1_853' title='bbox 2724 4976 2773 5030; x_wconf 88' lang='lat' dir='ltr'><strong>si</strong></span> <span class='ocrx_word' id='word_1_854' title='bbox 2794 4977 3030 5031; x_wconf 88' lang='lat' dir='ltr'><strong>volentis</strong></span> <span class='ocrx_word' id='word_1_855' title='bbox 3054 4994 3165 5033; x_wconf 90' lang='lat' dir='ltr'><strong>non</strong></span> <span class='ocrx_word' id='word_1_856' title='bbox 3198 4984 3284 5033; x_wconf 88' lang='lat' dir='ltr'><strong>est</strong></span> <span class='ocrx_word' id='word_1_857' title='bbox 3337 4978 3597 5033; x_wconf 87' lang='lat' dir='ltr'><strong>voluntas</strong></span> <span class='ocrx_word' id='word_1_858' title='bbox 3633 4992 3644 5025; x_wconf 86' lang='lat'><strong>:</strong></span> <span class='ocrx_word' id='word_1_859' title='bbox 3672 4988 3749 5028; x_wconf 84' lang='lat' dir='ltr'><strong>ne-</strong></span> 
     </span>
    </p>
   </div>
   <div class='ocr_carea' id='block_1_78' title="bbox 2171 5063 3747 5138">
    <p class='ocr_par' dir='ltr' id='par_1_78' title="bbox 2171 5063 3747 5138">
     <span class='ocr_line' id='line_1_78' title="bbox 2171 5063 3747 5138; baseline -0.003 -19"><span class='ocrx_word' id='word_1_860' title='bbox 2171 5083 2279 5138; x_wconf 91' lang='lat' dir='ltr'><strong>que</strong></span> <span class='ocrx_word' id='word_1_861' title='bbox 2307 5066 2583 5131; x_wconf 83' lang='lat' dir='ltr'><strong>currentis</strong></span> <span class='ocrx_word' id='word_1_862' title='bbox 2605 5082 2819 5127; x_wconf 83' lang='lat' dir='ltr'><strong>cursus,</strong></span> <span class='ocrx_word' id='word_1_863' title='bbox 2853 5065 2950 5119; x_wconf 90' lang='lat' dir='ltr'><strong>sed</strong></span> <span class='ocrx_word' id='word_1_864' title='bbox 2984 5066 3305 5120; x_wconf 86' lang='lat' dir='ltr'><strong>miserentis</strong></span> <span class='ocrx_word' id='word_1_865' title='bbox 3337 5065 3435 5123; x_wconf 86' lang='lat' dir='ltr'><strong>Dei</strong></span> <span class='ocrx_word' id='word_1_866' title='bbox 3473 5073 3558 5120; x_wconf 85' lang='lat' dir='ltr'><strong>est</strong></span> <span class='ocrx_word' id='word_1_867' title='bbox 3597 5063 3747 5117; x_wconf 83' lang='lat' dir='ltr'><strong>mise-</strong></span> 
     </span>
    </p>
   </div>
   <div class='ocr_carea' id='block_1_79' title="bbox 2168 5154 3748 5223">
    <p class='ocr_par' dir='ltr' id='par_1_79' title="bbox 2168 5154 3748 5223">
     <span class='ocr_line' id='line_1_79' title="bbox 2168 5154 3748 5223; baseline -0.004 -15"><span class='ocrx_word' id='word_1_868' title='bbox 2168 5154 2411 5208; x_wconf 87' lang='lat' dir='ltr'><strong>ricordia</strong></span> <span class='ocrx_word' id='word_1_869' title='bbox 2444 5170 2456 5207; x_wconf 90' lang='lat'><strong>:</strong></span> <span class='ocrx_word' id='word_1_870' title='bbox 2481 5158 2638 5222; x_wconf 81' lang='lat' dir='ltr'><strong>cujus</strong></span> <span class='ocrx_word' id='word_1_871' title='bbox 2666 5159 2781 5208; x_wconf 75' lang='lat' dir='ltr'><strong>ruit</strong></span> <span class='ocrx_word' id='word_1_872' title='bbox 2810 5157 3124 5219; x_wconf 83' lang='lat' dir='ltr'><strong>miseretur,</strong></span> <span class='ocrx_word' id='word_1_873' title='bbox 3157 5155 3299 5208; x_wconf 89' lang='lat' dir='ltr'><strong>sicut</strong></span> <span class='ocrx_word' id='word_1_874' title='bbox 3320 5154 3748 5223; x_wconf 82' lang='lat' dir='ltr'><strong>Israelitis,quos</strong></span> 
     </span>
    </p>
   </div>
   <div class='ocr_carea' id='block_1_80' title="bbox 2164 5241 3745 5315">
    <p class='ocr_par' dir='ltr' id='par_1_80' title="bbox 2164 5241 3745 5315">
     <span class='ocr_line' id='line_1_80' title="bbox 2164 5241 3745 5315; baseline -0.003 -19"><span class='ocrx_word' id='word_1_875' title='bbox 2164 5244 2371 5315; x_wconf 89' lang='lat' dir='ltr'><strong>eripuit</strong></span> <span class='ocrx_word' id='word_1_876' title='bbox 2386 5259 2498 5296; x_wconf 91' lang='lat' dir='ltr'><strong>non</strong></span> <span class='ocrx_word' id='word_1_877' title='bbox 2527 5258 2720 5295; x_wconf 89' lang='lat' dir='ltr'><strong>eorum</strong></span> <span class='ocrx_word' id='word_1_878' title='bbox 2772 5244 3007 5308; x_wconf 88' lang='lat' dir='ltr'><strong>meritis,</strong></span> <span class='ocrx_word' id='word_1_879' title='bbox 3039 5244 3135 5297; x_wconf 88' lang='lat' dir='ltr'><strong>sed</strong></span> <span class='ocrx_word' id='word_1_880' title='bbox 3160 5251 3416 5315; x_wconf 88' lang='lat' dir='ltr'><strong>respectu</strong></span> <span class='ocrx_word' id='word_1_881' title='bbox 3444 5259 3559 5296; x_wconf 64' lang='lat' dir='ltr'><strong>sua:</strong></span> <span class='ocrx_word' id='word_1_882' title='bbox 3584 5241 3745 5311; x_wconf 84' lang='lat' dir='ltr'><strong>pieta-</strong></span> 
     </span>
    </p>
   </div>
   <div class='ocr_carea' id='block_1_81' title="bbox 2163 5330 3743 5403">
    <p class='ocr_par' dir='ltr' id='par_1_81' title="bbox 2163 5330 3743 5403">
     <span class='ocr_line' id='line_1_81' title="bbox 2163 5330 3743 5403; baseline -0.004 -17"><span class='ocrx_word' id='word_1_883' title='bbox 2163 5332 2254 5386; x_wconf 89' lang='lat' dir='ltr'><strong>tis.</strong></span> <span class='ocrx_word' id='word_1_884' title='bbox 2288 5334 2483 5402; x_wconf 79' lang='lat' dir='ltr'><strong>Neque</strong></span> <span class='ocrx_word' id='word_1_885' title='bbox 2508 5332 2655 5385; x_wconf 87' lang='lat' dir='ltr'><strong>enim</strong></span> <span class='ocrx_word' id='word_1_886' title='bbox 2676 5332 2943 5385; x_wconf 70' lang='lat' dir='ltr'><strong>Israelita:</strong></span> <span class='ocrx_word' id='word_1_887' title='bbox 2963 5332 3019 5386; x_wconf 87' lang='lat' dir='ltr'><strong>in</strong></span> <span class='ocrx_word' id='word_1_888' title='bbox 3045 5333 3285 5403; x_wconf 62' lang='lat' dir='ltr'><strong>ngypto</strong></span> <span class='ocrx_word' id='word_1_889' title='bbox 3302 5331 3524 5401; x_wconf 88' lang='lat' dir='ltr'><strong>aliquod</strong></span> <span class='ocrx_word' id='word_1_890' title='bbox 3559 5330 3743 5383; x_wconf 87' lang='lat' dir='ltr'><strong>bonum</strong></span> 
     </span>
    </p>
   </div>
   <div class='ocr_carea' id='block_1_82' title="bbox 2163 5418 3747 5495">
    <p class='ocr_par' dir='ltr' id='par_1_82' title="bbox 2163 5418 3747 5495">
     <span class='ocr_line' id='line_1_82' title="bbox 2163 5418 3747 5495; baseline -0.004 -21"><span class='ocrx_word' id='word_1_891' title='bbox 2163 5423 2411 5495; x_wconf 67' lang='lat' dir='ltr'><strong>iecerant</strong></span> <span class='ocrx_word' id='word_1_892' title='bbox 2434 5437 2535 5492; x_wconf 90' lang='lat' dir='ltr'><strong>pro</strong></span> <span class='ocrx_word' id='word_1_893' title='bbox 2577 5437 2685 5490; x_wconf 88' lang='lat' dir='ltr'><strong>quo</strong></span> <span class='ocrx_word' id='word_1_894' title='bbox 2718 5420 2946 5475; x_wconf 87' lang='lat' dir='ltr'><strong>liberari</strong></span> <span class='ocrx_word' id='word_1_895' title='bbox 2977 5422 3308 5485; x_wconf 89' lang='lat' dir='ltr'><strong>meruerint,</strong></span> <span class='ocrx_word' id='word_1_896' title='bbox 3353 5426 3399 5472; x_wconf 80' lang='lat' dir='ltr'><strong>et</strong></span> <span class='ocrx_word' id='word_1_897' title='bbox 3448 5436 3607 5488; x_wconf 79' lang='lat' dir='ltr'><strong>quem</strong></span> <span class='ocrx_word' id='word_1_898' title='bbox 3644 5418 3747 5489; x_wconf 71' lang='lat' dir='ltr'><strong>uult</strong></span> 
     </span>
    </p>
   </div>
   <div class='ocr_carea' id='block_1_83' title="bbox 2162 5507 3748 5581">
    <p class='ocr_par' dir='ltr' id='par_1_83' title="bbox 2162 5507 3748 5581">
     <span class='ocr_line' id='line_1_83' title="bbox 2162 5507 3748 5581; baseline -0.005 -17"><span class='ocrx_word' id='word_1_899' title='bbox 2162 5512 2421 5576; x_wconf 85' lang='lat' dir='ltr'><strong>indurat,</strong></span> <span class='ocrx_word' id='word_1_900' title='bbox 2462 5509 2519 5563; x_wconf 89' lang='lat' dir='ltr'><strong>id</strong></span> <span class='ocrx_word' id='word_1_901' title='bbox 2540 5516 2625 5563; x_wconf 86' lang='lat' dir='ltr'><strong>est</strong></span> <span class='ocrx_word' id='word_1_902' title='bbox 2649 5509 2902 5571; x_wconf 85' lang='lat' dir='ltr'><strong>indurari</strong></span> <span class='ocrx_word' id='word_1_903' title='bbox 2931 5509 3228 5581; x_wconf 86' lang='lat' dir='ltr'><strong>permittit,</strong></span> <span class='ocrx_word' id='word_1_904' title='bbox 3261 5516 3319 5575; x_wconf 84' lang='lat' dir='ltr'><strong>et</strong></span> <span class='ocrx_word' id='word_1_905' title='bbox 3345 5509 3401 5573; x_wconf 92' lang='lat' dir='ltr'><strong>in</strong></span> <span class='ocrx_word' id='word_1_906' title='bbox 3430 5507 3636 5571; x_wconf 84' lang='lat' dir='ltr'><strong>duritia</strong></span> <span class='ocrx_word' id='word_1_907' title='bbox 3660 5519 3748 5561; x_wconf 85' lang='lat' dir='ltr'><strong>sua</strong></span> 
     </span>
    </p>
   </div>
  </div>
