3850 6168
173 288 256 352 445

780 285 1162 354 EXPOSITIO
1200 288 1279 342 IN
1317 288 1471 350 EPP.
1517 289 1574 343 S.
1617 285 1858 352 PAULI.
1898 283 2085 348 ά--ΙΝ
2125 283 2348 353 EPIST.
2389 283 2489 354 AD,
2523 283 2696 348 RQM.

3271 279 3376 338 “.6

170 411 354 474 deserit,
381 410 515 466 sicut
543 411 891 472 Pharaonem
943 419 1002 466 et
1057 414 1362 468 exercitum
1411 415 1553 482 ejus.
1589 413 1703 475 Hoc
1722 413 1767 470 A
1789 410 2042 463 ricordiaa
2070 426 2218 478 suae;
2249 408 2464 472 vocavit
2483 412 2537 470 et
2565 424 2668 462 nos
2697 407 2766 460 de
2792 408 2997 469 saeculo
3019 407 3288 476 maligno.
3320 405 3380 468 id

170 500 287 570 quod
313 501 439 559 Deus
470 499 853 553 misericordia
881 516 983 552 sua
1012 501 1206 569 plagas
1235 501 1613 572 suspendebat
1649 501 1708 554 in

166 589 424 653 Phameae,
453 586 754 640 indurabat
779 603 873 640 cor
903 589 1043 658 ejus.

221 678 343 737 Dicis
370 675 550 742 itaque
575 675 712 732 mihi
746 693 756 726 :
793 665 1146 742 Q-uid'adhuc
1186 681 1499 744 queritur?
1527 679 1584 734 id
1622 683 1708 745 est

165 763 270 834 quid
290 762 451 820 adhuc
477 770 741 822 causatur
769 763 1017 817 humana
1045 764 1339 834 fragilitas,
1377 767 1525 836 quod
1557 767 1706 821 Deus

164 855 291 919 cujus
309 853 411 902 vult
440 853 749 912 miseretur,
780 838 830 914 et
867 867 1025 919 quem
1058 857 1174 906 vult
1208 857 1456 917 indurat.
1511 857 1705 908 Volun-

163 941 383 991 tatieaim
403 940 514 1004 ejus
535 939 671 1006 quid
691 941 895 991 resistit
917 944 942 1002 2
960 939 1118 1004 Quod
1141 942 1512 1010 quorumdam
1542 943 1706 994 mise-

160 1032 303 1093 retur,
327 1025 534 1078 bonitas
557 1030 613 1078 et
629 1026 813 1095 gratia
835 1027 884 1095 ej
895 1043 957 1079 us
971 1029 1231 1097 est,quod
1250 1015 1518 1099 quosdam
1546 1031 1703 1082 clam-

159 1120 250 1175 nat,
266 1115 460 1182 justum
483 1130 646 1166 suum
660 1114 936 1182 judicium
955 1116 1217 1180 ostendit,
1243 1117 1375 1186 quia
1394 1133 1585 1170 omnes
1615 1136 1704 1172 su-

158 1218 255 1254 mus
278 1201 364 1254 ﬁlii
384 1200 491 1260 irae,
527 1207 828 1272 antequam
861 1219 1220 1274 renascamur
1245 1222 1310 1266 ex
1338 1221 1486 1275 aqua
1511 1212 1568 1258 et
1583 1206 1707 1289 Spi-

158 1290 248 1343 ritu
272 1296 446 1343 sancto
472 1291 660 1359 (Joan.
690 1299 800 1358 in).

213 1379 419 1438 Ohomo,
439 1384 496 1430 tu
527 1383 652 1446 quis
687 1396 739 1433 es
770 1384 868 1447 qui
893 1383 1214 1448 respondeas
1235 1384 1376 1442 Deo?
1402 1383 1704 1448 Hominem

155 1470 283 1517 vocat
304 1465 539 1520 humana
570 1469 962 1522 tantummodo
996 1470 1307 1538 sapientem
1339 1478 1396 1524 et
1431 1472 1529 1526 Dei
1551 1473 1706 1540 judi-

155 1552 273 1606 cium
301 1555 700 1624 reprehendere
723 1557 1016 1622 nitentem.
1035 1559 1306 1626 Nunquitl,
1326 1561 1459 1622 dicit
1475 1564 1705 1631 ﬁgmen-

157 1648 268 1701 tum,
297 1642 343 1694 id
374 1649 452 1696 est
473 1661 569 1697 vas
597 1652 654 1698 et
693 1645 808 1698 luto
830 1647 1109 1712 ﬁctum,ei
1137 1651 1236 1715 qui
1263 1665 1314 1700 se
1343 1652 1526 1714 ﬁnxit.
1566 1650 1706 1715 Quid

1791 505 1877 551 est
1904 515 2034 551 vasa
2078 489 2477 560 misericordiae
2531 513 2661 572 sum.
2715 495 2924 551 Omnes
2961 496 3219 550 homines
3256 498 3383 564 post

1791 587 2299 656 praevaricationem
2364 585 2496 640 Adae
2562 590 2882 654 peccatores
2945 591 3274 651 nascuntur,
3326 587 3384 640 et

1789 676 2148 738 damnatione
2176 665 2349 744 digni,
2389 682 2560 744 atque
2596 675 2902 739 secundum
2932 673 3197 733 meritum
3218 686 3384 725 suum

1788 763 2098 828 debuerant
2125 779 2320 815 omnes
2358 763 2558 831 perire.
2610 762 2769 826 Quod
2817 778 2947 814 vero
2977 761 3140 831 pauci
3178 759 3385 836 salvari

1789 859 2096 916 merentur,
2143 851 2239 920 qui
2267 850 2336 903 de
2367 850 2511 903 vasis
2562 850 2659 904 irae
2711 850 2768 903 in
2822 865 2955 911 vasa
2991 847 3384 913 misericordiae

1789 939 2223 1002 transferuntur,
2259 938 2382 1003 ideo
2405 940 2468 992 ﬁt
2497 944 2559 992 ut
2587 937 2969 991 misericordia
2991 942 3262 1006 appareat
3281 951 3384 988 au-

1787 1028 1957 1081 ctoris
1975 1027 2035 1080 in
2061 1027 2147 1079 his
2170 1027 2264 1096 qui
2296 1043 2328 1079 a
2359 1033 2538 1079 morte
2571 1035 2780 1079 aeterna
2803 1025 3133 1089 liberantur,
3149 1030 3205 1078 et
3234 1023 3381 1093 quod

1787 1119 1975 1187 plures
2005 1123 2137 1170 sunt
2197 1116 2292 1185 qui
2333 1122 2572 1185 pereunt
2621 1116 2960 1175 remanendo
2997 1115 3056 1168 in
3094 1113 3240 1167 vasis
3263 1113 3378 1179 im,

1791 1206 2030 1275 peccatis
2059 1204 2546 1275 praepedientibus.
2573 1203 2838 1256 indicium
2870 1210 2955 1258 est
2968 1203 3167 1256 merito
3189 1216 3382 1256 omnes

1789 1294 2048 1350 debuisse
2077 1295 2280 1364 perire,
2310 1309 2374 1346 ac
2403 1310 2502 1362 per
2531 1293 2638 1345 hoc
2661 1293 2874 1360 justum
2893 1291 3166 1360 judicium
3189 1305 3385 1352 secun-

1788 1384 1920 1436 dum
1953 1383 2154 1436 merita
2181 1388 2374 1435 manet
2405 1382 2463 1442 in
2480 1381 2576 1434 eis.
2610 1381 2817 1434 Verum
2849 1379 2980 1448 quia
2999 1378 3175 1432 Judaei
3198 1377 3384 1431 exclu-

1789 1471 1857 1524 de
1867 1471 1999 1524 bant
2027 1471 2264 1540 gentiles
2285 1487 2318 1523 a
2347 1470 2455 1532 ﬁde
2484 1467 2966 1532 Christi,dicentes
2979 1482 3075 1519 eos
3091 1481 3204 1518 non
3223 1478 3385 1534 posse

1788 1559 2007 1622 salvari,
2042 1559 2231 1612 subdit
2257 1558 2557 1627 Apostolus
2590 1573 2600 1608 :
2639 1572 2750 1609 non
2777 1559 2955 1609 solum
2975 1570 3038 1607 ea:
3064 1554 3386 1616 Juda’iswo-

1789 1649 1933 1710 cavit
1956 1649 2025 1702 ad
2052 1648 2220 1700 ﬁdem
2246 1663 2428 1710 suam,
2460 1647 2549 1699 sed
2579 1649 2745 1698 etiam
2773 1660 2839 1697 ea:
2861 1643 3130 1710 gentibus.

153 1745 218 1780 me
239 1731 397 1795 fecisti
421 1735 498 1785 sic
521 1739 546 1786 ?
576 1733 628 1786 id
661 1741 748 1788 est
768 1735 900 1804 quid
926 1753 1015 1788 me
1036 1736 1213 1788 fecisti
1228 1736 1307 1789 sic
1331 1736 1386 1789 in
1404 1737 1548 1790 hanc
1576 1754 1705 1807 par-
1728 1721 1774 1798 Β
1861 1737 2015 1796 Sicut
2038 1740 2098 1788 in
2115 1738 2236 1792 Osee
2269 1738 2404 1788 dicit
2428 1753 2442 1786 :
2479 1735 2672 1794 l’ocabo
2703 1748 2812 1786 non.
2838 1734 3041 1800 plebem
3095 1746 3293 1790 meam,
3327 1729 3386 1783 id

152 1817 362 1884 vitatem,
397 1821 478 1878 vel
509 1822 582 1876 ad
611 1822 716 1886 hoc
746 1824 851 1877 vile
878 1824 1297 1878 ministerium?

206 1910 382 1968 Annon
436 1910 592 1964 habet
639 1918 956 1978 potestatem
1011 1916 1216 1980 ﬁgulus
1274 1917 1400 1979 luti,
1431 1931 1494 1968 ea:
1523 1916 1704 1976 eadem

153 2011 300 2048 massa
320 1998 488 2063 facere
514 2002 677 2051 aliud
707 2004 928 2067 quidem
957 2018 1050 2055 vas
1080 2006 1141 2054 in
1171 2003 1454 2072 honorem,
1471 2021 1581 2073 quo
1612 2005 1712 2070 mi-

154 2085 384 2138 nistretur
414 2087 573 2140 cibus
605 2089 684 2142 vel
718 2095 882 2158 potus
909 2091 1002 2160 qui
1032 2092 1354 2144 transeatin
1379 2109 1514 2145 usus
1531 2094 1706 2160 regis;

154 2175 284 2223 aliud
310 2189 422 2225 tero
453 2178 514 2228 in
546 2181 982 2230 contumeliam?
1009 2177 1065 2230 id
1097 2185 1200 2244 est,
1226 2181 1282 2231 in
1311 2180 1420 2232 vile
1437 2181 1705 2246 ofﬁcium,

155 2260 371 2315 videlicet
396 2263 462 2329 ad
505 2280 648 2333 Opus
684 2265 954 2335 coquinm,
986 2266 1082 2320 ubi
1131 2274 1450 2337 coquuntur
1479 2285 1700 2326 carnes.

150 2348 218 2400 Sic
249 2349 588 2419 omnipotens
628 2352 776 2406 Deus
817 2354 1022 2422 ﬁgulus
1063 2354 1295 2408 humani
1333 2356 1557 2424 generis
1589 2395 1602 2417 ,
1645 2373 1710 2420 ex

149 2452 298 2488 massa
327 2440 532 2507 peccati
566 2446 622 2500 et
648 2441 998 2510 perditionis,
1031 2442 1088 2495 id
1138 2448 1222 2496 est
1273 2460 1336 2495 ex
1382 2460 1567 2497 massa
1605 2445 1710 2499 hu-

149 2526 270 2577 mani
286 2529 497 2594 generis
519 2528 690 2582 habet
709 2536 1041 2598 potestatem
1066 2531 1218 2586 aliud
1250 2547 1344 2584 vas
1360 2532 1417 2584 in
1439 2533 1706 2586 honorem

149 2610 314 2678 facere,
333 2615 384 2667 id
403 2624 484 2668 est
514 2633 693 2684 unum
709 2619 777 2684 ad
795 2619 900 2672 hoc.
916 2636 1124 2684 creare,
1162 2626 1224 2678 ut
1254 2621 1370 2690 ipse
1402 2621 1708 2690 honoratur

148 2697 191 2751 in
215 2701 312 2754 illo.
344 2708 398 2755 et
416 2703 659 2758 honoret
675 2722 802 2758 eum
833 2706 1079 2768 vocando
1129 2707 1199 2759 ad
1232 2695 1611 2772 ﬁdem'suam,
1654 2713 1709 2761 et

148 2787 370 2844 salvando
399 2792 467 2850 ad
499 2793 674 2846 vitam
700 2812 714 2860 ;
754 2795 907 2854 aliud
939 2811 1066 2847 vero
1093 2795 1151 2847 in
1193 2796 1609 2862 contumeliam,
1650 2795 1708 2864 id

148 2881 214 2926 est
229 2879 492 2947 reprobos,
537 2888 770 2952 propter
798 2881 1107 2952 nequitiam
1137 2898 1295 2936 suam
1325 2883 1481 2952 justo
1496 2883 1707 2951 judicio

148 2964 358 3030 perdere.
390 2968 466 3021 Ex
491 2976 764 3039 corrupta
792 2971 941 3022 enim
993 2987 1199 3033 massa,
1231 2971 1420 3023 omnia
1447 2976 1709 3040 corrupta

147 3059 252 3104 sunt
291 3071 427 3108 vasa.
464 3058 524 3110 Si
561 3071 747 3110 autem
772 3059 994 3127 ingenio
1020 3059 1158 3111 artis
1189 3076 1302 3112 suae
1325 3060 1529 3130 ﬁgulus
1557 3076 1708 3132 quae-

148 3138 250 3193 dam
275 3160 332 3194 ex
350 3144 456 3198 illis
489 3148 851 3216 excoquendo
901 3164 1000 3218 per
1029 3148 1217 3218 ignem
1254 3164 1286 3200 a
1331 3148 1459 3201 vitio
1509 3165 1708 3202 massae

147 3229 498 3299 puriﬁcaverit,
537 3235 795 3306 nunquid
827 3235 883 3288 in
933 3236 1021 3306 his
1075 3236 1426 3305 magniﬁcari
1467 3253 1578 3289 non
1609 3253 1709 3307 po-

147 3317 260 3368 test?
287 3320 433 3382 Quod
447 3329 641 3375 autem
665 3324 917 3392 quaedam
941 3323 1317 3394 impuriﬁcata
1338 3324 1710 3394 dimittitmon

147 3403 528 3476 redarguendus
567 3418 652 3464 est
692 3412 822 3482 quia
855 3411 911 3464 in
967 3429 1072 3465 sua
1119 3418 1396 3482 potestate
1435 3412 1705 3466 subsistit.

148 3491 236 3545 Sua
271 3497 408 3550 enim
443 3508 529 3553 est
565 3516 769 3558 massa.

203 3582 330 3647 Quod
348 3589 395 3638 si
410 3589 557 3640 Deus
580 3591 1044 3642 rolcnsostcndcre
1065 3593 1215 3642 iram
1248 3595 1295 3644 ct
1321 3595 1505 3643 nolam
1535 3593 1713 3656 facere

145 3676 404 3732 potentiam
432 3693 620 3734 suam,
653 3680 922 3732 sustinuit
954 3681 1011 3730 in.
1053 3680 1232 3730 multa
1276 3681 1550 3747 patientia
1581 3695 1710 3730 rasa

150 3756 224 3808 ire
247 3767 361 3827 apta
394 3767 450 3816 in
485 3770 784 3818 interitum
811 3785 823 3820 :
856 3765 1144 3835 subaudis,
1167 3772 1229 3820 tu
1260 3767 1384 3837 quis
1414 3783 1472 3820 es
1503 3766 1597 3837 qui
1627 3783 1711 3819 re-

145 3849 382 3912 spondeas
411 3852 566 3905 Deo?
611 3853 816 3908 Volens
848 3855 998 3908 Deus
1031 3856 1324 3909 ostendere
1349 3856 1513 3919 iram,
1540 3856 1595 3908 id
1626 3862 1710 3908 est

147 3932 404 3998 vindictam
425 3957 589 3994 suam
609 3942 665 3994 in
690 3943 1037 3998 Pharaonem
1061 3950 1116 3998 et
1134 3944 1443 4014 {Egyptioss
1459 3945 1515 3996 in
1540 3944 1710 4009 SOdO'

145 4021 280 4076 mitas
310 4035 362 4079 et
388 4029 600 4094 diluvio
621 4031 890 4104 perditos,
914 4037 970 4086 et
991 4039 1182 4086 notam
1203 4033 1707 4105 tacerepotentiam

146 4124 272 4164 suam
299 4115 584 4171 liberando
615 4119 1172 4184 l-lebraeos,sustinuit
1201 4121 1258 4173 in
1289 4122 1467 4178 multa
1495 4121 1710 4192 patien-

145 4196 205 4249 tia
218 4217 331 4255 vasa
348 4204 463 4270 irae,
488 4207 544 4260 id
565 4215 654 4261 est
679 4209 968 4278 1Egyptios
989 4225 1089 4278 per
1125 4210 1316 4280 plagas
1340 4210 1708 4279 exspectando

145 4286 199 4337 ad
217 4293 587 4360 pmnitentiam
601 4338 612 4359 ,
631 4314 768 4366 quas
790 4314 902 4350 non
925 4297 1134 4367 pariter
1151 4298 1365 4350 effudit.
1398 4300 1545 4368 Apta
1565 4297 1712 4350 enim

1792 1831 1878 1880 est
1905 1831 2120 1894 gentes,
2147 1826 2352 1892 plebem
2377 1839 2576 1885 meam,
2605 1827 2668 1875 ut
2718 1822 2833 1874 sint
2885 1819 3040 1890 plebs
3071 1834 3197 1872 mea
3227 1835 3240 1870 :
3281 1818 3388 1872 hoc

1791 1914 2095 1967 secundum
2129 1914 2354 1973 beatum
2385 1908 3128 1980 Hieronymum,secundum
3158 1906 3388 1960 beatum

1792 2003 2170 2071 Augustinum
2195 2017 2322 2054 vero
2362 2006 2542 2070 potest
2576 2007 2632 2053 et
2667 2000 2737 2052 de
2780 1997 2985 2052 Judaeis
3012 1995 3250 2072 intelligi
3289 1993 3387 2062 qui

1796 2091 1924 2153 facti
1953 2095 2086 2144 sunt
2123 2105 2232 2142 non
2262 2087 2416 2158 plebs
2446 2086 2794 2156 Dei,quando
2827 2088 3177 2140 recesserunt
3196 2082 3383 2146 aDeo,

1793 2184 1849 2232 et
1879 2183 2213 2248 respuerunt.
2270 2176 2554 2230 Christum
2605 2175 2850 2237 dicentes
2880 2190 2891 2224 :
2925 2173 3205 2226 Nescimus
3240 2169 3388 2230 unde

1790 2271 1861 2320 sit
1893 2270 2070 2334 (Joan.
2106 2271 2201 2334 lx).
2237 2266 2395 2320 Sicut
2424 2264 2692 2317 habemus
2736 2263 2793 2314 in
2826 2261 3069 2331 psalmo:
3097 2260 3229 2314 Filii
3256 2259 3390 2320 alia-

1793 2360 1856 2410 ni
1879 2359 2100 2407 mentiti
2121 2360 2248 2407 sunt
2274 2356 2414 2406 mihi
2437 2356 2597 2414 (Psat.
2630 2357 2778 2418 xvu).
2805 2350 2912 2412 Qui
2934 2347 3291 2419 postmodum
3312 2345 3388 2407 fa-

1793 2443 1868 2498 cti
1887 2449 2022 2497 sunt
2050 2443 2207 2513 plebs
2237 2441 2464 2503 Christi,
2499 2441 2723 2510 quando
2747 2457 2862 2494 una
2902 2438 2992 2493 die
3030 2437 3390 2494 crediderunt

1789 2533 1900 2586 tria
1930 2533 2124 2593 millia,
2157 2532 2337 2592 altera
2367 2530 2457 2584 die
2513 2530 2760 2598 quinque
2801 2526 2993 2590 millia,
3025 2532 3082 2580 et
3129 2526 3389 2593 deinceps

1791 2622 1968 2674 multa
1985 2621 2158 2678 millia
2178 2623 2317 2688 (Act.
2361 2620 2438 2686 ιι),
2461 2625 2508 2672 et
2542 2635 2654 2672 non
2686 2616 3120 2669 misericordiam
3143 2627 3390 2668 comem-

1793 2715 1927 2774 tam,
1963 2710 2020 2762 in
2053 2709 2384 2772 inﬁdelitate
2412 2707 2708 2768 manendo,
2741 2704 3180 2758 misericordiam
3202 2716 3386 2753 conse-

1790 2803 1971 2851 cutam
1983 2837 1997 2861 ,
2032 2799 2281 2852 effectam
2306 2797 2547 2849 ﬁdelem.
3428 2852 3431 2853 ν

1861 2887 1926 2939 Et
1943 2889 2048 2938 erit
2067 2890 2126 2938 in
2149 2890 2277 2950 loco,
2318 2887 2413 2937 ubi
2431 2887 2640 2946 dictum
2681 2888 2754 2935 est
2793 2883 2909 2934 eis:
2943 2881 3064 2940 Non
3087 2881 3234 2947 plebs
3264 2893 3386 2931 mea

1792 2993 1899 3036 vos,
1919 2978 1996 3028 ibi
2017 2976 2359 3028 vocabuntur
2379 2974 2486 3038 ﬁlii
2500 2974 2594 3040 Dei
2613 2973 2743 3024 vivi.
2761 2968 3034 3024 Gentibus
3057 2966 3388 3030 inﬁdelitate

1792 3062 2093 3133 depressis,
2124 3061 2415 3116 dicebatur
2454 3060 2534 3114 eis
2557 3077 2588 3113 a
2618 3060 2732 3112 Deo
2760 3075 2859 3128 per
2887 3057 3206 3127 prophetas,
3240 3053 3390 3124 quod

1791 3169 1904 3206 non
1928 3158 2115 3206 essent
2141 3150 2296 3219 plebs
2323 3151 2445 3218 ejus
2469 3167 2479 3201 :
2504 3147 2767 3218 quoniam
2809 3146 2939 3199 licet
2985 3161 3084 3215 per
3112 3143 3389 3197 conditio-

1793 3257 1921 3294 nem
1957 3246 2216 3298 creatura
2242 3238 2344 3292 Dei
2374 3244 2577 3296 essent.
2631 3252 2743 3290 non
2791 3240 2953 3288 erant
2996 3240 3204 3288 tamem
3233 3230 3390 3302 plebs

1795 3331 1918 3399 ejus
1948 3346 2048 3398 per
2081 3328 2341 3397 gratiam.
2376 3327 2680 3396 Postquam
2709 3331 2897 3377 autem
2928 3324 2998 3376 ad
3027 3321 3192 3376 ﬁdem
3223 3335 3390 3382 vene-

1793 3418 2004 3471 runtin
2023 3418 2162 3479 loco,
2187 3416 2242 3469 id
2265 3423 2349 3468 est
2370 3416 2425 3467 in
2458 3421 2576 3478 toto
2620 3413 2845 3475 mundo,
2872 3411 2964 3465 ubi
2992 3410 3282 3466 dicebatur
3311 3408 3391 3471 eis

1794 3513 2098 3576 antequam
2131 3507 2188 3558 in
2221 3505 2396 3560 Deum
2435 3504 2726 3556 crederent
2752 3521 2762 3553 :
2793 3502 2916 3554 Non
2946 3498 3101 3569 plebs
3128 3514 3254 3551 mea
3272 3514 3388 3576 vos,

1793 3595 1870 3648 ibi
1898 3595 2063 3648 modo
2087 3601 2355 3646 vocantur
2376 3593 2476 3644 ﬁlii
2528 3591 2628 3644 Dei
2678 3589 2800 3652 vivi,
2836 3605 2947 3650 non
2978 3603 3076 3656 per
3103 3573 3387 3650 naturam,

1795 3685 1892 3736 sed
1918 3700 2017 3753 per
2046 3683 2423 3751 adoptionem.
2461 3682 2724 3746 Quotquot
2748 3682 2952 3741 autem,
2985 3676 3066 3728 ait
3092 3673 3391 3742 Evangeli-

1793 3779 1901 3835 sta,
1925 3771 2287 3824 crediderunt
2321 3774 2380 3821 in
2406 3786 2550 3832 eum,
2605 3769 2752 3820 dedit
2803 3770 2877 3818 eis
2909 3768 3219 3833 potestatem
3249 3763 3390 3830 filios

1790 3861 1892 3914 Dei
1907 3863 2032 3926 ﬁeri
2054 3862 2230 3924 (Joan.
2276 3860 2335 3922 Ι).
2382 3857 2454 3910 Et
2475 3857 2614 3910 bene
2635 3855 2784 3926 dicit,
2807 3854 2908 3908 Dei
2926 3853 3051 3919 vivi,
3091 3852 3166 3912 ad
3191 3851 3387 3917 distin-

1792 3949 2032 4004 ctionem
2065 3953 2414 4000 mortuorum
2441 3937 2696 4008 deorum,
2728 3961 2867 4014 quos
2911 3942 3020 4012 ipsi
3045 3947 3212 4007 antea
3239 3941 3386 4002 cole-

1790 4037 1945 4089 bant.
1981 4037 2176 4092 Potest
2204 4035 2445 4103 intelligi
2473 4033 2732 4097 similiter
2785 4037 2841 4096 et
2888 4031 2957 4094 de
3009 4029 3236 4094 .ludaais,
3279 4044 3388 4098 quo

1792 4126 2048 4190 apertum
2075 4129 2176 4177 est.

1865 4213 2042 4264 Isaias
2063 4216 2248 4263 autem
2271 4212 2474 4276 clam—at
2495 4223 2596 4275 pro
2619 4210 2808 4273 Israel,
2827 4207 2882 4262 id
2903 4210 2991 4272 est
3017 4221 3186 4270 causa
3206 4205 3389 4268 Israe-

1797 4300 1948 4365 lis,si
1967 4301 2140 4366 fuerit
2171 4313 2436 4350 numerus
2463 4299 2711 4364 filiorum
2728 4298 2915 4356 Israel,
2939 4302 3390 4366 tanquamarczia

143 4372 186 4424 in
211 4377 483 4436 interitum
515 4386 766 4455 appellat
788 4387 1095 4456 Egyptios,
1134 4387 1229 4455 qui
1275 4404 1334 4439 se
1363 4403 1710 4456 praeparave-
1728 4379 1775 4435 D
1796 4391 1991 4446 maris,
2012 4390 2261 4454 reliquiae
2281 4389 2441 4438 salva:
2464 4389 2612 4452 ﬁcnt.
2639 4385 2794 4438 Sicut
2808 4369 3392 4452 hominibusincogni-

145 4474 247 4518 rant
267 4477 426 4540 atque
452 4480 787 4544 aptaverant
840 4481 1059 4529 aeternae
1107 4474 1405 4545 perditioni
1457 4475 1603 4527 male
1635 4475 1716 4540 vi-

148 4556 305 4610 vendo.
336 4561 416 4614 Ad
445 4563 570 4616 haec
598 4569 820 4633 poterat
865 4565 1069 4636 aliquis
1114 4566 1380 4635 Apostolo
1423 4565 1665 4635 objicere
1693 4585 1704 4618 ε

147 4639 204 4693 Ut
225 4649 342 4715 quid
381 4651 631 4719 perdidit
662 4652 801 4715 illos,
837 4660 893 4706 et
918 4653 1152 4708 salvabit
1180 4654 1440 4708 Judaeos?
1489 4654 1591 4718 Cui
1621 4654 1711 4718 ille

148 4727 296 4785 obviat
325 4739 734 4809 respondendo.
768 4741 959 4795 dicens
995 4761 1005 4793 :
1692 4733 1696 4738 Ι

208 4818 811 4882 Utostenderetdivilias
832 4833 1023 4896 glorise
1037 4847 1165 4896 sua,
1198 4829 1401 4900 quibus
1432 4830 1712 4900 gloriﬁce-

148 4907 236 4971 tur,
263 4912 315 4964 in
336 4928 458 4966 rasa
475 4919 888 4980 misericordia,
912 4917 966 4969 id
985 4923 1070 4970 est
1109 4917 1395 4988 Hebraeos,
1421 4936 1552 4986 quos
1578 4933 1714 4985 prae-

143 5004 332 5056 paravit
361 5004 418 5054 in.
447 5007 693 5070 gloriam
729 5022 905 5066 suam,
944 5011 1007 5058 ut
1051 5006 1108 5058 in
1159 5007 1239 5059 eis
1277 5006 1622 5075 gloriﬁcetur
1661 5012 1716 5058 et

146 5078 388 5154 landetur,
415 5092 511 5162 qui
533 5093 780 5165 eripiens
809 5094 930 5146 illos
961 5094 1028 5146 de
1058 5093 1319 5164 Egypto,
1342 5095 1584 5147 inimicis
1620 5111 1714 5148 eo-

146 5185 248 5224 rum
274 5175 601 5244 interfectis,
627 5198 780 5234 mare
803 5181 1052 5236 Rubrum
1084 5182 1417 5245 transduxit,
1435 5189 1491 5238 et
1521 5199 1714 5254 repro-

148 5267 393 5318 missionis
412 5280 627 5324 terram
661 5271 910 5324 tradidit.

206 5352 327 5413 Quas
345 5365 389 5407 et
413 5362 646 5418 voca-vit,
670 5360 724 5412 id
748 5366 834 5411 est
850 5377 988 5430 quos
1004 5360 1217 5413 vocavit
1244 5360 1311 5412 ad
1332 5360 1502 5413 ﬁdem
1529 5373 1720 5424 suam,‘

150 5436 272 5493 sicut
294 5451 346 5496 et
369 5461 468 5498 nos
499 5449 783 5518 apostolos
812 5449 1062 5519 aliosque
1091 5449 1380 5502 credentes
1425 5467 1491 5503 ex
1520 5451 1712 5503 eadem

1795 4483 1887 4529 tus
1913 4482 1999 4529 est
2026 4493 2210 4529 arenae
2228 4475 2400 4527 maris
2429 4490 2716 4536 numerus,
2737 4473 2881 4536 itaet
2896 4490 3010 4544 prae
3033 4471 3394 4548 multitudine

1797 4565 1902 4629 sui,
1948 4564 2372 4633 innumerabilis
2409 4564 2587 4618 factus
2617 4569 2703 4618 est
2754 4563 2993 4633 populus
3030 4561 3388 4626 Israeliticus.

1798 4653 2012 4722 Quibus
2059 4655 2140 4706 sic
2197 4653 2600 4724 multiplicatis,
2643 4658 2700 4706 et
2737 4651 3000 4704 oneribus
3037 4656 3392 4720 peccatorum

1795 4742 2180 4812 praegravatis,
2215 4741 2465 4812 reliquize
2488 4742 2652 4794 salvae
2695 4745 2912 4793 tantum
2955 4739 3112 4792 facta:
3142 4742 3292 4801 sunt,

1797 4837 1883 4884 est
1912 4831 2151 4903 apostoli
2174 4836 2228 4884 et
2258 4830 2442 4894 caeteri
2471 4830 2564 4899 qui
2594 4828 2952 4891 crediderunt
2978 4843 3043 4890 ex
3072 4825 3171 4878 eis.

1881 4921 2103 4973 Verbum
2131 4923 2281 4972 enim
2307 4933 2718 4980 consummatis,
2752 4917 2808 4968 id
2851 4920 2936 4968 est
2981 4915 3294 4986 perﬁciens,
3337 4920 3395 4978 et

1797 5007 2199 5080 perfectionem
2227 5007 2537 5064 continens,
2575 5011 2622 5057 et
2649 5007 2972 5068 abbrwians
3007 5008 3069 5058 in
3098 5008 3350 5072 a’quitate
3377 5023 3392 5057 :

1796 5100 1929 5164 quia
1955 5098 2176 5149 verbum
2203 5098 2506 5146 breviatum
2527 5095 2969 5160 facz’ctDominus
2981 5110 3144 5161 super
3163 5099 3394 5158 terram.

1795 5185 1997 5252 Tribus
2020 5185 2198 5251 modis
2227 5183 2561 5252 intelligitur
2583 5182 2810 5236 verbum
2839 5163 3133 5252 perﬁciens
3183 5183 3394 5250 omnia,

1798 5281 1855 5330 et
1883 5275 2265 5327 abbreviatum
2297 5273 2352 5324 in
2379 5273 2631 5338 veritate,
2666 5272 2897 5325 verbum
2946 5272 3256 5340 breviatum
3289 5279 3392 5340 est,

1795 5363 1863 5418 de
1885 5379 1993 5433 quo
2015 5361 2151 5413 dicit
2172 5362 2440 5414 Dominus
2464 5379 2474 5412 :
2497 5362 2701 5428 Diliges
2726 5363 3022 5414 Dominum
3045 5362 3215 5413 Deum
3235 5367 3396 5414 tuum

1797 5456 1980 5505 ertoto
1997 5453 2153 5502 corde
2168 5455 2277 5509 tuo,
2311 5455 2358 5501 et
2376 5467 2438 5502 ea:
2458 5455 2566 5502 tota
2582 5453 2778 5503 anima
2795 5455 2908 5510 tua,
2944 5456 2991 5503 et
3008 5455 3194 5502 πτοία
3220 5455 3397 5526 triente

151 5526 303 5602 Plebs.
331 5533 556 5594 Vocavit
587 5553 805 5610 quoque
832 5537 958 5592 illos
986 5539 1055 5596 de
1083 5538 1332 5612 ngypto
1349 5539 1534 5609 gratia
1553 5541 1718 5619 mise-
1802 5545 1921 5608 tua,
1952 5543 1998 5592 et
2025 5541 2352 5629 proximum
2381 5544 2540 5594 tuum
2567 5541 2707 5608 sicut
2738 5540 2974 5608 teipsum
3001 5539 3182 5608 (Deut.
3217 5537 3397 5604 Ἦλις)
