3936 6164
472 260 579 319 447
893 265 1278 325 HAYMONIS
1313 270 1807 329 HALBERSTAT.
1850 270 2071 327 EPISC.
2116 271 2276 329 OPP.
2317 268 2502 327 PARS
2540 270 2584 325 Ι.
2628 300 2693 313 -
2731 267 3107 327 COMMENT.
3146 266 3327 324 BIBL.
3610 263 3698 321 448

469 386 560 442 his
578 386 799 444 duobus
829 391 1128 451 mandatis.
1159 399 1279 449 tota
1311 396 1399 450 lex
1437 397 1644 467 pendet
1672 401 1729 450 et
1756 396 2061 467 prophetae.
2083 395 2454 462 AChristum,
2473 394 2569 466 qui
2592 393 2797 448 idcirco
2830 393 2971 464 lapis
2999 389 3313 446 offensionis
3329 392 3558 446 vocatur,
3587 386 3700 456 quia

472 476 576 531 Vel
610 477 836 533 verbum
881 479 1191 536 breviatum
1243 491 1428 555 potest
1482 485 1724 553 intelligi
1756 484 2072 555 symbolum
2155 502 2281 538 mox
2305 491 2367 538 ut
2397 490 2564 538 natus
2586 489 2689 545 est,
2720 482 3076 537 offenderunt
3120 481 3177 533 in
3219 493 3343 531 eum
3396 475 3623 529 Herodes
3654 481 3702 527 et

475 567 855 636 apostolorum
884 569 978 623 ubi
1015 571 1152 624 ﬁdes
1180 573 1516 636 continetur,
1542 589 1665 644 qua;
1712 589 1813 643 per
1854 573 2074 627 diversa
2153 573 2352 640 Judaei,
2379 579 2642 626 necantes
2662 587 2761 642 pro
2791 586 2856 624 eo
2884 569 3146 641 parvulos
3173 566 3380 633 (Matth.
3407 570 3507 621 nvi
3540 579 3551 612 :
3575 563 3706 618 dein.

477 656 765 717 volumina
794 657 1147 727 praedicatur,
1198 677 1298 714 seu
1352 668 1596 731 quatuor
1632 661 1758 714 libri
1790 662 2073 732 Evangelii
2154 661 2224 715 de
2257 662 2418 728 (sicut
2475 660 2836 729 Evangelium
2886 663 3098 717 narrat)
3137 651 3631 709 scandalizabantur
3655 653 3704 705 in

474 745 894 813 comparatione
923 746 1062 815 legis
1092 753 1150 801 et
1179 750 1600 820 prophetarum.
1651 750 1898 804 Verbum
1944 751 2072 805 bre-
2154 767 2221 804 eo
2254 769 2266 803 :
2299 756 2355 804 et
2393 750 2557 804 multi
2586 748 3005 819 discipulorum,
3032 747 3150 815 ejus
3177 743 3462 797 audientes
3481 738 3703 803 verbum,

471 830 684 884 viatum
715 838 899 902 potest
924 834 1033 887 dici
1064 841 1122 889 et
1143 836 1537 906 perfectionem
1572 839 1881 892 continens.
2154 838 2513 892 scandalizati
2540 844 2690 902 sunt,
2715 844 2772 890 et
2784 838 2904 906 jam
2934 851 3047 888 non
3076 830 3435 887 ambulabant
3464 844 3579 882 cum
3603 828 3703 893 illo,

548 920 614 973 Et
642 923 784 974 sicut
809 925 1069 989 praedixit
1123 927 1298 979 Isaias
1329 945 1345 978 :
1380 928 1501 981 Nisi
1545 928 1812 980 Dominus
1848 928 2070 981 sabaoth,
2155 934 2212 981 et
2235 928 2465 998 insuper
2485 928 2543 981 in
2573 927 2833 997 passione
2860 926 2984 994 ejus
3013 921 3264 991 discipuli
3291 919 3477 973 relicto
3496 934 3557 971 eo
3578 916 3708 986 fuge-

476 1010 784 1074 reliquisset
814 1011 966 1063 nobis
996 1028 1197 1074 semen,
1229 1014 1496 1084 apostolis
1526 1015 1754 1079 scilicet,
1785 1016 1881 1086 qui
1909 1017 2069 1069 semi-
2154 1022 2288 1070 runt
2315 1017 2532 1085 (.llatth.
2567 1015 2724 1084 xxvi)
2752 1034 2764 1067 :
2790 1016 2970 1067 omnis
2999 1014 3098 1081 qui
3121 1011 3292 1064 credit
3320 1011 3379 1061 in
3402 1022 3539 1070 eum,
3560 1005 3610 1057 id
3635 1012 3708 1058 est

475 1095 595 1148 nati
618 1104 749 1149 sunt
769 1114 869 1168 per
895 1098 1219 1154 universum
1253 1101 1466 1163 orbem,
1496 1102 1652 1157 missi
1676 1119 1709 1156 a
1739 1104 1984 1169 Christo,
2013 1110 2070 1158 et
2151 1105 2209 1159 in
2240 1105 2548 1170 Christum,
2582 1104 2678 1174 qui
2703 1103 2872 1157 unius
2902 1100 3155 1155 essent-ia:
3177 1104 3263 1151 est
3306 1112 3431 1149 cum
3481 1094 3630 1147 Patre
3662 1098 3708 1147 et

471 1183 714 1237 fructum
773 1186 1290 1257 multiplicaverunt
1332 1191 1680 1245 credentium
1732 1192 2071 1255 animarum,
2159 1193 2368 1264 Spiritu
2392 1197 2606 1255 sancto,
2635 1197 2692 1246 et
2737 1195 3015 1262 praecepta
3068 1187 3217 1241 illius
3251 1182 3583 1250 custodierit,
3616 1198 3709 1234 non

472 1275 637 1339 quasi
663 1271 896 1327 Sodoma
945 1276 1244 1341 fuissemus
1275 1282 1325 1330 et
1355 1281 1515 1345 quasi
1541 1279 1843 1333 Gomorrha
1868 1282 2075 1333 similes
2157 1283 2550 1349 confundetur,
2582 1281 2637 1334 id
2658 1285 2744 1334 est
2763 1295 2876 1333 non
2896 1277 3188 1332 erubescet
3230 1274 3289 1327 in
3317 1271 3585 1326 sententia
3617 1285 3711 1339 qua

2156 1369 2576 1424 damnabuntur
2601 1367 2824 1439 reprobi
2847 1372 2904 1420 et
2924 1362 3488 1427 inﬁdeles,audientes
3507 1358 3572 1411 ab
3589 1358 3672 1411 illo
3697 1376 3707 1409 :

2158 1461 2251 1523 Ite,
2288 1459 2586 1522 maledicti,
2611 1460 2674 1511 in
2704 1460 2889 1524 ignem
2913 1459 3202 1515 wternum,
3246 1450 3341 1504 sed
3381 1448 3556 1519 potius
3578 1446 3711 1499 laeta-

472 1360 613 1425 facti
635 1368 905 1414 essemus.‘
921 1362 1042 1415 Nisi
1071 1365 1309 1434 apostoli
1366 1365 1461 1436 qui
1511 1367 1847 1421 exstiterunt
1882 1384 2074 1421 semen

469 1447 648 1500 totius
692 1449 891 1503 messis
927 1451 1295 1516 credentium,
1338 1454 1600 1509 seminati
1630 1471 1665 1508 a
1700 1456 1936 1510 Domino
1975 1473 2075 1526 per

475 1534 797 1589 universum
822 1536 1033 1601 orbem,
1052 1540 1420 1596 credidissent
1452 1542 1508 1596 in
1529 1543 1707 1609 illum,
1731 1543 1877 1597 sicut
1905 1544 2074 1598 Sodo-
2155 1546 2326 1609 bitur,
2364 1547 2599 1601 audiens
2637 1543 2707 1599 ab
2737 1545 2833 1598 illo
2872 1560 2999 1597 cum
3029 1541 3218 1596 electis
3264 1537 3506 1593 caeteris:
3542 1536 3709 1597 Venite,

475 1621 628 1677 Inita:
658 1629 715 1677 et
742 1624 1115 1681 Gomorrithaa
1153 1645 1265 1682 uno
1307 1632 1595 1701 perierunt
1619 1632 1849 1686 interitu
1880 1640 1937 1686 et
1958 1649 2075 1686 mo—
2156 1638 2421 1691 benedicti
2442 1638 2626 1689 Patris
2640 1636 2775 1698 mei,‘
2791 1634 3049 1702 percipite
3068 1645 3303 1698 regnum
3323 1628 3462 1695 quod
3482 1626 3616 1677 vobis
3634 1638 3713 1689 pa-

474 1717 669 1764 mento
700 1713 842 1774 (Gen.
874 1720 1007 1782 xxv),
1037 1717 1115 1770 ita
1138 1734 1332 1772 omnes
1354 1720 1534 1773 Judaei
1562 1737 1675 1774 uno
1704 1728 1955 1791 tempore
1983 1721 2072 1774 in-
2092 1714 2137 1772 Β
2156 1732 2343 1779 ratum
2358 1730 2433 1777 est
2455 1726 2523 1777 ab
2545 1726 2760 1790 origine
2781 1722 2983 1775 mundi
3004 1720 3213 1783 (Matth.
3229 1719 3378 1783 xxv).
3400 1715 3465 1768 Et
3493 1712 3612 1783 quia
3637 1726 3715 1781 po-

475 1798 763 1854 ﬁdelitatis
819 1809 1044 1872 peccato
1088 1807 1291 1875 perditi
1356 1808 1607 1862 fuissent.
1672 1810 2069 1880 Apostolorum
2151 1818 2301 1868 terat
2325 1812 2528 1882 aliquis
2556 1811 2797 1881 objicere
2833 1808 3100 1880 Apostolo
3142 1822 3317 1876 quare
3365 1819 3473 1857 non
3496 1816 3612 1855 oras
3630 1814 3713 1867 pro

476 1886 625 1939 enim
642 1888 908 1945 doctrinm
932 1893 1093 1946 multi
1110 1896 1465 1964 postmodum
1496 1898 1857 1953 crediderunt
1876 1915 1942 1952 ex
1971 1899 2071 1952 Ju-

474 1974 611 2029 daais
634 1978 728 2047 qui
748 1979 1043 2048 perissent,
1066 1983 1172 2036 nisi
1206 1986 1573 2055 apostolicum
1605 2003 1796 2041 semen
1837 1987 2072 2040 mansis-

472 2069 576 2118 set.
610 2066 791 2120 Aliter
809 2068 1137 2125 Ambrosius
1166 2072 1272 2127 hoc
1297 2091 1486 2128 semen
1512 2076 2069 2145 intelligitChristum

476 2153 573 2223 qui
597 2153 704 2207 nisi
734 2170 768 2208 a
795 2156 961 2211 Patre
1013 2165 1265 2213 servatus
1312 2162 1509 2215 fuisset
1540 2163 1815 2232 perissent
1867 2163 2064 2230 Judaei,

473 2242 752 2313 perissent
770 2247 1008 2315 apostoli
1040 2249 1134 2319 qui
1157 2250 1351 2305 relicto
1382 2267 1447 2305 eo
1491 2251 1773 2321 fugerunt,
1823 2252 2067 2323 perisse-

473 2347 600 2385 mus
631 2339 687 2387 et
708 2350 829 2389 nos.
1765 2403 1780 2422 .

545 2420 690 2487 Quid
708 2436 833 2490 ergo
852 2426 1093 2479 dicemus
1112 2434 1135 2479 ?
1156 2428 1269 2481 Hoc
1284 2428 1554 2494 dicemus,
1573 2432 1720 2497 quod
1755 2420 1935 2497 gentes
1955 2448 2071 2500 quae

473 2514 1411 2587 nonsectabanturjustitiam,legis
1425 2518 1904 2572 circumcisionem
1920 2519 2074 2573 vide-

475 2598 625 2664 licet,
659 2600 834 2654 otium
866 2601 1102 2668 sabbati,
1136 2604 1389 2660 victimas
1427 2607 1660 2677 legales,
1704 2609 2076 2676 apprehende-

473 2694 610 2742 runt
629 2693 939 2757 justitiam,
962 2692 1092 2746 ﬁdei
1107 2693 1451 2764 Evangelicaz
1474 2714 1486 2762 ;
1519 2696 1666 2750 unde
1678 2695 1894 2750 subdit:
1909 2699 2078 2764 justi-

476 2780 616 2831 tiam
645 2784 849 2842 autem,
886 2780 1008 2834 dico
1028 2783 1467 2853 apprehendisse
1493 2790 1709 2854 gentes,
1741 2802 1858 2853 qua!
1879 2801 1947 2838 ea:
1974 2786 2077 2852 ﬁde

474 2871 584 2927 est;
618 2867 751 2937 quia
783 2868 921 2921 ﬁdes
948 2869 1153 2925 Christi
1178 2872 1452 2957 justificat
1499 2873 1826 2928 credentes:
1852 2873 1987 2927 dum
2017 2873 2075 2926 in
2157 2878 2336 2931 salute
2361 2876 2597 2929 fuissent
2633 2874 2822 2929 alieni.
2858 2874 3020 2928 Salus
3049 2887 3182 2941 ergo
3218 2868 3399 2957 gratis
3426 2883 3475 2957 Aa
3499 2865 3606 2957 Deo
3631 2860 3722 2957 tia:

476 2970 542 3009 ea
572 2953 947 3026 baptizantur,
979 2965 1033 3013 et
1062 2950 1275 3014 fructus
1289 2962 1522 3030 justitize
1550 2979 1615 3015 ac
1663 2963 1792 3016 ﬁdei
1844 2978 2076 3033 operan-
2108 3029 2133 3033 Α
2157 2972 2267 3021 tur.
2295 2971 2351 3018 et
2379 2981 2492 3019 non
2522 2963 2593 3017 ab
2618 2963 2846 3017 homine
2878 2965 3146 3026 meretur,
3173 2958 3226 3012 id
3261 2962 3350 3011 est
3367 2955 3504 3010 ﬁdes
3545 2950 3722 3006 Christi

478 3047 590 3103 tur,
616 3043 700 3097 vel
721 3050 888 3109 certe,
902 3047 1206 3115 justitiam,
1228 3029 1525 3117 possumus
1549 3050 1638 3103 hic
1653 3050 1764 3103 alio
1792 3050 1959 3104 modo
1984 3050 2074 3103 in-
2095 3029 2138 3088 Ο
2158 3071 2271 3125 qua
2294 3054 2594 3108 salvamur.

477 3131 732 3202 telligere
767 3133 1073 3201 Christum,
1107 3137 1202 3206 qui
1231 3137 1411 3191 factus
1442 3145 1526 3192 est
1555 3138 1715 3192 nobis
1757 3138 1980 3209 justitia
2018 3143 2077 3192 et
2228 3133 3721 3208 Testimoniumenimperhibeoillis,quod.rmulationem

475 3221 789 3295 redemptio
841 3240 875 3276 a
921 3224 1036 3278 Deo
1087 3224 1274 3290 Patre,
1311 3225 1459 3280 sicut
1485 3228 1788 3297 Apostolus
1817 3226 1956 3280 alias
1994 3226 2075 3280 ait
2156 3234 2379 3300 quidem
2401 3233 2517 3291 Dei,
2554 3229 2610 3283 id
2629 3235 2714 3283 est
2734 3228 2911 3282 zelum
2931 3224 3274 3289 amorisDei,
3296 3223 3508 3286 habent,
3526 3218 3655 3271 sicut
3678 3220 3724 3267 et

479 3310 689 3378 (Ephes.
725 3316 779 3379 l),
838 3311 967 3382 quia
1006 3329 1108 3382 per
1142 3313 1302 3367 illum
1353 3315 1627 3384 justiﬁcat
1693 3316 1841 3369 Deus
1907 3316 2076 3369 Pater
2156 3338 2288 3390 ergo
2314 3325 2444 3374 ante
2465 3318 2881 3373 conversionem
2901 3314 3308 3377 habebam,sed
3328 3327 3439 3364 non
3458 3307 3723 3362 secundum

478 3401 834 3472 omnipotens
861 3420 1054 3457 omnes
1084 3404 1141 3457 in
1175 3421 1233 3457 se
1263 3406 1571 3460 credentes.
1619 3406 1775 3458 Hanc
1792 3405 2070 3474 justitiam
2155 3413 2445 3463 scientiam
2473 3408 2585 3461 llei.
2620 3407 2865 3461 Stultum
2898 3410 2984 3458 est
3014 3403 3162 3457 enim
3194 3402 3377 3471 legem
3418 3413 3515 3468 per
3531 3406 3723 3449 servum

2153 1901 2458 1955 incredulis
2482 1907 2594 1954 tuae
2610 1900 2815 1970 gentis,
2833 1898 2916 1951 vel
2937 1897 3109 1950 etiam
3140 1911 3211 1948 ne
3238 1891 3583 1963 superbirent
3605 1902 3715 1957 gen-

2152 1990 2281 2044 tiles
2309 1996 2368 2044 et
2385 1989 2739 2060 despicerent
2756 1986 3005 2047 Judaeos,‘
3027 1983 3214 2038 subdit
3240 1980 3553 2052 Apostolus.

2790 2114 3029 2184 CAPUT
3052 2127 3122 2182 x.

2222 2258 2460 2324 Fratres,
2485 2256 2581 2327 qui
2603 2271 2821 2310 mecum
2845 2254 2903 2307 in
2926 2252 3210 2307 Christum
3224 2249 3469 2307 creditis.
3492 2248 3713 2300 uoluntas

2152 2346 2374 2413 quidem
2421 2346 2600 2397 cordis
2628 2346 2755 2403 mei,
2791 2348 2839 2395 et
2869 2342 3161 2394 obsecratio
3203 2339 3280 2391 ad
3332 2337 3530 2402 Deum,
3557 2336 3609 2399 ﬁt
3630 2345 3714 2399 pro

2158 2437 2277 2488 illis
2298 2437 2361 2487 in
2377 2435 2631 2491 salutem,
2656 2447 2758 2503 pro
2773 2430 2980 2485 Iudaeis
2991 2428 3199 2482 scilicet
3224 2422 3542 2484 incredulis,
3563 2418 3715 2474 utsal-

2161 2520 2388 2576 ventur:
2417 2520 2511 2575 ubi
2532 2521 2902 2582 demonstrat,
2921 2517 3186 2588 quoniam
3221 2514 3271 2569 si
3288 2531 3353 2567 ex
3380 2509 3626 2582 operibus
3649 2507 3717 2558 le-

2159 2612 2247 2682 gis
2278 2611 2404 2681 quis
2425 2609 2701 2681 potuisset
2713 2607 3031 2678 justiﬁcari,
3066 2610 3123 2658 et
3160 2620 3265 2675 pro
3311 2602 3424 2656 illis
3449 2603 3725 2653 mereretur

2161 2701 2229 2754 ad
2250 2700 2416 2753 ﬁdem
2440 2698 2646 2753 Christi
2686 2696 2994 2767 pervenire,
3026 2710 3222 2748 omnes
3252 2692 3337 2745 illi
3367 2687 3537 2744 vocati
3564 2688 3724 2739 essent

2159 2795 2215 2842 et
2243 2788 2465 2853 salvati,
2494 2786 2736 2857 gentiles
2766 2791 2955 2839 autem
2984 2783 3079 2854 qui
3108 2784 3291 2852 legem
3338 2775 3669 2849 ignorabant,
3694 2786 3722 2822 a

477 3491 974 3560 apprehenderunt
992 3499 1207 3561 gentes,
1227 3510 1337 3547 non
1351 3494 1470 3547 loco
1486 3495 1535 3547 ei
1548 3495 2069 3565 appropinquando,

478 3578 576 3632 sed
607 3580 716 3634 ﬁde
751 3581 1049 3647 credendo,
1080 3581 1345 3652 quoniam
1369 3582 1477 3637 ﬁde
1508 3583 1795 3636 acceditur
1811 3583 1882 3637 ad
1910 3600 2069 3650 eam;

477 3668 629 3722 unde
657 3676 714 3722 et
744 3670 1060 3740 appellatur
1080 3671 1304 3740 justitia
1332 3688 1398 3725 ex
1427 3672 1555 3725 ﬁde.

2155 3498 2344 3552 datam
2380 3495 2651 3561 venerari,
2675 3501 2733 3548 et
2761 3492 3121 3562 Evangelium
3144 3489 3295 3560 quod
3323 3488 3515 3541 datum
3541 3488 3619 3537 est
3642 3494 3726 3550 per

2155 3586 2457 3641 Dominum
2481 3583 2761 3655 persequi.
2780 3582 3027 3637 Stultum
3059 3587 3144 3633 est
3172 3577 3343 3632 etiam
3372 3577 3589 3629 Patrem
3611 3583 3724 3622 con-

2156 3674 2323 3739 ﬁteri,
2366 3680 2422 3728 et
2470 3673 2674 3727 Filium
2732 3687 2960 3741 negare.
3016 3668 3081 3722 In
3113 3668 3217 3721 hoc
3271 3665 3543 3737 siquidem
3570 3655 3723 3714 Judaei

548 3758 724 3812 Israel
752 3773 876 3810 vero
896 3760 1147 3812 sectanda
1170 3763 1337 3826 legem
1358 3764 1609 3829 justitia,
1656 3760 1713 3814 id
1744 3766 1850 3825 est,
1880 3761 2073 3816 obser-
2158 3763 2451 3817 scientiam
2484 3761 2581 3815 Dei
2606 3777 2719 3814 non
2749 3759 3051 3822 habebant,
3085 3757 3219 3827 quia
3243 3755 3326 3809 ita
3367 3751 3614 3807 volebant
3637 3745 3721 3798 ad-

476 3844 720 3897 vantiam
743 3845 980 3915 legalem
1011 3863 1111 3917 per
1140 3865 1308 3918 quam
1340 3866 1400 3903 se
1425 3850 1720 3920 justiﬁcari
1736 3867 1897 3921 posse
1914 3855 2073 3920 puta-
2158 3852 2376 3905 haerere
2408 3851 2517 3921 legi
2540 3866 2640 3920 per
2659 3865 2880 3903 servum
2894 3848 3056 3908 datae,
3080 3851 3146 3900 ut
3163 3844 3407 3915 gratiam
3426 3837 3723 3934 resgugt‘ent

478 3932 574 3987 bat
590 3933 711 3987 sine
750 3935 859 3989 ﬁde
889 3935 1192 4001 Christi,in
1227 3941 1392 4006 legem
1411 3942 1666 4008 justitiw,
1698 3939 1754 3992 id
1785 3947 1873 3992 est
1899 3938 1958 3991 in
1989 3939 2071 3991 le-
2156 3940 2441 4009 Evangelii
2472 3955 2507 3992 a
2529 3937 2768 3992 Domino
2793 3937 3001 3998 datam,
3023 3940 3080 3987 et
3108 3930 3497 4005 persequendo
3527 3926 3720 3983 Filium,

478 4039 607 4093 gem
626 4023 909 4094 Evangelii
931 4025 1024 4079 ubi
1039 4026 1383 4096 justiﬁcatur
1399 4028 1565 4081 homo
1584 4044 1685 4098 per
1719 4028 1886 4080 ﬁdem
1907 4025 2071 4080 Chri-
2153 4029 2270 4082 Deo
2294 4027 2449 4081 Patri
2479 4043 2538 4080 se
2562 4027 2781 4096 placere
2804 4030 3086 4095 putarent.
3114 4023 3230 4075 Hoc
3250 4026 3439 4074 autem
3466 4010 3722 4071 diciturde

473 4112 567 4178 sti,
601 4129 713 4166 non
734 4119 1003 4181 pervenit.
1033 4115 1236 4184 Legem
1267 4124 1456 4170 autem
1474 4117 1707 4185 justitiae
1737 4132 1847 4169 non
1868 4116 2071 4168 imme-
2154 4117 2267 4169 illis
2298 4117 2392 4186 qui
2423 4113 2741 4186 ignorantia
2792 4111 3152 4177 tenebantur,
3180 4110 3250 4163 de
3301 4108 3505 4179 quibus
3531 4102 3722 4156 Veritas

475 4201 586 4254 rito
640 4201 877 4255 dicimus
922 4201 1329 4256 observantiam
1359 4204 1654 4273 designare
1700 4204 1839 4273 legis
1869 4204 2066 4274 Moysi,
2154 4206 2262 4259 ait:
2296 4206 2444 4258 Venit
2467 4206 2603 4257 hora
2620 4208 2682 4255 ut
2702 4203 2880 4255 omnis
2903 4201 3282 4268 quiinterﬁcit
3307 4214 3417 4261 vos,
3443 4195 3723 4248 arbitretur

479 4289 613 4360 quia
637 4289 733 4358 qui
764 4305 865 4341 suo
901 4294 1154 4359 tempore
1183 4307 1305 4343 eam
1336 4291 1725 4345 custodiebant
1739 4292 1880 4361 justi
1905 4298 2069 4361 puta-
2087 4338 2136 4375 η
2154 4310 2206 4347 se
2227 4295 2543 4361 obsequium
2557 4297 2819 4359 prastare
2842 4293 2942 4343 Deo
2960 4291 3136 4358 (Joan.
3161 4294 3295 4357 xw).
3324 4285 3418 4340 Sic
3458 4289 3514 4337 ct
3550 4281 3725 4375 Pet-r905

475 4376 683 4430 bantur
714 4395 725 4428 :
759 4377 905 4430 sicut
935 4384 993 4430 et
1021 4394 1051 4431 e
1076 4384 1273 4432 contra
1291 4396 1403 4433 non
1423 4380 1799 4434 custodientes
1813 4381 1963 4434 velut
1990 4381 2071 4434 in-
2090 4369 2136 4396 υ
2155 4380 2629 4451 ait:Scio(inquit),
2636 4381 2862 4447 fratres,
2884 4380 3018 4445 quia
3033 4392 3134 4444 per
3152 4375 3533 4442 ignorantiam
3547 4369 3682 4437 recisi
3690 4369 3724 4415 1'3

468 4466 608 4535 justi
632 4465 1063 4521 damnabantur.
2152 4471 2364 4523 malum
2386 4469 2491 4522 hoc
2522 4470 2659 4533 (Act.
2692 4469 2795 4537 ιιι).
2846 4465 2989 4519 Dum
3029 4464 3177 4518 enim
3235 4462 3401 4517 multi
3430 4460 3722 4515 Iudaeorum

551 4556 771 4621 Quare?
797 4555 1076 4610 Subaudis
1095 4572 1204 4610 non
1227 4556 1662 4627 pervenitlsrael
1685 4558 1740 4611 in
1774 4558 1954 4628 legem
1980 4560 2070 4628 ju-
2152 4558 2434 4628 apostolos
2463 4556 2671 4611 Christi
2702 4560 3191 4626 persequerentur,
3224 4549 3637 4604 arbitrabantur
3672 4556 3721 4593 se

475 4643 662 4709 stitia,
687 4647 821 4712 quia
841 4661 951 4699 non
971 4652 1044 4699 est
1066 4663 1130 4699 ea:
1156 4647 1254 4700 fide
1283 4646 1488 4701 Christi
1517 4647 1688 4701 voluit
1716 4647 1936 4712 salvari,
1979 4649 2069 4701 sed
2149 4663 2252 4718 per
2276 4647 2378 4699 hoc
2397 4646 2617 4715 placere
2648 4644 2782 4698 Deo.
2806 4644 2879 4696 At
2906 4648 3102 4695 contra
3131 4640 3294 4694 multi
3325 4639 3562 4693 scientes
3580 4647 3725 4700 nega:

472 4736 635 4803 quasi
653 4750 718 4787 ea:
738 4736 987 4803 operibus
1006 4735 1144 4804 legis
1166 4755 1181 4789 :
1201 4737 1541 4801 offenderunt
1574 4739 1721 4789 enim
1746 4739 1809 4790 in
1831 4737 2070 4804 lapidem
2152 4740 2352 4790 verunt
2377 4734 2685 4797 Christum,
2716 4732 2861 4785 sicut
2885 4730 3089 4784 Scriba:
3120 4736 3178 4783 et
3198 4727 3489 4783 Pharisaei.
3509 4814 3521 4821 Α
3649 4811 3658 4821 .

475 4823 875 4890 o/I‘ensiom‘s,id
898 4824 1055 4878 estin
1069 4825 1357 4879 Christum
1372 4825 1626 4879 nolentes
1647 4825 1703 4878 in
1725 4841 1852 4878 eum
1878 4823 2072 4879 crede-
2226 4826 2545 4890 Ignorantes
2574 4823 2722 4874 enim
2754 4821 2852 4873 Dei
2868 4821 3176 4888 justitiam,
3207 4833 3318 4871 non
3378 4832 3491 4887 qua
3506 4814 3620 4905 ipse
3640 4814 3722 4905 jlt-

473 4927 554 4978 re,
600 4912 699 4965 sed
754 4913 1016 4966 dixerunt
1047 4931 1057 4965 :
1094 4914 1219 4967 Non
1248 4914 1506 4968 habemus
1531 4930 1711 4980 regem
1740 4916 1855 4967 nisi
1898 4915 2070 4969 Caesa-
2153 4916 2273 4966 stus
2294 4916 2379 4965 est
2403 4908 2800 4973 essentialiter,
2814 4906 2913 4961 sed
2933 4907 3221 4961 Christum
3253 4906 3417 4976 cujus
3446 4903 3553 4957 ﬁde
3574 4901 3721 4971 justi-

475 5016 593 5053 rem
618 5019 632 5063 ;
662 5003 917 5067 rruciﬁge
965 5002 1150 5069 (Joan.
1184 5006 1301 5069 nx)
1353 5002 1543 5056 istum.
1604 5001 1708 5065 Qui
1757 5002 1901 5072 lapis
1931 5001 2071 5056 bene
2151 5001 2386 5054 ﬁcamur
2405 5014 2532 5052 cum
2554 4997 2715 5051 bonis
2729 4995 3012 5067 operibus,
3032 5000 3079 5048 et
3095 4995 3380 5065 justitiam
3395 5008 3556 5046 suam
3572 4990 3723 5042 volen-

475 5089 811 5159 appellatur,
828 5093 1056 5159 propter
1075 5090 1397 5143 ﬁrmitatem
1435 5089 1583 5143 ﬁdei.
1610 5091 1679 5145 Et
1697 5090 1845 5143 sicut
1873 5097 1959 5144 est
1986 5091 2069 5143 la-
2154 5094 2226 5141 tes
2253 5092 2510 5151 statuere,
2540 5087 2719 5155 legem
2763 5085 2991 5143 scilicet,
3025 5101 3125 5154 per
3156 5099 3325 5153 quam
3369 5098 3430 5136 se
3475 5076 3725 5151 putabant

475 5178 563 5249 pis
584 5177 782 5231 salutis
826 5183 881 5230 et
940 5178 1281 5231 firmamenti
1338 5179 1447 5231 illis
1503 5179 1597 5249 qui
1626 5180 1985 5233 crediderunt
2010 5180 2068 5233 in
2150 5192 2313 5247 posse
2321 5175 2617 5245 justiﬁcari
2638 5174 2758 5263 sine
2776 5174 2961 5242 gratia
2981 5172 3210 5263 Christi.
3245 5170 3601 5263 justitiz-Dei
3629 5177 3723 5263 non

473 5281 600 5320 eum
610 5307 627 5333 ,
657 5266 735 5318 ita
764 5271 850 5319 est
872 5265 1013 5336 lapis
1042 5266 1363 5319 offensionis
1386 5267 1471 5321 his
1493 5268 1588 5337 qui
1618 5284 1747 5321 eum
1771 5274 2063 5338 respuunt.
2149 5269 2279 5318 sunt
2310 5264 2553 5330 subjecti.
2577 5262 2841 5316 Nolentes
2899 5278 2959 5313 se
3000 5260 3241 5314 subdere
3296 5259 3426 5312 fidei
3457 5257 3652 5312 Christi
3678 5258 3724 5302 et

543 5354 980 5421 Sicutscriptum
1002 5355 1153 5408 estin
1186 5355 1363 5409 Isaia:
1396 5357 1523 5411 Ecce
1568 5373 1711 5425 pono
1734 5360 1795 5409 in
1821 5357 1955 5412 Sion
1991 5359 2068 5409 la-
2149 5355 2447 5425 Evangelio
2470 5354 2611 5421 ejus.
2661 5351 2878 5404 Etenim
2936 5349 3068 5421 quia
3115 5349 3253 5419 legis
3290 5346 3552 5417 Operibus
3578 5355 3723 5435 nem:1

468 5444 649 5513 pidem
683 5444 1011 5507 o/I'ensiom's,
1044 5449 1091 5496 et
1116 5450 1333 5511 petram
1362 5446 1635 5498 scandali.
1676 5444 1834 5509 Quod
1864 5445 1945 5498 ita
1982 5450 2068 5498 est
2148 5444 2388 5514 perfecte
2408 5439 2843 5512 justiﬁcabatur,
2864 5439 3017 5507 misit
3045 5438 3193 5491 Deus
3216 5437 3419 5491 Filium
3451 5448 3609 5488 suum
3636 5444 3718 5498 qm

470 5548 536 5587 ac
572 5532 621 5587 si
648 5532 897 5586 diceret:
925 5531 1063 5587 Ecce
1091 5532 1312 5587 mittam
1345 5532 1405 5587 in
1433 5534 1703 5604 populum
1733 5532 2063 5589 Judeorum
2148 5529 2683 5605 praeceptajustitim,
2708 5544 2830 5597 qua
2842 5526 3144 5596 Evangelia
3159 5532 3429 5582 vocantur
3442 5521 3597 5578 nobis
3620 5524 3717 5572 trav
