3936 6164
228 294 322 349 449

878 288 1260 347 EXPOSITIO
1302 289 1382 345 IN
1420 286 1572 344 EPP;
1619 287 1680 346 S.
1716 285 1955 341 PAULI.
1998 314 2063 329 —
2103 287 2183 342 IN
2220 288 2444 344 EPIST.
2483 290 2581 346 AD
2621 291 2796 347 ROM.

3364 304 3516 364 450.

226 414 426 480 didit,et
444 414 502 468 in
530 414 652 485 ipso
681 414 1075 485 perfectionem
1092 414 1327 486 justitiee
1342 413 1502 468 nobis
1522 412 1790 477 exhibuit,
1812 411 1864 470 A
1879 410 2069 467 futuro
2092 414 2581 483 praedixit.Paulus
2595 417 2881 487 apostolus
2897 418 3067 473 verba
3094 422 3144 491 ej
3154 437 3218 475 us
3236 423 3307 478 ad
3324 426 3484 480 Chri-

226 504 369 572 cujus
390 502 516 556 ﬁdei
530 504 716 572 gratia
736 504 1132 573 perfectionem
1154 502 1418 573 consequi
1434 518 1795 556 mereremur.

226 590 283 644 Et
310 589 433 659 quia
451 591 629 645 Judei
654 592 936 660 justitiam
979 608 1136 646 suam
1169 592 1510 661 quaesierunt
1530 597 1795 653 statuere,

223 678 269 731 id
296 683 375 731 est
401 679 539 747 legis
555 679 833 748 justitiam
866 680 971 733 sibi
988 685 1328 751 putaverunt
1346 679 1799 747 sufﬁcere,justi-

222 767 300 820 tia:
329 767 439 831 Dei,
472 767 528 820 id
550 774 636 821 est
665 768 889 822 Christo
914 775 970 822 et
1002 769 1129 823 tidei
1159 769 1310 822 illius
1348 774 1517 838 atque
1542 766 1797 838 Evange-

220 856 323 907 licze
353 855 617 910 doctrinae
646 858 951 911 noluerunt
978 858 1121 910 colla
1144 856 1494 911 submittere.

280 945 427 997 Finis
450 946 599 998 enim
626 946 794 1011 Legis,
831 947 1081 1001 Christus
1110 950 1204 1005 est.
1232 947 1305 998 ad
1325 949 1615 1013 justitiam
1641 948 1796 1000 omni

218 1035 454 1086 credenti.
492 1034 593 1087 Est
618 1033 746 1087 linis
789 1034 885 1104 qui
918 1050 1017 1104 pro
1048 1034 1474 1105 consumptione
1502 1034 1791 1104 accipitur,

215 1121 346 1175 sicut
364 1125 516 1187 tunc,
540 1122 765 1192 quando
795 1122 1032 1176 dicimus
1062 1141 1073 1176 :
1108 1122 1296 1177 Finita
1325 1128 1410 1177 est
1424 1139 1600 1187 coena,
1632 1122 1690 1176 id
1711 1128 1797 1177 est

214 1216 529 1280 consumpta
565 1218 690 1276 est;
724 1212 896 1265 etiam
927 1212 1263 1283 quandoque
1308 1228 1407 1283 pro
1437 1228 1793 1267 consumma-

214 1300 347 1352 tione
367 1305 423 1353 et
442 1299 957 1370 perfectione,sicut
970 1308 1104 1354 tunc
1118 1301 1342 1371 quando
1357 1301 1619 1356 dicimus:
1645 1301 1793 1355 Fini-

212 1393 263 1441 ta
287 1394 367 1442 est
394 1388 530 1453 tela,
564 1389 668 1443 hoc
688 1398 776 1443 est
802 1390 1049 1460 perfecta
1076 1393 1132 1442 et
1150 1394 1558 1442 consummata.
1586 1391 1792 1443 Secun-

212 1476 328 1530 dum
358 1476 506 1531 hunc
534 1494 762 1532 sensum
792 1478 999 1532 dicitur
1027 1477 1281 1532 Christus
1329 1477 1457 1531 ﬁnis
1485 1494 1606 1531 esse
1630 1478 1787 1547 legis,

209 1581 307 1619 non
328 1567 806 1638 consumptio,sed
826 1567 1126 1638 completio
1146 1572 1204 1619 et
1223 1566 1632 1621 consummatio
1652 1564 1790 1636 legis

209 1657 257 1705 et
272 1653 773 1724 Prophetarum.ad
788 1654 1068 1724 justitiam
1091 1654 1244 1708 omni
1265 1654 1793 1724 credenti.Comple-

1884 506 2033 554 stum
2065 503 2526 557 retulit.aﬁ‘erens
2548 505 2702 558 illum
2731 506 2836 559 hoc
2876 506 3081 562 dixisse
3110 527 3211 579 per
3231 513 3481 584 Moysen,

1882 589 1979 659 qui
2004 596 2091 643 est
2105 591 2332 659 justitia
2368 609 2517 646 vera.
2549 593 2764 655 Quibus
2792 594 2975 648 verbis
3000 596 3234 652 instruit
3258 617 3382 670 nos,
3409 618 3483 657 ne

1881 677 2133 731 dicamus
2168 679 2222 732 in
2247 680 2413 733 corde
2437 688 2651 746 nostro,
2684 688 2741 735 et
2778 688 3041 752 putemus
3073 686 3358 742 Christum
3397 690 3483 743 lo-

1878 765 2056 819 calem
2087 783 2230 833 esse,
2262 773 2327 821 ut
2363 767 2422 820 in
2455 768 2644 838 aliquo
2674 770 2793 822 loco
2832 756 3207 833 contineatur,
3242 776 3339 829 sed
3380 793 3481 846 po-

1876 854 1990 907 tius
2015 855 2311 909 credamus
2331 857 2489 909 illum
2522 858 2828 911 secundum
2850 858 3158 915 divinitatis
3182 863 3483 932 plenitudi-

1878 958 2007 996 nem
2039 943 2246 1014 ubique
2260 961 2470 1009 esse,ac
2488 962 2587 1015 per
2622 947 2811 999 omnia
2860 947 3123 1002 diﬂ‘usum
3153 967 3281 1005 cum
3316 953 3480 1008 Patre
3566 948 3573 955 ’

1878 1040 1935 1084 et
1964 1032 2178 1102 Spiritu
2208 1038 2424 1099 sancto,
2448 1033 2609 1103 juxta
2640 1036 2787 1104 quod
2816 1036 2967 1089 Deus
2996 1037 3165 1092 Pater
3201 1056 3303 1110 per
3327 1042 3479 1096 Jere-

1877 1121 2047 1174 miam
2077 1121 2408 1192 prophetam
2428 1120 2564 1174 dicit
2590 1140 2601 1172 :
2628 1124 2828 1177 Cretum
2860 1130 2909 1177 et
2934 1130 3144 1180 terram
3161 1144 3253 1195 ego
3273 1132 3473 1198 impleo

1874 1208 2011 1279 (Jer.
2047 1208 2471 1280 xxm).Ideoque
2498 1210 2648 1263 enim
2669 1226 2781 1263 non
2802 1213 3154 1268 concluditur
3174 1216 3311 1282 loco,
3342 1219 3475 1288 quia

1874 1296 1932 1349 in
1966 1313 2031 1350 eo
2070 1297 2325 1352 consistit
2353 1298 2537 1351 omnis
2587 1298 2760 1351 locus.
2793 1299 3148 1356 Praesidendo
3195 1304 3476 1375 siquidem

1873 1387 2115 1440 sustinet
2129 1387 2336 1452 omnia,
2361 1387 2689 1441 sustinendo
2734 1389 3013 1457 praesidet,
3046 1390 3333 1461 implenda
3364 1395 3477 1448 cir-

1874 1475 2524 1538 cumdat,circumdando
2545 1476 2761 1546 implet.
2782 1475 2848 1529 In
2877 1477 3059 1531 verbis
3071 1495 3203 1548 ergo
3222 1481 3476 1551 Apostoli

1874 1579 2071 1618 sensus
2099 1564 2423 1634 hujusmodi
2455 1570 2541 1618 est
2590 1585 2600 1618 :
2651 1565 2734 1618 Ne
2776 1564 2983 1618 dixeris
3013 1565 3071 1619 in
3098 1568 3263 1621 corde
3292 1575 3409 1637 tuo,
3441 1586 3474 1623 o

1877 1652 2196 1721 quicunque
2229 1669 2309 1715 es,
2343 1652 2468 1722 quis
2499 1652 2765 1706 ascendet
2791 1652 2848 1706 in
2877 1654 3124 1708 caelum?
3156 1656 3208 1708 id
3235 1662 3337 1720 est,
3361 1674 3475 1712 non

208 1740 275 1794 tio
300 1741 440 1812 legis
471 1748 529 1796 et
557 1743 960 1814 prophetarum
989 1743 1109 1813 ipse
1143 1748 1247 1808 est,
1287 1743 1421 1813 quia
1448 1743 1639 1797 omnia
1668 1760 1789 1814 quae
1810 1741 2069 1816 Bcredas
2090 1728 2374 1795 Christum
2398 1741 2632 1794 localem
2654 1758 2796 1805 esse,
2826 1748 2890 1795 ut
2921 1743 3117 1796 credas
3147 1744 3306 1798 illum
3348 1752 3475 1816 post

205 1828 303 1882 Lex
329 1836 384 1883 et
401 1831 692 1901 propheta;
716 1830 894 1885 verbis
915 1838 972 1885 et
992 1831 1274 1902 mysteriis
1294 1832 1362 1885 de
1381 1835 1501 1901 ipso
1519 1831 1791 1902 praedixe-

203 1925 333 1979 rant,
365 1935 471 1989 per
499 1920 865 1990 semetipsum
903 1920 1218 1990 complevit.
1268 1920 1429 1974 Unde
1454 1920 1703 1991 pendens
1734 1920 1792 1974 in

204 2023 368 2072 cruce,
395 2008 485 2061 ait
510 2026 522 2059 :
558 2009 1018 2064 Consummatum
1049 2014 1125 2062 est
1155 2011 1335 2072 (Joan.
1362 2015 1492 2075 xix).
1513 2009 1674 2073 Quod
1694 2008 1790 2079 qui

202 2095 361 2149 credit
415 2102 476 2149 et
521 2096 823 2150 confitetur
863 2096 1228 2167 justiﬁcatur,
1270 2097 1317 2150 si
1359 2102 1551 2151 tamen
1616 2114 1790 2167 opera

202 2182 358 2252 digna
377 2184 494 2238 ﬁde
510 2184 721 2238 fecerit.
747 2185 865 2239 Hoc
888 2190 1076 2239 autem
1095 2185 1267 2239 distat
1295 2185 1443 2239 inter
1471 2185 1715 2239 officium
1732 2190 1789 2239 et

204 2267 377 2322 ﬁnem.
412 2270 576 2333 Quod
602 2270 845 2325 ofﬁcium
878 2277 963 2324 est
992 2271 1117 2341 ipsa
1143 2288 1232 2325 res
1259 2288 1383 2342 quae
1408 2272 1636 2341 agitur;
1661 2272 1789 2326 finis

199 2374 331 2421 vero,
363 2358 557 2429 ipsum
588 2366 818 2430 propter
856 2360 1003 2430 quod
1056 2360 1261 2430 agitur.
1307 2360 1588 2424 Officium,
1618 2362 1708 2414 lex
1732 2364 1790 2414 et

200 2447 492 2517 prophetae,
544 2447 673 2501 ﬁnis
703 2448 979 2515 Christus,
1022 2455 1250 2521 propter
1276 2466 1443 2520 quem
1476 2449 1668 2503 omnia
1691 2449 1790 2502 illa

199 2542 618 2603 praecesserunt.

261 2625 467 2691 Moyses
496 2628 649 2679 enim
681 2625 777 2679 ille
797 2629 1033 2695 scripsit.
1063 2629 1331 2694 quoniam
1349 2628 1640 2691 justitiam
1670 2641 1787 2694 quae

197 2726 252 2763 ea:
276 2714 377 2778 lege
422 2718 503 2766 est
543 2716 645 2780 qui
682 2716 871 2781 fecerit
910 2716 1086 2776 homo,
1122 2717 1265 2771 vivet
1294 2717 1356 2767 in
1386 2730 1447 2767 ea
1476 2732 1491 2766 :
1521 2713 1790 2767 subaudis

193 2800 416 2867 justitia.
467 2800 588 2862 Vel,
615 2802 761 2856 sicut
780 2802 1004 2873 quidam
1034 2802 1250 2855 codices
1278 2801 1487 2855 habent
1520 2819 1531 2854 :
1556 2801 1703 2854 vivet
1731 2802 1789 2855 in

1873 1829 2255 1883 ascensionem
2287 1829 2368 1882 ita
2396 1846 2516 1883 esse
2553 1830 2612 1883 in
2661 1831 2818 1889 cmlo.
2851 1836 2916 1884 ut
2942 1847 3052 1884 non
3084 1832 3157 1885 sit
3187 1834 3242 1885 in
3268 1839 3421 1887 terra
3455 1854 3467 1887 :

1872 1923 1973 1971 aut
1999 1917 2079 1971 ita
2124 1934 2246 1971 esse
2276 1918 2538 1971 deorsum
2570 1918 2626 1971 in
2656 1917 2858 1988 abysso
2885 1920 3033 1989 apud
3069 1919 3295 1987 inferos,
3322 1928 3387 1975 ut
3416 1926 3472 1975 te

1872 2023 2095 2061 sursum
2128 2007 2374 2078 positum
2430 2008 2670 2078 ignoret,
2711 2009 2809 2062 sed
2855 2009 3017 2062 crede
3057 2009 3216 2081 illum
3263 2010 3471 2083 ubique

1871 2112 1992 2150 esse
2023 2102 2352 2166 praesentem
2384 2097 2691 2150 secundum
2727 2097 3100 2161 divinitatem,
3133 2098 3279 2153 sicut
3306 2100 3375 2153 de
3404 2117 3469 2154 eo

1869 2183 2074 2237 dicitur
2110 2202 2121 2236 :
2149 2182 2437 2252 Sapientia
2488 2186 2715 2250 attingit
2765 2199 2800 2235 a
2846 2186 2952 2249 ﬁne
2980 2183 3186 2256 ubique
3205 2187 3279 2239 ad
3303 2189 3471 2253 finem

1870 2273 2165 2338 fortiter,et
2181 2273 2427 2339 disponit
2448 2274 2638 2325 omnia
2659 2272 3201 2339 suaviter(Sap.vnI).
3218 2274 3301 2327 Ne
3317 2274 3471 2328 dixe-

1869 2360 1948 2414 ris
1969 2376 2124 2431 ergo,
2168 2376 2200 2412 ο
2233 2360 2422 2421 homo,
2458 2359 2583 2429 quis
2621 2359 2885 2412 ascendet
2912 2359 2969 2413 in
2993 2361 3217 2425 coelum,
3247 2368 3313 2416 ut
3338 2363 3469 2418 inde

1871 2449 2157 2504 Christum
2188 2448 2431 2502 deducat
2459 2448 2617 2512 mihi,
2646 2448 2743 2517 qui
2790 2464 2881 2501 me
2926 2448 3141 2514 doceat,
3175 2451 3374 2505 saltem
3407 2452 3468 2505 in

1870 2538 2040 2592 corde
2066 2537 2182 2591 noli
2206 2537 2391 2590 dicere
2420 2537 2544 2601 hoc,
2563 2536 2696 2606 quia
2720 2535 2811 2589 hic
2852 2542 2938 2589 est
2975 2537 3232 2591 Christus
3261 2545 3319 2592 et
3341 2539 3467 2593 ubi-

1871 2643 1998 2697 que.
2032 2626 2174 2680 Nam
2203 2626 2261 2679 in
2290 2631 2442 2679 terra
2469 2630 2589 2677 erat
2632 2628 2689 2678 et
2728 2623 2951 2679 dicebat
2981 2641 2992 2676 :
3024 2627 3194 2679 Nemo
3222 2628 3466 2680 ascendit

1870 2718 1933 2767 in
1954 2716 2168 2777 calum,
2194 2716 2308 2766 nisi
2332 2714 2505 2765 Filius
2536 2713 2779 2765 hominis
2799 2714 2898 2779 qui
2930 2716 3007 2764 est
3038 2715 3098 2765 in
3127 2715 3250 2766 cazto
3275 2713 3463 2784 (Joan.

1872 2806 1967 2870 in),
2000 2801 2279 2872 quomodo
2305 2816 2417 2854 non
2448 2799 2628 2869 magis
2655 2815 2780 2852 cum
2813 2799 2887 2851 sit
2932 2798 2989 2851 in
3020 2800 3177 2863 cmlo,
3205 2806 3292 2853 est
3322 2806 3379 2855 et
3405 2801 3466 2855 in

198 2887 286 2951 eis,
318 2888 594 2943 subaudis
627 2890 908 2943 mandatis
937 2895 994 2943 et
1021 2890 1335 2960 praeceptis.
1366 2890 1569 2960 Legem
1602 2890 1793 2961 posuit
1871 2890 2061 2944 terra?
2087 2890 2201 2942 Aut
2230 2888 2355 2959 quis
2385 2886 2684 2941 descendet
2700 2886 2756 2939 in
2781 2885 3086 2957 abyssum?
3110 2886 3301 2941 subdit
3323 2890 3467 2959 Apoc

198 2991 286 3045 pro
313 2977 582 3047 operibus
612 2978 798 3047 Legis,
829 2977 884 3030 id
913 2983 998 3031 est
1046 2977 1488 3042 circumcisione,
1519 2978 1634 3032 otio
1662 2978 1791 3032 sab-
1872 2979 2051 3032 stolus
2076 2994 2141 3031 ex
2173 2993 2275 3031 suo
2306 2996 2317 3029 :
2354 2976 2470 3029 Hoc
2516 2981 2603 3029 est
2643 2976 2926 3030 Christum
2960 2992 3025 3028 ex
3045 2976 3284 3029 mortuis
3305 2993 3467 3031 revo-

132 3112 139 3121 .
198 3061 318 3129 bati,
348 3065 684 3135 caeterisque
713 3065 986 3135 legalibus
1004 3064 1285 3136 operibus.
1313 3064 1543 3120 Justitia
1573 3083 1695 3136 quae
1722 3082 1788 3120 ex
1807 3064 1849 3123 C
1873 3083 2035 3130 care;
2082 3065 2341 3120 similiter
2379 3070 2437 3118 et
2480 3074 2652 3135 supra
2681 3104 2693 3116 .
2728 3064 2833 3117 hoc
2859 3070 2946 3117 est
2967 3063 3254 3118 Christum
3286 3065 3465 3120 dedu-

197 3151 306 3222 lege
327 3160 433 3217 est,
472 3152 657 3207 vivere
696 3153 979 3208 hominem
1023 3154 1082 3208 in
1130 3170 1190 3208 se
1225 3153 1484 3217 faciebat,
1517 3154 1648 3224 quia
1672 3171 1786 3208 non
1866 3172 2013 3210 cere.
2043 3156 2169 3208 Non
2199 3169 2426 3207 necesse
2441 3152 2614 3205 habes
2632 3151 2702 3204 ab
2727 3152 2923 3205 inferis
2943 3152 3231 3206 Christum
3247 3170 3462 3219 vocare,

195 3239 648 3296 interﬁciebatur.
692 3242 992 3296 Praemium
1042 3259 1177 3312 ergo
1206 3241 1357 3297 illius
1379 3243 1615 3312 justitiie
1644 3243 1785 3296 nihil
1868 3259 2035 3313 quem
2060 3241 2268 3312 ubique
2288 3245 2620 3312 praesentem
2650 3239 2820 3294 debes
2832 3242 3311 3311 agnoscere,unde
3330 3241 3468 3295 dicit

194 3328 330 3383 aliud
355 3336 487 3384 erat
518 3346 690 3401 quam
720 3330 836 3382 vita
866 3346 1112 3399 praesens
1154 3347 1277 3400 quae
1324 3346 1436 3384 non
1462 3330 1782 3385 tollebatur.
1866 3332 1989 3402 ipsa
2016 3330 2307 3399 Scriptura
2347 3328 2770 3383 Deuteronomii
2794 3346 2805 3381 :
2844 3331 3012 3397 Prope
3040 3334 3117 3383 est
3145 3331 3372 3383 verbum
3401 3333 3463 3383 in
3553 3358 3564 3367 ι

196 3415 341 3471 Vivet
366 3419 426 3472 in
459 3435 525 3472 ea
546 3418 701 3480 dicit,
734 3418 791 3471 id
817 3425 902 3472 est
927 3424 1163 3472 mortem
1186 3425 1518 3489 praesentem
1549 3419 1746 3473 evadet
1769 3436 1781 3472 :
1867 3436 1959 3474 ore
1987 3425 2079 3473 tuo
2100 3424 2147 3472 et
2176 3421 2237 3472 in
2265 3419 2419 3472 corde
2450 3423 2540 3470 tuo
2569 3418 2742 3483 (Deut.
2761 3433 2909 3475 xxxi.
2942 3416 3188 3471 Verbum
3218 3417 3308 3472 hic
3326 3418 3463 3472 sim-

193 3504 245 3558 Si
271 3507 391 3576 quis
423 3523 563 3561 vero
578 3506 947 3577 spiritualiter
968 3524 1035 3561 ea
1055 3523 1180 3577 quae
1200 3506 1290 3560 lex
1314 3506 1568 3577 praecipit
1584 3505 1787 3576 imple-
1866 3510 2089 3582 pliciter
2107 3514 2403 3581 possumus
2422 3508 2753 3577 intelligere,
2774 3508 2821 3561 si
2848 3508 3100 3563 volumus
3119 3509 3349 3564 verbum
3380 3511 3465 3565 le-

192 3594 338 3659 verit,
369 3596 506 3649 licet
536 3596 595 3649 in
628 3595 889 3665 praesenti
921 3602 1173 3665 tempore
1212 3611 1327 3648 non
1367 3602 1777 3660 remuneretur,
1838 3584 1967 3669 gis,
2003 3599 2150 3671 quod
2180 3598 2258 3651 illi
2280 3597 2336 3650 in
2367 3613 2464 3651 ore
2485 3596 2766 3650 habebant
2787 3597 3010 3651 assidue
3039 3598 3176 3651 illud
3204 3599 3461 3668 legendo,

192 3681 244 3734 in
270 3682 459 3737 futuro
490 3690 684 3737 tamen
707 3683 1180 3738 remunerationis
1205 3699 1376 3737 causa
1412 3683 1583 3737 vitam
1618 3689 1781 3738 aeter-
1864 3688 1921 3741 in
1952 3688 2118 3741 corde
2168 3702 2390 3756 quoque
2426 3685 2641 3755 jugiter
2691 3685 3033 3751 meditando,
3074 3702 3139 3739 ac
3178 3687 3463 3740 memoriae

192 3786 330 3831 nam.
362 3773 419 3826 id
447 3781 538 3827 est
562 3773 1056 3843 praesentissimum
1084 3772 1488 3844 omnipotentis
1528 3773 1628 3827 Dei
1658 3775 1781 3827 vul-
1864 3775 2329 3830 commendando.
2377 3773 2576 3826 Altiori
2603 3780 2793 3827 autem
2842 3791 3011 3828 sensu
3042 3773 3273 3828 verbum
3306 3774 3460 3830 istud

190 3864 299 3912 tum
336 3862 599 3932 accipiet.
1864 3870 1968 3927 est,
2003 3864 2071 3917 de
2103 3880 2213 3933 quo
2240 3863 2485 3916 Joannes
2510 3862 2590 3914 ait
2618 3880 2630 3913 :
2662 3864 2727 3916 In
2747 3866 3024 3930 principio
3052 3868 3170 3917 erat
3212 3864 3457 3927 Verbum,

254 3949 375 4014 Qua:
393 3956 588 4003 autem
617 3967 681 4003 ea:
699 3952 801 4017 ﬁde
828 3956 905 4004 est
916 3954 1168 4019 justitia.
1194 3954 1272 4003 sic
1307 3954 1461 4005 dicit.
1495 3949 1781 4005 Justitiam
1864 3957 1915 4004 et
1952 3953 2178 4005 Verbum
2206 3954 2326 4003 erat
2356 3950 2506 4015 apud
2553 3950 2724 4001 Deum
2774 3954 2821 4001 et
2865 3951 3004 4002 Deus
3050 3956 3169 4003 erat
3232 3953 3457 4005 Verbum

192 4035 273 4091 hic
301 4040 556 4110 appellat
586 4039 891 4102 Christum,
924 4041 1020 4111 qui
1051 4056 1151 4110 per
1177 4040 1490 4110 passionem
1523 4056 1682 4094 suam
1728 4044 1785 4093 et
1866 4041 2048 4106 (Joan.
2085 4044 2142 4103 ι).
2172 4037 2316 4105 Ergo
2348 4035 2482 4105 quia
2511 4036 2657 4088 Deus
2690 4039 2812 4088 erat
2840 4035 3104 4102 Verbum,
3137 4054 3308 4108 prope
3338 4028 3467 4092 erat

186 4126 359 4192 ﬁdem,
387 4128 672 4197 justiﬁcat
698 4128 755 4182 in
785 4145 847 4182 se
875 4128 1187 4183 credentes.
1220 4128 1332 4182 Ista
1357 4128 1583 4197 justitia
1616 4128 1781 4182 Chri-
1863 4127 1923 4182 in
1944 4142 2040 4180 ore
2069 4131 2126 4180 et
2154 4125 2210 4178 in
2231 4125 2396 4179 corde
2426 4124 2671 4185 illorum,
2722 4128 2917 4194 utpote
2951 4124 3099 4194 quod
3153 4126 3345 4180 omnia
3370 4143 3462 4181 re-

186 4217 417 4286 stus,qui
450 4222 540 4270 est
563 4215 809 4270 Verbum
832 4217 928 4271 Dei
952 4216 1156 4281 Patris,
1180 4216 1259 4270 sic
1282 4216 1419 4271 dicit
1438 4216 1496 4269 in
1516 4217 1782 4271 Deutero-
1862 4216 1995 4287 plet.
2018 4216 2163 4270 Nam
2183 4213 2385 4269 beatus
2407 4212 2782 4282 Hieronymus
2807 4212 2942 4266 dicit
2974 4229 2986 4264 :
3013 4213 3171 4267 Sicut
3197 4214 3366 4268 vestis
3380 4219 3465 4269 to-

189 4303 363 4357 nomio
402 4322 507 4375 per
550 4305 801 4375 Moysen,
849 4305 984 4376 quia
1020 4305 1138 4376 ipse
1169 4304 1506 4375 loquebatur
1546 4321 1646 4375 per
1683 4310 1986 4393 orantum
2019 4320 2221 4374 corpus
2241 4302 2370 4357 hinc
2391 4301 2521 4355 inde
2540 4300 2871 4367 circumdat,
2895 4300 3241 4356 itaGhristus
3259 4303 3464 4358 electos

189 4392 605 4462 prophetarum.
642 4394 719 4447 Ne
736 4395 942 4447 dixeris
972 4398 1033 4448 in
1058 4395 1214 4447 corde
1264 4398 1357 4447 tuo
1385 4396 1510 4461 quis
1532 4394 1782 4447 ascendet
1803 4390 1833 4393 ⁷
1865 4410 1997 4447 suos
2011 4392 2259 4463 undique
2270 4390 3179 4461 circumdandaamplectitur,imo
3195 4392 3458 4462 amplius,

191 4480 247 4531 in
268 4484 490 4534 calum?
507 4482 567 4535 id
577 4487 652 4535 est
666 4481 949 4536 Christum
968 4483 1349 4547 deducere,aut
1366 4484 1491 4550 quis
1506 4483 1785 4535 descendet
1867 4482 2134 4552 quoniam
2165 4480 2331 4535 vestis
2361 4479 2751 4534 tantummodo
2774 4479 3116 4534 extrinsecus
3135 4496 3337 4551 corpus
3362 4480 3463 4535 cir-

193 4567 249 4620 in
275 4570 537 4637 abyssum
562 4574 587 4622 7
614 4570 710 4622 hoc
737 4574 814 4623 est
840 4570 1121 4624 Christum
1150 4586 1219 4623 ea:
1244 4572 1481 4623 mortuis
1512 4584 1780 4623 revocare.
1867 4570 2115 4637 cumdat,
2148 4568 2484 4623 adhaerendo
2508 4567 2588 4621 illi
2607 4567 2863 4621 Christus
2883 4584 3013 4622 vero
3035 4574 3121 4621 est
3138 4568 3385 4623 exterius
3404 4571 3464 4623 in

195 4654 315 4711 Haec
355 4657 534 4712 verba
576 4663 709 4712 sunt
755 4658 963 4728 partim
1021 4658 1217 4728 Moysi,
1264 4657 1471 4727 partim
1508 4656 1780 4727 Apostoli.
1866 4674 1963 4714 ore
1983 4674 2091 4729 per
2108 4658 2533 4720 confessionem,
2567 4656 2805 4715 interius
2834 4655 2893 4709 in
2922 4656 3086 4709 corde
3102 4672 3202 4726 per
3220 4657 3465 4711 creduli-

196 4742 420 4805 Quando
447 4746 674 4816 Moyses
700 4745 857 4799 dedit
883 4745 1090 4800 Iudaeis
1131 4746 1333 4815 legem,
1369 4744 1511 4799 dixit
1541 4744 1623 4798 eis
1655 4762 1666 4796 :
1701 4745 1786 4799 Ne
1867 4752 2065 4813 tatem,
2090 4746 2235 4802 sicut
2261 4747 2352 4800 hic
2376 4745 2602 4811 dicitur,
2635 4750 2693 4798 et
2710 4743 2971 4810 alias,ubi
2995 4744 3130 4798 dicit
3156 4744 3307 4798 idem
3322 4746 3469 4817 Apo-

196 4831 391 4886 dixeris
420 4834 483 4887 in
512 4834 680 4887 corde
706 4839 825 4893 tuo,
855 4833 912 4887 id
952 4838 1039 4887 est
1065 4848 1134 4885 ne
1164 4833 1344 4900 ﬁngas
1365 4831 1420 4885 in
1450 4838 1638 4885 mente
1665 4837 1784 4898 tua,
1870 4835 2050 4889 stolus
2081 4856 2092 4891 :
2117 4837 2185 4889 In
2214 4837 2476 4889 interiori
2522 4834 2742 4886 homine
2775 4832 3024 4885 habitare
3062 4833 3344 4887 Christum
3365 4849 3469 4902 per

196 4919 310 4989 quis
327 4921 435 4975 ibit
460 4922 519 4975 in
534 4922 762 4988 caelum,
793 4926 859 4975 ut
883 4921 1013 4976 inde
1042 4920 1181 4975 mihi
1202 4919 1400 4973 afferat
1423 4919 1526 4974 Dei
1554 4920 1788 4974 manda-
1872 4925 2034 4991 ﬁdem
2062 4926 2127 4977 in
2150 4924 2405 4977 cordibus
2454 4922 2645 4976 vestris
2691 4920 2893 4988 (Ephes.
2938 4926 3041 4985 in).
3092 4921 3199 4975 Hoc
3225 4927 3302 4975 est
3344 4923 3468 4977 Ver-

194 5014 306 5062 tum
326 5009 351 5061 ?
380 5012 500 5064 Aut
527 5011 653 5081 quis
672 5010 971 5064 descendet
998 5011 1054 5064 in
1086 5009 1374 5081 abyssum,
1404 5014 1471 5063 ut
1497 5008 1629 5064 inde
1655 5009 1793 5064 mihi
1875 5013 2005 5067 bum
2031 5013 2327 5087 ﬁdeiquod
2351 5012 2737 5079 pradicamus,
2770 5024 2872 5062 nos
2915 5009 3172 5079 apostoli.
3220 5010 3340 5066 Hoc
3387 5018 3475 5067 est

197 5095 389 5152 afferat
417 5099 557 5153 illud
589 5098 952 5153 mandatum?
980 5100 1105 5153 Non
1127 5103 1215 5152 est
1234 5113 1461 5152 necesse
1490 5102 1551 5152 ut
1581 5098 1685 5151 hoc
1712 5104 1795 5152 ta-
1874 5099 2144 5162 Verbum,
2196 5098 2400 5168 inquit,
2457 5096 2656 5156 Filius,
2708 5094 2963 5149 videlicet
3017 5096 3119 5149 Dei
3157 5096 3364 5160 Patris,
3415 5099 3475 5153 in

196 5181 317 5238 liter
345 5202 589 5256 quaeras,
621 5186 755 5257 quia
786 5205 797 5239 :
1881 5203 2068 5259 quem,
2096 5186 2400 5240 secundum
2428 5183 2884 5254 praedicationem
2931 5191 3204 5253 nostram,
3249 5187 3478 5243 credere

263 5276 435 5341 Prope
465 5278 539 5327 est
565 5275 807 5335 verbum,
841 5272 896 5327 id
943 5278 1029 5327 est
1057 5273 1387 5328 mandatum
1420 5274 1580 5344 legis.
1612 5277 1680 5330 In
1709 5291 1799 5329 ore
1882 5281 2121 5347 oportet.

202 5365 288 5414 tuo
307 5367 357 5415 et
391 5365 460 5416 in
487 5364 640 5416 corde
663 5368 776 5427 tuo,
807 5362 938 5416 etin
954 5363 1253 5434 praesentia
1268 5369 1369 5417 tua
1398 5364 1672 5433 scriptum
1712 5364 1799 5418 vel
1955 5366 2101 5431 Quia
2130 5365 2181 5417 si
2206 5366 2519 5430 conﬁtearis
2550 5367 2613 5419 in
2633 5381 2725 5419 ore
2752 5368 2845 5419 tuo
2876 5366 3175 5420 Dominum
3198 5368 3406 5431 Jesum,
3428 5368 3478 5418 et

201 5450 368 5504 etiam
399 5451 522 5522 ipse
546 5451 694 5505 Deus
738 5450 797 5504 in
832 5452 998 5505 corde
1045 5457 1141 5506 tuo
1190 5457 1247 5505 et
1274 5452 1332 5505 in
1360 5469 1457 5506 ore
1482 5451 1702 5505 docebit
1721 5457 1794 5507 te.
1881 5454 2179 5507 credideris
2210 5455 2271 5505 in
2300 5455 2456 5506 corde
2480 5459 2573 5511 tuo
2602 5456 2746 5523 quod
2764 5455 2905 5509 Deus
2936 5458 3104 5508 illum
3133 5456 3418 5508 suscitavit
3441 5468 3477 5505 a

201 5536 410 5594 Verum
446 5539 577 5609 quia
605 5541 827 5611 Moyses
853 5541 1131 5611 propheta
1171 5540 1404 5609 exstitit,
1438 5546 1497 5595 et
1522 5540 1704 5595 multa
1730 5541 1800 5595 de
1882 5543 2140 5601 mortuis,
2188 5543 2373 5596 saltus
2414 5545 2524 5597 eris
2547 5581 2563 5609 ,
2611 5543 2670 5597 id
2705 5549 2793 5597 est
2843 5544 3083 5599 salutem
3121 5539 3486 5611 consequeris
