3936 6164
402 254 417 262 ’
464 264 563 337 tsi

876 262 1254 335 HAYMONIS
1294 248 1784 336 anaahs'ia'r.
1824 246 2051 335 ense.
2095 246 2253 333 ohe.
2294 248 2480 337 me
2516 283 2564 341 ι.
2604 312 2677 333 ς-
2713 252 3085 339 comm.
3126 282 3305 359 13131..

3596 258 3685 347 isi

460 386 727 461 sete'rnam
760 394 772 461 ἓ
800 402 885 458 ita
902 390 1116 467 tamen,
1132 404 1198 457 ut
1215 390 1447 473 justitiae
1476 404 1705 458 secteris
1725 398 2056 476 opera,quia
2141 411 2196 457 et
2220 390 2332 459 non
2353 406 2682 461 audierunt:
2702 392 3018 461 Audierunt
3050 394 3186 461 aure
3212 392 3468 479 corporis,
3482 392 3568 465 sed
3593 428 3688 467 non

459 508 573 549 non
603 496 824 564 oportet
849 490 1071 547 servum
1102 491 1201 546 Dei
1225 508 1451 546 manere
1482 493 1744 546 otiosum.

534 574 701 636 Corde
718 570 867 633 enim
892 580 1140 632 creditur
1158 581 1231 630 ad
1235 583 1265 645 j
1272 582 1640 641 ustitiam,ore
1658 586 1843 632 autem
1860 580 2061 644 confes-

462 673 543 724 sio
568 668 974 736 ﬁtadsatutem.
996 650 1368 735 Prosequitur
1388 665 1714 735 diligentius
1733 666 1878 737 quod
1899 683 2060 736 supe-

462 755 579 810 rius
609 752 676 808 de
692 751 803 808 ﬁde
822 754 1103 823 tetigerat.
1126 753 1288 806 Fides
1304 753 1360 806 in
1380 755 1547 807 corde
1568 754 1804 808 locanda
1823 758 2059 823 estquae

459 842 638 899 Deum
660 844 974 896 trinitatem
999 841 1204 893 habere
1234 838 1294 893 in
1323 838 1597 910 personis,
1627 848 1685 896 et
1704 842 1978 897 unitatem
2001 832 2061 895 i'n

460 916 867 1003 omnipotentia
918 929 1228 999 majestatis
1269 926 1481 995 credat,
1536 930 1828 1001 ﬁliumque
1857 932 2061 984 huma-

460 1020 656 1077 natum
690 1026 706 1075 ‘:
759 1012 815 1074 et
860 1018 1165 1073 secundum
1198 1018 1557 1088 Evangelium
1603 1019 1843 1073 ﬁrmiter
1868 1024 2061 1073 teneat

459 1126 639 1182 genus
662 1110 973 1163 humanum
1007 1107 1279 1176 sanguine
1308 1108 1459 1161 illius
1510 1107 1883 1179 redemptum,
1916 1102 1973 1161 et
1991 1123 2059 1162 ea

461 1212 583 1271 quae
605 1199 753 1251 circa
782 1194 1190 1269 humanitatem
1224 1184 1346 1264 ejus
1385 1201 1518 1247 sunt
1546 1195 1711 1260 facta,
1735 1196 1931 1248 deifice
1960 1211 2058 1248 ex-

458 1287 639 1342 hibita
664 1288 779 1339 non
832 1282 1072 1338 haesitet.
1124 1272 1193 1335 in
1233 1300 1329 1335 ore
1376 1282 1545 1335 etiam
1585 1283 1859 1336 confessio
1892 1280 2059 1336 debet

463 1390 587 1431 esse
621 1393 632 1427 :
668 1368 800 1449 quia
828 1370 967 1425 ﬁdes
987 1371 1170 1425 cordis
1192 1370 1500 1440 promenda
1520 1377 1607 1424 est
1619 1371 1800 1424 ofﬁcio
1816 1367 2059 1425 oris.Illa

458 1456 609 1519 eniin
640 1456 915 1516 confessio
944 1461 1010 1513 ﬁt
1054 1460 1123 1512 ad
1172 1461 1434 1523 salutem,
1476 1459 1523 1511 si
1568 1464 1759 1512 tamen
1791 1464 2060 1512 exornata

457 1552 627 1609 fuerit
652 1548 810 1605 bonis
839 1542 1101 1620 operibus
1138 1565 1240 1619 per
1265 1548 1512 1618 spatium
1543 1546 1684 1601 vitae.
1725 1544 1868 1601 Nam
1896 1548 2061 1601 aliter

458 1642 598 1696 ﬁdes
623 1639 743 1693 sine
766 1637 1028 1709 Ope‘ribus
1058 1643 1281 1690 mortua
1307 1642 1392 1689 est
1412 1639 1543 1691 (Jac.
1576 1637 1654 1705 ιι).
1674 1634 1797 1689 Non
1824 1630 1963 1689 dicit
1990 1634 2059 1689 de

2142 506 2278 546 aure
2314 494 2537 556 mentis,
2574 508 2711 564 quas
2748 494 3021 549 Dominus
3055 481 3383 565 requirebat,
3416 488 3648 567 inquiens
3676 518 3686 552 :

2144 578 2248 647 Qui
2275 581 2429 634 habet
2458 598 2620 634 aures
2652 583 2920 635 audiendi
2938 584 3135 635 audiat
3168 572 3307 647 (Luc.
3332 592 3456 648 Vm).
3488 585 3692 655 insuper

2142 666 2198 721 et
2227 672 2552 722 averterunt
2605 684 2771 745 aures
2813 685 2942 722 suas
2978 686 3049 722 ne
3095 670 3352 723 audirent
3388 669 3544 723 verba
3568 664 3690 743 ejus,

2143 755 2366 824 quando
2395 755 2489 809 illo
2521 756 2799 809 clamante
2831 755 2887 807 in
2912 755 3121 825 templo
3148 744 3435 810 et'dicente
3467 777 3476 809 :
3508 755 3693 826 Siquis

2142 846 2279 903 sitit,
2314 847 2495 897 veniat
2525 846 2598 896 ad
2628 861 2711 896 me
2736 848 2783 897 et
2812 844 2957 897 bibat
2980 845 3297 923 (Joan.vn)',_
3326 838 3609 899 noluerunt
3633 845 3693 899 ad

2142 945 2271 983 eum
2302 931 2490 984 venire
2512 933 2808 985 credendo.
2842 930 3086 1000 Ideoque
3114 948 3225 985 non
3258 926 3561 999 audierunt,
3581 935 3695 1005 quia

2142 1035 2255 1072 non
2283 1016 2511 1073 fuerunt
2530 1016 3153 1086 obedientesﬂuomodo
3171 1027 3351 1073 autem
3371 1024 3583 1075 audient
3597 1026 3696 1075 sine

2133 1109 2467 1176 praedicante
2497 1114 2521 1160 7
2548 1108 2650 1162 Hic
2680 1107 2948 1171 ostendit,
2984 1124 3043 1161 se
3064 1109 3259 1179 suique
3285 1110 3489 1162 similes
3517 1126 3694 1180 coapo-

2139 1195 2311 1248 stolos
2330 1201 2387 1249 et
2414 1196 2807 1265 praedicatores
2837 1194 2907 1249 ad
2939 1194 3355 1267 praedicandum
3386 1197 3578 1251 Judzeis
3594 1202 3696 1251 esse

2140 1283 2343 1336 missos
2373 1300 2405 1336 a
2435 1282 2677 1349 Christo,
2704 1300 2945 1354 quorum
3000 1284 3310 1339 ministerio
3352 1286 3692 1340 docerentur:

2139 1368 2235 1424 sed
2256 1370 2337 1424 illi
2369 1372 2647 1442 persecuti
2668 1369 2801 1425 sunt
2820 1389 2934 1434 eos,
2959 1373 3296 1444 etpellentes
3322 1390 3414 1427 eos
3429 1391 3460 1427 a
3484 1391 3558 1439 se,
3575 1366 3698 1428 sicut

2141 1460 2199 1511 in
2213 1460 2443 1513 Actibus
2454 1461 2837 1530 apostolorum
2858 1460 3187 1535 legitur,ubi
3202 1468 3261 1515 et
3274 1464 3527 1516 narratur
3537 1470 3701 1533 quem-

2141 1546 2443 1601 admodum
2461 1547 2540 1602 eis
2553 1548 2761 1602 Paulus
2776 1547 2981 1602 dixerit
3005 1546 3181 1603 :i’obis
3210 1553 3428 1618 quidem
3456 1552 3698 1617 oportebat

2136 1640 2391 1704 primum
2430 1640 2581 1704 toqui
2611 1638 2835 1691 verbum
2869 1638 2965 1691 Dei
2996 1642 3014 1690 ξ
3043 1638 3132 1691 sed
3179 1642 3313 1706 quia
3359 1642 3605 1706 repettitis
3638 1640 3698 1691 it-

462 1730 647 1785 salute
673 1707 924 1798 corporis
944 1742 1053 1795 qua
1086 1725 1385 1794 potiuntur
1412 1724 1581 1777 etiam
1615 1724 1709 1794 qui
1743 1739 1854 1777 non
1880 1724 2053 1777 conﬁ-
2070 1707 2118 1767 Β
2140 1725 2256 1788 tud,
2287 1740 2397 1777 ecce
2426 1727 2810 1778 convertimur
2835 1725 2909 1777 ad
2930 1731 3114 1791 gentes
3146 1726 3283 1792 (Act.
3313 1729 3446 1794 xw).
3477 1725 3605 1780 Hinc
3628 1726 3700 1780 est

466 1824 661 1873 tentur
690 1817 888 1880 Deum,
928 1815 1024 1867 sed
1057 1812 1125 1866 de
1156 1814 1336 1866 salute
1374 1806 1659 1866 interioris
1696 1812 1958 1879 hominis,
1996 1806 2057 1866 id

463 1914 550 1962 est
579 1906 783 1959 animm
808 1920 930 1975 quae
954 1903 1202 1956 salvatur
1227 1898 1571 1955 confessione
1606 1918 1749 1955 verae
1784 1900 1914 1954 ﬁdei
1943 1896 2053 1954 ηοῆ

463 1993 869 2066 temporalite‘r,
904 1991 1001 2045 sed
1032 1992 1389 2057 aeternaliter,
1423 1990 1687 2060 quoniam
1710 1989 1861 2043 salus
1888 1989 2059 2059 hujus

460 2080 821 2138 confessionis
840 2078 1253 2150 sempiternalis
1284 2083 1389 2131 est.

533 2174 675 2225 Dicit
701 2172 850 2223 enim
872 2167 1166 2237 Scriptura
1197 2167 1353 2219 lsaiae
1374 2165 1660 2237 propheta:
1690 2184 1702 2219 :
1741 2166 1929 2221 Omnis
1958 2168 2058 2234 qui

460 2259 756 2313 crediderit
812 2258 877 2309 in
924 2258 1111 2319 illum,
1155 2252 1212 2306 id
1261 2262 1344 2306 est
1384 2254 1441 2306 in
1479 2253 1786 2317 Christum,
1838 2270 1906 2306 ea
1942 2253 2055 2306 ﬁde

461 2346 583 2418 qua:
610 2340 711 2417 per
755 2344 1111 2398 diiectionem
1157 2344 1442 2412 operatur,
1496 2357 1608 2394 non
1653 2343 2050 2408 confundetur.

458 2435 788 2503 Quicunque
841 2430 1143 2485 crediderit
1187 2430 1246 2481 in
1301 2426 1587 2483 Christum
1626 2429 1791 2482 sicuti
1820 2429 2054 2482 creden-

458 2524 593 2577 dum
624 2530 726 2585 est,
756 2536 872 2573 non
925 2516 1218 2571 erubescet
1256 2532 1383 2569 cum
1430 2516 1733 2569 incredulis
1760 2516 1814 2569 in
1846 2516 1937 2570 die
1956 2518 2053 2586 ju-

457 2610 609 2675 dicii,
654 2608 858 2679 quibus
902 2607 1027 2678 ipse
1061 2605 1229 2675 judex
1268 2605 1418 2658 dicet
1449 2623 1461 2657 :
1495 2607 1570 2659 Ite
1596 2608 1657 2657 in
1686 2607 1870 2671 ignem
1896 2610 2051 2658 (διεν-

458 2712 598 2753 num
630 2698 837 2766 (Matth.
870 2704 1016 2762 xxv),
1049 2693 1147 2747 sed
1188 2693 1374 2763 potius
1410 2692 1697 2762 gaudebit,
1730 2710 1857 2746 cum
1888 2693 1958 2746 ab
1988 2709 2054 2746 eo

457 2784 517 2841 iii
542 2802 709 2857 quem
742 2782 1043 2838 crediderit
1087 2780 1559 2845 remunerabitur,
1592 2789 1930 2851 aggregatus
1955 2778 2057 2835 nu-

463 2890 621 2929 mero
650 2862 710 2927 et
738 2872 972 2941 collegio
1003 2870 1307 2925 electorum
1340 2874 1398 2923 et
1432 2869 1611 2923 Deum
1641 2866 2046 2922 conﬁtentium.

2139 1811 2287 1883 quod
2316 1810 2524 1867 subdit.

2212 1900 2502 1964 Quomodo
2548 1909 2739 1958 autem
2768 1900 3158 1974 praedicabunt
3206 1904 3288 1958 eis
3338 1905 3697 1976 praedicatores

2143 1988 2371 2042 verbum
2391 1990 2536 2053 vitae,
2566 1995 2681 2045 nisi
2701 1991 3041 2044 mittantur?
3062 1991 3131 2045 Et
3144 1998 3230 2045 est
3254 2010 3449 2047 sensus
3472 2010 3482 2045 :
3508 1993 3608 2063 Ipsi
3627 2008 3699 2045 oc-

2140 2074 2397 2129 ciderunt
2424 2078 2815 2146 prmdicatores
2838 2079 3107 2148 quosdam
3143 2079 3214 2133 ad
3245 2096 3304 2134 se
3333 2081 3545 2143 missos.
3575 2070 3697 2134 sicut

2140 2162 2407 2217 Iacobum
2435 2164 2667 2221 fratrem
2698 2164 2959 2231 Joannis,
2978 2172 3035 2220 et
3060 2169 3408 2238 Stephanum
3437 2187 3450 2221 :
3480 2156 3697 2238 i'eliquos

2137 2267 2269 2304 vero
2298 2252 2647 2321 ﬂagellantes
2672 2256 2707 2306 ‘a
2731 2271 2790 2307 se
2804 2256 3156 2324 expulerunt.
3185 2254 3344 2318 Quod
3366 2262 3544 2309 autem
3564 2255 3696 2308 dicit:

2138 2336 2428 2402 Quomodo
2452 2336 2857 2410 praedicabunt,
2890 2342 2997 2395 nisi
3028 2343 3371 2396 mittantur?
3424 2338 3501 2396 ita
3541 2346 3699 2413 potest

2136 2442 2247 2480 uno
2280 2413 2445 2481 modo
2486 2427 2724 2499 intelligi
2760 2447 2772 2482 :
2834 2430 3203 2500 Nequaquam
3246 2447 3349 2484 nos
3395 2430 3613 2501 apostoli
3639 2422 3697 2483 ad

2134 2515 2379 2569 ofﬁcium
2421 2517 2834 2586 praedicationis
2875 2519 3139 2572 accedere
3182 2519 3568 2588 potuissemus,
3605 2512 3698 2570 nisi

2133 2603 2313 2673 gratia
2338 2604 2437 2657 Dei
2464 2616 2592 2674 (qua
2610 2605 2978 2676 protegimur)
3006 2604 3301 2672 admoniti,
3330 2606 3517 2660 directi
3530 2606 3698 2659 fuisse-

2136 2691 2530 2760 mus,primum
2558 2693 2763 2746 Judaeis
2779 2691 3007 2745 verbum
3023 2694 3150 2746 vitae
3168 2692 3699 2759 annuntiare,deinde

2133 2780 2397 2849 gentibus
2424 2798 2435 2832 :
2470 2778 2716 2850 Ideoque
2746 2780 2923 2834 Judaei
2945 2780 3284 2834 excusabiles
3323 2769 3435 2835 non
3468 2788 3619 2835 erunt
3641 2770 3698 2834 de

2136 2867 2378 2921 adventu
2406 2866 2531 2921 Filii
2556 2856 2676 2930 Dei,
2709 2868 2837 2938 quia
2863 2870 3145 2939 apostolos
3173 2868 3244 2923 ad
3266 2871 3505 2924 salutem
3536 2870 3612 2924 sui
3634 2864 3700 2923 di-

467 2963 585 3017 Hoc
610 2961 926 3031 exemplum
954 2959 1105 3012 valet
1136 2964 1332 3011 contra
1358 2956 1604 3022 Judazos,
1639 2956 1733 3027 qui
1757 2957 1997 3027 gentiles
2021 2970 2056 3010 a
2136 2961 2317 3008 rectos
2344 2972 2377 3008 a
2405 2955 2523 3009 suis
2554 2955 2759 3009 ﬁnibus
2786 2957 3143 3029 pepulerunt.
3191 2954 3391 3013 Potest
3430 2963 3484 3012 et
3508 2958 3583 3011 ita
3606 2952 3701 3010 nou

464 3052 573 3105 fide
600 3048 811 3104 Christi
842 3047 1119 3119 putabant
1137 3044 1527 3108 secernendos,
1579 3044 1725 3098 unde
1754 3042 2018 3100 etsubdit
2040 3067 2053 3103 :
2075 3053 2120 3112 C
2138 3041 2593 3096 inconvenie’nter
2621 3044 2797 3115 accipi
2835 3059 2847 3093 :
2881 3044 3190 3111 Quomodo,
3230 3045 3436 3117 inquit,
3467 3042 3701 3115 praedica-

529 3139 653 3193 Non
680 3140 831 3191 enim
857 3141 932 3190 est
961 3137 1261 3199 distinctio,
1293 3133 1561 3186 subaudis
1610 3149 1646 3186 n
1678 3134 1785 3186 isto
1807 3134 2059 3206 exemplo
2142 3130 2283 3184 bunt
2310 3130 2417 3201 ipsi
2445 3131 2837 3201 praedicatores
2858 3133 2938 3186 eis
2968 3133 3195 3187 verbum
3215 3134 3364 3199 vitae,
3398 3134 3489 3204 qui
3514 3124 3701 3203 expulsi

461 3228 608 3300 quod
637 3226 817 3298 posui.
847 3225 1094 3288 Quorum
1126 3238 1238 3275 non
1289 3227 1373 3274 est
1408 3219 1691 3275 distinctio
1730 3222 1845 3275 sive
1894 3240 2059 3293 sepa-
2140 3224 2274 3272 sunt
2293 3218 2361 3271 ab
2374 3218 2594 3283 eis,nisi
2617 3219 2822 3273 iterum
2855 3221 3192 3274 mittantur?
3221 3218 3480 3275 Aﬂirmat
3506 3230 3701 3291 quoque

456 3316 847 3370 ratio?Jud.ei
873 3320 919 3366 et
962 3314 1131 3367 Gra'ci
1167 3326 1183 3370 ;
1227 3310 1359 3379 quia
1397 3308 1465 3361 de
1508 3309 1760 3378 utrisque
1804 3310 2050 3366 dicitur:

459 3405 657 3459 Omnis
687 3403 855 3457 homo
884 3400 980 3471 qui
1010 3397 1311 3452 crediderit
1349 3397 1407 3449 in
1450 3395 1629 3460 illum,
1661 3397 1775 3450 sive
1803 3398 2049 3466 Judaeus,

458 3493 573 3547 sive
592 3490 836 3562 gentilis,
872 3504 984 3541 non
1010 3485 1400 3539 confundetur.
1433 3485 1583 3537 Nam
1612 3485 1756 3536 idem
1786 3486 2053 3561 Dominus

457 3586 732 3643 oinnium,
768 3580 913 3630 dives
944 3580 1005 3628 in
1038 3590 1222 3627 omnes
1254 3576 1353 3639 qui
1385 3575 1637 3624 invocant
1664 3574 1850 3639 illum,
1883 3573 1936 3627 id
1970 3581 2054 3628 est

456 3669 727 3724 Dominus
744 3666 839 3736 qui
860 3670 947 3717 est
965 3664 1198 3716 Creator
1214 3666 1269 3713 et
1296 3659 1568 3713 Dominus
1583 3660 1921 3727 Judieorum,
1935 3662 2055 3732 ipse

463 3762 550 3810 est
576 3758 810 3809 Creator
838 3759 895 3805 et
919 3751 1192 3803 Dominus
1210 3750 1485 3818 gentium,
1511 3748 1565 3801 id
1580 3755 1665 3801 est
1681 3751 1931 3802 omnium
1952 3751 2054 3803 ho-

460 3844 696 3897 minum.
732 3842 895 3895 Dives
933 3828 1122 3891 a'utem
1154 3838 1359 3890 idcirco
1388 3837 1612 3902 dicitur,
1647 3837 1705 3890 in
1736 3854 1929 3891 omnes
1956 3839 2052 3909 qui

457 3933 720 3987 im'ocant
748 3930 926 3993 illum,
960 3928 1093 3999 quia
1125 3932 1305 3997 potest
1326 3941 1520 3979 omnes
1546 3926 1603 3978 in
1628 3941 1687 3979 se
1711 3926 2002 3980 credentes
2018 3943 2053 3980 a

455 4019 823 4093 praesentibus
860 4014 1329 4072 tribulationibus
1384 4028 1598 4078 eruere,
1655 4021 1710 4068 et
1752 4015 1823 4067 ad
1882 4015 2053 4068 vitam

458 4115 728 4164 aeternam
754 4106 1079 4177 perducere,
1096 4103 1334 4156 reddens
1354 4102 1444 4154 eis
1460 4102 1758 4172 praemium
1787 4118 1821 4154 a
1847 4117 1907 4155 se
1928 4103 2052 4177 pro-

457 4199 713 4251 miSSum.
757 4174 866 4246 Ὧθι
913 4192 1038 4245 ideo
1093 4190 1298 4243 dicitur
1343 4189 1517 4256 dives,
1549 4188 1683 4258 quia
1709 4194 1907 4259 potens
1965 4174 2051 4244 est

456 4284 698 4354 gentiles
727 4280 992 4335 exaudire
1029 4282 1086 4331 et
1129 4277 1364 4341 salvare,
1391 4276 1537 4329 sicut
1564 4282 1622 4329 et
1650 4277 1889 4343 Judaeos,
1910 4278 2049 4348 quia

456 4376 828 4443 personarum
875 4365 1121 4436 acceptio
1160 4376 1273 4418 non
1315 4371 1403 4417 est
1431 4364 1579 4435 apud
1604 4364 1768 4419 illum
1802 4385 1813 4418 :
1844 4374 1949 4420 nec
1977 4367 2056 4421 sic

460 4454 705 4514 intendit
715 4456 829 4521 uni,
856 4460 991 4509 ut‘se
1012 4454 1252 4523 deneget
1279 4453 1461 4507 alteri.
1488 4452 1634 4523 Ergo
1664 4454 1711 4507 si
1736 4471 1843 4508 vox
1863 4461 2058 4510 nostra

460 4547 532 4602 ad
554 4538 748 4601 omnes
778 4545 873 4616 qui
894 4542 1134 4597 audiunt
1154 4541 1445 4611 aequaliter
1463 4542 1637 4610 venit,
1658 4547 1715 4595 et
1741 4547 1931 4596 tamen
1948 4552 2059 4597 una

464 4640 569 4703 est,
594 4636 781 4690 multo
808 4633 994 4704 magis
1016 4630 1370 4701 omnipotens
1396 4630 1546 4684 Deus
1573 4631 1837 4684 exaudire
1865 4638 2058 4686 omnes

460 4723 900 4780 misericorditer
920 4725 1132 4793 potest,
1150 4734 1251 4772 nec
1279 4719 1413 4773 dum
1434 4706 1612 4773 unum
1638 4720 1799 4773 audit
1825 4721 2060 4776 alterius

459 4828 687 4887 precum
707 4798 1083 4867 obliviscitur:
1119 4815 1463 4879 quapropter
1487 4809 1766 4862 subinfert
1795 4829 1807 4861 :

533 4905 725 4959 Omnis
741 4904 889 4955 enim
911 4903 1227 4966 quicunque
1246 4901 1579 4950 invocaverit
1590 4913 1791 4950 nomen
1810 4897 2054 4961 Domini,

458 4995 642 5045 salvus
678 4994 806 5043 erit.
859 4988 1190 5056 Quicunque
1229 4985 1573 5039 invocaverit
1599 5000 1806 5042 nomen
1833 4984 2057 5038 Domini

459 5077 605 5133 sicut
650 5074 898 5131 invocari
926 5075 1112 5140 debet,
1165 5074 1377 5127 scilicet
1420 5074 1548 5136 ﬁde,
1597 5089 1712 5141 ore,
1745 5089 1934 5144 opere,
1964 5073 2054 5126 hic

457 5167 644 5221 salvus
673 5165 797 5219 erit.

532 5255 805 5322 Quomodo
843 5268 968 5319 ergo
997 5252 1350 5318 invocabant,
1382 5250 1651 5305 subaudis
1684 5248 1862 5305 Judaei
1897 5249 2056 5305 oms.

460 5349 631 5409 stum,
654 5345 718 5396 in
743 5356 903 5409 quem
922 5356 1038 5394 non
1064 5340 1457 5393 crediderunt?
1485 5339 1553 5393 Et
1572 5339 1777 5393 idcirco
1806 5354 1918 5392 non
1938 5338 2060 5392 sal-

461 5438 683 5498 v‘antur,
712 5430 845 5501 quia
871 5445 985 5483 non
1016 5429 1292 5482 invocant.
1324 5430 1434 5481 Aut
1474 5429 1737 5496 quomodo
1763 5428 1981 5481 credent
2009 5429 2061 5480 ei

459 5518 625 5594 quem
636 5517 1245 5587 non‘audierunt?Ergo
1256 5516 1559 5571 audierunt
1567 5517 1595 5570 J
1602 5515 2056 5585 udraiChristum,

2140 3308 2391 3376 exemplo
2434 3307 2775 3377 prophetico,
2805 3309 3047 3378 qualiter
3076 3307 3470 3379 praedicatores
3499 3318 3701 3376 evange-

2134 3394 2304 3448 lizare
2332 3396 2627 3449 voluerunt
2649 3395 2730 3448 eis
2754 3396 2916 3462 bona,
2948 3397 3046 3450 sed
3063 3399 3367 3452 noluerunt
3387 3396 3465 3452 eis
3480 3395 3697 3459 credere,

2136 3482 2244 3536 nisi
2282 3483 2466 3553 pauci,
2498 3487 2639 3536 sicut
2666 3487 2936 3552 scriptum
2986 3491 3065 3539 est
3110 3485 3170 3539 in
3206 3484 3360 3539 'isaia
3405 3485 3695 3557 prapheta:

2136 3574 2312 3639 Quam
2329 3574 2550 3639 speciosi
2562 3574 2719 3639 pedes
2734 3577 3237 3639 euangelizantium
3263 3591 3471 3642 pacem,
3494 3586 3695 3638 evange-

2137 3663 2436 3713 tizantium
2451 3658 3009 3730 bona.Apostolorum
3032 3662 3199 3732 pedes
3218 3663 3455 3732 speciosi
3473 3662 3689 3720 fuerunt,

2137 3747 2270 3817 quia
2314 3746 2552 3800 Domino
2606 3753 2738 3801 sunt
2779 3748 2974 3802 abluti.
3022 3749 3198 3803 Pedes
3225 3767 3449 3821 quoque
3474 3751 3532 3803 in
3560 3760 3697 3802 sacra

2136 3836 2427 3905 Scriptura
2454 3836 2754 3905 aliquando
2774 3836 2950 3890 bonas
2970 3838 3218 3891 actiones
3242 3836 3700 3907 signiﬁcant,sicut

2133 3924 2427 3977 Zacharias
2453 3930 2615 3993 pater
2637 3924 2869 3977 Joannis
2899 3924 3163 3993 Baptistae
3196 3926 3462 3989 ostendit,
3485 3925 3657 3978 dicens
3683 3938 3692 3973 :

2145 4014 2390 4065 Visitavit
2423 4028 2518 4065 nos
2535 4015 2717 4065 oriens
2737 4029 2801 4066 ex
2820 4015 2950 4066 atto.
2978 4015 3314 4067 Iltuminare
3342 4015 3426 4067 his
3451 4016 3546 4081 qui
3568 4015 3625 4065 in
3643 4016 3700 4063 te-

2133 4102 2317 4154 nebris
2336 4106 2385 4153 et
2400 4103 2464 4153 in
2485 4103 2895 4154 umbmmortis
2916 4094 3124 4155 sedent:
3150 4103 3223 4155 ad
3233 4102 3547 4170 dirigendos
3562 4098 3699 4167 pedes

2132 4188 2423 4256 nos!ros,id
2444 4196 2530 4243 est
2539 4190 2788 4245 actiones
2806 4192 3117 4254 nostras,in
3134 4193 3286 4243 viam
3300 4194 3450 4259 pacis
3470 4189 3602 4260 (Luc.
3628 4184 3695 4255 tt).

2134 4278 2450 4348 Aliquando
2478 4277 2793 4348 significant
2816 4279 2990 4349 pedes
3018 4278 3255 4332 verbum
3288 4273 3698 4349 praedicationis,

2138 4374 2203 4421 ut
2226 4366 2365 4419 illud
2395 4384 2407 4418 :
2442 4354 2916 4435 SubjecitpOpulos
2934 4369 3367 4433 no‘bis,et-gentes
3387 4367 3487 4419 sub
3500 4360 3701 4433 peetus

2141 4457 2343 4507 nostris
2363 4455 2534 4523 (Psat.
2566 4462 2729 4521 XLVI).
2780 4454 3035 4525 Apostoli
3060 4442 3259 4525 pacem
3288 4445 3703 4524 praedicaverunt

2140 4542 2446 4596 secundum
2465 4543 2678 4596 monita
2690 4542 2932 4609 Domini,
2957 4543 3235 4596 dicentes:
3258 4544 3327 4597 ‘In
3346 4550 3702 4611 quamcunqw

2139 4631 3001 4701 domumintraeeritis,primum
3026 4630 3220 4684 offerte
3234 4628 3702 4700 pacemmcentes:

2138 4708 2255 4774 Pa}:
2282 4720 2412 4772 huic
2433 4720 2626 4772 domui
2650 4704 2876 4785 (Matth.
2898 4721 2963 4787 x).
2998 4718 3532 4788 Evangeli'zaverunt
3558 4715 3703 4773 bona,

2139 4808 2317 4861 futuri
2346 4806 2559 4861 scilicet
2588 4808 2746 4878 regni
2764 4808 3000 4878 praemia
3036 4818 3161 4877 quae
3207 4807 3403 4860 oculus
3436 4821 3545 4860 non
3564 4800 3703 4861 vidit;

2140 4908 2242 4949 nec
2260 4894 2666 4959 auris-audivit,
2695 4897 2863 4949 necin
2884 4912 2980 4949 cor
2990 4894 3239 4949 hominis
3264 4894 3537 4949 ascendit.
3562 4878 3625 4945 Et
3646 4886 3706 4940 de

2140 4984 2342 5061 quibus
2371 4984 2508 5039 dicit
2519 4983 3019 5039 Psalmista:0redo
3036 4986 3221 5037 videre
3250 4986 3390 5037 bona
3418 4980 3634 5037 Domini
3651 4977 3705 5028 in

2140 5079 2289 5127 terra
2306 5075 2615 5126 viventium
2631 5072 2795 5133 (Psat.
2827 5078 2959 5128 LVI).
2996 5070 3158 5125 Bona
3184 5086 3407 5142 quoque
3434 5063 3708 5123 annuntia-

2135 5166 2355 5225 verunt,
2392 5161 2561 5215 ﬁdem
2594 5167 2799 5215 sancta;
2839 5159 3149 5225 Trinitatis,
3184 5158 3520 5230 mysterium
3546 5156 3710 5210 lucar-

2136 5248 2383 5302 nationis
2413 5248 2641 5313 Christi,
2669 5247 3502 5319 passionem,resurrectionem.
3533 5254 3704 5297 ascen-

2140 5338 2354 5392 sionem
2376 5340 2518 5407 ejus,
2548 5337 2849 5391 adventui‘n
2871 5352 3094 5407 quoque
3108 5337 3179 5389 ad
3193 5329 3705 5405 judicium,'gloriam

2140 5426 2469 5492 electorum,
2501 5425 2920 5480 damnationem
2948 5423 3337 5495 'reprobOrum.

2211 5514 2315 5571 Sed
2345 5530 2455 5570 non
2472 5518 2660 5570 omnes
2687 5514 2949 5569 o‘bed’iunt
2964 5514 3285 5585 πυαηυοτῑο.
3305 5499 3468 5568 ’Licet
3486 5500 3703 5581 ‘apbstoli
