3850 6168
162 304 243 378 453

770 298 1147 368 EXPOSITIO
1184 308 1264 367 IN
1304 300 1458 367 Epp.
1502 311 1560 367 s.
1602 302 1838 366 psum.
1884 304 1945 352 ‘—‘
1988 296 2067 368 iN
2103 298 2324 370 EPIST.
2368 296 2467 369 An
2504 294 2683 371 non.

3263 295 3367 379 ist

157 446 272 499 bona
310 438 759 509 evangelizassent
806 434 1001 508 patriae
1044 434 1301 499 cmlestis,
1342 440 1530 489 tamen
1580 450 1690 488 non
1709 438 1756 494 Α
1776 438 1871 499 est,
1902 435 2164 505 inquiens
2200 454 2211 489 :
2243 437 2611 504 Hierusalem,
2644 428 2707 493 in
2733 438 2910 495 medio
2936 446 3186 509 gentium
3214 432 3387 513 posui

155 547 312 585 omnes
336 526 513 587 Judaei,
556 541 736 594 neque
764 540 959 577 omnes
987 525 1225 593 gentiles
1249 523 1571 576 obedientes
1596 540 1693 576 ex-

154 619 374 671 stiterunt
390 621 514 667 tunc
529 612 798 681 temporis
816 611 1160 679 Evangelicze
1175 610 1576 679 prmdicationi,
1593 610 1690 662 sed

151 720 300 774 neque
318 701 481 754 adhuc
502 699 768 751 obediunt
788 714 999 750 omnes.
1027 700 1194 749 Isaias
1211 701 1359 749 enim
1384 699 1517 749 dicit
1544 716 1559 749 :
1591 699 1689 749 llo-

150 795 287 857 mine,
306 792 418 858 quis
448 788 676 840 credidit
705 786 933 838 auditui
962 790 1147 837 nostro
1166 791 1190 836 Ρ
1219 785 1336 837 Hoc
1364 785 1482 837 loco
1513 783 1687 837 Isaias

147 881 193 933 in
203 893 406 948 persona
422 873 668 943 loquitur
681 874 1058 941 apostolorum
1069 913 1081 936 ,
1097 873 1290 925 eodem
1311 873 1457 925 enim
1475 873 1687 941 Spiritu

145 968 229 1020 fuit
244 966 481 1035 repletus,
507 978 617 1031 quo
639 967 695 1015 et
722 961 976 1031 apostoli.
1003 960 1570 1013 Animadvertendum
1594 976 1689 1013 au-

144 1062 251 1119 tem,
278 1052 396 1122 quia
437 1051 492 1103 in
538 1066 698 1104 sacra
739 1049 1028 1118 Scriptura
1067 1048 1370 1118 aliquando
1419 1048 1542 1118 quis
1584 1064 1685 1118 pro

142 1141 282 1205 nullo,
304 1139 589 1209 aliQuando
619 1152 718 1208 pro
742 1128 871 1190 raro
900 1137 1145 1206 ponitur.
1170 1137 1277 1189 Pro
1307 1136 1479 1199 nullo,
1510 1142 1573 1189 ut
1601 1142 1686 1190 est

140 1230 264 1284 illud.
297 1230 553 1295 Quoniam
582 1229 707 1293 quis
746 1229 807 1278 in
838 1226 1075 1277 nubibus
1112 1226 1423 1292 aquabitur
1454 1225 1685 1278 Domino

140 1319 271 1383 (Psal.
286 1313 563 1381 LXXXVIII)?
583 1315 639 1367 id
662 1319 746 1366 est
766 1313 971 1367 nullus.
993 1312 1101 1365 Pro
1126 1327 1272 1373 raro,
1292 1317 1354 1365 ut
1373 1310 1463 1363 hic
1481 1329 1492 1363 :
1517 1312 1685 1365 Pauci

140 1404 256 1458 enim
276 1403 466 1457 inventi
487 1400 623 1455 sunt
643 1402 737 1472 qui
763 1400 1123 1455 crediderunt
1143 1416 1209 1453 ex
1232 1400 1439 1453 Iudaeis
1464 1400 1683 1453 auditui

140 1492 487 1563 apostolorum.
532 1489 640 1554 Qui
670 1488 876 1543 idcirco
916 1488 1144 1541 auditus
1186 1488 1407 1541 illorum
1456 1486 1681 1553 dicitur,

141 1581 240 1649 quia
251 1577 636 1632 inlrinsecusin
654 1582 857 1635 mente.
884 1576 1118 1629 Domino
1136 1574 1465 1644 inspirante,
1486 1575 1681 1628 auditu

138 1667 332 1738 spiritali
362 1665 678 1730 audiedant,
714 1663 845 1735 quid
876 1664 1219 1717 extrinsecus
1249 1679 1379 1715 voce
1407 1663 1715 1738 corporali;

1775 538 1895 574 eam
1941 525 2152 586 (Ezech.
2190 528 2263 586 v).
2299 520 2409 579 Sed
2453 524 2688 580 fortasse
2714 529 2913 598 Qumrit
2958 526 3163 601 aliquis
3201 526 3373 602 quare

1774 610 1921 663 Deus
1961 608 2312 681 omnipotens
2354 613 2506 666 illam
2558 615 2773 684 plebem
2806 617 2863 670 in
2904 617 3089 673 medio
3118 614 3372 675 omnium

1768 698 2021 765 gentium
2044 698 2349 753 decreverit
2369 701 2676 755 collocare?
2693 704 2795 757 Cui
2819 706 3270 776 respondendum
3288 712 3373 762 est

1768 784 1895 838 ideo
1925 786 2029 838 hoc
2058 788 2263 840 iactum
2294 804 2435 851 esse,
2461 794 2522 841 ut
2551 780 2684 859 quia
2715 789 2833 861 ipse
2857 809 2921 845 ex
2951 784 3212 848 omnibus
3240 788 3373 864 geh-

1769 872 1920 925 tibus
1942 874 2118 925 solam
2148 875 2523 942 cognitionem
2550 878 2663 930 veri
2687 877 2786 931 Dei
2818 878 3077 946 habebat,
3102 891 3159 935 et
3187 880 3369 953 legem

1769 960 2034 1029 scriptam
2067 977 2167 1014 suo
2199 963 2351 1015 cultu
2384 970 2441 1016 et
2468 966 2741 1034 religione
2772 958 3097 1036 provoctiret
3128 971 3266 1025 alias
3298 972 3370 1027 ad

1769 1049 1982 1101 cultum
2012 1049 2110 1102 Dei
2141 1046 2560 1119 omnipotentis,
2595 1052 2740 1107 sicut
2771 1055 3043 1125 plurimos
3071 1060 3370 1127 gentilium

1766 1135 2007 1203 legimus
2032 1137 2101 1189 ad
2131 1138 2483 1191 Judaismum
2513 1138 2804 1194 transiisse
2829 1162 2840 1194 :
2865 1143 2951 1196 vel
2972 1138 3196 1212 idcirco,
3232 1150 3293 1201 ut
3319 1142 3367 1203 si

1768 1223 1888 1292 ipsa
1910 1224 2064 1294 plebs
2086 1225 2264 1294 legem
2283 1225 2389 1279 Dei
2410 1228 2676 1292 servaret,
2693 1230 2762 1282 ab
2777 1231 3034 1285 omnibus
3055 1234 3110 1287 in
3129 1218 3367 1291 circuitu

1767 1327 1867 1364 suo
1885 1312 2260 1366 honoraretur
2270 1331 2334 1367 ac
2346 1314 2661 1381 timeretur,
2678 1316 2821 1371 sicut
2836 1316 3041 1373 factum
3059 1329 3144 1375 est
3155 1308 3370 1395 tempo-

1766 1399 1920 1452 ribus
1949 1400 2125 1453 David
2156 1406 2213 1454 et
2242 1401 2578 1468 Salomonis,
2616 1404 2839 1475 quando
2882 1423 3076 1462 omnes
3118 1424 3278 1480 reges
3308 1412 3367 1467 in

1765 1486 2000 1540 circuitu
2046 1504 2147 1541 suo
2178 1488 2366 1558 positi,
2408 1490 2458 1543 ei
2488 1506 2724 1545 munera
2752 1490 3050 1548 mittebant
3083 1514 3094 1549 ε
3140 1496 3223 1551 vel
3257 1498 3304 1552 si
3336 1512 3371 1553 a

1767 1575 1889 1643 lege
1921 1579 1980 1628 et
2009 1576 2230 1629 cultura
2252 1578 2351 1630 Dei
2381 1579 2687 1639 recederet,
2711 1579 2780 1633 ab
2814 1566 3067 1637 hostibus
3092 1584 3371 1655 afﬂigere-

1766 1668 1861 1714 tur
1901 1678 1967 1715 ac
2007 1663 2463 1733 depopularetur,
2518 1666 2666 1737 quod
2702 1668 3007 1738 saepissime
3050 1678 3239 1727 actum
3282 1678 3370 1731 est

137 1732 189 1808 ad
212 1752 422 1808 salutem
449 1732 774 1807 auditorum
800 1751 1046 1823 proferre
1070 1751 1411 1805 debuissent.
1450 1732 1605 1804 Unde
1627 1757 1684 1804 et
1703 1732 1750 1791 Β
1768 1752 1819 1813 (Ι
1856 1750 1973 1816 Reg.
2007 1732 2393 1818 xlv).iQuarta
2423 1732 2644 1824 quoque
2684 1732 2897 1809 exstitit
2924 1770 3113 1825 causa,
3146 1760 3207 1815 ut
3236 1760 3367 1832 quia

134 1842 303 1895 Paulus
318 1841 448 1894 alias
469 1840 551 1894 ait
572 1860 582 1893 :
610 1842 695 1895 An
723 1842 1159 1906 emerimentum
1180 1842 1428 1905 quwritis
1446 1842 1563 1905 ejus
1582 1842 1684 1906 qui

134 1932 179 1981 in
196 1946 266 1982 me
294 1932 535 1997 loquitur
566 1930 817 1983 Christus
840 1929 893 1993 (I
915 1930 1036 1981 Cor.
1068 1927 1231 1991 xm)?
1262 1927 1329 1979 Et
1359 1926 1531 1979 David
1562 1926 1683 1996 qui-

132 2016 227 2069 dem
252 2014 408 2071 dicit:
444 2017 690 2071 Audiam
720 2016 854 2084 quid
888 2018 1151 2082 loquatur
1191 2018 1255 2067 in
1295 2030 1379 2067 me
1411 2015 1680 2067 Dominus

128 2106 238 2157 Deus
255 2105 408 2176 (Psal.
444 2103 802 2175 Lxxx1v)?Ab
834 2105 937 2156 hoc
964 2102 1161 2156 auditu
1190 2102 1592 2172 apostolorum,
1622 2102 1679 2155 id

129 2197 193 2244 est
214 2209 241 2244 ει
264 2192 648 2262 praedicatione
678 2190 899 2245 illorum
944 2192 1345 2245 subtraxerunt
1382 2207 1440 2243 se
1478 2190 1675 2255 Judaei,

126 2286 376 2333 renuentes
397 2280 454 2333 in
480 2281 770 2334 Christum
801 2280 1045 2333 credere.

176 2367 295 2435 Ergo
313 2369 436 2434 ﬁdes
456 2385 521 2421 ex
547 2369 768 2421 auditu.
800 2365 1053 2421 Primum
1074 2367 1232 2420 audit
1261 2367 1386 2437 quis
1406 2367 1677 2437 praedica-

126 2459 265 2508 torem
290 2454 434 2527 loqui
457 2457 742 2527 quomodo
763 2454 963 2509 debeat
988 2456 1235 2519 credere,
1258 2455 1459 2508 deinde
1478 2455 1680 2525 accipit

126 2543 272 2596 ﬁdem.
289 2547 518 2598 Auditus
538 2550 726 2598 autem
743 2561 842 2612 per
862 2532 1087 2597 verbum
1110 2544 1315 2597 Christi
1332 2563 1345 2605 ;
1372 2544 1519 2613 quod
1542 2561 1677 2613 prae-

123 2630 300 2684 dicatur
323 2631 387 2685 ab
416 2633 691 2703 apostolis
737 2639 793 2685 et
835 2620 1158 2685 doctoribus
1202 2631 1432 2684 verbum
1466 2631 1675 2685 Christi

123 2724 186 2771 est
205 2735 215 2770 τ
236 2719 353 2789 quia
378 2736 491 2773 non
519 2721 639 2773 alia
664 2720 985 2791 praedicant,
1010 2736 1177 2789 quam
1201 2735 1323 2788 quae
1348 2719 1406 2772 in
1432 2718 1676 2789 Evange-

121 2805 177 2858 lio
200 2807 560 2872 continentur,
589 2809 736 2880 quod
761 2808 832 2861 ab
861 2824 957 2861 ore
989 2808 1197 2861 Christi
1228 2812 1313 2860 est
1341 2808 1620 2877 prolatum
1658 2827 1669 2861 :

118 2893 211 2959 Vel,
228 2912 336 2966 quae
355 2896 472 2966 ipse
496 2897 761 2950 Christus
790 2895 998 2949 revelat
1017 2896 1098 2949 eis
1120 2896 1177 2949 in
1204 2894 1387 2961 corde,
1409 2903 1463 2949 et
1490 2890 1677 2966 loqui-

118 2986 190 3033 tur
208 3000 293 3053 per
312 3001 405 3037 ora
430 2984 686 3039 illorum.
711 2983 794 3038 Ad
834 2984 949 3038 haec
978 2988 1237 3053 poterant
1264 2983 1438 3037 Judaei
1468 2984 1672 3051 dicere,

1764 1838 2021 1891 Christus
2049 1855 2112 1891 ex
2157 1840 2350 1893 eadem
2383 1840 2543 1911 plebe
2572 1848 2695 1896 erat
2723 1844 3062 1911 nasciturus,
3094 1854 3150 1901 et
3185 1852 3365 1918 genus

1764 1925 2071 1979 humanum
2092 1928 2506 1999 redempturus,
2525 1935 2581 1983 et
2598 1931 2775 1984 multa
2791 1932 3062 1987 miraCula
3079 1933 3136 1988 in
3153 1937 3364 1993 mundo

1763 2014 1977 2083 positus
2018 2020 2341 2085 patraturus
2392 2014 2467 2070 ibi
2514 2018 2631 2071 haec
2673 2025 2996 2088 agerentur,
3028 2014 3177 2078 unde
3215 2024 3366 2083 fama

1761 2103 1883 2170 ejus
1914 2103 1984 2155 ad
2014 2119 2206 2157 omnes
2228 2110 2426 2172 gentes
2454 2106 2619 2159 citius
2651 2112 2838 2177 posset
2861 2112 3227 2167 transvolare.
3252 2112 3363 2169 Re-

1761 2196 2048 2243 vertamur
2092 2192 2296 2244 iterum
2348 2193 2419 2245 ad
2467 2193 2776 2262 superiora.
2825 2193 3006 2263 Igitur
3047 2197 3106 2251 in
3137 2210 3363 2257 omnem

1759 2282 1969 2330 terram
2007 2278 2175 2331 exivit
2213 2294 2385 2333 sonus
2414 2276 2829 2350 praedicationis
2861 2284 3264 2352 apostolorum,
3307 2295 3363 2343 et

1758 2364 1815 2418 in
1854 2366 1992 2419 ilnes
2019 2366 2171 2419 orbis
2217 2373 2382 2422 terrae
2413 2368 2581 2422 verba
2613 2384 2833 2439 eorum,
2863 2371 2997 2441 quia
3041 2376 3183 2442 pene
3230 2376 3361 2432 ante

1759 2454 1963 2507 defecit
1997 2455 2078 2506 eis
2106 2460 2259 2508 terra
2290 2471 2457 2525 quam
2489 2457 2699 2525 lingua.
2730 2458 2790 2511 In
2822 2458 2925 2511 hoc
2953 2464 3143 2513 autem
3170 2478 3361 2515 exem-

1760 2542 1870 2611 plo,
1934 2558 2033 2612 per
2095 2548 2304 2596 terram
2362 2544 2677 2613 intelligere
2744 2550 3042 2615 possumus
3100 2554 3356 2604 terrenos

1757 2629 2029 2691 homines,
2051 2632 2145 2699 qui
2167 2636 2388 2684 tantum
2412 2648 2632 2696 sonum,
2658 2628 2714 2686 id
2736 2638 2839 2691 est.
2866 2635 3073 2688 tamam
3097 2636 3361 2705 praedica-

1757 2717 1926 2770 tionis
1965 2723 2022 2771 et
2064 2716 2339 2789 simplicia
2377 2720 2590 2773 monita
2620 2729 2989 2791 perceperunt
3024 2740 3035 2773 :
3074 2722 3181 2776 Per
3217 2725 3357 2779 ﬁnes

1760 2811 1940 2867 terrae,
1970 2805 2330 2876 philosophos
2371 2811 2428 2860 et
2475 2808 2690 2861 artibus
2728 2808 3049 2863 liberalibus
3084 2811 3351 2877 eruditos,

1758 2894 1851 2962 qui
1874 2893 2039 2945 verba
2059 2890 2292 2947 scrutati
2316 2899 2449 2947 sunt
2468 2896 2881 2965 praedicationis
2903 2897 3266 2967 Evangelicaa,
3292 2904 3357 2953 ut

1759 2974 2116 3050 Augustinus
2138 2981 2244 3035 fuit
2262 2986 2319 3035 et
2346 2983 2680 3052 Cyprianus.

116 3035 221 3123 licet
431 3035 1547 3141 glorianti—ivimus-verbumChristiper
1568 3035 1733 3125 orae
1826 3035 1928 3124 32d
1953 3072 2114 3123 dico:
2146 3035 2629 3138 Nunquid‘lsrael
2666 3035 2787 3127 non
2827 3079 3071 3141 cognorit
3094 3081 3119 3129 Ρ
3154 3074 3219 3131 Id
3248 3080 3356 3141 est;

120 3159 468 3226 apostolorum,
504 3166 707 3215 contra
739 3176 877 3231 quos
906 3160 1206 3233 Apostolus
1234 3160 1523 3229 subjungit
1553 3178 1564 3212 :

169 3245 254 3299 Sed
264 3248 402 3302 dico:
422 3248 707 3317 Nunquid
728 3265 835 3301 non
849 3251 1190 3301 audierunt?
1207 3249 1483 3301 Subaudis
1498 3248 1673 3303 Judaei

118 3332 303 3387 verbum
324 3335 742 3405 praedicationis
764 3336 1146 3405 apostolorum
1171 3354 1181 3388 :
1211 3336 1532 3405 Respondet
1555 3336 1673 3406 ipse

118 3422 368 3491 Apostolus
385 3424 512 3489 sibi,
526 3431 585 3479 et
606 3425 854 3477 affirmat
876 3424 1006 3494 quia
1022 3424 1338 3477 audierunt.
1351 3420 1412 3477 Et
1430 3426 1672 3491 quidem,

118 3524 213 3562 ecce
236 3511 544 3579 aﬁirmatio,
593 3520 652 3566 et
699 3512 788 3565 hic
817 3518 903 3565 est
950 3512 1430 3581 distinguendum.
1467 3513 1675 3566 Sensus

118 3595 233 3650 enim
260 3599 572 3669 hujusmodi
600 3605 687 3654 est
715 3619 725 3652 :
750 3599 1016 3667 Nunquid
1038 3616 1148 3652 non
1175 3600 1477 3653 audierunt
1500 3600 1677 3654 Judaei

117 3684 302 3741 verbum
323 3687 570 3741 Christi?
602 3688 674 3742 Et
699 3687 947 3758 quidem,
966 3687 1019 3739 id
1041 3692 1126 3740 est
1145 3688 1474 3751 certissime,
1501 3690 1558 3741 in
1592 3704 1678 3743 ve—

117 3770 250 3826 ritate
277 3770 410 3841 dico,
438 3777 575 3847 quia
605 3776 926 3841 audierunt,
953 3776 1045 3829 sed
1069 3775 1296 3829 credere
1324 3783 1679 3847 contempse-

118 3866 235 3912 runt
264 3861 485 3919 Poterat
508 3862 718 3935 aliquis
737 3863 809 3917 ad
835 3864 952 3917 haec
973 3864 1156 3916 dicere
1178 3883 1190 3918 :
1215 3864 1463 3934 Apostoli
1493 3880 1677 3918 reces-

118 3956 274 4004 serunt
290 3950 355 4005 ab
384 3953 483 4011 eis,
511 3959 570 4007 et
601 3948 881 4024 quomodo
912 3957 1214 4022 potuerunt
1238 3952 1476 4005 audire?
1510 3953 1678 4006 Asse-

118 4035 173 4087 rit
195 4048 393 4111 quoque
418 4040 729 4113 Apostolus
755 4041 1010 4110 esemplo
1042 4040 1385 4111 prophetico,
1408 4047 1465 4094 et
1490 4041 1628 4095 dicit
1655 4060 1667 4095 :

121 4121 365 4185 Quomodo
380 4130 569 4201 potuit
581 4147 704 4183 esse
719 4135 783 4183 ut
799 4146 911 4182 non
934 4129 1193 4183 audirent
1215 4147 1226 4182 :
1255 4130 1316 4183 In
1339 4146 1553 4182 omnem
1575 4135 1678 4183 ter-

122 4228 215 4265 ram
232 4221 385 4270 exivit
405 4235 579 4271 sonus
603 4235 815 4281 eorum,
840 4224 887 4272 et
914 4220 975 4270 in
997 4220 1129 4285 ﬁnes
1157 4219 1303 4270 orbis
1334 4222 1490 4271 terra
1516 4218 1676 4270 verba

118 4315 288 4357 carina.
307 4304 534 4360 Dixerat
557 4323 732 4377 supra
761 4305 909 4360 idem
937 4305 1265 4360 Psalmista:
1290 4306 1411 4359 Non
1439 4316 1569 4358 sunt
1597 4309 1678 4359 lo-

1756 3158 1800 3212 si
1823 3158 2143 3229 praedicatio
2167 3160 2549 3229 apostolorum
2570 3157 2641 3214 ad
2656 3174 2851 3215 omnes
2868 3168 3065 3232 gentes
3081 3165 3356 3236 pervenit,"

1758 3252 1967 3316 quanto
1987 3246 2165 3315 magis
2189 3247 2257 3299 ad
2280 3247 2520 3309 Iudaeos,
2540 3248 2687 3317 apud
2713 3263 2853 3318 quos
2879 3251 3146 3305 seminari
3166 3253 3353 3324 cmpit,

1756 3334 2065 3404 praesertim
2083 3342 2211 3387 cum
2229 3334 2336 3403 ipsi
2357 3335 2473 3388 sint
2490 3335 2740 3388 omnium
2756 3337 3013 3404 gentium
3028 3334 3358 3396 mediterra4

1757 3422 1866 3474 nei.
1902 3422 2001 3476 Vel
2032 3422 2196 3475 aliter
2226 3440 2237 3474 :
2274 3423 2540 3492 Nunquid
2588 3422 2762 3477 Israel
2798 3440 2910 3478 non
2954 3429 3214 3497 cognovit
3243 3430 3359 3501 pri-

1758 3510 1948 3563 mum?
1966 3511 2240 3579 Cognovit
2268 3511 2464 3581 utique
2485 3511 2542 3564 in
2562 3504 2829 3582 apostolis
2849 3520 2907 3567 et
2925 3502 3244 3584 apostolicis
3275 3520 3356 3572 vi-

1759 3598 1853 3651 ris.
1888 3601 2113 3651 Primus
2142 3600 2346 3667 Moyses
2373 3602 2507 3652 dicit
2537 3615 2555 3651 :
2586 3601 2696 3666 Ego
2725 3602 2798 3653 ad
2826 3605 3237 3659 mnutationem
3267 3622 3357 3661 vos

1758 3689 2033 3740 adducam
2064 3690 2123 3739 in
2156 3703 2263 3739 non
2294 3692 2526 3753 gentem.
2556 3688 2862 3742 zEmulatio
2894 3707 3016 3759 quae
3045 3692 3235 3747 Graeco
3267 3706 3357 3748 vo-

1760 3776 1957 3830 cabulo
1977 3776 2126 3828 zelus
2151 3776 2481 3844 appellatur.
2510 3791 2618 3829 non
2642 3776 3010 3842 uniformiter,
3042 3795 3223 3850 neque
3252 3782 3356 3836 sub

1761 3876 1872 3917 uno
1900 3880 2071 3917 sensu
2098 3880 2323 3933 semper
2349 3864 2639 3933 accipitur.
2672 3866 2816 3918 Nam
2849 3867 3079 3936 ponitur
3105 3884 3203 3939 pro
3234 3871 3359 3925 imi-

1759 3952 1988 4013 tatione,
2010 3968 2109 4021 pro
2130 3953 2336 4015 studio,
2367 3968 2466 4021 pro
2487 3968 2698 4015 amore,
2730 3969 2830 4022 pro
2860 3954 3188 4020 invidentia,
3213 3959 3359 4013 sicut

1760 4041 1866 4093 hic.
1898 4042 2015 4094 Hoc
2044 4048 2231 4093 autem
2257 4042 2472 4111 Moyses
2493 4057 2556 4094 ex
2577 4056 2819 4110 persona
2838 4045 3239 4113 omnipotentis
3255 4046 3358 4103 Dei

1758 4134 1953 4182 contra
1972 4129 2190 4183 Iudaeos
2211 4128 2478 4198 loQuitur,
2503 4129 2599 4198 qui
2615 4129 2682 4182 ad
2710 4131 3124 4187 aemulationem
3146 4142 3203 4188 et
3220 4135 3360 4190 invi-

1759 4217 1908 4270 diam
1946 4217 2098 4270 ducti
2137 4220 2270 4269 sunt
2299 4222 2494 4271 contra
2530 4228 2642 4270 non
2680 4223 2928 4287 gentem,
2962 4219 3017 4273 id
3050 4224 3136 4277 est
3162 4230 3360 4280 contra

1760 4307 2029 4377 populum
2059 4322 2125 4359 ex
2154 4304 2417 4375 gentibus
2445 4305 2790 4373 credentem,
2822 4307 2913 4361 cui
2956 4324 3179 4380 semper
3214 4307 3361 4367 invi-

119 4392 250 4453 quctz
274 4409 437 4461 neque
465 4412 764 4456 sermones,
793 4411 1029 4463 quorum
1062 4411 1171 4448 non
1199 4392 1513 4447 audiantur
1532 4409 1676 4448 voces
1697 4385 1743 4440 Π
1763 4394 1917 4455 dent,
1949 4394 2082 4447 dum
2112 4390 2302 4448 vident
2328 4410 2459 4448 eum
2489 4384 2547 4447 in
2578 4394 2762 4465 ipsum
2799 4397 3028 4451 credere
3058 4414 3225 4469 quem
3252 4401 3363 4473 ipsi

121 4491 270 4531 eorum
300 4484 461 4545 (Psat.
496 4494 675 4547 XVIII).
726 4483 782 4537 Si
824 4484 1131 4537 secundum
1174 4484 1396 4552 linguas
1428 4482 1681 4536 omnium

118 4567 327 4632 gentium
348 4577 403 4625 et
420 4588 721 4626 sermones
741 4571 945 4626 auditae
963 4578 1095 4626 sunt
1115 4587 1276 4625 voces
1296 4571 1679 4641 apostolorum

120 4650 164 4703 in
186 4650 303 4723 ipsis
328 4659 617 4728 gentibus,
658 4666 869 4730 quanto
900 4661 1078 4728 magis
1109 4661 1258 4731 apud
1286 4659 1534 4728 Judeeos,
1560 4661 1685 4731 ipsa

120 4737 276 4810 lingua
299 4762 491 4800 eorum
516 4746 759 4801 Hebraea
778 4747 970 4800 audita
991 4747 1109 4801 est?
1131 4740 1187 4801 Si
1211 4748 1360 4800 enim
1384 4746 1455 4800 ab
1477 4748 1678 4801 Hieru-

120 4827 260 4882 salem
287 4832 339 4886 in
364 4844 617 4904 quatuor
643 4835 871 4889 climata
900 4836 1094 4889 mundi
1119 4835 1483 4905 Evangelium
1505 4836 1682 4891 divul-

117 4918 275 4981 gatum
292 4925 392 4989 est,
413 4924 706 4992 quomodo
736 4924 870 4994 ipsis
889 4914 1112 4990 Judaeis,
1136 4942 1170 4978 ει
1196 4924 1399 4995 quibus
1420 4925 1683 4994 praedica-

120 5001 180 5055 ὶίο
217 5007 453 5075 ejusdem
501 5012 790 5081 Evangelii
827 5014 1114 5067 exordium
1159 5013 1422 5083 sumpsit,
1454 5029 1566 5066 non
1596 5019 1684 5067 est

122 5091 477 5156 pmdicatum?
507 5101 753 5154 maxime
774 5117 900 5155 cum
920 5107 978 5155 et
999 5101 1103 5171 ipsi
1129 5086 1525 5156 mediterranei
1546 5101 1675 5156 sint.

123 5177 248 5239 Quod
266 5187 405 5240 enim
426 5188 784 5242 Hierusalem
807 5191 863 5242 in
883 5191 1064 5243 medio
1085 5196 1363 5245 terrarum
1386 5191 1459 5245 sit
1479 5192 1679 5262 posita,

121 5266 235 5323 sicut
259 5273 546 5330 umbilicus
580 5278 807 5339 ventris,
838 5283 1081 5332 testatur
1102 5281 1414 5343 Psalmista,
1449 5280 1641 5334 dicens
1666 5298 1678 5333 :

124 5355 231 5410 Deus
254 5368 447 5425 autem,
474 5381 575 5418 re):
602 5371 782 5419 noster
809 5374 937 5421 ante
962 5372 1175 5427 smta,
1209 5374 1463 5435 operatus
1488 5374 1563 5422 est
1592 5386 1684 5422 sa-

126 5445 264 5501 lutem
296 5452 569 5527 in‘medio
605 5458 759 5508 terrae
792 5458 961 5523 (Psal.
986 5455 1166 5525 LXXII),
1194 5457 1249 5510 id
1278 5463 1364 5511 est
1390 5458 1449 5511 in
1481 5446 1683 5512 Hieru-

126 5530 288 5591 salem.
324 5540 391 5595 Et
414 5554 523 5617 per
563 5534 912 5601 Mhielem
934 5545 1211 5601 Dominus
1247 5546 1497 5620 loqmtur
1527 5564 1538 5600 :
1574 5548 1683 5603 Ista

1763 4483 2102 4543 occiderunt,
2136 4483 2283 4537 sicut
2312 4484 2370 4536 in
2401 4480 2632 4538 Actibus
2657 4485 3039 4553 apostolorum
3069 4489 3312 4543 refertur
3345 4508 3359 4544 :

1763 4570 1922 4634 Quod
1944 4573 2179 4625 videntes
2198 4573 2378 4626 Judaei
2399 4574 2589 4626 turbas
2607 4572 2863 4642 gentium
2883 4574 3248 4641 credentium,
3270 4593 3362 4631 re-

1759 4663 1898 4728 pleti
1923 4666 2053 4714 sunt
2084 4664 2215 4717 zelo.
2239 4665 2289 4713 et
2317 4660 2765 4714 contradicebant
2790 4662 2875 4713 his
2894 4676 3013 4728 quas
3030 4678 3066 4715 a
3086 4665 3259 4717 Paulo
3278 4666 3363 4717 di-

1766 4749 2029 4802 cebantur
2058 4748 2194 4813 (Act.
2228 4752 2370 4812 xm).
2403 4746 2548 4802 Ante
2586 4740 2818 4800 Domini
2851 4748 3150 4802 adventum
3180 4762 3361 4820 genus

1764 4836 2074 4889 humanum
2103 4835 2161 4888 in
2186 4836 2211 4889 J
2223 4834 2409 4888 udaaos
2426 4831 2781 4887 dividebatur
2793 4837 2849 4885 et
2872 4838 3089 4902 gentes,
3110 4836 3209 4890 sed
3226 4830 3363 4907 gen-

1762 4930 1849 4978 tes
1880 4940 1981 4994 per
2008 4923 2404 4977 enormitatem
2434 4922 2732 4983 malorum,
2772 4920 2853 4973 ita
2896 4925 3365 4981 transcenderant

1763 5012 2099 5067 conditionis
2118 5027 2232 5065 suae
2253 5009 2501 5071 modum,
2526 5014 2589 5061 ut
2607 5008 2776 5061 etiam
2797 5008 2982 5077 gentis
3002 5011 3230 5067 nomine
3250 5022 3365 5070 non

1765 5102 2106 5155 meruissent
2134 5098 2424 5170 appellari,
2450 5098 2545 5169 sed
2572 5108 2760 5159 canes,
2791 5097 3012 5152 dicente
3041 5099 3278 5158 Domino
3306 5104 3368 5160 in

1765 5191 2063 5260 Evangelio
2083 5209 2095 5243 :
2116 5192 2238 5243 Non
2258 5193 2334 5241 est
2353 5186 2555 5239 bonum
2574 5199 2789 5241 sumere
2803 5196 3005 5255 panem
3026 5188 3295 5256 ﬁliorum,
3313 5199 3369 5250 et

1764 5284 1980 5333 mittere
2005 5280 2232 5331 canibus
2257 5276 2471 5339 (Matth.
2497 5274 2604 5343 xv).
2630 5274 2791 5328 Unde
2811 5292 2921 5330 non
2938 5292 3080 5347 gens
3105 5276 3368 5338 diceban-

1768 5375 1879 5437 tur,
1893 5368 2026 5437 quia
2041 5367 2258 5419 ratione
2271 5364 2479 5418 amissa
2502 5364 3052 5421 irrationabilitatem
3069 5371 3367 5427 sectaban-

1765 5456 2100 5511 tur.Verum
2118 5471 2245 5509 cum
2260 5454 2617 5526 postmodum
2628 5454 2999 5511 credidissent
3012 5462 3129 5511 tam
3147 5465 3370 5531 aposto-

1766 5546 1835 5599 lis
1856 5532 2289 5618 praedicantibus
2313 5551 2487 5617 quam
2506 5554 2706 5601 eorum
2728 5545 3168 5618 successoribus,
3186 5538 3366 5605 Judaei
3400 5545 3405 5550 ’
