3936 6164
498 302 607 361 455

916 296 1298 355 HAYMONIS
1336 297 1827 353 HALBERSTAT.
1870 292 2094 352 EPISC.
2138 293 2297 348 OPP.
2337 294 2523 350 PARS
2561 295 2606 349 Ι.
2648 322 2711 334 -
2753 292 3126 350 COMMENT.
3170 292 3345 347 BIBL.

3619 292 3708 349 456

485 432 789 482 contraeos
800 425 1178 479 excitatisunt
1193 430 1249 478 et
1265 426 1599 480 inﬂammati
1613 424 1832 478 invidiae
1853 402 2090 477 facibus.
2115 422 2164 479 A
2181 421 2379 476 neﬁcia
2409 419 2720 491 largissime
2748 419 2960 474 tribuit.
2982 420 3125 472 Nam
3157 423 3398 472 mortuos
3422 417 3621 471 illorum
3640 433 3714 471 su-

486 515 781 585 Exponens
805 529 938 583 ergo
962 513 1271 583 Apostolus
1293 514 1441 584 quod
1466 515 1698 575 dixerat,
1719 528 1829 565 non
1847 516 2093 580 gentem,

482 603 687 662 infert:
721 606 788 657 In
817 608 1030 669 gentem
1060 605 1435 669 insipientem,
1468 603 1523 655 id
1555 606 1658 663 est,
1688 600 1833 652 idola
1858 616 1958 669 pro
1982 599 2096 652 Deo

487 709 616 746 vero
646 692 944 753 colentem,
974 692 1034 742 in.
1061 692 1210 742 iram
1235 707 1323 743 vos
1344 694 1585 751 mittam,
1611 688 1878 742 subaudis
1898 694 2093 740 contra

490 782 635 834 hanc
652 785 877 848 gentem
906 777 1285 847 insipientem.
1307 778 1441 840 Qua}
1463 793 1587 831 cum
1611 777 1803 830 fuisset
1824 792 2001 844 usque
2022 776 2094 829 ad

486 869 786 925 adventum
832 866 1040 920 Christi
1081 866 1373 935 insipiens.
1411 866 1533 935 ejus
1571 865 1681 918 ﬁde
1719 864 1913 933 potita,
1948 864 2095 917 facta

488 961 573 1009 est
601 955 841 1024 sapiens.
889 953 1098 1006 Contra
1141 969 1311 1023 quam
1348 954 1469 1022 jam
1513 952 1830 1005 credentem
1862 951 1920 1004 in
1950 952 2091 1004 iram

487 1040 1113 1105 mittunturJudaeimon
1127 1040 1276 1109 quod
1292 1040 1440 1093 Deus
1456 1039 1869 1093 aemulationem
1884 1039 2092 1092 etiram

488 1133 547 1186 in
567 1132 676 1185 illis
697 1135 981 1200 operetur,
1008 1128 1105 1181 sed
1129 1127 1278 1197 quod
1309 1127 1580 1180 beneﬁcia
1609 1142 1713 1180 sua
1736 1143 1859 1196 quae
1885 1124 2090 1179 Judzeis

491 1220 917 1290 displicuerunt,
958 1216 1028 1269 ad
1079 1232 1139 1269 se
1176 1215 1456 1268 conversis
1493 1213 1755 1284 gentibus
1784 1213 2083 1282 largiatur.

490 1310 685 1364 Potest
714 1313 769 1361 et
790 1305 938 1376 quod
968 1303 1122 1365 dicit,
1149 1304 1206 1356 in
1230 1319 1342 1356 non
1363 1308 1613 1372 gentem,
1630 1302 1795 1355 aliter
1815 1300 2052 1369 intelligi
2075 1318 2087 1352 :

490 1397 742 1452 Gentiles
763 1392 1032 1447 increduli
1065 1397 1197 1444 ante
1230 1396 1548 1461 perceptam
1580 1389 1747 1443 ﬁdem
1773 1406 1912 1459 gens
1941 1404 2095 1441 voca-

491 1485 734 1539 bantur:
765 1486 1027 1552 percepta
1059 1486 1245 1533 autem
1276 1479 1463 1549 gratia
1491 1478 1640 1542 ﬁdei,
1675 1494 1786 1531 non
1808 1479 1925 1547 jam
1955 1492 2094 1545 gens

2179 511 2435 564 scitavit:
2471 510 2717 563 diversas
2763 507 3120 561 inﬁrmitates
3166 505 3474 559 morborum
3516 503 3714 567 curavit,

2180 599 2491 653 esurientes
2512 603 2568 650 et
2591 597 2872 649 famelicos
2897 594 3131 664 panibus
3152 593 3263 647 suis
3291 593 3452 662 pavit,
3470 592 3718 660 multaque

2178 684 2613 740 innumerabilia
2636 685 2779 736 bona
2799 683 2879 735 eis
2908 680 3200 751 impendit,
3226 679 3422 749 quibus
3440 694 3637 746 semper
3654 676 3720 729 illi

2174 775 2632 828 contradixerunt
2656 772 2907 825 dicentes
2931 770 3001 822 de
3030 769 3125 821 illo
3151 787 3162 820 :
3196 771 3264 822 In
3290 769 3558 821 Beelzebub
3579 770 3719 833 prin-

2176 867 2287 931 cipe
2328 864 2726 915 daemoniorum
2767 861 2915 926 ejicit
2956 858 3226 910 dmnonia
3267 855 3469 919 (Matth.
3498 854 3606 921 xu),
3633 860 3715 907 et:

2174 953 2296 1005 Non
2342 954 2418 1003 est
2457 950 2546 1001 hic
2587 948 2744 999 homo
2780 961 2814 997 a
2856 947 2979 1010 Deo,
3027 946 3161 1011 quia
3196 944 3475 995 sabbatum
3508 957 3607 994 non
3639 959 3722 994 cu-

2174 1040 2336 1094 stodit
2378 1040 2556 1094 (Joan.
2593 1040 2690 1096 1x).
2725 1034 2849 1089 Sive
2887 1032 3055 1086 etiam
3089 1046 3287 1084 manus
3315 1027 3584 1098 expandit,
3609 1027 3721 1079 dum

2172 1146 2268 1182 eas
2297 1128 2355 1181 in
2386 1142 2550 1179 cruce
2585 1124 2739 1194 aflgi
2770 1121 3041 1193 permisit.
3068 1120 3165 1173 Est
3185 1130 3401 1188 quoque
3421 1115 3723 1184 consuetudo

2172 1222 2396 1289 patrum
2410 1220 2475 1269 ut
2490 1213 2811 1284 expandant
2829 1210 3059 1263 brachia
3069 1207 3273 1278 quibus
3288 1205 3591 1259 carissimos
3606 1202 3724 1256 ﬁlios

2174 1304 2581 1375 amplexentur,
2603 1306 2660 1354 et
2676 1300 2735 1353 in
2758 1296 3034 1368 gremium
3058 1311 3219 1349 suum
3242 1292 3532 1347 collocent:
3554 1289 3624 1343 sic
3640 1289 3724 1342 Do-

2173 1391 2363 1445 minus
2387 1388 2609 1442 Judaeos
2629 1383 2936 1455 amplexari
2956 1382 3151 1444 voluit,
3175 1386 3233 1434 et
3259 1378 3317 1432 in
3344 1378 3465 1431 sinu
3485 1392 3588 1430 suae
3612 1375 3723 1427 cha-

2175 1478 2359 1532 ritatis
2386 1478 2632 1533 trahere,
2664 1473 2855 1527 dicens
2887 1488 2898 1523 :
2937 1466 3331 1523 Pmnitentiam
3360 1465 3520 1536 agite,
3549 1476 3724 1532 appro-

497 1548 788 1635 vocantur,
811 1570 907 1623 sed
936 1548 1040 1622 Dei
1073 1568 1312 1639 populus
1337 1573 1389 1620 et
1420 1566 1576 1637 plebs
1603 1566 1976 1637 appellantur,
2007 1564 2095 1617 di-
2177 1564 2471 1639 pinquabit
2490 1562 2636 1617 enim
2665 1575 2899 1630 regnum
2922 1557 3183 1611 caelorum
3208 1555 3416 1623 (Matth.
3440 1556 3531 1613 Iv),
3546 1550 3631 1604 sed
3657 1548 3725 1601 illi

504 1665 664 1715 cente
695 1658 931 1712 Domino
962 1673 1064 1726 per
1092 1654 1449 1709 Psalmistam
1481 1672 1491 1706 :
1524 1656 1763 1721 Populus
1792 1668 1951 1721 quem
1983 1668 2098 1704 non
2178 1638 2401 1725 semper
2442 1651 2781 1706 studuerunt
2825 1645 3225 1709 contradicere,
3257 1642 3499 1695 dicentes
3531 1656 3540 1688 :
3570 1638 3726 1691 Nesci-

491 1749 716 1816 cognovi
743 1725 1125 1799 servivitimihi
1147 1745 1316 1813 (Psat.
1351 1746 1511 1805 xvu).
1533 1742 1691 1796 Unde
1713 1740 1846 1793 alibi
1866 1741 2101 1809 Aposto-
2117 1761 2161 1819 Β
2180 1762 2304 1800 mus
2327 1744 2474 1795 hunc
2493 1741 2639 1793 unde
2660 1740 2729 1789 sit
2749 1737 2934 1802 (Joan.
2963 1734 3059 1801 ιχ).
3089 1732 3245 1786 Solet
3272 1729 3438 1783 etiam
3465 1725 3635 1780 nutrix
3656 1740 3728 1776 ex-

490 1837 578 1890 lus
607 1853 618 1887 :
650 1834 831 1896 Scitis,
864 1832 1066 1902 inquit,
1088 1835 1223 1900 quia
1243 1848 1368 1884 cum
1392 1835 1573 1897 gentes
1597 1832 1795 1889 essetis,
1816 1830 1889 1882 ad
1917 1831 2091 1881 simu-

2175 1833 2403 1891 tendere
2420 1844 2643 1895 manus,
2660 1831 2724 1879 ut
2742 1824 3053 1877 delectatus
3065 1821 3111 1873 is
3129 1819 3224 1890 qui
3244 1811 3730 1872 nutriturveniendo

493 1927 646 1978 lacra
673 1929 829 1975 muta
854 1898 1021 1989 pruut
1050 1898 1422 1984 ducebamini,
1449 1918 1641 1979 eratis,
1669 1922 1856 1970 euntes
1889 1918 1939 1984 (1
1965 1916 2083 1970 Cor.

2175 1923 2244 1977 ad
2266 1936 2389 1975 eam
2414 1918 2593 1971 discat
2612 1912 2905 1967 ambulare
2930 1928 2941 1962 :
2971 1915 3029 1962 et
3047 1907 3288 1979 populus
3310 1902 3631 1959 lsraeliticus
3648 1898 3730 1989 ad-

490 2015 607 2080 xn).
652 2010 807 2074 Quod
841 1986 950 2063 tale
994 2016 1080 2062 est
1107 2024 1171 2061 ac
1200 2008 1246 2061 si
1280 2007 1490 2061 diceret
1521 2026 1533 2060 :
1570 2006 1777 2061 Fuistis
1808 2005 2091 2076 quondam
2175 2009 2404 2063 modum
2424 2003 2656 2059 claudus
2679 2006 2820 2063 erat,
2853 1997 2985 2068 quia
3002 2011 3230 2067 gressus
3261 1993 3419 2047 bona
3434 1986 3732 2061 operationis

490 2074 710 2171 gentes,
740 2099 836 2152 sed
860 2098 978 2167 jam
1008 2113 1120 2150 non
1152 2096 1286 2149 estis
1312 2101 1529 2165 gentes.
1553 2096 1618 2150 In
1647 2095 1791 2148 hanc
1819 2074 1951 2164 ergo
1979 2109 2093 2147 non
2168 2100 2287 2169 jam
2324 2111 2436 2149 non
2468 2089 2731 2149 habebat,
2765 2087 2838 2141 ad
2870 2102 3036 2157 quam
3067 2082 3340 2138 Dominus
3366 2074 3735 2151 quodammodo

496 2165 721 2258 gentem
754 2165 1079 2239 irascuntur
1107 2184 1283 2237 Judaei
1312 2183 1519 2237 invidia
1553 2183 1721 2237 ducti.
2171 2165 2381 2240 manus
2406 2177 2673 2250 expandit
2703 2180 2765 2230 ut
2792 2174 2861 2228 ad
2894 2189 2952 2227 se
2981 2171 3195 2225 veniret
3223 2170 3358 2223 dum
3387 2166 3553 2221 dixit:
3587 2165 3735 2217 Venite

561 2278 736 2331 Isaias
762 2279 947 2328 autem
976 2274 1141 2326 audet
1171 2277 1218 2325 et
1245 2273 1379 2326 dicit
1406 2291 1421 2325 :
1449 2273 1572 2325 Non
1606 2271 1725 2324 sine
1748 2270 1965 2324 ratione
1988 2269 2094 2323 hoc
2174 2275 2247 2326 ad
2268 2288 2371 2336 me,
2391 2284 2573 2323 omnes
2595 2268 2694 2334 qui
2716 2263 2977 2317 laboratis
2995 2265 3047 2313 et
3068 2260 3289 2311 onerati
3307 2259 3450 2319 estis,
3467 2264 3513 2307 et
3531 2268 3612 2319 ego
3628 2252 3734 2315 reli-

490 2365 723 2420 verbum
767 2362 916 2433 quod
962 2365 1048 2415 est
1086 2360 1274 2421 audet,
1326 2360 1514 2430 posuit
1564 2359 1885 2429 Apostolus.
1919 2358 2093 2412 Isaias
2175 2364 2321 2415 ciam
2340 2376 2430 2413 vos
2449 2349 2913 2422 (Matth.x1).Sed
2933 2349 3050 2415 ille,
3073 2345 3345 2416 neglectis
3364 2344 3481 2413 ejus
3498 2342 3735 2433 donorum

489 2453 692 2524 Spiritu
729 2426 1054 2521 ρίορῐιειὶοο
1085 2426 1350 2517 repletus;
1385 2426 1696 2500 ﬁdebat—Se
1727 2450 2095 2499 contemnen-
2175 2446 2481 2508 beneﬁciis,
2511 2458 2740 2515 gressus
2769 2445 2921 2493 retro
2946 2438 3005 2490 in
3034 2435 3424 2490 inﬁdelitatem
3447 2426 3693 2485 retrorsit.

490 2522 625 2596 dum
660 2557 695 2593 a
720 2538 946 2602 Judaeis,
982 2542 1039 2591 et
1066 2536 1236 2590 etiam
1266 2551 1423 2589 serra
1456 2534 1644 2604 lignea
1675 2533 2000 2597 secandum,
2035 2538 2090 2587 et
2789 2525 3022 2581 CAPUT
3058 2522 3158 2578 XI.

501 2635 694 2684 tamen
720 2627 907 2689 audet,
931 2626 986 2679 id
1018 2629 1103 2678 est
1131 2624 1399 2678 audacter
1427 2623 1564 2676 dicit
1590 2639 1656 2676 ex
1685 2638 1924 2693 persona
1943 2621 2101 2676 Chri-
2252 2627 2382 2680 Dico
2407 2639 2566 2690 ergo:
2589 2618 2860 2685 Nunquid
2887 2613 3099 2683 repulit
3125 2614 3270 2667 Deus
3288 2613 3550 2679 populum
3567 2621 3734 2660 suum:

501 2718 594 2784 sti,
615 2733 725 2771 non
757 2714 1066 2769 formidans
1094 2713 1315 2767 Judaeos
1344 2710 1613 2775 rebelles:
1642 2712 1901 2764 Inventus
1922 2726 2045 2763 sum
2064 2726 2099 2762 α
2182 2712 2450 2767 subaudis
2481 2727 2544 2763 ex
2575 2712 2715 2773 toto,
2746 2706 2918 2759 Absit.
2953 2702 3095 2756 Nam
3132 2705 3181 2753 et
3220 2716 3314 2767 ego
3352 2699 3594 2753 Israelita
3618 2708 3736 2755 sum,

490 2823 603 2861 non
618 2806 988 2874 quaerentibus
1000 2818 1102 2862 me,
1115 2804 1308 2869 palam
1327 2805 1570 2868 apparui
1582 2801 1667 2852 his
1682 2802 1875 2866 quime
1886 2814 1997 2851 non
2010 2800 2096 2851 in-
2177 2820 2240 2856 ea;
2260 2803 2468 2854 semine
2485 2796 2789 2855 Abraham,
2812 2793 2875 2845 de
2897 2793 3047 2843 tribu
3070 2790 3387 2855 Benjamin,
3406 2784 3496 2855 qui
3518 2798 3619 2836 non
3637 2794 3739 2832 sum

493 2870 867 2962 terragabant.
895 2890 1213 2945 Gentilibus
1242 2906 1353 2943 non
1380 2886 1761 2959 quaerentibus
1783 2886 2092 2952 Christum,
2178 2889 2456 2960 repulsus,
2484 2884 2581 2940 sed
2613 2899 2739 2937 cum
2772 2879 2897 2934 aliis
2927 2894 3028 2942 per
3062 2876 3228 2929 ﬁdem
3261 2873 3470 2929 Christi
3499 2870 3733 2924 salvatus.

493 2984 589 3055 qui
617 2956 798 3052 neque
828 2980 987 3051 legis,
1021 2996 1202 3049 neque
1232 2956 1634 3049 prophetarum
1666 2975 1893 3045 aliquod
1924 2973 2096 3028 habe-
2113 3028 2154 3055 η
2181 2956 2409 3031 εἶεηίω
2432 2991 2497 3029 ex
2525 2978 2645 3026 toto
2666 2968 2966 3039 repulisset
2988 2964 3256 3035 populum
3279 2978 3444 3017 suum
3475 2956 3648 3055 Israel,
3668 2969 3739 3006 me

494 3073 631 3127 bant
650 3071 1068 3133 documentum,
1086 3069 1200 3121 sive
1222 3065 1671 3136 promissionem,
1690 3064 1759 3117 de
1781 3080 1846 3117 eo
1870 3063 1989 3133 ipse
2005 3042 2155 3133 ap-U
2181 3079 2293 3117 non
2318 3062 2579 3116 salvaret.
2609 3058 2704 3128 qui
2726 3057 2796 3110 de
2821 3069 3015 3108 eorum
3036 3049 3300 3122 prosapia
3322 3047 3584 3119 originem
3604 3042 3736 3096 duco.

490 3159 699 3232 paruit.
726 3159 826 3213 llle
849 3174 1119 3228 apparere
1150 3132 1379 3217 dicitur,
1407 3154 1502 3224 qui
1526 3169 1637 3206 non
1660 3132 1977 3221 separatur,
2001 3132 2097 3204 sed
2251 3152 2373 3206 Non
2408 3150 2614 3216 repulit
2646 3147 2786 3200 Deus
2825 3144 3026 3211 plebem
3074 3155 3233 3194 suam
3271 3153 3443 3205 quam
3485 3132 3739 3202 praeit“.

491 3248 676 3304 subito
705 3255 762 3301 et
805 3247 1088 3317 insperate
1117 3244 1286 3305 venit,
1321 3242 1469 3296 sicut
1512 3240 1778 3311 apparuit
1822 3239 2096 3293 Dominus
2180 3236 2539 3293 Praescientia
2567 3229 3113 3305 praedestinationem
3146 3224 3432 3297 praecedit,
3456 3228 3511 3276 et
3529 3236 3629 3274 non
3648 3232 3741 3271 om-

495 3337 735 3393 Abrahae
765 3353 890 3390 cum
920 3351 1030 3389 non
1062 3337 1405 3404 speraretur,
1438 3336 1495 3384 et
1522 3329 1667 3383 sicut
1698 3328 1960 3398 apparuit
1995 3344 2097 3381 an-
2182 3327 2277 3381 nia
2296 3342 2419 3396 quae
2441 3322 2828 3395 praesciuntur,
2854 3315 3364 3389 prtedestinantur:
3395 3314 3739 3365 verumtamen

488 3428 651 3497 gelus
677 3424 956 3479 Zachariae
988 3442 1000 3475 :
1032 3400 1111 3476 sic
1142 3419 1416 3474 Dominus
1444 3419 1607 3472 Jesus
1632 3416 1897 3487 apparuit
1919 3416 2101 3485 genti-
2183 3432 2305 3486 qua;
2320 3412 2808 3485 praedestinantur,
2831 3406 3020 3461 omnia
3040 3402 3434 3475 praesciuntur.
3458 3400 3565 3453 Hoc
3577 3400 3737 3493 autem

491 3515 618 3579 bus,
636 3510 1064 3585 praedicantibus
1092 3508 1379 3581 apostolis,
1405 3512 1463 3560 et
1488 3504 1911 3560 coruscantibus
1934 3504 2099 3558 mira-
2181 3504 2237 3557 in
2267 3483 2409 3567 loco,
2442 3498 2792 3572 praescientia
2836 3512 2938 3567 pro
2967 3491 3459 3564 praedestinatione
3486 3483 3737 3555 accipitur.

500 3604 659 3667 culis,
694 3618 819 3656 cum
869 3617 981 3655 non
1026 3604 1444 3669 exspectaretur
1487 3594 1556 3648 ab
1599 3594 1726 3647 illis.
1775 3594 1917 3647 Nam
1951 3592 2098 3662 quod
2180 3609 2279 3664 per
2322 3591 2472 3661 quod
2513 3586 2760 3642 ostendit
2800 3585 3039 3646 nullum,
3071 3581 3186 3634 sive
3230 3596 3296 3633 ex
3334 3576 3533 3632 Iudaeis
3559 3573 3661 3626 sive
3686 3584 3738 3620 ex

494 3692 619 3762 ipse
647 3658 707 3743 in
738 3689 1003 3760 apostolis
1032 3658 1354 3757 apparuerit
1397 3680 1681 3754 gentibus,
1712 3658 2100 3735 testatur—suis
2179 3658 2441 3752 gentibus
2469 3674 2950 3748 prazdestinatum,
2979 3685 3100 3724 esse
3130 3667 3441 3738 repulsum.
3469 3658 3741 3717 Praesciuu-

498 3776 872 3835 sermonibus.
896 3776 1023 3828 Ecce
1053 3791 1144 3840 ego
1172 3776 1445 3827 vobiscum
1476 3787 1601 3824 sum
1632 3772 1887 3824 omnibus
1911 3771 2099 3823 diebus
2179 3750 2275 3824 tur
2295 3767 2445 3822 enim
2469 3766 2619 3819 bona
2637 3768 2695 3817 et
2716 3762 2865 3816 mala
2884 3776 2917 3813 a
2937 3759 3071 3820 Deo,
3096 3755 3563 3827 praedestinantur
3577 3750 3739 3800 autem

496 3882 665 3934 usque
695 3867 767 3917 ad
791 3831 1320 3917 consummationem
1344 3862 1531 3914 saeculi
1555 3860 1766 3921 (Matth.
1796 3871 1942 3916 XXIX)
1994 3858 2100 3910 Per
2182 3854 2531 3912 solummodo
2553 3852 2716 3906 bona.
2741 3850 2808 3904 Et
2834 3849 2938 3902 hoc
2958 3847 3131 3900 distat
3156 3844 3306 3896 inter
3333 3831 3741 3929 praedestinatio-

497 3953 812 4009 doctrinam
832 3951 980 4006 enim
995 3952 1297 4014 caelestem,
1317 3954 1373 4003 et
1388 3964 1487 4019 per
1502 3947 1899 4001 miraculorum
1915 3946 2096 4015 signa,
2177 3960 2304 3998 nem
2337 3948 2393 3997 et
2421 3940 2662 4011 gratiam
2687 3957 2697 3991 :
2723 3937 2858 4008 quia
2885 3931 3302 4005 prsedestinatio
3333 3934 3422 3983 est
3447 3917 3743 3996 praeparatio

501 4059 625 4115 quae
655 4042 891 4114 apostoli
920 4038 1316 4112 operabantur,
1349 4036 1610 4109 apparuit
1637 4034 1892 4089 Christus
1920 4033 2099 4105 genti-
2176 4030 2588 4104 gratiae,gratia
2610 4032 2799 4082 autem
2817 4026 2935 4095 jam
2958 4023 3079 4094 ipsa
3095 4019 3324 4075 donatio
3342 4021 3744 4115 munerum

500 4096 626 4197 bus,
660 4096 924 4202 qhoniam
957 4096 1080 4200 ipse
1123 4096 1530 4200 cooperaliatur
1571 4126 1653 4180 eis
1683 4129 1739 4178 et
1766 4096 2100 4193 loquebatur
2177 4096 2342 4175 tuita.
2370 4096 2455 4174 Ah
2482 4119 2723 4179 nescitis,
2746 4114 2801 4167 id
2834 4117 2920 4167 est
2946 4109 3197 4181 nunquid
3222 4103 3514 4177 ignoratis,
3542 4101 3661 4202 quia
3676 4096 3744 4148 di-

496 4238 600 4294 per
616 4189 719 4275 lor‘a
735 4221 959 4273 illorum
971 4189 1146 4271 :Dicit
1161 4189 1405 4285 namque
1421 4213 1800 4283 Evangelium,
1813 4189 1959 4281 quod
1975 4227 2099 4281 pro-
2180 4214 2253 4264 cit
2265 4209 2557 4277 Scriptura
2574 4209 2636 4259 in
2648 4206 2792 4267 Elia,
2808 4200 3269 4272 quemadmodum
3280 4189 3743 4294 interpellatjDewn

496 4275 524 4294 εκ
1314 4275 1333 4285 -
1570 4275 1603 4283 ν
1792 4275 1795 4276 ν
1829 4275 1847 4281 -
1975 4275 1991 4281 -
2387 4275 2400 4277 _

496 4309 629 4363 fecti
645 4303 1306 4378 praedicaveruntubique
1323 4303 1560 4356 Domino
1572 4304 1908 4369 cooperante
1919 4305 1976 4352 et
1986 4315 2099 4352 ser—
2176 4300 2471 4352 adversum
2495 4296 2666 4350 181C161
2689 4311 2704 4344 :
2731 4292 2939 4345 Contra
2959 4304 3054 4341 eos
3073 4284 3351 4339 videlicet.
3377 4279 3470 4352 qui
3498 4294 3561 4332 ex
3578 4275 3743 4328 decem

498 4363 724 4451 monem
738 4395 1126 4456 conﬁrmante,
1145 4363 1508 4461 sequentibus
1517 4363 1712 4459 signis.
1729 4387 1992 4457 Sequitur
2005 4409 2016 4442 :
2031 4387 2100 4440 Et
2115 4376 2163 4433 D
2183 4384 2440 4439 tribubus
2460 4386 2688 4453 pr0pter
2716 4375 3091 4432 idololatriam
3114 4370 3515 4427 interfecerunt
3532 4363 3743 4418 cultores

499 4484 589 4541 his
610 4483 706 4554 qui
728 4497 944 4536 menon
968 4478 1585 4550 interrogabant.Sa:pe
1604 4476 1812 4545 legitur
1826 4476 2102 4530 Deusom-
2180 4474 2348 4529 unius
2376 4471 2476 4526 Dei
2505 4469 2640 4523 veri.

498 4533 762 4645 nipdtens
783 4586 817 4624 a
837 4568 1044 4624 sanctis
1063 4533 1462 4636 interrogatus,
1480 4533 1626 4619 sicut
1642 4533 2100 4635 aJMoyse,Abra-
2251 4564 2501 4623 Domine,
2532 4558 2823 4628 prophetas
2855 4561 2974 4608 tuos
3004 4552 3338 4606 occiderunt.
3382 4546 3502 4600 Hoc
3526 4542 3581 4595 in
3611 4533 3743 4592 libris

496 4635 652 4723 ham,
694 4659 954 4716 Samuele
982 4663 1040 4712 et
1084 4635 1318 4721 caeteris,
1352 4661 1411 4708 at
1437 4653 1676 4723 gentiles
1712 4669 1824 4706 non
1855 4652 2100 4705 interro—
2181 4652 2399 4721 Regum
2433 4649 2541 4715 (Ill
2563 4649 2685 4713 Reg.
2732 4658 2869 4707 xvn,
2904 4644 2960 4697 II
2988 4646 3124 4696 Par.
3163 4642 3294 4704 xvn)
3325 4635 3545 4707 plenius
3573 4638 3745 4723 naria-

500 4713 724 4825 gub—ant
740 4713 918 4805 Deum
956 4764 968 4799 :
1000 4745 1097 4800 sed
1128 4713 1496 4799 consulebant
1523 4741 1671 4795 idola
1708 4747 1764 4795 et
1791 4741 2093 4796 daemonia.
2183 4713 2301 4803 turv,
2332 4713 2613 4810 quomodo
2641 4733 2832 4789 Achab
2853 4739 2912 4788 et
2929 4729 3150 4786 Jezabel
3176 4743 3300 4782 cum
3333 4724 3439 4779 sibi
3469 4713 3747 4825 faventib'us

569 4842 655 4895 Ad
706 4841 877 4893 Israel
935 4841 1122 4891 autem
1170 4836 1305 4887 dicit
1358 4832 1505 4886 idem
1546 4829 1724 4884 Isaias
1761 4846 1827 4884 ex
1865 4844 2106 4900 persona
2186 4801 2490 4901 prophetas
2520 4823 2743 4880 Domini
2775 4821 3099 4876 occiderunt
3131 4836 3142 4871 :
3176 4818 3388 4870 altaria
3419 4818 3515 4866 tua
3548 4801 3749 4901 saliat?-

501 4891 720 4986 Cliristi—
789 4891 916 4981 i’ota
945 4926 1032 4978 die
1060 4923 1303 4991 expandi
1327 4936 1530 4974 manus
1562 4936 1709 4973 meas
1739 4921 1813 4972 ad
1835 4891 2104 4988 populum
2187 4891 2325 4972 ἷιωὶε
2345 4916 2539 4983 decem
2563 4912 2766 4977 tribus,
2788 4909 2935 4981 apud
2956 4924 3097 4978 quos
3120 4904 3255 4960 talia
3276 4901 3503 4991 ﬁebant,
3527 4895 3615 4991 qui
3639 4891 3753 4991 υἱξιισ

500 5033 614 5072 non
662 5017 985 5078 credentem,
1035 4976 1139 5066 sed‘
1171 5010 1632 5065 contradicentem
1688 4976 1853 5061 mihi".
1901 4976 2105 5062 :I‘otum
2186 5008 2271 5061 los
2301 4976 2587 5059 aureos'in
2619 4976 2841 5055 Danret—
2856 4999 2911 5051 in
2940 4976 3133 5051 B‘ethel
3165 5011 3195 5047 a
3225 4990 3518 5047 Jeroboam
3537 4982 3614 5078 ad
3639 4976 3752 5078 8de

502 5105 652 5159 diem
672 5103 919 5174 appellat
938 5063 1118 5154 totum
1136 5105 1360 5169 tempus
1378 5097 1678 5152 Dominicae
1698 5093 2107 5167 praedicationis
2188 5094 2395 5149 randos
2425 5094 2775 5161 acceperant,
2816 5086 3018 5141 altaria
3057 5074 3551 5174 Hierosolymitani
3571 5063 3754 5169 tetuli.“

502 5208 683 5264 usque
705 5191 773 5244 ad
798 5189 1112 5261 passionem
1148 5187 1311 5239 illius.
1336 5186 1443 5249 Qui
1465 5185 1723 5239 videlicet
1750 5201 1951 5238 manus
1977 5199 2107 5238 suas
2188 5198 2301 5236 non
2322 5180 2688 5243 suifoderant,
2712 5182 2765 5230 et
2788 5174 2992 5229 idcirco
3014 5169 3381 5240 intelligimus
3402 5162 3549 5236 quod
3570 5160 3621 5213 in
3639 5156 3755 5253 ipSiS

506 5243 860 5338 adjeumde‘m
888 5277 1157 5347 populum
1185 5243 1452 5337 extendit,
1476 5273 1610 5344 quia
1636 5289 1869 5327 munera
1897 5272 2105 5326 beneﬁ-
2188 5269 2380 5325 decem
2421 5265 2695 5322 tribubus.
2736 5264 2889 5319 Licet
2916 5261 3141 5333 quidam
3172 5258 3372 5312 altaria
3399 5253 3505 5347 diis
3528 5243 3752 5347 gentili?

503 5372 718 5426 ciorum
745 5325 1309 5433 suordmrlargissima
1330 5325 1577 5416 bonitate
1601 5362 1873 5416 exhibuit.
1893 5362 2105 5432 Expan-
2187 5359 2547 5414 aediﬁcarent.
2572 5359 2734 5409 erant
2757 5325 2951 5407 tamen
2968 5350 3064 5421 qui
3094 5349 3209 5404 Deo
3237 5340 3597 5401 aediﬁcabant.
3621 5336 3671 5385 et
3690 5325 3755 5433 ibi

505 5460 589 5516 sio
611 5456 759 5512 enim
787 5470 1082 5519 manuum,
1102 5452 1459 5506 donationem
1495 5467 1789 5505 munerum
1823 5450 2101 5521 designat.
2187 5443 2574 5505 immolabant,
2602 5459 2713 5497 non
2734 5440 3027 5495 audientes
3048 5438 3129 5491 ire
3150 5437 3208 5490 in
3224 5431 3533 5490 Jerusalem
3558 5423 3758 5521 ρςορίθτ

460 5610 471 5617 ,
502 5510 686 5609 ille
707 5543 914 5602 dicitur
932 5513 1135 5597 manus
1157 5540 1493 5612 exPandere,
1515 5538 1610 5609 qui
1630 5510 1993 5608 poscentibus
2012 5535 2099 5592 be-
2188 5552 2347 5607 reges
2375 5533 2551 5590 Israel
2578 5530 2927 5598 idololatras,
2954 5526 3050 5599 qui
3078 5526 3203 5582 illos
3229 5541 3264 5580 a
3288 5518 3497 5590 templo
3517 5510 3615 5569 Dei
3632 5517 3760 5577 eroe-
