3936 6164
151 371 235 428 457

836 364 1217 421 EXPOSITIO
1246 365 1323 419 IN
1358 362 1510 417 EPP.
1545 363 1601 416 S.
1634 360 1870 416 PAULI.
1906 393 1971 404 —
2002 365 2081 420 IN
2111 368 2333 423 EPIST.
2368 369 2464 423 AD
2494 368 2667 423 ROM.

3276 375 3385 433 458

149 493 278 547 bant.
295 492 500 545 Horum
517 490 735 552 altaria,
754 490 930 544 Deum
953 487 1166 542 scilicet
1191 485 1600 542 colentium.illi
1614 484 1708 555 qui
1728 491 1771 543 Α
1867 487 2011 553 Quid
2033 506 2159 557 ergo
2175 491 2204 543 ?
2227 490 2496 547 subaudis
2515 494 2812 547 dicendum
2829 501 2933 549 est.
2959 495 3075 551 Hoc
3094 500 3387 570 proculdu-

149 581 273 635 idola
299 578 875 639 colebant,suﬁ‘odisse
896 594 959 631 ac
979 576 1233 630 funditus
1261 575 1525 629 evertisse
1554 573 1715 626 intel-
1794 572 1885 627 bio
1902 578 2046 644 quod
2076 581 2347 646 qua'rebat
2376 584 2568 645 Israel,
2599 583 2695 635 hoc
2751 599 2862 635 mm
2901 591 2977 637 est
3023 593 3337 657 consecutus
3371 608 3387 641 :

149 670 389 739 liguntur.
410 670 474 722 Et
504 684 596 734 ego
627 671 852 721 relictus
878 682 1001 719 sum
1028 664 1451 718 solus.Sicenim
1483 662 1533 716 ei
1562 662 1715 715 vide-

151 760 293 813 batur
317 756 458 827 quod
488 756 606 827 ipse
625 756 776 809 solus
799 754 1163 808 remansisset
1200 770 1263 806 ex
1293 752 1553 805 omnibus
1594 766 1719 821 pro-

152 846 307 919 phetis
325 845 543 899 Domini
566 861 679 914 pre
697 842 1083 913 magnitudine
1097 842 1303 910 stragis
1318 846 1375 894 et
1387 840 1721 894 interfectio-

154 936 243 995 nis,
273 951 375 1005 qua
425 933 761 987 saeviebatur
796 932 855 985 in
910 931 1013 985 Dei
1065 931 1337 995 cultores;
1389 935 1439 982 et
1467 934 1723 998 quaerunt

153 1027 375 1077 animam
407 1039 607 1076 meam.
642 1021 732 1075 Sic
783 1020 932 1074 enim
983 1019 1194 1073 minata
1223 1019 1406 1072 fuerat
1424 1018 1475 1072 ei
1505 1017 1723 1071 Jezabel

154 1111 472 1182 impiissima.
494 1112 614 1165 Ηέεο
641 1112 851 1178 faciant
875 1110 1021 1162 mihi
1051 1110 1153 1171 dii,
1183 1112 1232 1160 et
1280 1108 1387 1160 hac
1410 1108 1639 1172 addant,
1674 1106 1720 1159 si

155 1217 247 1255 non
267 1217 485 1268 posuero
516 1214 640 1252 cras
660 1201 917 1252 animam
941 1197 1073 1251 Elite
1093 1198 1235 1250 sicut
1264 1199 1518 1250 animam
1550 1198 1721 1248 unius

157 1293 336 1345 existis
360 1290 468 1355 (III
493 1290 615 1355 Reg.
648 1289 776 1354 Xlx).

213 1378 304 1435 Sed
314 1379 448 1446 quid
464 1379 598 1430 dicit
612 1378 705 1429 illi
714 1391 1031 1442 responsum
1048 1376 1301 1427 divinum
1318 1378 1342 1425 Ρ
1352 1374 1570 1442 Reliqui
1582 1373 1727 1426 mihi

157 1472 322 1535 septem
336 1468 520 1519 millia
534 1468 783 1518 virorum
794 1467 914 1531 ,qui
926 1478 1035 1516 non
1049 1467 1418 1516 curvaret-unt
1429 1478 1525 1525 gen
1536 1478 1607 1514 ua
1628 1478 1728 1514 an-

159 1562 198 1609 te
210 1554 498 1609 Baal.Cum
512 1558 664 1607 esset
677 1552 735 1605 in
751 1551 1020 1622 spelunca
1041 1568 1072 1621 q
1082 1568 1163 1604 uae
1176 1550 1324 1604 estin
1338 1554 1527 1603 monte
1557 1548 1725 1613 Oreb,

159 1642 244 1695 hoc
260 1642 504 1695 divinum
548 1656 879 1710 responsum
908 1638 1154 1708 accepit;
1206 1654 1309 1691 nec
1362 1637 1481 1691 ait:
1515 1636 1732 1691 Relicta

1797 665 1980 717 electio
2008 671 2194 719 autem
2225 676 2509 723 consecuta
2541 676 2639 725 est.
2680 670 2823 733 Quid
2851 672 3136 741 quaerebat
3165 674 3337 730 Israel
3368 677 3393 729 ?

1802 752 1988 821 Opera
2018 754 2156 822 legis
2186 759 2587 826 perﬁceresine
2614 759 2799 828 gratia
2827 760 3054 827 Christi,
3089 768 3146 817 et
3162 781 3228 817 ex
3256 765 3394 835 ipsis

1804 840 2067 910 Operibus
2089 843 2386 911 justiﬁcari
2416 847 2537 900 sine
2564 847 2746 918 gratia
2777 848 3004 913 Christi,
3037 857 3094 905 et
3121 853 3243 907 sine
3282 855 3393 910 ﬁde

1806 928 2107 999 Evangelii,
2139 933 2285 1001 quod
2315 934 2521 989 idcirco
2579 952 2689 990 non
2738 944 2824 990 est
2874 947 3221 997 consecutus.
3261 943 3397 1013 quia

1803 1033 1985 1087 neque
2011 1034 2181 1089 opera
2207 1021 2348 1090 legis
2373 1023 2547 1076 valuit
2572 1023 2806 1094 implere.
2821 1026 2940 1080 sine
2958 1029 3145 1097 gratia
3164 1030 3391 1098 Christi,

1805 1121 1985 1175 neque
2008 1107 2307 1175 justiﬁcari
2331 1110 2451 1163 sine
2472 1111 2580 1163 ﬁde
2601 1111 2770 1166 illius.
2796 1112 2918 1168 Hoc
2941 1120 3131 1171 tamen
3185 1118 3255 1172 de
3284 1119 3395 1174 illis

1803 1193 2229 1264 intelligendum
2258 1203 2343 1251 est
2368 1198 2461 1268 qui
2514 1199 2583 1252 ad
2637 1200 2802 1253 ﬁdem
2860 1203 3068 1258 Christi
3097 1207 3402 1262 noluerunt

1805 1283 2068 1341 transire.
2102 1285 2181 1338 De
2201 1286 2623 1341 transeuntibus
2651 1304 2780 1342 vero
2804 1289 2873 1343 ad
2903 1290 3189 1347 Christum
3214 1295 3403 1352 subin-

1807 1371 1989 1425 fertur
2019 1390 2030 1423 :
2069 1372 2278 1427 Electio
2309 1380 2497 1429 autem
2528 1384 2825 1431 consecuta
2849 1385 2953 1444 est,
2987 1380 3042 1435 id
3084 1388 3170 1437 est
3197 1385 3280 1438 illi
3308 1384 3405 1455 qui

1809 1460 1971 1513 electi
2000 1465 2133 1514 sunt
2158 1478 2221 1515 ex
2242 1463 2436 1516 eadem
2466 1465 2647 1534 plebe.
2682 1466 2840 1530 Quod
2890 1484 3061 1538 supra
3107 1472 3409 1542 appellavit

1810 1547 2097 1618 reliquias,
2129 1566 2277 1603 nunc
2307 1551 2633 1606 electionem
2669 1562 2827 1609 vocat
2855 1574 2866 1609 :
2901 1562 2959 1611 et
2977 1557 3123 1613 sicut
3159 1560 3216 1613 in
3261 1577 3407 1631 pra:-

1812 1636 2140 1690 cedentibus
2164 1638 2512 1694 circumcisio
2542 1658 2643 1711 pro
2671 1643 2898 1711 Iudaeis,
2922 1645 3001 1699 sic
3021 1652 3077 1700 et
3097 1647 3187 1701 hic
3210 1649 3408 1704 electio

160 1737 270 1784 sunt
290 1729 556 1789 mihi,sed
579 1748 591 1782 :
624 1729 738 1798 Ego
760 1727 962 1797 reliqui
992 1732 1049 1781 et
1066 1726 1342 1780 reservavi
1365 1725 1501 1779 mihi
1517 1732 1730 1796 septem
1749 1759 1795 1818 Β
1814 1740 1916 1794 pro
1940 1724 2131 1779 electis
2150 1726 2440 1797 accipitur,
2467 1729 2561 1798 qui
2579 1733 2863 1785 consecuti
2903 1740 3036 1787 sunt
3050 1736 3409 1805 justiﬁcatio-

159 1819 309 1873 millia
328 1819 575 1872 virorum
600 1817 718 1889 qui,
745 1816 872 1870 aliis
894 1816 963 1869 ad
994 1815 1367 1869 idololatriam
1389 1812 1790 1869 transeunti-—
1816 1829 1944 1866 nem
1974 1830 2074 1883 per
2098 1815 2286 1879 ﬁdem,
2316 1812 2425 1886 qu'a
2456 1818 2792 1873 crediderint
2822 1820 2879 1874 in
2895 1821 3409 1895 Christum,quam-

160 1907 262 1972 bus,
288 1923 393 1961 non
425 1911 802 1961 curvaverunt
829 1921 1016 1975 genua
1035 1910 1166 1958 ante
1191 1904 1735 1974 liaal.quieratdeus

162 1996 322 2050 Achab
346 2002 401 2049 et
419 1993 696 2049 Jezabelis
729 2012 740 2047 ε
772 1992 867 2065 qui
898 1998 1047 2047 recte
1100 1992 1203 2046 viri
1251 1992 1626 2063 appellantur,
1670 2009 1735 2046 eo

163 2083 286 2153 quod
310 2084 547 2137 viriliter
573 2082 723 2135 idola
776 2081 1107 2152 spreverint.
1137 2081 1360 2150 Septem
1405 2086 1593 2134 autem
1626 2080 1734 2135 ista

163 2171 309 2224 millia
329 2172 576 2227 illorum.
600 2170 695 2241 qui
728 2186 841 2223 non
872 2170 1251 2223 adoraverunt
1267 2168 1437 2231 idola,
1462 2169 1638 2222 multa
1665 2168 1735 2222 si-

164 2260 402 2330 gniﬁcant
433 2260 615 2313 millia
638 2259 861 2313 illorum
890 2274 1029 2329 quos
1061 2258 1207 2311 Deus
1228 2257 1375 2311 dono
1404 2258 1601 2325 gratiae
1623 2273 1737 2311 suae

165 2351 370 2404 servavit
403 2374 415 2408 :
448 2366 523 2403 ne
545 2353 845 2402 curvarent
874 2363 1059 2417 genua
1088 2362 1191 2400 sua
1216 2351 1347 2399 ante
1380 2345 1595 2407 Baal,in
1616 2346 1739 2399 Dan

169 2445 215 2492 et
235 2439 436 2502 Bethel,
472 2444 575 2491 aut
599 2436 656 2490 in
687 2436 872 2506 aliquo
903 2434 1135 2489 delubro
1162 2435 1458 2488 idolorum.
1476 2435 1568 2489 Sic
1587 2433 1738 2487 enim

169 2529 385 2598 quinque
403 2526 715 2598 prudentes
737 2524 982 2594 virgines
1012 2523 1333 2594 signiﬁcant
1349 2540 1543 2577 omnes
1558 2523 1742 2593 justos

170 2616 526 2687 integritatem
558 2613 687 2668 ﬁdei
722 2613 1014 2669 habentes.
1043 2619 1101 2666 et
1131 2612 1519 2683 imprudentes
1565 2610 1743 2679 injus-

171 2710 268 2763 tos:
300 2706 548 2775 quinque
581 2703 750 2757 etiam
772 2702 973 2755 fratres
1001 2700 1205 2759 divitis,
1244 2700 1341 2770 qui
1380 2699 1748 2770 torquebatur

172 2794 297 2864 apud
320 2793 530 2847 inferos
552 2809 566 2841 :
600 2807 795 2845 omnes
815 2790 1037 2845 Judzeos
1056 2789 1404 2855 incredulos;
1434 2789 1512 2843 sic
1531 2795 1745 2859 septem

173 2881 323 2935 millia
357 2882 585 2935 illorum
618 2879 940 2949 signiﬁcant
963 2894 1158 2932 omnes
1188 2877 1284 2947 qui
1314 2876 1463 2930 idola
1482 2893 1594 2930 non
1611 2877 1749 2929 ado-

172 2976 427 3025 raverunt.
455 2969 827 3041 Septenarius
856 2966 1065 3021 etenim
1096 2982 1366 3020 numerus
1395 2965 1676 3036 plerisque
1694 2964 1751 3018 in

174 3057 288 3112 locis
310 3065 565 3113 sacratus
594 3062 697 3119 est,
728 3064 784 3110 et
809 3056 1038 3127 ponitur
1068 3054 1376 3126 saepissime
1408 3071 1506 3125 pro
1528 3054 1748 3108 univer-

173 3145 314 3201 sitate
344 3162 354 3195 :
385 3147 533 3201 sicut
556 3146 612 3199 in
643 3146 880 3216 psalmo.
902 3143 995 3198 ubi
1017 3143 1152 3197 dicit
1171 3143 1465 3197 Psalmista
1481 3141 1749 3196 Domino:

175 3233 348 3302 Septies
374 3240 436 3290 in
465 3237 559 3289 die
591 3236 813 3287 laudem
841 3233 1023 3287 dicam
1047 3233 1149 3285 tibi
1173 3233 1344 3295 (Psal.
1378 3236 1555 3291 cxvm)
1580 3248 1590 3283 :
1622 3229 1752 3301 quid

176 3323 302 3377 enim
333 3324 407 3377 sit
425 3322 639 3395 septies
668 3322 722 3375 in
754 3322 844 3375 die
878 3320 1101 3375 laudem
1132 3319 1315 3373 dicam
1345 3319 1470 3381 tibi,
1500 3318 1757 3390 exposuit

176 3427 281 3465 cum
307 3411 490 3467 dixit:
536 3412 855 3465 Benedicam
908 3411 1142 3463 Domino
1196 3412 1257 3462 in
1317 3410 1474 3461 omni
1524 3413 1757 3476 tempore

179 3501 318 3563 (Psal.
346 3506 526 3571 xxxv).
586 3500 830 3553 Joannes
889 3513 1112 3568 quoque
1163 3496 1220 3550 in
1270 3496 1605 3567 Apocalypsi
1654 3512 1756 3549 sua

176 3589 335 3656 (Apoc.
362 3592 419 3657 ι),
448 3594 671 3659 septem
693 3586 942 3641 ecclesiis
993 3585 1205 3651 scribit.
1262 3602 1384 3655 quae
1414 3585 1756 3656 generaliter

179 3691 347 3731 omnes
374 3676 646 3731 ecclesias
675 3675 1009 3746 signiﬁcant.
1598 3684 1604 3690 '

240 3763 321 3817 Sic
346 3782 471 3833 ergo
500 3770 553 3819 ct
576 3768 641 3817 in
670 3766 768 3817 hoc
792 3768 1047 3831 tempore,
1077 3762 1133 3815 id
1162 3767 1250 3816 est
1303 3761 1361 3815 in
1393 3760 1613 3815 Domini
1652 3761 1756 3815 ad-

182 3858 324 3908 ventu
352 3860 408 3907 ct
436 3853 826 3925 apostolorum
877 3851 1290 3923 praedicatione,
1324 3852 1572 3920 reliquiae
1597 3853 1758 3904 salute

180 3942 312 4005 facta
337 3949 488 4007 sunt,
524 3942 598 3996 de
628 3940 831 4012 quibus
860 3957 1033 4012 supra
1079 3941 1287 3995 dictum
1344 3945 1431 3994 est
1463 3958 1473 3992 :
1504 3939 1559 3994 Si
1590 3938 1759 3992 fuerit

180 4043 422 4085 numerus
452 4030 704 4085 ﬁliorum
733 4028 912 4083 Israel
933 4030 1076 4084 sicut
1095 4046 1266 4084 arena
1294 4030 1482 4091 maris,
1506 4028 1757 4100 reliquiae

181 4116 320 4171 salva:
366 4119 523 4173 ﬁent.
585 4118 743 4172 Sicut
791 4116 1139 4188 temporibus
1188 4118 1337 4181 Elite,
1368 4118 1515 4171 dono
1558 4117 1755 4187 gratite

181 4203 279 4270 Dei,
311 4208 468 4263 multi
501 4206 777 4264 reservati
825 4213 959 4260 sunt
1004 4222 1075 4259 ne
1126 4206 1429 4260 adorarent
1470 4206 1637 4272 idola,
1679 4206 1758 4260 sic

179 4296 502 4366 temporibus
521 4295 932 4366 apostolorum,
957 4294 1121 4348 multi
1147 4311 1211 4348 ex
1226 4294 1434 4349 Iudaeis
1453 4295 1757 4349 secundum

1817 1901 1900 1955 vis
1926 1907 1983 1957 et
2009 1903 2206 1958 electio
2236 1905 2307 1958 ad
2336 1906 2625 1961 credentes
2653 1909 2891 1978 gentiles
2920 1911 3092 1966 etiam
3122 1914 3297 1983 possit
3327 1931 3413 1969 re-

1818 1990 1970 2055 ferri,
2006 1991 2101 2060 qui
2131 2007 2304 2046 unum
2332 1994 2513 2049 eﬁ'ecti
2534 2002 2667 2050 sunt
2712 2014 2836 2051 cum
2888 1999 3094 2055 Judazis
3132 2002 3408 2058 ﬁdelibus.

1813 2080 1947 2133 Tale
1969 2085 2054 2133 est
2082 2086 2138 2134 et
2167 2080 2302 2134 illud
2327 2081 2637 2137 Psalmistaa
2669 2103 2680 2137 :
2715 2088 2907 2141 Justus
2926 2090 3194 2144 Dominus
3225 2097 3273 2145 et
3292 2096 3416 2159 jus-

1820 2171 1971 2221 titias
1999 2170 2194 2222 dilexit
2223 2172 2389 2235 (Psal.
2423 2176 2496 2235 Χ).
2522 2173 2578 2226 id
2605 2178 2691 2227 est
2709 2174 2912 2243 justos,
2944 2166 3225 2233 amatores
3246 2181 3418 2249 justi-

1818 2255 1912 2309 tize
1937 2273 1948 2308 :
1984 2260 2164 2310 caeteri
2190 2274 2313 2311 rere
2344 2263 2593 2317 cremati
2610 2267 2739 2314 sunt
2770 2264 3016 2319 tenebris
3048 2265 3419 2326 inﬁdelitatis.

1823 2343 1981 2398 Sicut
2010 2344 2157 2398 enim
2184 2345 2277 2399 ille
2301 2347 2395 2417 qui
2428 2348 2594 2402 ﬁdem
2626 2350 2797 2405 habet
2826 2352 2882 2406 in
2914 2355 3038 2407 luce
3066 2356 3419 2412 diciturcon-

1823 2432 2039 2496 sistere,
2063 2433 2143 2487 ita
2167 2434 2261 2504 qui
2294 2435 2536 2491 inﬁdelis
2566 2444 2652 2492 est
2691 2440 2746 2494 in
2798 2441 3048 2497 tenebris
3096 2444 3426 2514 ignorantiae

1826 2528 2041 2574 manet.
2076 2522 2236 2576 Unde
2266 2523 2411 2578 idem
2436 2526 2692 2596 egregius
2719 2530 3049 2599 praedicator
3067 2534 3427 2591 credentibus

1827 2610 1964 2663 dicit
1995 2628 2007 2661 :
2040 2612 2239 2663 Fuistis
2269 2616 2419 2665 enim
2448 2617 2752 2681 aliquando
2783 2621 3029 2683 tenebas,
3065 2638 3216 2677 nunc
3238 2631 3425 2678 autem

1832 2702 1931 2751 tua:
1959 2702 2021 2751 in
2052 2700 2285 2753 Domino
2315 2702 2521 2769 (Ep/tes.
2564 2709 2631 2767 v).

1899 2787 2339 2855 Sicutscriptum
2365 2795 2441 2842 est
2466 2809 2481 2843 :
2508 2792 2664 2845 Dedit
2687 2795 2802 2845 illis
2824 2796 2963 2849 Deus
2983 2800 3247 2864 spiritum
3277 2775 3424 2855 coni-

1824 2878 2167 2943 punctionis,
2182 2878 2363 2930 oculos
2378 2882 2436 2930 ut
2468 2868 2579 2932 non
2609 2881 2906 2941 rideant,et
2926 2900 3092 2939 aures
3106 2890 3169 2939 ut
3198 2904 3309 2942 non
3330 2906 3431 2943 au-

1833 2964 2014 3026 diant,
2042 2980 2209 3032 usque
2239 2967 2303 3018 in
2329 2966 2659 3021 hodiernum
2687 2970 2850 3023 diem.
2877 2972 3007 3027 Haec
3024 2973 3188 3029 verba
3220 2978 3429 3046 partim

1833 3057 1967 3106 sunt
1990 3052 2260 3123 Apostoli,
2282 3054 2489 3124 partim
2517 3054 2677 3110 Isaiae
2707 3059 3011 3129 prophetae.
3044 3062 3205 3127 Quod
3252 3065 3387 3121 dicit
3414 3085 3428 3121 :

1838 3140 2004 3195 Dedit
2024 3140 2137 3195 illis
2166 3141 2314 3196 Deus
2370 3144 2629 3211 spiritum
2676 3149 3142 3219 compunctionis,
3180 3155 3435 3225 Apostoli

1840 3229 2169 3296 verbasunt;
2203 3247 2324 3301 quae
2353 3237 2542 3287 autem
2575 3242 2890 3305 sequuntur
2922 3239 3078 3295 Isaiae
3126 3244 3427 3315 propheta.

1839 3317 2083 3388 Spiritus
2111 3320 2555 3390 compunctionis
2573 3322 2876 3394 aliquando
2901 3327 2958 3381 in
2991 3327 3193 3384 bonam
3218 3338 3437 3402 partem

1838 3406 2130 3477 accipitur,
2155 3408 2457 3477 aliquando
2477 3428 2606 3466 vero
2629 3412 2686 3466 in
2703 3416 3132 3473 contrariamln
3164 3419 3310 3476 bono
3341 3439 3436 3479 ac-

1837 3495 2063 3566 cipitur,
2086 3496 2304 3551 sicutin
2333 3499 2565 3554 Actibus
2596 3503 2978 3571 apostolorum
3018 3507 3243 3577 legitur,
3285 3512 3435 3581 quod

1836 3584 2131 3638 audientes
2158 3586 2335 3640 Judaei
2365 3588 2815 3657 praedicationem
2840 3595 3241 3662 apostolorum,
3273 3614 3431 3653 com-

1840 3673 2032 3743 puncti
2065 3679 2198 3727 sunt
2219 3675 2403 3739 corde,
2438 3683 2495 3731 et
2531 3677 2793 3733 dixerunt
2832 3681 2903 3734 ad
2932 3683 3214 3753 apostolos
3244 3706 3256 3742 :
3292 3688 3435 3755 Quid

1838 3764 2126 3830 faciemus,
2151 3766 2266 3816 viri
2299 3765 2504 3830 fratres
2547 3767 2677 3821 iAct.
2702 3768 2804 3835 u)?
2847 3770 2909 3823 In
2934 3773 3275 3829 contrariam
3304 3793 3436 3832 vero

1840 3857 2055 3921 partem
2080 3849 2370 3921 accipitur,
2395 3858 2460 3906 ut
2488 3852 2542 3906 in
2575 3853 2683 3907 isto
2714 3856 2834 3909 loco
2860 3875 2871 3909 :
2903 3859 3070 3915 Dedit
3120 3862 3232 3917 illis
3262 3864 3433 3932 Deus,

1838 3940 1894 3993 id
1917 3945 1999 3993 est
2014 3938 2219 3993 habere
2236 3941 2507 4009 permisit,
2533 3941 2917 4000 sicuttradidit
2932 3954 2988 4002 et
3009 3948 3309 4019 induravit,
3332 3971 3435 4025 pro

1841 4044 1906 4081 eo
1932 4027 2079 4097 quod
2106 4033 2192 4081 est
2210 4028 2357 4081 tradi
2377 4033 2434 4081 et
2457 4029 2708 4084 indurari
2726 4035 2998 4102 permisit.
3042 4038 3310 4108 Spiritum
3340 4058 3439 4098 au-

1838 4121 1951 4169 tem
1973 4116 2929 4188 compunctionisappellatmentem
2959 4124 3298 4194 invidentize,
3327 4147 3441 4201 qua

1841 4204 2164 4259 inviderunt
2192 4212 2248 4259 et
2275 4203 2525 4260 invident
2563 4208 2745 4263 adhuc
2798 4211 2967 4267 saluti
3020 4215 3275 4284 gentium
3329 4219 3441 4274 Ali-

1844 4294 2069 4366 quando
2084 4294 2229 4347 enim
2261 4294 2494 4364 spiritus
2507 4313 2607 4367 pro
2631 4298 3153 4370 animaponitur,ut
3180 4304 3236 4360 in
3259 4307 3440 4363 Evan-

181 4382 482 4480 electionem
498 4384 803 4456 gratiaeDei
822 4383 1022 4480 salvati
1038 4388 1171 4437 sunt
1171 4383 1456 4480 feniendo
1476 4384 1545 4437 ad
1568 4382 1758 4447 ﬁdem,
1780 4421 1829 4480 D
1843 4384 1992 4454 gelio
2014 4382 2255 4437 habetur
2268 4383 2336 4437 de
2355 4384 2612 4447 Domino,
2632 4387 2778 4457 quod
2800 4388 3069 4446 inclinato
3098 4394 3281 4466 capite
3308 4396 3445 4451 emi-

181 4472 259 4541 qui
308 4479 363 4528 et
418 4473 682 4544 reliquiae
746 4471 1126 4543 appellantur.
1171 4468 1237 4525 Et
1293 4472 1762 4525 considerandum

183 4561 293 4628 quia
316 4565 621 4617 secundum
641 4564 951 4615 electionem
972 4560 1173 4630 gratiae
1212 4559 1332 4623 Dei,
1364 4559 1418 4612 id
1451 4565 1537 4613 est
1558 4576 1760 4614 secun-

181 4647 294 4703 dum
320 4649 833 4721 prmdestinationis
848 4649 1078 4709 donum,
1100 4649 1263 4702 salvae
1285 4649 1441 4703 facta:
1477 4654 1626 4713 sunt,
1653 4665 1765 4702 non

183 4739 461 4792 secundum
494 4738 702 4793 merita
747 4754 976 4809 operum
1017 4737 1306 4808 ipsorum;
1349 4736 1499 4790 unde
1538 4737 1673 4791 dicit
1706 4736 1766 4790 in

183 4821 406 4894 Epistola
431 4828 505 4881 ad
538 4826 835 4898 Ephesios:
864 4826 1019 4882 Sicut
1044 4829 1201 4894 elegit
1257 4842 1370 4889 nos,
1402 4824 1606 4895 inquit,
1636 4829 1766 4879 ante

186 4917 361 4968 mundi
382 4919 834 4970 constitutionem
856 4932 919 4969 ιη
944 4919 1078 4984 ipso,
1106 4916 1161 4968 id
1217 4920 1305 4969 est
1331 4914 1389 4968 in
1429 4913 1669 4975 Christo,
1703 4918 1767 4965 ut

184 5016 394 5058 essemus
418 5007 607 5059 sancti
634 5008 681 5057 et
711 5006 1068 5058 immaculati
1094 5004 1284 5072 (Ep/res
1339 5008 1400 5059 ι).

242 5091 298 5145 Si
310 5099 499 5147 autem
524 5095 719 5162 gratia
742 5092 878 5146 salvi
900 5092 1029 5146 facti
1043 5090 1268 5145 suntilli
1294 5090 1389 5161 qui
1412 5089 1772 5144 crediderunt

188 5192 240 5231 ex
255 5180 473 5245 Iudaeis,
483 5186 613 5251 jam
645 5197 760 5236 non
796 5180 905 5234 fuit
933 5180 1070 5235 illud
1092 5197 1156 5233 ea;
1184 5181 1443 5247 operibus
1472 5178 1629 5243 legis,
1673 5195 1773 5249 per

188 5284 292 5336 quae
314 5271 595 5341 putabant
621 5288 682 5326 se
704 5270 1001 5340 justiﬁcari
1024 5286 1186 5341 posse
1220 5268 1301 5322 illi
1322 5268 1418 5339 qui
1449 5268 1503 5322 in
1528 5267 1768 5322 inﬁdeli-

188 5360 287 5411 tate
310 5365 704 5414 remanserunt
727 5378 738 5413 :
766 5362 1021 5427 alioquin
1050 5361 1237 5426 gratia
1256 5362 1381 5426 jam
1411 5374 1521 5411 non
1542 5363 1613 5411 est
1638 5375 1772 5426 gra-

191 5446 274 5496 tio.
304 5447 416 5501 Hoc
436 5454 528 5501 est
557 5448 638 5501 :si
667 5448 834 5502 aliter
861 5448 997 5501 salvi
1024 5446 1153 5501 facti
1172 5454 1324 5511 sunt,
1358 5447 1506 5517 quod
1537 5463 1646 5500 non
1678 5463 1770 5517 po-

191 5534 287 5587 test
304 5535 423 5589 ﬁeri
453 5536 567 5590 nisi
602 5536 786 5607 gratia
808 5535 930 5593 Dei.
955 5551 1088 5605 ergo
1138 5535 1258 5606 ipsa
1302 5535 1486 5605 gratia
1512 5536 1630 5605 jam
1661 5551 1774 5590 non

193 5621 287 5676 erit
308 5626 508 5695 gratia,
542 5625 641 5680 sed
668 5624 957 5683 meritum.

416 5724 683 5787 ΡΑτιιοι..
730 5722 967 5785 CXVII.

1847 4471 2845 4545 sitspiritumUcan.xtxlmliquando
2867 4494 2969 4548 pro
2987 4487 3195 4547 mente,
3212 4489 3277 4537 ut
3304 4484 3396 4539 hic
3428 4503 3442 4539 :

1847 4561 1915 4615 Et
1943 4560 2135 4614 anima
2166 4566 2252 4615 est
2275 4577 2386 4631 qua
2412 4562 2728 4617 viviﬁcatur
2758 4582 2962 4637 corpus
2986 4587 2999 4635 ;
3060 4570 3288 4640 spiritus
3317 4589 3449 4627 vero

1847 4649 2145 4719 ipsaratio,
2166 4666 2276 4720 qua
2316 4650 2681 4706 interhonum
2715 4658 2771 4707 et
2791 4655 3024 4721 malum,
3044 4675 3233 4712 verum
3266 4665 3322 4714 et
3351 4660 3450 4715 fal-

1848 4753 1973 4790 sum
1997 4736 2388 4797 discernimus,
2417 4743 2471 4791 et
2489 4755 2599 4793 non
2618 4740 2871 4793 estaliud
2898 4758 3075 4808 mens,
3095 4750 3264 4815 atque
3292 4747 3449 4803 aliud

1849 4823 2012 4877 ratio.
2042 4824 2287 4894 Spiritus
2302 4833 2490 4879 autem
2536 4827 2981 4897 compunctionis
3018 4831 3224 4887 idcirco
3261 4837 3451 4907 appel-

1849 4911 2001 4965 latur
2018 4927 2177 4965 mens
2199 4912 2538 4977 invidentiae,
2568 4915 2832 4984 quoniam
2847 4917 3179 4991 plerumque
3190 4923 3322 4977 dum
3339 4940 3457 4980 cer-

1852 5006 1997 5054 nunt
2012 5000 2270 5054 homines
2293 5000 2611 5055 felicitatem
2630 5003 3290 5078 alterius,torquenturet
3315 5014 3457 5071 afﬂi-

1853 5094 2070 5158 guntur
2098 5089 2227 5142 inde
2254 5088 2535 5143 intantum
2564 5096 2627 5144 ut
2651 5092 2819 5146 etiam
2873 5080 3171 5154 invidendo
3197 5118 3459 5172 prorum-

1858 5185 1998 5248 pant
2026 5178 2084 5231 in
2114 5178 2410 5249 lacrymas.
2436 5178 2518 5231 Ad
2541 5184 2991 5251 exaggerandum
3026 5204 3159 5258 ergo
3189 5190 3456 5249 invidiam

1854 5283 1964 5336 qua
1976 5272 2313 5337 torquentur
2327 5267 2355 5320 J
2364 5266 2503 5320 udzei
2526 5267 2594 5321 de
2606 5270 2786 5324 salute
2804 5273 3236 5339 gentium.dixit
3254 5279 3460 5337 habere

1853 5355 1978 5409 illos
1999 5355 2261 5425 spiritum
2294 5358 2757 5425 compunctionis.
2783 5361 2995 5415 Aliter:
3026 5365 3286 5436 Spiritum
3306 5387 3462 5426 com-

1862 5443 2177 5515 punctionis
2199 5444 2506 5514 malignum
2523 5446 2801 5517 spiritum,
2829 5452 2925 5521 qui
2957 5457 3041 5505 est
3069 5455 3300 5525 spiritus
3338 5475 3463 5528 per-

1856 5534 2105 5598 ditionis,
2131 5547 2431 5603 possumus
2451 5533 2784 5605 intelligere.
2810 5540 2908 5608 qui
2931 5540 3030 5594 Dei
3047 5548 3462 5613 contemptores

1858 5624 1915 5679 in
1946 5638 2105 5677 suam
2128 5626 2466 5693 potestatem
2496 5624 2746 5696 suscipit.
2772 5624 2966 5683 Bonus
2986 5644 3121 5698 ergo
3158 5631 3325 5697 Deus,
3351 5631 3464 5688 exi-

3145 5729 3221 5787 15
