3936 6164
460 311 566 406 4.5.9

933 308 1314 365 HAYMONIS
1341 308 1835 364 HALBERSTAT.
1868 309 2042 364 EPISt

2130 309 2288 364 OPP.
2321 309 2510 364 PARS
2533 309 2580 366 Ι.
2614 338 2680 351 -
2709 306 3082 366 ΟΟΠΜΕΝΤ.
3113 309 3287 364 BIBL.

3526 314 3664 378 ’490

459 399 722 512 gentibus
747 433 928 506 culpis
950 431 1566 502 Judaeorum,permisit
1597 431 1677 484 eis
1705 429 1912 484 habere
1938 429 2057 501 spi-
2076 436 2124 491 Α
2219 433 2594 488 Obscurentur
2621 436 2770 487 ocuti
2796 449 2986 487 eorum
3017 449 3084 486 ne
3111 433 3356 498 videant;
3400 440 3450 488 et
3477 437 3672 492 dorsum

461 525 634 580 ritum
653 521 1000 595 perditionis,
1023 519 1226 592 quieos
1246 519 1487 590 perimat
1507 518 1562 572 in
1587 519 1794 576 anima.
1830 519 1977 572 sicut
2005 524 2063 572 et

464 615 535 668 de
555 611 902 684 philosoPhis
915 609 1170 680 gentium
1199 609 1422 670 dicitur,
1447 607 1593 678 quod
1611 607 1907 660 tradiderit
1935 607 2060 660 illos

462 703 616 760 Deus
647 700 700 754 in
727 697 1026 770 reprobum
1059 713 1282 751 sensum
1320 716 1330 749 :
1362 697 1550 750 oculos
1581 701 1641 749 ut
1675 712 1784 748 non
1815 696 2058 749 videant.

467 787 657 848 Oculis
687 789 911 860 quidem
937 786 1194 863 corporis
1221 785 1478 838 viderunt
1507 785 1685 838 Judazi
1737 784 2057 849 Dominum,

463 875 522 932 et
553 877 732 932 multa
765 875 1195 930 niiraculaabeo
1226 874 1375 938 ﬁeri;
1409 873 1503 926 sed
1535 873 1664 943 quia
1695 873 2062 927 immoderate

2143 537 2332 576 eorum
2355 525 2704 590 semperincu
2715 537 2833 575 rra.
2854 523 2983 575 llzec
3001 519 3164 574 verba
3187 523 3525 592 nonoptantis
3549 532 3671 590 voto,

2143 610 2236 663 sed
2268 611 2621 680 praedicentis
2643 609 2826 664 olficio
2867 609 3150 663 dicuntur.
3185 608 3533 664 Obscurentur
3555 613 3674 666 oculi

2143 699 2326 751 cordis
2339 716 2553 762 eorum,
2574 699 2627 752 id
2649 705 2728 751 est
2747 699 3064 752 intellectus
3086 714 3294 756 eorum.
3317 704 3372 750 ut
3410 715 3507 752 non
3537 700 3674 754 intel-

2143 785 2324 855 ligant
2343 787 2626 841 Christum
2651 788 2852 841 Filium
2899 787 2995 840 Dei
3015 803 3166 850 esse;
3194 793 3247 839 et
3273 787 3485 841 dorsum
3511 804 3676 844 eorum

2143 890 2365 945 semper
2390 875 2620 929 incurva
2642 894 2653 928 :
2679 876 2825 930 sicut
2843 875 2935 946 qui
2964 892 3134 944 grave
3157 891 3294 928 onus
3324 882 3495 944 portat
3525 875 3677 929 incur-

458 965 704 1022 terrenis
731 961 970 1035 negotiis
1020 961 1404 1023 intendebant,
1468 961 1642 1015 oculis
1680 960 1967 1034 fidelitatis
2005 970 2064 1016 et
2141 971 2304 1017 vatur
2357 964 2414 1017 in
2469 970 2700 1020 terram.
2744 963 2824 1017 ita
2887 962 3293 1032 quodammodo
3327 969 3560 1032 peccator
3599 963 3676 1032 qui

459 1054 670 1129 amoris
700 1068 1055 1128 nequaquam
1073 1058 1404 1104 meruerunt
1420 1050 1574 1103 illum
1590 1066 1819 1103 cernere
1865 1050 1935 1103 Et
1953 1066 2058 1106 au-

458 1161 550 1199 res
566 1151 631 1197 ut
645 1159 754 1198 non
773 1141 1026 1205 audiant,
1054 1138 1321 1193 subaudis
1333 1137 1588 1208 permisit
1599 1138 1678 1191 eis
1690 1137 1914 1191 habere.
1948 1139 2058 1191 Au-

456 1233 684 1304 dierant
706 1230 990 1286 Christum
1015 1227 1246 1282 auribus
1265 1229 1467 1290 carnis,
1488 1229 1581 1279 sed
1605 1242 1713 1280 non
1756 1226 2056 1280 audierunt

457 1314 693 1378 auribus
711 1313 916 1386 cordis,
951 1333 1091 1388 quas
1111 1315 1384 1370 Dominus
1411 1315 1748 1385 requirebat.
1764 1331 1888 1368 cum
1903 1315 2054 1370 dice-

457 1390 547 1474 ret
579 1429 590 1464 :
627 1410 734 1476 Qui
762 1405 918 1460 habet
947 1421 1111 1458 aures
1153 1405 1440 1467 audiendi,
1484 1406 1681 1456 audiat
1733 1405 1878 1466 (Luc.
1914 1408 2050 1469 VIII).

459 1497 694 1554 Caecitas
713 1495 886 1565 igitur
914 1500 970 1547 et
990 1491 1235 1546 surditas
1250 1497 1418 1562 atque
1449 1507 1607 1560 mens
1637 1491 2054 1546 invidentizeus-

457 1579 560 1656 que
591 1589 654 1646 in
682 1581 1012 1640 hodiernum
1041 1583 1181 1634 diem
1209 1581 1267 1634 in
1297 1581 1504 1634 Judaeis
1537 1587 1742 1640 manet,
1775 1581 2050 1650 quiadum

2139 1052 2386 1122 pondere
2428 1059 2780 1122 peccatorum
2823 1052 3117 1121 premitur,
3175 1051 3514 1118 incurvatur;
3557 1051 3678 1106 sicut

2139 1140 2440 1194 Psalmista
2457 1142 2732 1212 deplorat,
2755 1140 2944 1194 dicens
2967 1158 2980 1192 :
3023 1141 3346 1207 Iniquitates
3367 1155 3486 1192 mea
3515 1155 3679 1207 super-

2137 1245 2328 1296 gressa:
2357 1235 2488 1284 sunt
2515 1234 2679 1297 caput
2705 1245 2888 1281 meum
2902 1235 2931 1298 ⁸(
2942 1231 3086 1281 Psal.
3118 1237 3334 1291 xxxv“).

2207 1318 2336 1370 Ilico
2367 1334 2492 1385 ergo
2519 1337 2534 1372 :
2566 1318 2838 1385 Nunquid
2875 1321 2952 1369 sic
2975 1319 3313 1382 o/fenderunt
3341 1316 3506 1372 Judai
3538 1322 3593 1370 ut
3611 1333 3682 1372 ca-

2135 1404 2321 1456 derent
2345 1404 2374 1458 9
2413 1403 2682 1458 subaudis
2711 1404 3083 1462 solummodo.
3115 1411 3178 1458 ut
3223 1420 3410 1458 eorum
3450 1420 3594 1458 casus
3617 1405 3682 1458 ni-

2135 1491 2214 1544 hil
2235 1493 2521 1562 profuerit.
2549 1495 2721 1548 Absit.
2745 1493 2810 1546 Et
2839 1499 2926 1546 est
2952 1509 3150 1548 sensus
3182 1513 3194 1546 :
3237 1510 3344 1548 non
3373 1493 3685 1546 otienderunt

2134 1580 2309 1634 Deum
2321 1583 2348 1634 ,Ι
2358 1582 2500 1636 ι]ᾶωί
2515 1582 2694 1634 solum
2705 1581 2868 1634 modo
2886 1593 3114 1652 propter
3131 1582 3236 1635 hoc
3247 1588 3310 1635 ut
3324 1582 3422 1652 ipsi
3434 1584 3680 1647 caderent,

452 1675 656 1730 nolunt
683 1669 908 1728 obedire
935 1670 1252 1740 Evangelia,
1311 1670 1379 1723 ad
1435 1670 1537 1728 hoc
1566 1675 1630 1722 ut
1677 1668 1734 1722 in
1765 1669 2048 1724 Christum
2107 1668 2229 1740 sed
2262 1670 2644 1724 utmultitudo
2660 1670 2912 1740 gentium
2930 1669 2986 1723 in
3009 1687 3202 1724 eorum
3234 1671 3415 1730 locum
3441 1675 3681 1740 surgeret,

453 1764 706 1834 credant,
737 1761 910 1814 livore
930 1759 1150 1814 invidiae
1204 1758 1474 1821 succensi,
1529 1773 1752 1827 semper
1803 1757 2056 1812 invident
2073 1741 2118 1800 Β
2135 1762 2188 1810 et
2210 1773 2468 1826 magnam
2493 1759 2794 1818 utilitatem
2809 1758 3202 1812 casusillorum
3227 1759 3384 1813 nobis
3396 1764 3681 1828 praestaret;

453 1843 624 1906 saluti
654 1849 932 1922 gentium.

520 1939 643 1994 Fiat
662 1953 848 1994 mensa
870 1951 1059 1992 eorum
1083 1937 1145 1988 in
1176 1939 1455 2006 laqueum.
1475 1933 1558 1988 Ad
1599 1950 1848 1990 mensam
1871 1935 2055 1990 solent

447 2033 692 2083 tractare
714 2024 872 2097 impii
893 2023 963 2078 de
983 2039 1118 2077 nece
1135 2020 1692 2076 innocentium.sicut
1715 2023 1962 2076 Herodes
1983 2023 2051 2078 de

447 2112 876 2172 obtruncatione
901 2112 1046 2166 beati
1065 2109 1338 2165 Joannis:
1365 2117 1422 2164 et
1453 2111 1778 2164 Holofernes
1807 2111 2046 2181 spurcis-

447 2198 624 2261 simus
649 2199 718 2260 de
748 2200 1046 2256 violatione
1103 2199 1294 2254 Judith
1359 2201 1502 2265 (Jud.
1535 2214 1633 2263 xu,
1683 2203 1794 2267 xv).
1852 2199 2046 2254 Solent

452 2294 620 2350 etiam
653 2309 748 2348 eos
776 2306 972 2345 vocare
997 2289 1068 2343 ad
1101 2303 1372 2347 mensam.
1406 2293 1469 2341 ut
1495 2287 1623 2342 dolo
1681 2288 1805 2344 illos
1833 2288 2043 2344 interfi-

445 2383 632 2438 ciant:
659 2379 1047 2436 sicutAbsalon
1062 2376 1343 2432 interfecit
1357 2377 1585 2430 fratrem
1609 2393 1772 2432 suum
1801 2379 2042 2431 Ammon

445 2473 525 2542 (II
543 2474 662 2540 Reg.
689 2468 826 2538 x111).
854 2468 945 2522 Sic
973 2465 1150 2520 Judzei
1172 2465 1568 2534 intelliguntur
1605 2482 1775 2534 super
1822 2481 2044 2520 mensas

335 2567 347 2577 '
445 2577 576 2615 suas
610 2565 885 2614 tractasse
913 2555 981 2610 de
1010 2571 1146 2608 nece
1192 2553 1507 2607 innocentis
1547 2553 1774 2613 Christi,
1810 2553 2046 2624 ideoque

433 2666 536 2722 per
547 2664 798 2703 mensam
810 2643 1400 2712 debemusintelligere
1413 2641 1736 2696 collationes
1749 2641 2040 2696 verborum

436 2739 832 2806 illorum,quas
847 2732 1090 2804 agebant
1102 2747 1270 2802 super
1285 2747 1532 2784 mensam
1552 2730 1620 2784 de
1641 2730 2042 2792 Christo;umle

436 2821 574 2880 dicit
601 2823 912 2894 Propheta:
940 2818 1066 2874 Fiat
1095 2835 1292 2872 mensa
1341 2834 1556 2882 eorum,
1591 2817 1643 2870 id
1678 2824 1763 2870 est
1820 2818 2040 2871 collatio

435 2913 732 2969 verberum
765 2910 1085 2967 Judaaorum
1114 2907 1170 2961 in
1196 2907 1476 2978 laqueum.
1503 2914 1565 2959 ut
1591 2906 1966 2977 illaqueentur
1983 2911 2042 2960 et

441 3003 835 3066 involvantur;
876 2998 990 3053 sive
1038 2995 1393 3067 decipiantur
1441 2995 1656 3051 ultione
1723 2995 2039 3065 iniquitatis

440 3107 650 3153 mensae
669 3105 782 3144 suae
802 3092 864 3142 in
890 3089 1193 3159 captionem
1210 3090 1528 3156 quoque,ut
1565 3083 1669 3156 ipsi
1699 3083 1994 3155 capiantur
2021 3103 2034 3138 :

438 3181 540 3234 ﬁat
567 3179 680 3234 illis
705 3178 874 3232 etiam
907 3179 970 3230 in
1003 3175 1352 3230 scandalum,
1380 3171 1484 3226 hoc
1511 3178 1602 3228 est,
1623 3171 1679 3224 in
1704 3172 2039 3226 ruinam.vel

441 3256 826 3334 offensionem;
853 3263 968 3319 sive
999 3263 1055 3316 in
1078 3261 1286 3330 rixam,
1303 3267 1583 3331 quatenus
1624 3259 1892 3314 olTensain
1918 3277 2038 3314 om-

434 3343 492 3412 ni
501 3357 744 3429 potentis
763 3339 1474 3412 Deiincurrentes,ruinam
1504 3349 1792 3420 patiantur
1810 3349 2040 3403 damna-

432 3445 718 3514 tionis;et
771 3445 920 3499 inter
974 3457 1033 3496 se
1088 3441 1234 3494 rixas
1269 3446 1472 3508 gerant
1509 3445 1566 3492 et
1629 3439 2032 3498 contentiones.

435 3537 773 3594 Scandalum
797 3531 1074 3602 siquidem
1093 3529 1346 3582 Graecum
1371 3534 1472 3582 est.
1492 3533 1722 3580 etsonat
1749 3527 1804 3580 in
1838 3527 2036 3582 Latino

436 3639 696 3678 sermone
721 3616 1352 3679 oll'ensam,ruinam,vel
1374 3616 1550 3670 rixam
1579 3633 1590 3668 :
1611 3633 1710 3686 pro
1731 3617 2036 3676 olfensione

438 3711 588 3766 enim
620 3717 678 3772 et
697 3709 862 3764 ruina
895 3705 1140 3778 ponitur,
1173 3703 1267 3758 ubi
1316 3703 1590 3758 Dominus
1621 3703 1790 3758 dicit:
1835 3707 1910 3760 Vw
1937 3708 2036 3775 qui

434 3783 898 3854 scandalizai'erit
922 3810 1096 3852 unum
1121 3795 1184 3846 de
1213 3796 1567 3862 pusillisistis
1599 3795 1820 3860 (Matth.
1857 3799 2031 3863 XVIII),

435 3887 494 3942 id
524 3883 722 3956 estqui
745 3881 1060 3945 offenderit,
1087 3881 1167 3935 vel
1187 3898 1350 3936 ruere
1391 3881 1590 3936 fecerit
1615 3899 1624 3936 :
1663 3899 1762 3953 pro
1791 3883 1908 3936 rixa
1941 3899 2038 3937 au-

435 3972 726 4030 temsicut
747 3973 842 4026 illo
857 3971 911 4025 in
931 3971 1048 4024 loco
1063 3969 1156 4024 ubi
1172 3969 1308 4024 dicit
1327 3967 1676 4039 Evangelista
1704 3989 1716 4024 :
1741 3970 1900 4034 Quod
1933 3989 2034 4029 au-

2135 1846 2283 1900 unde
2296 1847 2552 1917 sequitur
2576 1865 2587 1900 :
2616 1845 2722 1901 Sed
2742 1850 3177 1901 ittorumdeticto
3193 1851 3343 1902 salus
3359 1853 3428 1901 est
3446 1850 3681 1916 gentibus.

2133 1939 2194 1987 ut
2215 1937 2336 1988 illos
2364 1938 2811 1990 wmulen!ur.Ac
2827 1935 2873 1988 si
2892 1937 3103 1990 diceret
3121 1936 3246 1990 aliis
3287 1935 3494 1990 verbis:
3518 1937 3570 1990 ln
3586 1935 3686 1990 illo-

2133 2039 2258 2076 rum
2288 2023 2492 2076 delicto
2507 2025 2658 2078 salus
2675 2024 2937 2094 gentibus
2977 2035 3065 2078 est
3117 2032 3429 2095 procurata,
3457 2024 3577 2094 quia
3597 2023 3686 2078 nisi

2131 2111 2310 2164 Judaei
2343 2112 2636 2182 perissent,
2660 2129 3014 2183 nequaquam
3029 2121 3229 2183 gentes
3247 2114 3327 2168 sal
3338 2113 3686 2167 verentur-De-

2129 2197 2318 2252 lictum
2350 2199 2556 2254 dicitur
2581 2201 2742 2271 quasi
2770 2201 3117 2264 derelictum,
3153 2207 3212 2254 et
3258 2201 3511 2255 delictum
3560 2201 3615 2253 ﬁt
3637 2199 3682 2253 in

2125 2287 2481 2357 cogitatione.
2503 2296 2790 2358 peccatum
2819 2306 2946 2343 vero
2969 2290 3024 2342 in
3055 2290 3396 2359 Operatione.
3425 2288 3617 2345 Dicitur
3640 2292 3688 2342 et.

2126 2376 2390 2430 delictum
2425 2378 2648 2447 quando
2692 2395 2801 2432 non
2851 2379 3194 2449 adimpletur
3226 2379 3322 2433 Dei
3369 2379 3682 2438 mandatum,

2128 2471 2416 2534 peccatum
2449 2483 2577 2520 vero
2590 2468 2893 2536 quandotit
2921 2467 3070 2536 quod
3105 2467 3445 2537 prohibitum
3472 2473 3566 2519 est.
3595 2463 3686 2520 Sed

2127 2555 2430 2624 Apostolus
2457 2556 2840 2610 indifferenter
2869 2555 3026 2626 ponit
3049 2556 3316 2610 delictum
3337 2573 3434 2625 pro
3469 2560 3683 2625 peccato.

2128 2642 2404 2696 Delictum
2433 2661 2566 2714 ergo
2591 2645 2910 2698 Judaeorum
2953 2661 3105 2698 mors
3134 2645 3342 2700 Christi
3371 2644 3492 2708 fuit,
3523 2648 3576 2704 et
3615 2657 3694 2695 cor

2125 2730 2483 2802 impmnitens
2511 2750 2638 2787 rum
2676 2733 3028 2798 infidelitate,
3061 2733 3222 2802 cujus
3283 2741 3462 2787 morte
3485 2731 3694 2802 gentiles

2125 2828 2254 2880 sunt
2279 2821 2553 2892 redempti
2585 2828 2642 2876 et
2677 2839 2834 2876 sacro
2858 2821 3196 2892 baptismate
3242 2822 3440 2882 abluti.
3467 2837 3595 2892 quos
3617 2819 3696 2872 de.

2123 2908 2256 2965 bent
2273 2911 2297 2963 .l
2309 2910 2447 2964 udzei
2468 2911 2668 2970 aemula
2678 2910 2743 2976 ri,
2759 2911 2813 2964 id
2833 2919 2918 2965 est
2937 2911 3145 2966 imitari
3163 2911 3222 2964 in
3254 2912 3386 2973 ﬁde.
3414 2917 3475 2968 ut
3490 2909 3694 2965 creden-

2122 3003 2211 3050 tes
2242 2998 2388 3052 sicut
2414 2999 2493 3051 illi
2511 2999 2765 3064 credunt,
2794 3001 2931 3053 salvi
2961 3001 3118 3056 ﬁant.

2195 3087 2344 3154 Quod
2352 3090 2404 3140 si
2413 3089 2572 3164 detict
2578 3104 2611 3140 u
2620 3104 2669 3140 m
2686 3105 2876 3142 eorum
2892 3090 3099 3142 divitiae
3109 3095 3240 3143 sunt
3254 3091 3473 3144 mundi.
3484 3086 3694 3156 Propter

2121 3174 2387 3228 delictum
2421 3175 2743 3230 Judzeorum
2775 3177 2922 3247 quod
2976 3177 3388 3232 commiserunt
3415 3178 3471 3230 in
3517 3173 3693 3230 Filium

2122 3262 2239 3324 Dei,
2269 3271 2318 3316 et
2341 3271 2572 3334 propter
2590 3263 2977 3318 inﬁdelitatem
3010 3265 3444 3320 illorum.ditata
3462 3270 3544 3318 est
3570 3259 3696 3315 mul-

2119 3350 2302 3405 titudo
2326 3352 2578 3422 gentium
2611 3353 2818 3406 divitiis
2844 3353 3004 3423 legis,
3047 3355 3468 3424 prophetarum.
3487 3351 3696 3424 psalmo-

2119 3455 2265 3502 rum,
2283 3447 2339 3493 et
2353 3444 2536 3511 gratia
2558 3441 2708 3506 ﬁdei,
2733 3441 2866 3511 quia
2887 3443 3118 3496 abstulit
3131 3443 3212 3497 eis
3244 3443 3518 3498 Dominus
3532 3437 3698 3494 omnia

2119 3527 2244 3588 ista.
2271 3535 2327 3582 et
2355 3531 2590 3584 tradidit
2616 3531 2882 3600 gentibus
2911 3531 2966 3584 in
2993 3548 3054 3584 se
3081 3533 3460 3591 credentibus.
3492 3530 3626 3584 sicut
3647 3526 3695 3579 in

2119 3616 2416 3688 Evangelio
2447 3618 2692 3672 minatus
2713 3627 2800 3673 est
2824 3619 2924 3681 eis,
2948 3620 3138 3674 dicens
3162 3639 3174 3673 :
3195 3623 3498 3690 Λαίαν-θίαν
3521 3635 3553 3672 a
3570 3616 3696 3672 vobis

2117 3720 2352 3774 regnum
2381 3708 2490 3770 Dei,
2527 3713 2576 3761 et
2620 3710 2850 3762 dabitur
2877 3713 3030 3776 genti
3071 3711 3308 3776 facienti
3358 3713 3572 3777 fructu:
3595 3708 3697 3773 ejus

2120 3795 2338 3852 (Matth.
2372 3809 2464 3848 xxx
2493 3836 2505 3848 .
2541 3797 2756 3865 Magnae
2793 3805 2849 3850 et
2870 3797 3378 3868 incompensabiles
3398 3791 3699 3854 fueruntdi—

2118 3881 2621 3950 vitiaeJudzeorum,
2642 3903 2765 3956 quas
2786 3887 3317 3966 totum.ditaverunt
3339 3885 3604 3944 mundum
3625 3901 3635 3935 :
3655 3885 3698 3933 et

2118 3970 2166 4023 si
2194 3973 2498 4026 diminutio
2519 3990 2709 4027 eorum
2737 3976 2946 4029 divitias
2991 3979 3262 4042 gentium.
3298 3980 3507 4046 quanto
3542 3971 3699 4038 magis

434 4062 824 4120 ditoPharisaei
841 4060 1006 4116 verbo
1031 4059 1532 4114 scandalizatisunt
1551 4061 1832 4126 (Ibid.xv),
1867 4059 1922 4113 id
1953 4067 2037 4115 est
2113 4063 2404 4126 plenitudo
2423 4069 2656 4116 eorum?
2686 4063 2994 4118 Diminutio
3007 4064 3094 4117 hic
3121 4081 3222 4136 pro
3263 4065 3546 4136 paucitate
3573 4057 3702 4114 acci-

435 4157 602 4219 rixati
629 4175 642 4210 :
673 4155 762 4209 hic
793 4159 984 4208 autem
1011 4151 1114 4205 sub
1150 4159 1390 4221 utroque
1413 4167 1579 4206 sensu
1615 4151 1789 4222 accipi
1831 4158 2032 4223 potest.
2120 4147 2272 4217 pitur
2294 4157 2352 4202 et
2374 4166 2542 4219 parvo
2559 4167 2793 4206 numero
2821 4170 2834 4216 ;
2858 4151 3158 4208 diminutio
3187 4162 3381 4208 autem
3409 4149 3702 4206 infidelium

436 4246 506 4300 Et
535 4247 598 4297 in
629 4241 1072 4301 retributionem,
1102 4237 1305 4307 inquit,
1347 4244 1407 4291 ut
1459 4238 1651 4306 qualia
1702 4238 2037 4294 fee-eruntin
2119 4236 2462 4302 Judaeorum,
2496 4239 2733 4309 apostoli
2793 4238 3020 4294 fuerunt
3067 4241 3278 4312 aliique
3325 4242 3616 4299 credean
3648 4249 3705 4289 ex

436 4330 724 4390 Christum
757 4327 890 4382 talia
906 4324 1291 4380 retribuantur
1313 4325 1445 4381 illis.
1467 4332 1526 4379 et
1553 4325 1778 4396 utrique
1807 4327 1885 4380 ita
1904 4345 2036 4382 con-
2053 4367 2102 4426 Β
2121 4326 2314 4379 eadem
2341 4326 2519 4396 plebe.
2553 4333 2610 4381 et
2640 4333 2720 4382 est
2752 4344 2981 4387 sensus:
3015 4329 3061 4382 si
3093 4331 3348 4400 paucitas
3378 4347 3504 4402 qua)
3530 4343 3594 4381 ex
3617 4325 3703 4381 Ju-

435 4419 584 4496 tigit.
611 4415 777 4471 Verbi
805 4414 1010 4487 gratia,
1044 4413 1340 4468 voluerunt
1363 4413 1569 4468 Christi
1616 4431 1822 4472 nomen
1853 4411 2102 4484 delere"
2121 4411 2254 4466 decis
2276 4414 2516 4468 credidit
2547 4420 2758 4469 tantam
2811 4417 3052 4471 salutem
3107 4419 3302 4472 attulit
3325 4416 3611 4489 gentibus.
3651 4415 3706 4465 ιιι

435 4505 505 4560 de
533 4511 704 4570 terra,
735 4519 937 4558 nomen
975 4518 1168 4556 eorum
1201 4502 1446 4557 deletum
1479 4510 1566 4557 est
1593 4507 1654 4564 ut
1673 4504 1792 4574 jam
1819 4522 1928 4560 non
1950 4507 2038 4560 di-
2121 4518 2264 4571 pene
2291 4502 2348 4556 in
2374 4519 2569 4557 omnes
2586 4511 2782 4573 gentes
2807 4505 3162 4576 Evangelium
3196 4503 3706 4578 perillospriedica-

435 4592 886 4664 canturpopulus
903 4590 1126 4646 Domini
1159 4590 1595 4658 ;i_nte.rfecerunt
1615 4592 1922 4654 Christum.
1949 4593 2038 4648 in-
2119 4595 2240 4646 tum
2262 4591 2356 4650 sit.
2385 4597 2594 4662 quanto
2617 4593 2796 4663 magis
2829 4596 3136 4664 prodesset,
3150 4595 3197 4650 si
3219 4613 3424 4652 omnes
3451 4589 3710 4650 credidis-

434 4681 649 4746 terfecti
670 4689 804 4738 sunt
822 4687 876 4736 et
893 4679 996 4754 ipsi
1010 4678 1198 4752 gladio
1235 4681 1633 4734 Romanorum.
1679 4681 2038 4752 Signitiratur
2119 4679 2291 4733 sent?
2316 4681 2490 4734 Multo
2511 4681 2692 4752 magis
2715 4683 3023 4752 prodesset.
3040 4683 3171 4753 quia
3191 4701 3292 4754 per
3307 4699 3512 4740 omnes
3523 4685 3706 4752 gentes

433 4775 493 4826 et
509 4788 668 4826 sacra
685 4771 975 4844 Scriptura
997 4785 1097 4841 per
1117 4784 1368 4824 mensam
1377 4785 1531 4838 ,quaa
1565 4772 1697 4824 data
1719 4778 1802 4824 est
1830 4771 2034 4826 Judaais

433 4861 492 4915 in
507 4860 632 4932 lege
657 4867 713 4915 et
729 4858 1039 4931 prophetis,
1063 4857 1208 4912 sicut
1224 4857 1518 4911 Psalmista
1535 4857 1996 4922 ostendit,dicens
2017 4879 2028 4911 :

431 4951 656 5003 Parasti
684 4951 746 5002 in
793 4952 1076 5016 conspectu
1128 4962 1250 5004 mea
1277 4961 1520 5000 mensam
1554 4949 1716 5010 (Psat.
1740 4958 1835 5012 xi),
1869 4949 2030 5014 cujus

430 5035 860 5106 intelligentiam
888 5035 1019 5106 quia
1051 5051 1162 5088 non
1193 5040 1343 5088 recte
1389 5034 1623 5088 scrutati
1668 5042 1800 5089 sunt
1829 5037 2027 5100 Judaei,

429 5124 576 5178 facta
591 5129 676 5180 est
691 5123 906 5195 eisipsa
918 5139 1110 5176 mensa
1129 5121 1186 5175 in
1211 5122 1494 5192 laqueum,
1525 5133 1574 5177 et
1603 5123 1656 5176 in
1679 5131 1879 5178 caetera
1907 5141 2029 5194 quae

429 5224 599 5283 supra
617 5219 928 5273 memorata
947 5215 1098 5265 sunt.
1123 5210 1378 5264 nolentes
1393 5210 1445 5264 in
1469 5211 1752 5264 Christum
1776 5211 2022 5270 credere.

427 5301 518 5357 cui
538 5299 720 5354 omnis
740 5299 837 5354 illa
859 5295 1143 5369 Scriptura
1161 5298 1542 5357 testimonium
1581 5299 1909 5370 perhibebat
1935 5314 1946 5348 ε
1971 5307 2029 5354 et

426 5388 690 5461 quiinium
723 5385 791 5442 ad
816 5394 1052 5441 mortem
1082 5395 1280 5441 contra
1307 5388 1696 5442 auctoritatem
1716 5388 1866 5443 illius
1885 5388 2027 5443 Scri-

423 5485 604 5552 ptura
627 5475 984 5532 tradiderunt
1005 5476 1312 5544 Christum,
1335 5475 1496 5531 illata
1507 5484 1592 5532 est
1605 5477 1686 5532 eis
1706 5477 2024 5550 retributio,

422 5566 732 5628 secundum
761 5565 1028 5636 meritum
1051 5565 1296 5626 illorum.

2112 4768 2230 4838 jam
2263 4775 2411 4822 esset
2441 4769 2798 4840 Evangelium
2828 4772 3190 4841 praedicatum
3213 4771 3432 4828 abillis.
3467 4763 3706 4842 Apostoli

2115 4857 2262 4910 enim
2285 4858 2493 4928 aliique
2512 4859 2804 4914 credentes
2833 4877 2897 4914 ex
2925 4859 3141 4916 Judaeis
3168 4861 3378 4916 divitia
3423 4867 3560 4915 sunt
3584 4871 3706 4928 gen-

2111 4945 2274 5011 tium,
2289 4947 2418 5016 quia
2442 4963 2540 5017 per
2562 4947 2783 5002 illorum
2805 4949 3176 5004 ministerium
3195 4945 3706 5020 acceperunttidem

2113 5034 2602 5105 cognitionemque
2618 5035 2933 5090 divinarum
2957 5035 3504 5108 Scripturarum,ubi
3522 5031 3709 5088 notitia

2113 5121 2210 5178 Dei
2233 5128 2337 5184 est;
2363 5129 2418 5176 et
2433 5123 2536 5193 ipsi
2557 5124 2954 5178 ordinaverunt
2967 5126 3231 5194 gentibus
3248 5125 3544 5194 episcopos
3571 5135 3711 5192 pres-

2109 5209 2355 5282 byteros,
2375 5213 2659 5276 diaconos,
2683 5221 2740 5266 et
2765 5221 2996 5268 caeteros
3016 5214 3241 5268 ordines
3284 5211 3706 5270 ecclesiasticos.

2110 5305 2184 5364 et,
2215 5309 2280 5354 ut
2296 5301 2538 5372 amplius
2554 5301 2756 5363 dicam,
2781 5303 3048 5372 quidquid
3073 5303 3200 5356 boni
3223 5302 3502 5356 habemus
3522 5295 3712 5368 ngratis

2107 5386 2210 5441 Dei
2221 5396 2556 5460 cooperante
2569 5406 2634 5444 ac
2649 5390 2945 5460 largiente)
2967 5408 3066 5460 per
3079 5392 3304 5449 illorum
3333 5387 3710 5446 ministerium

2107 5479 2442 5549 accepimus.

2191 5569 2340 5622 Vobis
2353 5571 2503 5624 enim
2517 5571 2636 5625 dico
2650 5572 2903 5638 gentibus
2925 5591 2942 5626 :
2965 5572 3228 5640 Quandiu
3242 5571 3472 5644 quidem
3487 5581 3716 5639 summa
