3936 6164
504 301 609 360 463

952 300 1332 356 HAYMONIS
1364 302 1850 356 HALBERSTAT.
1886 297 2106 354 EPISC.
2144 298 2301 353 OPP.
2334 302 2518 358 PARS
2549 307 2593 365 Ι,
2629 338 2692 348 -—
2724 309 3097 368 COMMENT.
3129 312 3304 367 BlBL.

3616 320 3701 376 464

502 438 565 485 tu
595 431 860 491 radicem,
896 428 948 482 id
967 433 1049 481 est
1071 428 1208 481 nihil
1232 426 1480 497 patribus
1500 426 1727 487 sanctis,
1751 425 1846 495 qui
1870 430 1923 477 te
1947 439 2091 493 prae-
2110 425 2416 492 Agratiam
2468 429 2569 482 Dei
2626 439 2919 503 separatus
2967 451 3027 488 es
3056 451 3090 488 a
3118 436 3447 506 paganismo,
3476 444 3526 492 et
3548 439 3608 493 ab
3633 441 3703 496 his

503 524 795 573 cesserunt
818 516 940 581 ;sed
965 515 1119 567 radix
1146 524 1200 566 te
1231 522 1436 583 portat,
1473 513 1603 582 quia
1633 529 1826 565 eorum
1861 511 1966 564 ﬁde
1988 512 2094 563 sal-

2176 514 2271 582 qui
2293 514 2363 568 ab
2383 518 2609 573 exordio
2664 522 2749 574 sui
2802 523 3035 576 diversis
3081 524 3358 578 erroribus
3390 542 3421 579 a
3458 527 3559 580 Deo
3596 536 3707 583 sunt

506 604 688 669 varis;
721 608 781 654 tu
813 600 960 654 enim
985 597 1247 668 accepisti
1274 597 1343 650 ab
1376 598 1476 657 eis,
1512 598 1590 649 llll
1614 612 1724 649 non
1756 602 2095 666 acceperunt
2175 606 2439 673 separati,
2471 613 2529 660 et
2555 616 2750 662 contra
2796 612 3255 665 consuetudinem
3296 612 3520 667 insertus
3568 632 3618 669 es
3659 617 3706 670 in

500 710 534 746 a
562 699 636 746 te.
666 691 879 745 Aliter:
912 689 1034 741 Non
1064 696 1253 758 portas
1284 686 1550 748 radicem,
1572 684 1642 752 ,id
1672 690 1757 738 est
1782 685 2086 749 Christum,

498 780 586 835 cui
624 779 767 833 nihil
788 794 851 831 ex
883 781 980 829 tuo
1010 774 1211 829 tribuis
1251 792 1263 840 ;
1325 773 1423 828 sed
1452 773 1571 843 ipse
1601 779 1657 826 te
1699 778 1885 842 portat
1915 789 1949 825 a
1978 788 2088 842 quo

496 866 670 922 habes
699 864 970 939 quidquid
1009 863 1138 918 boni
1167 861 1358 928 habes,
1403 867 1461 915 et
1487 862 1716 932 insuper
1744 860 1814 914 ab
1842 860 1937 915 illo
1984 860 2087 914 ha-

491 954 591 1011 bes
617 972 757 1010 esse.
1370 1010 1389 1018 δ

564 1065 714 1118 Dices
739 1077 865 1129 ergo
890 1060 1049 1123 mihi,
1085 1075 1118 1112 ο
1165 1057 1426 1128 gentilis:
1451 1058 1625 1124 fracti
1647 1061 1778 1110 sunt
1798 1059 1972 1121 rami,
1997 1056 2089 1109 in-

492 1153 706 1208 creduli
734 1151 948 1206 scilicet
977 1147 1153 1203 Judaei
1183 1146 1383 1216 abjecti
1408 1151 1558 1211 sunt,
1610 1152 1671 1199 ut
1720 1163 1811 1214 ego
1860 1146 2085 1215 gentilis

490 1245 716 1295 inserar
761 1241 821 1293 in
876 1240 1061 1293 locum
1108 1237 1357 1297 illorum.
1383 1238 1538 1301 Bene,
1597 1235 1865 1290 subaudis
1918 1236 2079 1298 dicis,

493 1330 623 1401 quia
653 1329 736 1383 ita
763 1334 867 1389 est,
902 1328 997 1382 sed
1021 1326 1248 1380 attende
1272 1324 1401 1394 quid
1434 1324 1689 1395 sequitur
1716 1348 1727 1382 :
1746 1330 1969 1392 propter
1997 1328 2081 1379 in-

487 1419 1055 1484 credulitatem/moti
1079 1419 1209 1469 sunt
1236 1414 1374 1467 rami
1402 1412 1561 1483 ;quia
1582 1413 1886 1467 noluerunt
1903 1414 2075 1468 Judaei

484 1509 543 1562 in
575 1506 860 1562 Christum
893 1505 1140 1563 credere,
1166 1502 1310 1572 lapsi
1341 1507 1475 1555 sunt
1502 1502 1559 1555 in
1590 1508 1826 1555 mortem
1849 1502 2080 1555 damna-

482 1597 670 1659 tionis,
702 1595 867 1649 fracti
915 1611 945 1647 a
978 1593 1163 1662 gratia
1193 1592 1292 1646 Dei
1325 1609 1336 1643 :
1371 1596 1428 1645 tu
1482 1597 1669 1645 autem
1717 1593 1821 1658 ﬁde
1870 1592 2076 1646 Christi

2173 690 2377 745 bonam
2410 694 2631 759 olivam,
2660 696 2764 749 hoc
2808 703 2895 751 est
2920 698 2979 751 in
3006 698 3172 753 ﬁdem
3206 701 3604 770 praecedentium
3631 721 3707 774 pa-

2172 784 2346 845 trum,
2370 782 2465 852 qui
2488 784 2882 853 pinguedinem
2913 788 3092 840 sancti
3143 788 3379 858 Spiritus
3415 790 3705 858 habuerunt,

2173 874 2383 936 quanto
2414 870 2594 940 magis
2620 871 2797 925 Judaei
2827 873 3130 928 secundum
3155 881 3409 929 naturam
3437 876 3711 931 inserentur

2170 971 2286 1010 suae
2312 957 2625 1023 olivaa,ﬁdei
2646 960 2899 1015 videlicet
2925 969 3149 1033 patrum
3179 980 3421 1019 suorum.
3442 964 3587 1029 Quod
3603 966 3713 1019 dicit

2169 1050 2366 1098 contra
2388 1052 2652 1101 naturam
2678 1048 2951 1104 insertum
2982 1068 3104 1106 esse
3158 1069 3376 1106 ramum
3423 1053 3626 1107 oleastri
3664 1054 3710 1108 in

2168 1132 2390 1200 olivam,
2424 1152 2581 1189 more
2610 1136 2857 1192 humano
2887 1138 3292 1211 loquitur.quia
3315 1141 3558 1195 naturale
3574 1147 3647 1195 est
3662 1147 3713 1196 ut

2166 1224 2456 1278 surculum
2488 1224 2644 1280 bome
2676 1226 2892 1280 arboris
2912 1228 3229 1284 inseramus
3256 1230 3315 1283 in
3338 1236 3527 1284 trunco
3558 1230 3706 1291 male,

2163 1325 2276 1364 non
2301 1311 2587 1367 surculum
2619 1316 2780 1370 male:
2810 1316 2868 1370 in
2894 1315 3039 1371 bono
3062 1322 3279 1375 trunco.
3310 1323 3368 1372 et
3391 1319 3493 1372 hoc
3516 1318 3713 1399 insertio

2163 1399 2391 1454 dicitur.
2418 1402 2565 1456 Deus
2595 1411 2805 1471 autem,
2857 1406 3112 1460 conditor
3147 1413 3205 1461 et
3231 1413 3448 1461 creator
3494 1407 3711 1461 omnium

2161 1501 2349 1540 rerum
2383 1495 2440 1542 et
2468 1497 2822 1546 naturarum.
2858 1494 2999 1546 nihil
3028 1499 3221 1549 contra
3240 1501 3495 1550 naturam
3518 1496 3652 1550 facit.

2228 1576 2366 1629 Nolo
2395 1581 2542 1631 enim
2576 1596 2664 1633 ros
2692 1583 2976 1648 ignorare,
2997 1585 3227 1652 fratres,
3258 1589 3577 1654 mysterium
3604 1586 3706 1640 hoc.

481 1692 611 1749 stas,
646 1701 759 1739 non
786 1683 901 1737 tuis
930 1682 1167 1736 meritis.
1197 1681 1437 1751 Ideoque
1486 1680 1600 1733 noli
1653 1679 1884 1750 gloriari
1917 1699 1929 1747 ;
1959 1685 2059 1735 nol:

2158 1662 2491 1733 Mysterium
2522 1672 2608 1719 est
2627 1684 2718 1722 res
2750 1670 2986 1733 occulta,
3020 1676 3076 1724 et
3104 1679 3382 1727 secretum
3429 1673 3638 1744 aliquod
3668 1673 3715 1726 in

479 1777 662 1828 altum
682 1787 887 1840 sapere,
915 1770 967 1823 id
993 1774 1080 1824 est
1109 1769 1222 1822 noli
1250 1767 1559 1838 superbire,
1588 1769 1680 1820 sed
1702 1771 1832 1821 time
1852 1768 2068 1823 cadere:
2090 1757 2131 1763 "
2155 1767 2215 1804 εθ
2235 1757 2551 1809 οοηῖίηθηε·
2576 1757 2900 1828 Alloquitur
2929 1775 3063 1829 ergo
3105 1762 3346 1831 gentiles
3370 1762 3641 1816 credentes
3664 1767 3716 1815 υτ

478 1860 578 1913 Dei
607 1860 757 1913 enim
782 1857 1113 1912 beneﬁcium
1137 1861 1240 1921 est,
1274 1856 1420 1926 quod
1450 1860 1676 1909 vocatus
1695 1871 1893 1911 es.non
1910 1862 2069 1910 tuum

476 1949 762 2003 meritum.
794 1948 959 2001 Juxta
985 1945 1135 2016 quod
1156 1945 1303 1998 idem
1319 1944 1578 2014 egregius
1593 1944 2069 2014 przedicatoralias

477 2038 648 2092 dicit:
676 2038 870 2091 Gratia
898 2037 1042 2088 salvi
1066 2036 1204 2101 facti
1233 2036 1378 2097 estis,
1402 2038 1451 2085 et
1497 2033 1593 2085 hoc
1624 2048 1735 2086 non
1761 2049 1825 2087 ea:
1871 2034 2015 2086 vobis
2046 2051 2062 2095 ;

470 2128 570 2180 Dei
594 2129 743 2179 enim
771 2127 980 2179 donum
1006 2128 1101 2189 est,
1136 2139 1248 2176 non
1284 2138 1349 2175 ea:
1389 2122 1660 2190 operibus,
1714 2127 1775 2174 ut
1824 2138 1890 2176 ne
1939 2125 2064 2190 quis

468 2217 741 2282 glorietur
762 2214 967 2282 (Ephes.
994 2214 1076 2280 ιι).

537 2326 601 2384 Si
628 2328 777 2380 enim
812 2325 950 2377 Deus
979 2321 1338 2375 naturalibus
1370 2324 1545 2374 ramis
1576 2337 1688 2375 non
1704 2323 1959 2389 pepercit,
1998 2338 2062 2374 ne

467 2419 610 2485 forte
640 2432 735 2470 nec
760 2413 877 2469 tibi
891 2418 1107 2482 parcat.
1139 2410 1437 2465 Naturales
1470 2426 1657 2463 ramos
1680 2410 1927 2481 appellat
1954 2410 2057 2463 Ju-

467 2505 634 2569 daeos,
667 2503 764 2575 qui
808 2518 873 2555 ex
902 2499 1110 2555 sanctis
1140 2498 1392 2570 patribus
1421 2502 1478 2551 et
1507 2498 1622 2552 Deo
1646 2497 1865 2551 dilectis
1891 2497 2064 2567 origi-

469 2608 598 2646 nem
625 2596 936 2653 traxerunt,
963 2594 1019 2643 et
1049 2593 1134 2642 est
1162 2599 1391 2641 sensus:
1420 2587 1466 2641 Ο
1495 2586 1741 2656 gentilis,
1772 2586 2065 2640 considera

466 2682 598 2751 quia
617 2682 664 2735 si
695 2680 846 2734 Deus
900 2677 1106 2732 Judazis
1161 2693 1275 2730 non
1330 2675 1597 2746 pepercit.
1636 2675 1732 2745 qui
1775 2691 1807 2728 a
1854 2674 2063 2730 sanctis

460 2769 719 2842 patribus
741 2767 1015 2838 originem
1047 2767 1344 2828 duxerunt,
1380 2770 1437 2817 et
1479 2781 1544 2817 ex
1599 2780 1837 2834 quorum
1891 2769 2061 2834 gente

457 2858 579 2929 ipse
605 2873 830 2912 carnem
863 2851 1561 2925 assumpsit,multomagis
1595 2867 1697 2905 nec
1721 2850 1823 2904 tibi
1845 2857 2056 2922 parcet,

459 2946 507 3000 si
537 2962 572 2999 a
592 2946 702 2999 ﬁde
731 2944 834 2999 Dei
877 2941 1193 3004 recesseris,
1229 2940 1324 3011 qui
1362 2941 1606 2994 oleaster
1649 2957 1793 2999 eras.
1817 2941 1903 2994 vel
1930 2941 1979 2994 si
2000 2941 2059 2995 in

460 3034 738 3107 superbia
770 3033 916 3087 fastu
944 3036 1001 3085 te
1031 3029 1332 3084 elevaveris
1386 3028 1746 3100 despiciendo
1774 3029 2050 3086 Judmum.

536 3142 661 3194 Vide
688 3156 815 3207 ergo
843 3140 1212 3192 bonitatem-et
1260 3137 1602 3189 severitatem
1652 3137 1767 3189 Dei.
1815 3134 2114 3194 SeverusC

448 3228 623 3299 judex
652 3227 859 3282 dicitur
879 3224 975 3295 qui
1005 3225 1064 3278 in
1099 3222 1310 3277 nullam
1340 3226 1558 3291 partem
1591 3238 1754 3275 suum
1779 3224 2054 3292 judicium

455 3318 651 3383 ﬂectit,
685 3316 784 3371 sed
815 3331 915 3386 per
935 3312 1329 3367 rectitudinem
1364 3310 1591 3364 incedit.
1624 3311 1904 3366 Severitas
1924 3329 2053 3367 vero

455 3408 664 3462 dicitur
678 3404 977 3476 judicium,
999 3418 1109 3472 quo
1133 3400 1271 3457 nulli
1299 3399 1584 3462 adulatur,
1607 3399 1700 3453 sed
1714 3401 1867 3469 juste
1887 3418 2053 3456 omne

448 3495 682 3564 judicat.
725 3491 955 3546 Bonitas
987 3496 1202 3552 autem,
1230 3487 1410 3558 pietas
1459 3487 1655 3557 gratiae
1713 3493 1770 3541 et
1828 3489 2051 3543 miseri-

457 3583 658 3638 cordiae
682 3597 794 3652 qua
820 3578 966 3633 bona
997 3580 1341 3648 praestantur
1362 3574 1704 3641 hominibus,
1738 3579 1801 3630 in
1830 3594 1913 3630 eos
1932 3579 2052 3645 qui-

451 3674 574 3726 dem
632 3670 854 3724 Judaeos
908 3669 1007 3736 qui
1055 3666 1388 3728 ceciderunt,
1437 3666 1795 3730 severitatem,
1847 3665 1905 3718 id
1964 3672 2051 3720 est

444 3757 827 3830 justissimum
853 3753 1147 3824 judicium,
1174 3752 1424 3805 exercuit
1449 3765 1460 3800 :
1490 3753 1553 3805 in
1571 3756 1616 3805 te
1636 3757 1823 3806 autem
1839 3755 2048 3807 bonita-

454 3852 562 3901 tem
592 3847 709 3907 Dei,
741 3843 846 3897 hoc
895 3850 982 3895 est
1028 3840 1270 3911 gratiam
1303 3839 1547 3910 pietatis,
1596 3840 1950 3905 monstrabit,
1997 3845 2049 3895 si

445 3935 823 4006 permanseris
848 3936 909 3987 in
933 3932 1190 3995 bonitate,
1207 3928 1261 3982 id
1286 3937 1373 3982 est
1390 3928 1447 3983 in
1461 3928 1570 3982 ﬁde
1583 3936 1735 3983 recta
1758 3944 1771 3978 :
1791 3933 2046 3998 alioquin

450 4030 500 4079 et
534 4029 592 4077 tu
623 4022 906 4079 excideris.
950 4019 1007 4073 id
1039 4025 1144 4082 est,
1184 4017 1228 4072 si
1269 4034 1301 4070 a
1332 4017 1441 4071 ﬁde
1470 4018 1785 4081 recesseris,
1820 4019 2046 4089 penitus

450 4109 676 4183 peribis.
705 4109 890 4162 Distat
917 4111 1109 4160 autem
1150 4105 1299 4158 inter
1348 4102 1531 4172 frangi
1561 4109 1618 4157 et
1662 4104 1857 4166 excidi,
1917 4105 2049 4175 quia

448 4202 662 4254 fractus
689 4212 880 4249 ramus
909 4200 1095 4264 potest
1123 4200 1409 4261 utcunque
1462 4190 1649 4244 arbori
1706 4209 1820 4246 sum
1860 4194 2047 4247 resoli-

450 4287 595 4349 dari,
628 4284 843 4337 excisus
870 4282 1212 4334 nullatenus.
1240 4278 1314 4332 Et
1334 4278 1645 4332 notandum
1679 4280 2042 4349 quiaJudaaos

451 4374 591 4429 dixit
617 4373 838 4435 fractos,
871 4370 969 4440 qui
999 4366 1333 4439 praedicante
1359 4366 1481 4420 Elia
1509 4372 1565 4419 et
1593 4367 1800 4433 Enoch,
1832 4370 2042 4424 solida-
2061 4362 2106 4419 D

448 4464 662 4518 buntur
676 4460 733 4515 in
753 4459 862 4513 ﬁde
877 4457 1082 4513 Christi
1108 4472 1119 4506 :
1146 4455 1388 4526 gentiles
1410 4456 1676 4521 autem,si
1698 4473 1733 4509 a
1753 4457 1864 4511 ﬁde
1888 4459 2045 4513 Chri-

450 4552 524 4609 sti
551 4548 904 4612 recesserint,
939 4545 1162 4617 penitus
1206 4543 1613 4598 abscindendos
1642 4561 1677 4598 a
1703 4546 1888 4614 gratia
1915 4548 2034 4615 Dei,

447 4659 513 4697 ac
527 4639 728 4696 deinde
752 4635 1094 4709 perdendos;
1123 4633 1275 4688 unde
1305 4632 1561 4704 sequitur
1591 4656 1604 4688 :

511 4748 616 4804 Sed
644 4752 691 4802 et
722 4748 830 4812 illi,
862 4741 1129 4799 subaudis
1160 4739 1355 4803 Judaei,
1388 4743 1439 4793 si
1468 4756 1577 4794 non
1621 4746 2036 4809 permanserint

443 4842 509 4892 in
538 4837 949 4901 incredulitate,
999 4834 1319 4885 inserentur
1357 4828 1489 4882 ﬁdei
1539 4828 1748 4883 Christi
1803 4836 1859 4885 et
1906 4832 2037 4887 ﬁdei

438 4924 913 4997 patriarcharum;
931 4926 1118 4990 potens
1136 4923 1208 4973 est
1226 4920 1373 4972 enim
1396 4918 1537 4971 Deus
1564 4920 1771 4972 iterum
1793 4922 2034 4975 inserere

438 5015 563 5065 illos
586 5010 716 5064 ﬁdei
740 5008 968 5065 Christi.

507 5117 653 5170 Nam
708 5117 758 5167 si
787 5119 846 5167 tu
872 5129 937 5166 ex
977 5115 1233 5167 naturali
1271 5115 1533 5181 praecisus
1587 5128 1640 5165 es
1696 5115 1945 5177 oleastro,
1980 5118 2031 5165 et

434 5208 629 5259 contra
654 5207 923 5255 naturam
952 5203 1194 5253 insertus
1208 5215 1262 5252 es
1279 5202 1334 5252 in
1361 5201 1559 5253 bonam
1589 5201 2028 5267 olivam,quanto

431 5294 609 5359 magis
653 5291 713 5343 hi
741 5291 840 5358 qui
891 5288 1196 5341 secundum
1244 5293 1511 5341 naturam
1562 5291 1881 5342 inserentur
1916 5305 2026 5342 suae

2154 1841 2527 1899 consisterent
2555 1862 2666 1915 qua
2701 1847 2770 1899 de
2799 1863 2971 1901 causa
2995 1849 3131 1903 salvi
3160 1850 3293 1905 facti
3325 1852 3457 1913 sint,
3487 1851 3596 1906 suis
3622 1866 3716 1903 me-

2153 1928 2300 1993 ritis,
2327 1946 2399 1984 an
2428 1934 2615 2002 gratia
2643 1932 2765 1998 Dei,
2797 1941 2856 1990 et
2875 1937 3053 1991 Judaei
3076 1937 3302 2009 abjecti,
3328 1947 3383 1994 et
3416 1939 3581 1996 dicit;
3635 1938 3718 1993 Oc-

2152 2017 2365 2071 cultum
2397 2026 2454 2073 et
2471 2026 2750 2075 secretum
2780 2023 2881 2076 Dei
2903 2025 3201 2093 judicium,
3251 2034 3522 2099 quantum
3573 2028 3714 2080 homo

2147 2114 2446 2175 penetrare
2476 2115 2678 2179 potest,
2735 2111 2865 2164 nolo
2911 2128 3009 2166 vos
3051 2114 3245 2180 lateat,
3300 2132 3477 2186 quare
3521 2114 3715 2169 Judieos

2147 2196 2429 2264 quondam
2460 2199 2725 2269 pepulum
2754 2200 3093 2269 peculiarem
3132 2202 3427 2274 abjecerit,
3467 2208 3523 2258 et
3545 2208 3714 2273 gentes

2144 2286 2482 2352 peccatrices
2507 2304 2608 2357 per
2629 2287 2795 2341 ﬁdem
2827 2287 2939 2342 sibi
2979 2291 3345 2361 copulaverit.
3375 2298 3434 2347 et
3459 2294 3611 2363 cujus
3650 2289 3719 2345 rei

2145 2372 2331 2440 gratia
2355 2374 2460 2428 hoc
2480 2376 2840 2429 admonuerit
2860 2379 3229 2448 perpendere,
3266 2381 3544 2436 subinfert
3577 2386 3629 2434 et
3650 2378 3719 2432 di-

2146 2460 2225 2515 cit
2251 2479 2262 2513 :
2285 2468 2346 2515 ut
2372 2479 2483 2516 non
2510 2466 2633 2516 sitis
2654 2464 2801 2516 vobis
2822 2467 2956 2532 ipsis
2983 2469 3279 2535 sapientes,
3311 2469 3371 2523 id
3402 2475 3488 2523 est
3512 2472 3575 2522 ut
3622 2482 3720 2521 non

2146 2550 2504 2620 superbiatis,
2529 2551 2778 2605 dicentes
2802 2568 2898 2605 vos
2913 2555 3154 2625 propriis
3182 2557 3405 2611 meritis
3425 2557 3538 2611 fore
3560 2554 3719 2608 salva-

2144 2644 2254 2704 tos,
2287 2656 2352 2694 ac
2377 2657 2479 2711 per
2497 2640 2603 2694 hoc
2631 2640 2771 2694 alios
2801 2640 3139 2712 despiciatis.
3191 2646 3312 2700 Sibi
3344 2646 3495 2700 enim
3522 2642 3720 2714 sapiens

2143 2726 2367 2794 dicitur,
2414 2728 2510 2799 qui
2563 2728 2772 2782 donum
2814 2730 2961 2799 quod
3002 2731 3190 2798 habet,
3224 2751 3341 2789 non
3389 2734 3490 2789 Dei
3524 2731 3716 2803 gratim

2145 2816 2242 2869 sed
2275 2817 2393 2871 suis
2409 2816 2625 2871 meritis
2645 2821 2702 2870 et
2721 2816 2905 2871 studio
2927 2818 3161 2890 deputat
3183 2840 3197 2889 ;
3217 2823 3315 2894 qui
3337 2828 3528 2878 autem
3550 2834 3720 2875 secun-

2142 2904 2275 2959 dum
2308 2907 2483 2961 Deum
2514 2905 2742 2976 sapiens
2791 2912 2895 2970 est,
2924 2907 2983 2960 in
3031 2908 3318 2966 beneﬁciis
3360 2913 3461 2967 Dei
3498 2927 3606 2966 non
3648 2908 3722 2961 in-

2142 2997 2315 3051 sultat
2344 2995 2703 3069 abjectis.sed
2726 3012 2851 3049 cum
2885 2996 3088 3053 timore
3125 3003 3345 3071 gratias
3375 3002 3497 3073 agit
3527 2997 3725 3054 miseri-

2135 3086 2334 3141 cordiae
2366 3088 2668 3158 largitoris.
2702 3085 2914 3142 Aliter:
2949 3086 3057 3141 sibi
3078 3091 3142 3143 ﬁt
3173 3092 3408 3162 sapiens
3433 3091 3724 3162 quiquem-

2141 3165 2280 3220 libet
2308 3176 2663 3238 peccatorum
2694 3174 2937 3246 despicit
2987 3188 3113 3226 cum
3144 3172 3336 3243 potius
3365 3189 3434 3226 ex
3484 3165 3721 3224 conside-

2137 3253 2353 3309 ratione
2383 3261 2691 3327 peccatoris
2722 3260 3011 3315 humiliari
3033 3259 3333 3315 conveniat
3356 3272 3369 3307 :
3394 3260 3528 3331 quia
3547 3269 3725 3311 omnes

2150 3360 2346 3398 sumus
2363 3347 2530 3400 unius
2549 3355 2784 3415 naturae,
2803 3351 2934 3404 licet
2961 3365 3073 3403 non
3092 3348 3352 3419 ejusdem
3375 3347 3597 3419 gratiae.
3612 3346 3722 3414 Ipse

2135 3448 2268 3501 ergo
2296 3434 2596 3504 Apostolus
2625 3437 3033 3492 demonstrabit
3051 3438 3120 3491 de
3133 3453 3243 3508 quo
3259 3436 3540 3508 mysterio
3556 3431 3727 3503 loqui-

2133 3525 2262 3573 tur:
2290 3526 2424 3589 quia
2455 3528 2662 3578 caecitas
2691 3543 2756 3580 ea:
2776 3533 2938 3595 parte
2979 3528 3208 3593 conligit
3238 3530 3303 3580 in
3327 3528 3531 3580 Israel.
3572 3523 3725 3577 Recte

2133 3606 2288 3671 dicit,
2328 3626 2394 3663 ex
2426 3617 2584 3680 parte
2608 3614 2846 3684 contigit
2867 3613 3103 3675 caecitas,
3132 3618 3191 3666 et
3219 3629 3335 3666 non
3366 3630 3437 3667 ex
3462 3607 3727 3681 toto,quia

2132 3695 2384 3766 reliquiae
2416 3700 2758 3756 ceciderunt.
2794 3702 3026 3756 Caecitas
3055 3718 3184 3755 vero
3213 3703 3464 3773 contigit
3490 3702 3549 3754 in
3568 3696 3727 3754 Israel

2129 3798 2241 3836 non
2267 3786 2534 3855 corporis,
2571 3805 2694 3859 quae
2723 3791 2788 3843 ﬁt
2812 3790 3020 3843 amisso
3050 3790 3262 3843 lumine
3291 3791 3616 3853 oculorum,
3638 3783 3725 3841 sed

2128 3873 2330 3939 cordis,
2365 3891 2489 3943 quae
2534 3877 2598 3930 ﬁt
2652 3878 2899 3933 tenebris
2939 3878 3303 3932 inﬁdelitatis.
3341 3880 3414 3934 In
3474 3878 3565 3932 his
3605 3889 3762 3945 ergo‘

2127 3961 2287 4016 dictis
2316 3964 2586 4034 Apostoli,
2615 3967 2764 4037 quod
2790 3968 3120 4039 mysterium
3149 3967 3226 4021 sit
3248 3968 3307 4021 in
3330 3968 3503 4039 lapsu
3517 3965 3726 4021 Iudaeo-

2130 4065 2255 4103 rum
2288 4050 2549 4118 dicimus,
2579 4053 2678 4107 sed
2707 4070 2772 4107 ex
2810 4070 2922 4124 qua
2948 4054 3332 4126 profunditate
3353 4052 3586 4110 consilii
3636 4050 3727 4106 Dei

2128 4138 2317 4196 veniat
2343 4156 2468 4194 cum
2487 4141 2607 4211 ipso
2637 4142 2811 4196 Paulo
2831 4143 3156 4213 ignoramus
3182 4162 3194 4174 ο
3220 4144 3329 4197 etsi
3350 4144 3481 4215 ipse
3501 4140 3723 4203 sciebat,

2127 4241 2239 4280 non
2269 4233 2458 4282 tamen
2492 4230 2885 4284 manifestavit.
2928 4231 3077 4285 Dicit
3117 4231 3265 4286 enim
3295 4232 3479 4303 :quia
3519 4231 3730 4286 cmcitas

2127 4331 2190 4369 ex
2211 4318 2614 4388 partecontigit
2629 4318 2685 4372 in
2704 4319 2908 4373 Israel:
2951 4321 3117 4373 donec
3153 4322 3457 4388 plenitudo
3485 4322 3730 4388 gentium

2124 4406 2364 4458 intraret
2386 4425 2402 4469 ;
2436 4411 2486 4459 et
2512 4410 2591 4460 sic
2616 4410 2796 4461 omnis
2824 4409 2997 4461 Israel
3023 4411 3210 4462 salvus
3237 4404 3734 4475 ﬂeret.Plenitudi-

2123 4508 2252 4545 nem
2273 4498 2464 4547 autem
2515 4493 2789 4563 gentium,
2825 4510 2937 4547 non
2992 4495 3420 4549 conversionem
3478 4495 3729 4550 omnium

2121 4580 2470 4651 accipimus;
2502 4581 2599 4635 sed
2633 4582 3053 4637 multitudinem
3084 4599 3277 4637 earum
3300 4600 3439 4655 qua:
3489 4591 3597 4639 aut
3618 4585 3733 4654 jam

2120 4668 2309 4724 divina
2340 4670 2830 4740 prmdesﬁnatione
2861 4672 3095 4726 collecta
3121 4679 3226 4738 est,
3275 4678 3382 4728 aut
3431 4673 3497 4727 in
3546 4674 3731 4727 futuro

2120 4757 2436 4828 colligetur.
2482 4758 2782 4813 Plenitudo
2816 4776 2944 4815 vero
2981 4760 3098 4816 haec
3141 4777 3255 4815 non
3293 4762 3373 4815 ad
3421 4774 3733 4817 numerum

2119 4851 2447 4900 cunctorum
2474 4846 2737 4917 pertinet,
2768 4848 2866 4901 sed
2896 4848 2967 4902 ad
3005 4864 3303 4903 numerum
3329 4865 3369 4903 a
3400 4850 3531 4905 Deo
3552 4849 3736 4921 praeﬁ-

2115 4934 2319 4988 nitum.
2356 4934 2705 4989 Corruerunt
2730 4934 2921 5006 itaque
2948 4936 3127 4992 Judaei
3156 4942 3218 4991 ut
3243 4945 3569 5009 surgerent
3595 4952 3734 5009 gen-

2112 5027 2215 5077 tes.
2248 5022 2385 5086 Quis
2409 5023 2515 5077 hoc
2538 5023 2872 5095 mysterium
2903 5024 3049 5078 valet
3069 5031 3369 5096 penetrare
3394 5027 3423 5079 ?
3444 5044 3560 5081 cur
3586 5028 3735 5081 Deus

2112 5110 2532 5165 multitudinem
2561 5111 2818 5182 gentium
2874 5114 3149 5183 spreverit
3184 5129 3326 5185 pene
3381 5114 3464 5168 ab
3501 5113 3733 5169 exordio

2110 5199 2325 5261 mundi,
2360 5216 2396 5253 a
2421 5204 2675 5270 tempore
2704 5199 2918 5255 scilicet
2937 5217 3048 5272 quo
3070 5203 3365 5257 confusum
3394 5211 3497 5258 est
3515 5204 3734 5258 labium

2108 5288 2379 5341 universae
2407 5293 2607 5355 terrae;
2640 5292 2696 5341 et
2725 5289 2947 5343 Iudaeos
2968 5295 3189 5345 tantum
3228 5290 3332 5345 sibi
3394 5293 3732 5362 peculiares

424 5384 597 5435 olivae.
630 5377 909 5432 Gentilem
940 5376 1249 5446 alloquitur
1276 5376 1691 5446 superbientem
1719 5382 1914 5431 contra
1936 5394 2035 5431 raw
2103 5376 2417 5446 fecerit,qui
2447 5392 2545 5447 per
2560 5376 2770 5430 lineam
2795 5376 2982 5431 Heber
2998 5379 3423 5433 descenderunt
3451 5399 3467 5447 ς
3490 5380 3735 5435 iterum-

423 5484 545 5521 mos
571 5465 667 5537 qui
697 5463 860 5516 fracti
889 5468 1042 5521 sunt.
1075 5467 1130 5515 et
1160 5462 1253 5532 qui
1274 5463 1553 5531 gloriatur
1581 5464 1739 5533 quasi
1770 5464 1886 5517 suis
1907 5480 2019 5518 me-
2101 5482 2208 5534 que
2238 5472 2435 5535 gentes
2463 5466 2522 5518 in
2555 5482 2656 5519 suo
2685 5466 2927 5520 adventu
2956 5467 3263 5538 collegerit,
3293 5473 3348 5521 et
3376 5469 3633 5523 Judaeos
3669 5467 3730 5521 in

414 5556 542 5613 ritis
571 5552 843 5610 meruerit
859 5550 1080 5617 salvari,
1113 5557 1171 5606 et
1196 5551 1364 5605 dicit:
1396 5551 1452 5606 Si
1480 5559 1565 5620 tu,
1587 5568 1620 5605 ο
1637 5553 1887 5621 gentilis,
1911 5569 2014 5624 per
2098 5555 2210 5608 ﬁne
2236 5555 2433 5610 mundi
2479 5553 2831 5627 recipiendos
2883 5555 3197 5628 abiecerit?
3226 5555 3385 5622 Quis,
3445 5556 3734 5631 inquam.
