  <div class='ocr_page' id='page_1' title='image "/cluster/home/n/w/nwhite01/storage/ocr_20150623/117/hvd.32044054759816/238.png"; bbox 0 0 3850 6168; ppageno 0'>
   <div class='ocr_carea' id='block_1_1' title="bbox 143 282 229 341">
    <p class='ocr_par' dir='ltr' id='par_1_1' title="bbox 143 282 229 341">
     <span class='ocr_line' id='line_1_1' title="bbox 143 282 229 341; baseline -0.035 0"><span class='ocrx_word' id='word_1_1' title='bbox 143 282 229 341; x_wconf 72' lang='grc'>465</span> 
     </span>
    </p>
   </div>
   <div class='ocr_carea' id='block_1_2' title="bbox 834 276 2665 337">
    <p class='ocr_par' dir='ltr' id='par_1_2' title="bbox 834 276 2665 337">
     <span class='ocr_line' id='line_1_2' title="bbox 834 276 2665 337; baseline 0 -5"><span class='ocrx_word' id='word_1_2' title='bbox 834 276 1215 334; x_wconf 83' lang='lat' dir='ltr'>EXPOSITIO</span> <span class='ocrx_word' id='word_1_3' title='bbox 1244 279 1322 333; x_wconf 87' lang='lat' dir='ltr'>IN</span> <span class='ocrx_word' id='word_1_4' title='bbox 1351 279 1506 334; x_wconf 85' lang='lat' dir='ltr'>EPP.</span> <span class='ocrx_word' id='word_1_5' title='bbox 1543 281 1599 334; x_wconf 92' lang='lat' dir='ltr'>S.</span> <span class='ocrx_word' id='word_1_6' title='bbox 1634 280 1871 335; x_wconf 86' lang='lat' dir='ltr'>PAULI.</span> <span class='ocrx_word' id='word_1_7' title='bbox 1906 311 1969 321; x_wconf 90' lang='lat'>—</span> <span class='ocrx_word' id='word_1_8' title='bbox 2004 282 2079 337; x_wconf 83' lang='lat' dir='ltr'><strong>IN</strong></span> <span class='ocrx_word' id='word_1_9' title='bbox 2094 281 2331 337; x_wconf 67' lang='lat' dir='ltr'>‘EPIST.</span> <span class='ocrx_word' id='word_1_10' title='bbox 2365 280 2461 335; x_wconf 82' lang='lat' dir='ltr'>AD</span> <span class='ocrx_word' id='word_1_11' title='bbox 2492 279 2665 334; x_wconf 86' lang='lat' dir='ltr'>ROM.</span> 
     </span>
    </p>
   </div>
   <div class='ocr_carea' id='block_1_3' title="bbox 3258 274 3364 335">
    <p class='ocr_par' dir='ltr' id='par_1_3' title="bbox 3258 274 3364 335">
     <span class='ocr_line' id='line_1_3' title="bbox 3258 274 3364 335; baseline -0.047 0"><span class='ocrx_word' id='word_1_12' title='bbox 3258 274 3364 335; x_wconf 80' lang='lat'>466</span> 
     </span>
    </p>
   </div>
   <div class='ocr_carea' id='block_1_4' title="bbox 140 400 3363 476">
    <p class='ocr_par' dir='ltr' id='par_1_4' title="bbox 140 400 3363 476">
     <span class='ocr_line' id='line_1_4' title="bbox 140 400 3363 476; baseline -0.001 -19"><span class='ocrx_word' id='word_1_13' title='bbox 140 413 235 462; x_wconf 80' lang='lat' dir='ltr'>tam</span> <span class='ocrx_word' id='word_1_14' title='bbox 283 401 524 459; x_wconf 80' lang='lat' dir='ltr'>subtilem</span> <span class='ocrx_word' id='word_1_15' title='bbox 564 401 989 473; x_wconf 84' lang='lat' dir='ltr'>dispositionem</span> <span class='ocrx_word' id='word_1_16' title='bbox 1045 402 1292 456; x_wconf 85' lang='lat' dir='ltr'>divinam</span> <span class='ocrx_word' id='word_1_17' title='bbox 1347 403 1919 475; x_wconf 51' lang='lat' dir='ltr'>investigareAniam</span> <span class='ocrx_word' id='word_1_18' title='bbox 1964 405 2251 476; x_wconf 79' lang='lat' dir='ltr'>exemplar</span> <span class='ocrx_word' id='word_1_19' title='bbox 2277 403 2511 475; x_wconf 73' lang='lat' dir='ltr'>justitiaa</span> <span class='ocrx_word' id='word_1_20' title='bbox 2539 409 2597 457; x_wconf 89' lang='lat' dir='ltr'>et</span> <span class='ocrx_word' id='word_1_21' title='bbox 2626 401 2754 456; x_wconf 81' lang='lat' dir='ltr'>ﬁdei</span> <span class='ocrx_word' id='word_1_22' title='bbox 2794 400 3227 473; x_wconf 76' lang='lat' dir='ltr'>praecedentium</span> <span class='ocrx_word' id='word_1_23' title='bbox 3261 417 3363 472; x_wconf 90' lang='lat' dir='ltr'>pa-</span> 
     </span>
    </p>
   </div>
   <div class='ocr_carea' id='block_1_5' title="bbox 139 493 384 551">
    <p class='ocr_par' dir='ltr' id='par_1_5' title="bbox 139 493 384 551">
     <span class='ocr_line' id='line_1_5' title="bbox 139 493 384 551; baseline -0.012 -2"><span class='ocrx_word' id='word_1_24' title='bbox 139 495 344 551; x_wconf 83' lang='lat' dir='ltr'>sufﬁciet</span> <span class='ocrx_word' id='word_1_25' title='bbox 358 493 384 546; x_wconf 89' lang='lat'><strong>?</strong></span> 
     </span>
    </p>
   </div>
   <div class='ocr_carea' id='block_1_6' title="bbox 200 579 1682 648">
    <p class='ocr_par' dir='ltr' id='par_1_6' title="bbox 200 579 1682 648">
     <span class='ocr_line' id='line_1_6' title="bbox 200 579 1682 648; baseline -0.001 -11"><span class='ocrx_word' id='word_1_26' title='bbox 200 585 357 637; x_wconf 78' lang='lat' dir='ltr'>Veniet</span> <span class='ocrx_word' id='word_1_27' title='bbox 379 597 441 634; x_wconf 75' lang='lat' dir='ltr'>ea:</span> <span class='ocrx_word' id='word_1_28' title='bbox 473 579 605 635; x_wconf 92' lang='lat' dir='ltr'>Sion</span> <span class='ocrx_word' id='word_1_29' title='bbox 636 582 736 648; x_wconf 97' lang='lat' dir='ltr'>qui</span> <span class='ocrx_word' id='word_1_30' title='bbox 775 582 977 647; x_wconf 87' lang='lat' dir='ltr'>eripiat</span> <span class='ocrx_word' id='word_1_31' title='bbox 1006 585 1055 632; x_wconf 86' lang='lat' dir='ltr'>et</span> <span class='ocrx_word' id='word_1_32' title='bbox 1099 586 1312 633; x_wconf 79' lang='lat' dir='ltr'>avertat</span> <span class='ocrx_word' id='word_1_33' title='bbox 1347 584 1682 648; x_wconf 75' lang='lat' dir='ltr'>impietatem</span> 
     </span>
    </p>
   </div>
   <div class='ocr_carea' id='block_1_7' title="bbox 134 667 1682 740">
    <p class='ocr_par' dir='ltr' id='par_1_7' title="bbox 134 667 1682 740">
     <span class='ocr_line' id='line_1_7' title="bbox 134 667 1682 740; baseline -0.001 -15"><span class='ocrx_word' id='word_1_34' title='bbox 134 689 163 725; x_wconf 88' lang='lat' dir='ltr'>a</span> <span class='ocrx_word' id='word_1_35' title='bbox 182 672 338 726; x_wconf 87' lang='lat' dir='ltr'>Jacab.</span> <span class='ocrx_word' id='word_1_36' title='bbox 372 669 502 725; x_wconf 90' lang='lat' dir='ltr'>Sion</span> <span class='ocrx_word' id='word_1_37' title='bbox 549 668 670 738; x_wconf 89' lang='lat' dir='ltr'>ipsa</span> <span class='ocrx_word' id='word_1_38' title='bbox 693 673 780 722; x_wconf 89' lang='lat' dir='ltr'>est</span> <span class='ocrx_word' id='word_1_39' title='bbox 807 667 1179 732; x_wconf 86' lang='lat' dir='ltr'>Hierusalem,</span> <span class='ocrx_word' id='word_1_40' title='bbox 1203 669 1272 723; x_wconf 89' lang='lat' dir='ltr'>de</span> <span class='ocrx_word' id='word_1_41' title='bbox 1297 686 1411 740; x_wconf 89' lang='lat' dir='ltr'>qua</span> <span class='ocrx_word' id='word_1_42' title='bbox 1432 669 1682 723; x_wconf 85' lang='lat' dir='ltr'>Micheas</span> 
     </span>
    </p>
   </div>
   <div class='ocr_carea' id='block_1_8' title="bbox 133 757 1684 819">
    <p class='ocr_par' dir='ltr' id='par_1_8' title="bbox 133 757 1684 819">
     <span class='ocr_line' id='line_1_8' title="bbox 133 757 1684 819; baseline -0.001 -5"><span class='ocrx_word' id='word_1_43' title='bbox 133 760 198 814; x_wconf 84' lang='lat' dir='ltr'>ait</span> <span class='ocrx_word' id='word_1_44' title='bbox 224 779 235 812; x_wconf 89' lang='lat'><strong>:</strong></span> <span class='ocrx_word' id='word_1_45' title='bbox 263 761 330 813; x_wconf 84' lang='lat' dir='ltr'>De</span> <span class='ocrx_word' id='word_1_46' title='bbox 363 758 491 813; x_wconf 89' lang='lat' dir='ltr'>Sion</span> <span class='ocrx_word' id='word_1_47' title='bbox 528 759 697 811; x_wconf 69' lang='lat' dir='ltr'>exibit</span> <span class='ocrx_word' id='word_1_48' title='bbox 731 760 832 819; x_wconf 64' lang='lat' dir='ltr'>lere,</span> <span class='ocrx_word' id='word_1_49' title='bbox 865 762 915 810; x_wconf 89' lang='lat' dir='ltr'>et</span> <span class='ocrx_word' id='word_1_50' title='bbox 956 757 1181 811; x_wconf 81' lang='lat' dir='ltr'><strong><em>Verbum</em></strong></span> <span class='ocrx_word' id='word_1_51' title='bbox 1217 759 1441 811; x_wconf 81' lang='lat' dir='ltr'>Domini</span> <span class='ocrx_word' id='word_1_52' title='bbox 1468 760 1531 811; x_wconf 87' lang='lat' dir='ltr'>de</span> <span class='ocrx_word' id='word_1_53' title='bbox 1561 760 1684 812; x_wconf 83' lang='lat' dir='ltr'>Hie-</span> 
     </span>
    </p>
   </div>
   <div class='ocr_carea' id='block_1_9' title="bbox 133 846 1681 915">
    <p class='ocr_par' dir='ltr' id='par_1_9' title="bbox 133 846 1681 915">
     <span class='ocr_line' id='line_1_9' title="bbox 133 846 1681 915; baseline -0.001 -14"><span class='ocrx_word' id='word_1_54' title='bbox 133 850 339 901; x_wconf 82' lang='lat' dir='ltr'>rusalem</span> <span class='ocrx_word' id='word_1_55' title='bbox 368 847 544 911; x_wconf 69' lang='lat' dir='ltr'>(Mich.</span> <span class='ocrx_word' id='word_1_56' title='bbox 577 850 673 915; x_wconf 82' lang='lat' dir='ltr'>Iv).</span> <span class='ocrx_word' id='word_1_57' title='bbox 721 846 977 901; x_wconf 83' lang='lat' dir='ltr'>Salvator</span> <span class='ocrx_word' id='word_1_58' title='bbox 1022 846 1253 912; x_wconf 89' lang='lat' dir='ltr'>etenim,</span> <span class='ocrx_word' id='word_1_59' title='bbox 1302 846 1583 901; x_wconf 90' lang='lat' dir='ltr'>nascendo</span> <span class='ocrx_word' id='word_1_60' title='bbox 1614 864 1681 901; x_wconf 86' lang='lat' dir='ltr'>ex</span> 
     </span>
    </p>
   </div>
   <div class='ocr_carea' id='block_1_10' title="bbox 130 932 1681 1007">
    <p class='ocr_par' dir='ltr' id='par_1_10' title="bbox 130 932 1681 1007">
     <span class='ocr_line' id='line_1_10' title="bbox 130 932 1681 1007; baseline 0 -18"><span class='ocrx_word' id='word_1_61' title='bbox 130 934 263 1007; x_wconf 87' lang='lat' dir='ltr'><strong><em>plebe</em></strong></span> <span class='ocrx_word' id='word_1_62' title='bbox 288 932 602 1000; x_wconf 88' lang='lat' dir='ltr'>Israelitica,</span> <span class='ocrx_word' id='word_1_63' title='bbox 643 934 807 1004; x_wconf 81' lang='lat' dir='ltr'>juxta</span> <span class='ocrx_word' id='word_1_64' title='bbox 837 934 985 1004; x_wconf 90' lang='lat' dir='ltr'>quod</span> <span class='ocrx_word' id='word_1_65' title='bbox 1032 934 1206 989; x_wconf 85' lang='lat' dir='ltr'>Isaias</span> <span class='ocrx_word' id='word_1_66' title='bbox 1230 934 1366 989; x_wconf 90' lang='lat' dir='ltr'>olim</span> <span class='ocrx_word' id='word_1_67' title='bbox 1402 935 1681 1006; x_wconf 84' lang='lat' dir='ltr'>propheta</span> 
     </span>
    </p>
   </div>
   <div class='ocr_carea' id='block_1_11' title="bbox 129 1021 1678 1092">
    <p class='ocr_par' dir='ltr' id='par_1_11' title="bbox 129 1021 1678 1092">
     <span class='ocr_line' id='line_1_11' title="bbox 129 1021 1678 1092; baseline -0.001 -14"><span class='ocrx_word' id='word_1_68' title='bbox 129 1026 385 1084; x_wconf 86' lang='lat' dir='ltr'>cecinerat,</span> <span class='ocrx_word' id='word_1_69' title='bbox 423 1021 611 1076; x_wconf 90' lang='lat' dir='ltr'>dicens</span> <span class='ocrx_word' id='word_1_70' title='bbox 646 1041 658 1076; x_wconf 90' lang='lat'>:</span> <span class='ocrx_word' id='word_1_71' title='bbox 711 1022 839 1076; x_wconf 81' lang='lat' dir='ltr'>Ecce</span> <span class='ocrx_word' id='word_1_72' title='bbox 875 1026 1031 1090; x_wconf 83' lang='lat' dir='ltr'>virgo</span> <span class='ocrx_word' id='word_1_73' title='bbox 1070 1026 1354 1091; x_wconf 77' lang='lat' dir='ltr'>concipiet,</span> <span class='ocrx_word' id='word_1_74' title='bbox 1404 1030 1453 1077; x_wconf 86' lang='lat' dir='ltr'>et</span> <span class='ocrx_word' id='word_1_75' title='bbox 1497 1027 1678 1092; x_wconf 88' lang='lat' dir='ltr'>pariet</span> 
     </span>
    </p>
   </div>
   <div class='ocr_carea' id='block_1_12' title="bbox 128 1111 1673 1181">
    <p class='ocr_par' dir='ltr' id='par_1_12' title="bbox 128 1111 1673 1181">
     <span class='ocr_line' id='line_1_12' title="bbox 128 1111 1673 1181; baseline 0.002 -17"><span class='ocrx_word' id='word_1_76' title='bbox 128 1114 278 1179; x_wconf 78' lang='lat' dir='ltr'>ﬁlium</span> <span class='ocrx_word' id='word_1_77' title='bbox 297 1112 421 1181; x_wconf 85' lang='lat' dir='ltr'>(Isa.</span> <span class='ocrx_word' id='word_1_78' title='bbox 444 1119 564 1175; x_wconf 82' lang='lat' dir='ltr'>vn),</span> <span class='ocrx_word' id='word_1_79' title='bbox 588 1111 773 1165; x_wconf 83' lang='lat' dir='ltr'>veniet.</span> <span class='ocrx_word' id='word_1_80' title='bbox 790 1111 860 1164; x_wconf 90' lang='lat' dir='ltr'>de</span> <span class='ocrx_word' id='word_1_81' title='bbox 886 1111 1039 1178; x_wconf 90' lang='lat' dir='ltr'>Sion,</span> <span class='ocrx_word' id='word_1_82' title='bbox 1064 1111 1179 1166; x_wconf 86' lang='lat' dir='ltr'>sive</span> <span class='ocrx_word' id='word_1_83' title='bbox 1203 1112 1272 1166; x_wconf 90' lang='lat' dir='ltr'>de</span> <span class='ocrx_word' id='word_1_84' title='bbox 1304 1113 1673 1167; x_wconf 78' lang='lat' dir='ltr'>Hierusalem.</span> 
     </span>
    </p>
   </div>
   <div class='ocr_carea' id='block_1_13' title="bbox 126 1199 1677 1272">
    <p class='ocr_par' dir='ltr' id='par_1_13' title="bbox 126 1199 1677 1272">
     <span class='ocr_line' id='line_1_13' title="bbox 126 1199 1677 1272; baseline 0.001 -18"><span class='ocrx_word' id='word_1_85' title='bbox 126 1199 350 1254; x_wconf 89' lang='lat' dir='ltr'>Ponenda</span> <span class='ocrx_word' id='word_1_86' title='bbox 388 1215 515 1253; x_wconf 89' lang='lat' dir='ltr'>vero</span> <span class='ocrx_word' id='word_1_87' title='bbox 547 1199 799 1253; x_wconf 89' lang='lat' dir='ltr'>membra</span> <span class='ocrx_word' id='word_1_88' title='bbox 825 1216 929 1253; x_wconf 91' lang='lat' dir='ltr'>sua</span> <span class='ocrx_word' id='word_1_89' title='bbox 961 1200 1018 1254; x_wconf 92' lang='lat' dir='ltr'>in</span> <span class='ocrx_word' id='word_1_90' title='bbox 1048 1217 1228 1266; x_wconf 86' lang='lat' dir='ltr'>cruce,</span> <span class='ocrx_word' id='word_1_91' title='bbox 1272 1202 1677 1272; x_wconf 83' lang='lat' dir='ltr'>propriumque</span> 
     </span>
    </p>
   </div>
   <div class='ocr_carea' id='block_1_14' title="bbox 127 1286 1671 1361">
    <p class='ocr_par' dir='ltr' id='par_1_14' title="bbox 127 1286 1671 1361">
     <span class='ocr_line' id='line_1_14' title="bbox 127 1286 1671 1361; baseline 0.003 -21"><span class='ocrx_word' id='word_1_92' title='bbox 127 1287 411 1357; x_wconf 85' lang='lat' dir='ltr'>sanguinem</span> <span class='ocrx_word' id='word_1_93' title='bbox 427 1286 794 1353; x_wconf 84' lang='lat' dir='ltr'>fundendo,et</span> <span class='ocrx_word' id='word_1_94' title='bbox 808 1288 1090 1342; x_wconf 83' lang='lat' dir='ltr'>lavacrum</span> <span class='ocrx_word' id='word_1_95' title='bbox 1107 1288 1457 1361; x_wconf 86' lang='lat' dir='ltr'>baptismatis</span> <span class='ocrx_word' id='word_1_96' title='bbox 1466 1290 1671 1355; x_wconf 90' lang='lat' dir='ltr'>dando,</span> 
     </span>
    </p>
   </div>
   <div class='ocr_carea' id='block_1_15' title="bbox 127 1375 1675 1449">
    <p class='ocr_par' dir='ltr' id='par_1_15' title="bbox 127 1375 1675 1449">
     <span class='ocr_line' id='line_1_15' title="bbox 127 1375 1675 1449; baseline 0.002 -20"><span class='ocrx_word' id='word_1_97' title='bbox 127 1375 297 1446; x_wconf 79' lang='lat' dir='ltr'>eripuit</span> <span class='ocrx_word' id='word_1_98' title='bbox 336 1383 445 1429; x_wconf 85' lang='lat' dir='ltr'>tam</span> <span class='ocrx_word' id='word_1_99' title='bbox 473 1382 673 1445; x_wconf 81' lang='lat' dir='ltr'>gentes</span> <span class='ocrx_word' id='word_1_100' title='bbox 703 1393 869 1446; x_wconf 89' lang='lat' dir='ltr'>quam</span> <span class='ocrx_word' id='word_1_101' title='bbox 911 1383 968 1430; x_wconf 91' lang='lat' dir='ltr'>et</span> <span class='ocrx_word' id='word_1_102' title='bbox 1007 1377 1132 1431; x_wconf 89' lang='lat' dir='ltr'>illas</span> <span class='ocrx_word' id='word_1_103' title='bbox 1161 1377 1428 1448; x_wconf 85' lang='lat' dir='ltr'>reliquias</span> <span class='ocrx_word' id='word_1_104' title='bbox 1458 1395 1580 1449; x_wconf 70' lang='lat' dir='ltr'>qua:</span> <span class='ocrx_word' id='word_1_105' title='bbox 1608 1396 1675 1432; x_wconf 82' lang='lat' dir='ltr'>ex</span> 
     </span>
    </p>
   </div>
   <div class='ocr_carea' id='block_1_16' title="bbox 125 1463 1673 1537">
    <p class='ocr_par' dir='ltr' id='par_1_16' title="bbox 125 1463 1673 1537">
     <span class='ocr_line' id='line_1_16' title="bbox 125 1463 1673 1537; baseline 0.003 -21"><span class='ocrx_word' id='word_1_106' title='bbox 125 1463 267 1517; x_wconf 82' lang='lat' dir='ltr'>Israel</span> <span class='ocrx_word' id='word_1_107' title='bbox 293 1463 667 1528; x_wconf 83' lang='lat' dir='ltr'>crediderunt,</span> <span class='ocrx_word' id='word_1_108' title='bbox 697 1464 842 1534; x_wconf 92' lang='lat' dir='ltr'>quod</span> <span class='ocrx_word' id='word_1_109' title='bbox 894 1471 1026 1518; x_wconf 83' lang='lat' dir='ltr'>ante</span> <span class='ocrx_word' id='word_1_110' title='bbox 1054 1482 1220 1519; x_wconf 90' lang='lat' dir='ltr'>nemo</span> <span class='ocrx_word' id='word_1_111' title='bbox 1248 1468 1431 1520; x_wconf 86' lang='lat' dir='ltr'>facere</span> <span class='ocrx_word' id='word_1_112' title='bbox 1462 1484 1673 1537; x_wconf 69' lang='lat' dir='ltr'>praeva-</span> 
     </span>
    </p>
   </div>
   <div class='ocr_carea' id='block_1_17' title="bbox 1765 491 2961 565">
    <p class='ocr_par' dir='ltr' id='par_1_17' title="bbox 1765 491 2961 565">
     <span class='ocr_line' id='line_1_17' title="bbox 1765 491 2961 565; baseline -0.003 -18"><span class='ocrx_word' id='word_1_113' title='bbox 1765 498 1918 547; x_wconf 91' lang='lat' dir='ltr'>trum</span> <span class='ocrx_word' id='word_1_114' title='bbox 1950 494 2031 547; x_wconf 88' lang='lat' dir='ltr'>illi</span> <span class='ocrx_word' id='word_1_115' title='bbox 2062 494 2159 565; x_wconf 88' lang='lat' dir='ltr'>qui</span> <span class='ocrx_word' id='word_1_116' title='bbox 2187 494 2425 547; x_wconf 86' lang='lat' dir='ltr'>credunt</span> <span class='ocrx_word' id='word_1_117' title='bbox 2446 491 2719 545; x_wconf 84' lang='lat' dir='ltr'>veraciter</span> <span class='ocrx_word' id='word_1_118' title='bbox 2748 496 2961 545; x_wconf 88' lang='lat' dir='ltr'>tenent.</span> 
     </span>
    </p>
   </div>
   <div class='ocr_carea' id='block_1_18' title="bbox 1837 579 3366 650">
    <p class='ocr_par' dir='ltr' id='par_1_18' title="bbox 1837 579 3366 650">
     <span class='ocr_line' id='line_1_18' title="bbox 1837 579 3366 650; baseline -0.002 -14"><span class='ocrx_word' id='word_1_119' title='bbox 1837 582 1968 636; x_wconf 85' lang='lat' dir='ltr'>Sine</span> <span class='ocrx_word' id='word_1_120' title='bbox 1984 584 2304 650; x_wconf 71' lang='lat' dir='ltr'>pauitantia</span> <span class='ocrx_word' id='word_1_121' title='bbox 2325 584 2475 634; x_wconf 89' lang='lat' dir='ltr'>enim</span> <span class='ocrx_word' id='word_1_122' title='bbox 2495 585 2625 634; x_wconf 89' lang='lat' dir='ltr'>sunt</span> <span class='ocrx_word' id='word_1_123' title='bbox 2645 581 2789 633; x_wconf 89' lang='lat' dir='ltr'>dona</span> <span class='ocrx_word' id='word_1_124' title='bbox 2805 585 2853 632; x_wconf 88' lang='lat' dir='ltr'>et</span> <span class='ocrx_word' id='word_1_125' title='bbox 2876 581 3084 634; x_wconf 75' lang='lat' dir='ltr'>vacatio</span> <span class='ocrx_word' id='word_1_126' title='bbox 3107 580 3220 633; x_wconf 85' lang='lat' dir='ltr'>Dei.</span> <span class='ocrx_word' id='word_1_127' title='bbox 3245 579 3366 633; x_wconf 72' lang='lat' dir='ltr'>Pae-</span> 
     </span>
    </p>
   </div>
   <div class='ocr_carea' id='block_1_19' title="bbox 1764 668 3363 741">
    <p class='ocr_par' dir='ltr' id='par_1_19' title="bbox 1764 668 3363 741">
     <span class='ocr_line' id='line_1_19' title="bbox 1764 668 3363 741; baseline -0.001 -18"><span class='ocrx_word' id='word_1_128' title='bbox 1764 669 2005 723; x_wconf 87' lang='lat' dir='ltr'>nitentia</span> <span class='ocrx_word' id='word_1_129' title='bbox 2030 670 2179 723; x_wconf 89' lang='lat' dir='ltr'>enim</span> <span class='ocrx_word' id='word_1_130' title='bbox 2204 687 2303 741; x_wconf 90' lang='lat' dir='ltr'>pro</span> <span class='ocrx_word' id='word_1_131' title='bbox 2326 670 2637 723; x_wconf 88' lang='lat' dir='ltr'>mutatione</span> <span class='ocrx_word' id='word_1_132' title='bbox 2661 668 2939 739; x_wconf 88' lang='lat' dir='ltr'>accipitur</span> <span class='ocrx_word' id='word_1_133' title='bbox 2957 684 3363 739; x_wconf 83' lang='lat' dir='ltr'>nonnunquam</span> 
     </span>
    </p>
   </div>
   <div class='ocr_carea' id='block_1_20' title="bbox 1763 756 3363 829">
    <p class='ocr_par' dir='ltr' id='par_1_20' title="bbox 1763 756 3363 829">
     <span class='ocr_line' id='line_1_20' title="bbox 1763 756 3363 829; baseline 0 -19"><span class='ocrx_word' id='word_1_134' title='bbox 1763 757 1822 811; x_wconf 91' lang='lat' dir='ltr'>in</span> <span class='ocrx_word' id='word_1_135' title='bbox 1853 774 2010 811; x_wconf 88' lang='lat' dir='ltr'>sacra</span> <span class='ocrx_word' id='word_1_136' title='bbox 2041 759 2349 829; x_wconf 86' lang='lat' dir='ltr'>Scriptura,</span> <span class='ocrx_word' id='word_1_137' title='bbox 2381 758 2528 813; x_wconf 86' lang='lat' dir='ltr'>sicut</span> <span class='ocrx_word' id='word_1_138' title='bbox 2556 756 2729 811; x_wconf 90' lang='lat' dir='ltr'>habes</span> <span class='ocrx_word' id='word_1_139' title='bbox 2757 757 2994 811; x_wconf 90' lang='lat' dir='ltr'>Domino</span> <span class='ocrx_word' id='word_1_140' title='bbox 3041 756 3263 810; x_wconf 89' lang='lat' dir='ltr'>dicente</span> <span class='ocrx_word' id='word_1_141' title='bbox 3289 757 3363 810; x_wconf 90' lang='lat' dir='ltr'>ad</span> 
     </span>
    </p>
   </div>
   <div class='ocr_carea' id='block_1_21' title="bbox 1764 845 3362 914">
    <p class='ocr_par' dir='ltr' id='par_1_21' title="bbox 1764 845 3362 914">
     <span class='ocr_line' id='line_1_21' title="bbox 1764 845 3362 914; baseline 0 -13"><span class='ocrx_word' id='word_1_142' title='bbox 1764 846 2124 901; x_wconf 87' lang='lat' dir='ltr'>Samuelem:</span> <span class='ocrx_word' id='word_1_143' title='bbox 2176 850 2400 902; x_wconf 77' lang='lat' dir='ltr'>Paenitet</span> <span class='ocrx_word' id='word_1_144' title='bbox 2446 863 2530 900; x_wconf 88' lang='lat' dir='ltr'>me</span> <span class='ocrx_word' id='word_1_145' title='bbox 2575 863 2755 914; x_wconf 81' lang='lat' dir='ltr'>regem</span> <span class='ocrx_word' id='word_1_146' title='bbox 2800 848 2986 913; x_wconf 76' lang='lat' dir='ltr'>fecisse</span> <span class='ocrx_word' id='word_1_147' title='bbox 3021 845 3160 901; x_wconf 89' lang='lat' dir='ltr'>Saul</span> <span class='ocrx_word' id='word_1_148' title='bbox 3196 861 3362 914; x_wconf 83' lang='lat' dir='ltr'>super</span> 
     </span>
    </p>
   </div>
   <div class='ocr_carea' id='block_1_22' title="bbox 1762 934 3360 1004">
    <p class='ocr_par' dir='ltr' id='par_1_22' title="bbox 1762 934 3360 1004">
     <span class='ocr_line' id='line_1_22' title="bbox 1762 934 3360 1004; baseline 0 -16"><span class='ocrx_word' id='word_1_149' title='bbox 1762 937 1971 989; x_wconf 87' lang='lat' dir='ltr'>Israel:</span> <span class='ocrx_word' id='word_1_150' title='bbox 2000 951 2144 1003; x_wconf 86' lang='lat' dir='ltr'>unge</span> <span class='ocrx_word' id='word_1_151' title='bbox 2173 938 2351 998; x_wconf 82' lang='lat' dir='ltr'>ﬁlium</span> <span class='ocrx_word' id='word_1_152' title='bbox 2386 937 2498 989; x_wconf 84' lang='lat' dir='ltr'>Isai</span> <span class='ocrx_word' id='word_1_153' title='bbox 2526 936 2571 1004; x_wconf 84' lang='grc' dir='ltr'>(Ι</span> <span class='ocrx_word' id='word_1_154' title='bbox 2599 937 2720 1002; x_wconf 84' lang='lat' dir='ltr'>Reg.</span> <span class='ocrx_word' id='word_1_155' title='bbox 2757 948 2869 999; x_wconf 78' lang='lat' dir='ltr'>XIV,</span> <span class='ocrx_word' id='word_1_156' title='bbox 2894 938 3022 1001; x_wconf 73' lang='lat' dir='ltr'>xvx).</span> <span class='ocrx_word' id='word_1_157' title='bbox 3045 934 3192 988; x_wconf 90' lang='lat' dir='ltr'>Dum</span> <span class='ocrx_word' id='word_1_158' title='bbox 3221 950 3360 1004; x_wconf 67' lang='lat' dir='ltr'>prae-</span> 
     </span>
    </p>
   </div>
   <div class='ocr_carea' id='block_1_23' title="bbox 1758 1022 3359 1094">
    <p class='ocr_par' dir='ltr' id='par_1_23' title="bbox 1758 1022 3359 1094">
     <span class='ocr_line' id='line_1_23' title="bbox 1758 1022 3359 1094; baseline 0.001 -18"><span class='ocrx_word' id='word_1_159' title='bbox 1758 1022 1894 1094; x_wconf 90' lang='lat' dir='ltr'>cipit</span> <span class='ocrx_word' id='word_1_160' title='bbox 1922 1023 2056 1093; x_wconf 90' lang='lat' dir='ltr'>ungi</span> <span class='ocrx_word' id='word_1_161' title='bbox 2084 1023 2263 1078; x_wconf 85' lang='lat' dir='ltr'>ﬁlium</span> <span class='ocrx_word' id='word_1_162' title='bbox 2296 1024 2426 1089; x_wconf 90' lang='lat' dir='ltr'>Isai,</span> <span class='ocrx_word' id='word_1_163' title='bbox 2471 1023 2715 1077; x_wconf 87' lang='lat' dir='ltr'>ostendit</span> <span class='ocrx_word' id='word_1_164' title='bbox 2755 1040 2815 1077; x_wconf 91' lang='lat' dir='ltr'>se</span> <span class='ocrx_word' id='word_1_165' title='bbox 2844 1024 3147 1077; x_wconf 85' lang='lat' dir='ltr'>immutare</span> <span class='ocrx_word' id='word_1_166' title='bbox 3174 1022 3359 1094; x_wconf 89' lang='lat' dir='ltr'>dispo-</span> 
     </span>
    </p>
   </div>
   <div class='ocr_carea' id='block_1_24' title="bbox 1758 1111 3358 1182">
    <p class='ocr_par' dir='ltr' id='par_1_24' title="bbox 1758 1111 3358 1182">
     <span class='ocr_line' id='line_1_24' title="bbox 1758 1111 3358 1182; baseline -0.001 -16"><span class='ocrx_word' id='word_1_167' title='bbox 1758 1111 2020 1166; x_wconf 90' lang='lat' dir='ltr'>sitionem</span> <span class='ocrx_word' id='word_1_168' title='bbox 2052 1112 2185 1166; x_wconf 84' lang='lat' dir='ltr'>facti</span> <span class='ocrx_word' id='word_1_169' title='bbox 2232 1111 2340 1177; x_wconf 90' lang='lat' dir='ltr'>sui,</span> <span class='ocrx_word' id='word_1_170' title='bbox 2382 1112 2621 1182; x_wconf 83' lang='lat' dir='ltr'>ideoque</span> <span class='ocrx_word' id='word_1_171' title='bbox 2660 1112 2797 1165; x_wconf 90' lang='lat' dir='ltr'>dicit</span> <span class='ocrx_word' id='word_1_172' title='bbox 2829 1131 2840 1164; x_wconf 93' lang='lat'><strong>:</strong></span> <span class='ocrx_word' id='word_1_173' title='bbox 2875 1111 3117 1165; x_wconf 61' lang='lat' dir='ltr'>Paenitet</span> <span class='ocrx_word' id='word_1_174' title='bbox 3143 1127 3253 1165; x_wconf 90' lang='lat' dir='ltr'>me.</span> <span class='ocrx_word' id='word_1_175' title='bbox 3286 1111 3358 1166; x_wconf 90' lang='lat' dir='ltr'>Et</span> 
     </span>
    </p>
   </div>
   <div class='ocr_carea' id='block_1_25' title="bbox 1759 1200 3353 1268">
    <p class='ocr_par' dir='ltr' id='par_1_25' title="bbox 1759 1200 3353 1268">
     <span class='ocr_line' id='line_1_25' title="bbox 1759 1200 3353 1268; baseline 0 -14"><span class='ocrx_word' id='word_1_176' title='bbox 1759 1200 1892 1254; x_wconf 86' lang='lat' dir='ltr'>alibi</span> <span class='ocrx_word' id='word_1_177' title='bbox 1924 1219 1937 1253; x_wconf 90' lang='lat'>:</span> <span class='ocrx_word' id='word_1_178' title='bbox 1964 1202 2187 1255; x_wconf 84' lang='lat' dir='ltr'>Juravit</span> <span class='ocrx_word' id='word_1_179' title='bbox 2208 1202 2497 1265; x_wconf 84' lang='lat' dir='ltr'>Dominus,</span> <span class='ocrx_word' id='word_1_180' title='bbox 2522 1206 2569 1253; x_wconf 87' lang='lat' dir='ltr'>et</span> <span class='ocrx_word' id='word_1_181' title='bbox 2601 1216 2712 1253; x_wconf 89' lang='lat' dir='ltr'>non</span> <span class='ocrx_word' id='word_1_182' title='bbox 2733 1202 3007 1268; x_wconf 64' lang='lat' dir='ltr'>paenitebit</span> <span class='ocrx_word' id='word_1_183' title='bbox 3033 1217 3158 1253; x_wconf 88' lang='lat' dir='ltr'>eum</span> <span class='ocrx_word' id='word_1_184' title='bbox 3179 1202 3353 1262; x_wconf 89' lang='lat' dir='ltr'>(Psal.</span> 
     </span>
    </p>
   </div>
   <div class='ocr_carea' id='block_1_26' title="bbox 1758 1287 3355 1359">
    <p class='ocr_par' dir='ltr' id='par_1_26' title="bbox 1758 1287 3355 1359">
     <span class='ocr_line' id='line_1_26' title="bbox 1758 1287 3355 1359; baseline -0.001 -17"><span class='ocrx_word' id='word_1_185' title='bbox 1758 1293 1884 1353; x_wconf 82' lang='lat' dir='ltr'>cvi),</span> <span class='ocrx_word' id='word_1_186' title='bbox 1900 1288 1955 1340; x_wconf 89' lang='lat' dir='ltr'>id</span> <span class='ocrx_word' id='word_1_187' title='bbox 1976 1294 2080 1351; x_wconf 82' lang='lat' dir='ltr'>est,</span> <span class='ocrx_word' id='word_1_188' title='bbox 2100 1304 2212 1342; x_wconf 91' lang='lat' dir='ltr'>non</span> <span class='ocrx_word' id='word_1_189' title='bbox 2232 1288 2543 1342; x_wconf 87' lang='lat' dir='ltr'>mutabitur</span> <span class='ocrx_word' id='word_1_190' title='bbox 2555 1288 2812 1341; x_wconf 86' lang='lat' dir='ltr'>voluntas</span> <span class='ocrx_word' id='word_1_191' title='bbox 2827 1287 3191 1356; x_wconf 89' lang='lat' dir='ltr'>ejus.Verum</span> <span class='ocrx_word' id='word_1_192' title='bbox 3205 1288 3355 1359; x_wconf 92' lang='lat' dir='ltr'>quod</span> 
     </span>
    </p>
   </div>
   <div class='ocr_carea' id='block_1_27' title="bbox 1756 1376 3353 1447">
    <p class='ocr_par' dir='ltr' id='par_1_27' title="bbox 1756 1376 3353 1447">
     <span class='ocr_line' id='line_1_27' title="bbox 1756 1376 3353 1447; baseline 0.001 -17"><span class='ocrx_word' id='word_1_193' title='bbox 1756 1377 1892 1430; x_wconf 87' lang='lat' dir='ltr'>dicit</span> <span class='ocrx_word' id='word_1_194' title='bbox 1920 1377 2069 1431; x_wconf 87' lang='lat' dir='ltr'>dona</span> <span class='ocrx_word' id='word_1_195' title='bbox 2098 1384 2155 1430; x_wconf 91' lang='lat' dir='ltr'>et</span> <span class='ocrx_word' id='word_1_196' title='bbox 2203 1379 2417 1431; x_wconf 83' lang='lat' dir='ltr'>vacatio</span> <span class='ocrx_word' id='word_1_197' title='bbox 2463 1377 2583 1438; x_wconf 89' lang='lat' dir='ltr'>Dei,</span> <span class='ocrx_word' id='word_1_198' title='bbox 2624 1376 2957 1446; x_wconf 85' lang='lat' dir='ltr'>intelligitur</span> <span class='ocrx_word' id='word_1_199' title='bbox 2986 1376 3182 1431; x_wconf 89' lang='lat' dir='ltr'>ordine</span> <span class='ocrx_word' id='word_1_200' title='bbox 3212 1394 3353 1447; x_wconf 68' lang='lat' dir='ltr'>pre-</span> 
     </span>
    </p>
   </div>
   <div class='ocr_carea' id='block_1_28' title="bbox 1754 1464 3353 1535">
    <p class='ocr_par' dir='ltr' id='par_1_28' title="bbox 1754 1464 3353 1535">
     <span class='ocr_line' id='line_1_28' title="bbox 1754 1464 3353 1535; baseline 0 -17"><span class='ocrx_word' id='word_1_201' title='bbox 1754 1471 1998 1535; x_wconf 81' lang='lat' dir='ltr'>postcro.</span> <span class='ocrx_word' id='word_1_202' title='bbox 2032 1465 2284 1519; x_wconf 89' lang='lat' dir='ltr'>Primum</span> <span class='ocrx_word' id='word_1_203' title='bbox 2315 1466 2463 1518; x_wconf 89' lang='lat' dir='ltr'>enim</span> <span class='ocrx_word' id='word_1_204' title='bbox 2496 1470 2656 1518; x_wconf 88' lang='lat' dir='ltr'>vocat</span> <span class='ocrx_word' id='word_1_205' title='bbox 2704 1464 2851 1517; x_wconf 91' lang='lat' dir='ltr'>Deus</span> <span class='ocrx_word' id='word_1_206' title='bbox 2879 1465 2949 1518; x_wconf 90' lang='lat' dir='ltr'>ad</span> <span class='ocrx_word' id='word_1_207' title='bbox 2994 1465 3162 1518; x_wconf 89' lang='lat' dir='ltr'>ﬁdem</span> <span class='ocrx_word' id='word_1_208' title='bbox 3191 1481 3353 1518; x_wconf 88' lang='lat' dir='ltr'>suam</span> 
     </span>
    </p>
   </div>
   <div class='ocr_carea' id='block_1_29' title="bbox 122 1552 3354 1624">
    <p class='ocr_par' dir='ltr' id='par_1_29' title="bbox 122 1552 3354 1624">
     <span class='ocr_line' id='line_1_29' title="bbox 122 1552 3354 1624; baseline 0.001 -20"><span class='ocrx_word' id='word_1_209' title='bbox 122 1552 260 1616; x_wconf 80' lang='lat' dir='ltr'>lebat,</span> <span class='ocrx_word' id='word_1_210' title='bbox 298 1552 492 1605; x_wconf 84' lang='lat' dir='ltr'>avertit</span> <span class='ocrx_word' id='word_1_211' title='bbox 542 1552 906 1606; x_wconf 88' lang='lat' dir='ltr'>nihilominus</span> <span class='ocrx_word' id='word_1_212' title='bbox 949 1553 1267 1624; x_wconf 85' lang='lat' dir='ltr'>impietates</span> <span class='ocrx_word' id='word_1_213' title='bbox 1296 1570 1330 1607; x_wconf 91' lang='lat' dir='ltr'>a</span> <span class='ocrx_word' id='word_1_214' title='bbox 1365 1554 1561 1621; x_wconf 87' lang='lat' dir='ltr'>Jacob,</span> <span class='ocrx_word' id='word_1_215' title='bbox 1602 1556 1673 1609; x_wconf 90' lang='lat' dir='ltr'>ab</span> <span class='ocrx_word' id='word_1_216' title='bbox 1755 1554 2061 1607; x_wconf 89' lang='lat' dir='ltr'>secundum</span> <span class='ocrx_word' id='word_1_217' title='bbox 2088 1554 2416 1608; x_wconf 89' lang='lat' dir='ltr'>electionem</span> <span class='ocrx_word' id='word_1_218' title='bbox 2444 1554 2660 1623; x_wconf 67' lang='lat' dir='ltr'>gratiae,</span> <span class='ocrx_word' id='word_1_219' title='bbox 2687 1553 3044 1624; x_wconf 86' lang='lat' dir='ltr'>postmodum</span> <span class='ocrx_word' id='word_1_220' title='bbox 3071 1569 3202 1607; x_wconf 92' lang='lat' dir='ltr'>vero</span> <span class='ocrx_word' id='word_1_221' title='bbox 3228 1568 3354 1607; x_wconf 91' lang='lat' dir='ltr'>con-</span> 
     </span>
    </p>
   </div>
   <div class='ocr_carea' id='block_1_30' title="bbox 123 1638 3355 1739">
    <p class='ocr_par' dir='ltr' id='par_1_30' title="bbox 123 1638 3355 1739">
     <span class='ocr_line' id='line_1_30' title="bbox 123 1638 3355 1739; baseline 0.001 -47"><span class='ocrx_word' id='word_1_222' title='bbox 123 1638 191 1692; x_wconf 89' lang='lat' dir='ltr'>his</span> <span class='ocrx_word' id='word_1_223' title='bbox 223 1639 459 1694; x_wconf 81' lang='lat' dir='ltr'>videlicet</span> <span class='ocrx_word' id='word_1_224' title='bbox 496 1641 591 1711; x_wconf 92' lang='lat' dir='ltr'>qui</span> <span class='ocrx_word' id='word_1_225' title='bbox 640 1641 999 1695; x_wconf 89' lang='lat' dir='ltr'>crediderunt</span> <span class='ocrx_word' id='word_1_226' title='bbox 1044 1658 1108 1695; x_wconf 86' lang='lat' dir='ltr'>ex</span> <span class='ocrx_word' id='word_1_227' title='bbox 1148 1643 1355 1698; x_wconf 68' lang='lat' dir='ltr'>Judaeis</span> <span class='ocrx_word' id='word_1_228' title='bbox 1393 1644 1449 1697; x_wconf 93' lang='lat' dir='ltr'>in</span> <span class='ocrx_word' id='word_1_229' title='bbox 1492 1644 1673 1714; x_wconf 90' lang='lat' dir='ltr'>primo</span> <span class='ocrx_word' id='word_1_230' title='bbox 1693 1641 1864 1739; x_wconf 89' lang='lat' dir='ltr'>Bfert</span> <span class='ocrx_word' id='word_1_231' title='bbox 1884 1643 2031 1696; x_wconf 88' lang='lat' dir='ltr'>dona</span> <span class='ocrx_word' id='word_1_232' title='bbox 2050 1643 2291 1713; x_wconf 87' lang='lat' dir='ltr'>Spiritus</span> <span class='ocrx_word' id='word_1_233' title='bbox 2311 1644 2488 1697; x_wconf 88' lang='lat' dir='ltr'>sancti</span> <span class='ocrx_word' id='word_1_234' title='bbox 2519 1651 2575 1697; x_wconf 89' lang='lat' dir='ltr'>et</span> <span class='ocrx_word' id='word_1_235' title='bbox 2603 1642 2831 1713; x_wconf 62' lang='lat' dir='ltr'>praemia</span> <span class='ocrx_word' id='word_1_236' title='bbox 2851 1643 3008 1708; x_wconf 72' lang='lat' dir='ltr'>vitae;</span> <span class='ocrx_word' id='word_1_237' title='bbox 3037 1642 3215 1712; x_wconf 79' lang='lat' dir='ltr'>igitur</span> <span class='ocrx_word' id='word_1_238' title='bbox 3233 1641 3355 1695; x_wconf 90' lang='lat' dir='ltr'>sine</span> 
     </span>
    </p>
   </div>
   <div class='ocr_carea' id='block_1_31' title="bbox 121 1727 3352 1802">
    <p class='ocr_par' dir='ltr' id='par_1_31' title="bbox 121 1727 3352 1802">
     <span class='ocr_line' id='line_1_31' title="bbox 121 1727 3352 1802; baseline 0.001 -23"><span class='ocrx_word' id='word_1_239' title='bbox 121 1727 322 1781; x_wconf 81' lang='lat' dir='ltr'>adventu</span> <span class='ocrx_word' id='word_1_240' title='bbox 361 1729 513 1783; x_wconf 91' lang='lat' dir='ltr'>illius</span> <span class='ocrx_word' id='word_1_241' title='bbox 540 1748 551 1795; x_wconf 89' lang='lat'><strong>;</strong></span> <span class='ocrx_word' id='word_1_242' title='bbox 593 1736 809 1784; x_wconf 81' lang='lat' dir='ltr'>avertet</span> <span class='ocrx_word' id='word_1_243' title='bbox 851 1747 1075 1801; x_wconf 90' lang='lat' dir='ltr'>quoque</span> <span class='ocrx_word' id='word_1_244' title='bbox 1105 1732 1345 1802; x_wconf 89' lang='lat' dir='ltr'>pleniter</span> <span class='ocrx_word' id='word_1_245' title='bbox 1375 1737 1431 1786; x_wconf 93' lang='lat' dir='ltr'>et</span> <span class='ocrx_word' id='word_1_246' title='bbox 1471 1732 1542 1786; x_wconf 86' lang='lat' dir='ltr'>ab</span> <span class='ocrx_word' id='word_1_247' title='bbox 1584 1734 1672 1788; x_wconf 87' lang='lat' dir='ltr'>his</span> <span class='ocrx_word' id='word_1_248' title='bbox 1694 1727 1738 1739; x_wconf 82' lang='grc'><em>”</em></span> <span class='ocrx_word' id='word_1_249' title='bbox 1757 1731 2066 1785; x_wconf 87' lang='lat' dir='ltr'>mutatione</span> <span class='ocrx_word' id='word_1_250' title='bbox 2097 1739 2229 1786; x_wconf 87' lang='lat' dir='ltr'>sunt</span> <span class='ocrx_word' id='word_1_251' title='bbox 2256 1732 2405 1785; x_wconf 88' lang='lat' dir='ltr'>dona</span> <span class='ocrx_word' id='word_1_252' title='bbox 2433 1738 2490 1785; x_wconf 93' lang='lat' dir='ltr'>et</span> <span class='ocrx_word' id='word_1_253' title='bbox 2533 1732 2745 1785; x_wconf 92' lang='lat' dir='ltr'>vacatio</span> <span class='ocrx_word' id='word_1_254' title='bbox 2784 1730 2883 1784; x_wconf 87' lang='lat' dir='ltr'>Dei</span> <span class='ocrx_word' id='word_1_255' title='bbox 2918 1731 2977 1784; x_wconf 93' lang='lat' dir='ltr'>in</span> <span class='ocrx_word' id='word_1_256' title='bbox 3008 1731 3094 1783; x_wconf 91' lang='lat' dir='ltr'>his</span> <span class='ocrx_word' id='word_1_257' title='bbox 3125 1731 3195 1784; x_wconf 86' lang='lat' dir='ltr'>de</span> <span class='ocrx_word' id='word_1_258' title='bbox 3225 1730 3352 1801; x_wconf 91' lang='lat' dir='ltr'>qui-</span> 
     </span>
    </p>
   </div>
   <div class='ocr_carea' id='block_1_32' title="bbox 122 1816 3356 1891">
    <p class='ocr_par' dir='ltr' id='par_1_32' title="bbox 122 1816 3356 1891">
     <span class='ocr_line' id='line_1_32' title="bbox 122 1816 3356 1891; baseline 0.001 -23"><span class='ocrx_word' id='word_1_259' title='bbox 122 1816 210 1888; x_wconf 85' lang='lat' dir='ltr'>qui,</span> <span class='ocrx_word' id='word_1_260' title='bbox 238 1824 479 1888; x_wconf 87' lang='lat' dir='ltr'>suscepta</span> <span class='ocrx_word' id='word_1_261' title='bbox 506 1819 762 1888; x_wconf 88' lang='lat' dir='ltr'>gentium</span> <span class='ocrx_word' id='word_1_262' title='bbox 795 1819 1180 1888; x_wconf 85' lang='lat' dir='ltr'>multitudine,</span> <span class='ocrx_word' id='word_1_263' title='bbox 1200 1828 1595 1876; x_wconf 88' lang='lat' dir='ltr'>convertentur</span> <span class='ocrx_word' id='word_1_264' title='bbox 1614 1828 1671 1876; x_wconf 88' lang='lat' dir='ltr'>et</span> <span class='ocrx_word' id='word_1_265' title='bbox 1751 1819 1856 1873; x_wconf 91' lang='lat' dir='ltr'>bus</span> <span class='ocrx_word' id='word_1_266' title='bbox 1885 1836 2056 1891; x_wconf 83' lang='lat' dir='ltr'>supra</span> <span class='ocrx_word' id='word_1_267' title='bbox 2100 1822 2301 1875; x_wconf 87' lang='lat' dir='ltr'>lectum</span> <span class='ocrx_word' id='word_1_268' title='bbox 2335 1828 2422 1874; x_wconf 82' lang='lat' dir='ltr'>est</span> <span class='ocrx_word' id='word_1_269' title='bbox 2455 1836 2468 1872; x_wconf 90' lang='lat'><strong>:</strong></span> <span class='ocrx_word' id='word_1_270' title='bbox 2517 1822 2655 1887; x_wconf 83' lang='lat' dir='ltr'>Quas</span> <span class='ocrx_word' id='word_1_271' title='bbox 2687 1821 3122 1887; x_wconf 63' lang='lat' dir='ltr'>pradestinavit,</span> <span class='ocrx_word' id='word_1_272' title='bbox 3158 1820 3252 1873; x_wconf 90' lang='lat' dir='ltr'>hos</span> <span class='ocrx_word' id='word_1_273' title='bbox 3299 1823 3356 1872; x_wconf 91' lang='lat' dir='ltr'>et</span> 
     </span>
    </p>
   </div>
   <div class='ocr_carea' id='block_1_33' title="bbox 119 1903 3345 1978">
    <p class='ocr_par' dir='ltr' id='par_1_33' title="bbox 119 1903 3345 1978">
     <span class='ocr_line' id='line_1_33' title="bbox 119 1903 3345 1978; baseline 0.001 -21"><span class='ocrx_word' id='word_1_274' title='bbox 119 1903 454 1969; x_wconf 83' lang='lat' dir='ltr'>salvabuntur,</span> <span class='ocrx_word' id='word_1_275' title='bbox 476 1905 626 1960; x_wconf 89' lang='lat' dir='ltr'>sicut</span> <span class='ocrx_word' id='word_1_276' title='bbox 645 1908 918 1978; x_wconf 90' lang='lat' dir='ltr'>scriptum</span> <span class='ocrx_word' id='word_1_277' title='bbox 938 1913 1058 1961; x_wconf 90' lang='lat' dir='ltr'>est:</span> <span class='ocrx_word' id='word_1_278' title='bbox 1088 1910 1200 1976; x_wconf 84' lang='lat' dir='ltr'>Ipse</span> <span class='ocrx_word' id='word_1_279' title='bbox 1234 1911 1463 1962; x_wconf 83' lang='lat' dir='ltr'>redimet</span> <span class='ocrx_word' id='word_1_280' title='bbox 1496 1913 1667 1964; x_wconf 89' lang='lat' dir='ltr'>Israel</span> <span class='ocrx_word' id='word_1_281' title='bbox 1750 1912 1957 1962; x_wconf 79' lang='lat' dir='ltr'>vocarit</span> <span class='ocrx_word' id='word_1_282' title='bbox 1988 1911 2155 1977; x_wconf 86' lang='lat' dir='ltr'>(Rom.</span> <span class='ocrx_word' id='word_1_283' title='bbox 2189 1916 2333 1974; x_wconf 79' lang='lat' dir='ltr'>VIII).</span> <span class='ocrx_word' id='word_1_284' title='bbox 2375 1925 2487 1962; x_wconf 91' lang='lat' dir='ltr'>non</span> <span class='ocrx_word' id='word_1_285' title='bbox 2521 1908 2578 1962; x_wconf 90' lang='lat' dir='ltr'>in</span> <span class='ocrx_word' id='word_1_286' title='bbox 2618 1908 2705 1961; x_wconf 90' lang='lat' dir='ltr'>his</span> <span class='ocrx_word' id='word_1_287' title='bbox 2741 1908 2811 1961; x_wconf 93' lang='lat' dir='ltr'>de</span> <span class='ocrx_word' id='word_1_288' title='bbox 2851 1906 3053 1978; x_wconf 90' lang='lat' dir='ltr'>quibus</span> <span class='ocrx_word' id='word_1_289' title='bbox 3091 1907 3300 1961; x_wconf 91' lang='lat' dir='ltr'>dicitur</span> <span class='ocrx_word' id='word_1_290' title='bbox 3332 1924 3345 1960; x_wconf 91' lang='lat'><strong>:</strong></span> 
     </span>
    </p>
   </div>
   <div class='ocr_carea' id='block_1_34' title="bbox 120 1994 3350 2069">
    <p class='ocr_par' dir='ltr' id='par_1_34' title="bbox 120 1994 3350 2069">
     <span class='ocr_line' id='line_1_34' title="bbox 120 1994 3350 2069; baseline 0.001 -25"><span class='ocrx_word' id='word_1_291' title='bbox 120 2009 168 2045; x_wconf 76' lang='lat' dir='ltr'>ei:</span> <span class='ocrx_word' id='word_1_292' title='bbox 182 1994 409 2047; x_wconf 86' lang='lat' dir='ltr'>omnibus</span> <span class='ocrx_word' id='word_1_293' title='bbox 438 1996 836 2069; x_wconf 77' lang='lat' dir='ltr'>iniquitatibus</span> <span class='ocrx_word' id='word_1_294' title='bbox 865 1995 1171 2063; x_wconf 86' lang='lat' dir='ltr'>suis(Psal.</span> <span class='ocrx_word' id='word_1_295' title='bbox 1203 2004 1383 2057; x_wconf 79' lang='lat' dir='ltr'>cxxxx)</span> <span class='ocrx_word' id='word_1_296' title='bbox 1411 2016 1424 2064; x_wconf 91' lang='lat'><strong>;</strong></span> <span class='ocrx_word' id='word_1_297' title='bbox 1456 2003 1513 2051; x_wconf 90' lang='lat' dir='ltr'>et</span> <span class='ocrx_word' id='word_1_298' title='bbox 1540 2014 1666 2052; x_wconf 90' lang='lat' dir='ltr'>cum</span> <span class='ocrx_word' id='word_1_299' title='bbox 1750 1998 1918 2050; x_wconf 74' lang='lat' dir='ltr'>Mulli</span> <span class='ocrx_word' id='word_1_300' title='bbox 1943 2002 2076 2050; x_wconf 87' lang='lat' dir='ltr'>sunt</span> <span class='ocrx_word' id='word_1_301' title='bbox 2103 2000 2295 2061; x_wconf 84' lang='lat' dir='ltr'>vocali,</span> <span class='ocrx_word' id='word_1_302' title='bbox 2329 1997 2427 2051; x_wconf 90' lang='lat' dir='ltr'>sed</span> <span class='ocrx_word' id='word_1_303' title='bbox 2454 2000 2621 2065; x_wconf 86' lang='lat' dir='ltr'>pauci</span> <span class='ocrx_word' id='word_1_304' title='bbox 2648 1999 2802 2050; x_wconf 87' lang='lat' dir='ltr'>electi</span> <span class='ocrx_word' id='word_1_305' title='bbox 2836 1996 3049 2060; x_wconf 77' lang='lat' dir='ltr'>(Matth.</span> <span class='ocrx_word' id='word_1_306' title='bbox 3082 1996 3195 2062; x_wconf 85' lang='lat' dir='ltr'>xx).</span> <span class='ocrx_word' id='word_1_307' title='bbox 3236 1994 3350 2048; x_wconf 85' lang='lat' dir='ltr'>Ali-</span> 
     </span>
    </p>
   </div>
   <div class='ocr_carea' id='block_1_35' title="bbox 118 2080 1663 2152">
    <p class='ocr_par' dir='ltr' id='par_1_35' title="bbox 118 2080 1663 2152">
     <span class='ocr_line' id='line_1_35' title="bbox 118 2080 1663 2152; baseline 0.004 -19"><span class='ocrx_word' id='word_1_308' title='bbox 118 2080 360 2151; x_wconf 88' lang='lat' dir='ltr'>plenitudo</span> <span class='ocrx_word' id='word_1_309' title='bbox 400 2084 662 2152; x_wconf 90' lang='lat' dir='ltr'>gentium</span> <span class='ocrx_word' id='word_1_310' title='bbox 716 2084 1029 2150; x_wconf 86' lang='lat' dir='ltr'>intraverit,</span> <span class='ocrx_word' id='word_1_311' title='bbox 1078 2089 1213 2138; x_wconf 87' lang='lat' dir='ltr'>tunc</span> <span class='ocrx_word' id='word_1_312' title='bbox 1261 2084 1444 2139; x_wconf 89' lang='lat' dir='ltr'>omnis</span> <span class='ocrx_word' id='word_1_313' title='bbox 1494 2087 1663 2141; x_wconf 86' lang='lat' dir='ltr'>Israel</span> 
     </span>
    </p>
   </div>
   <div class='ocr_carea' id='block_1_36' title="bbox 118 2169 403 2229">
    <p class='ocr_par' dir='ltr' id='par_1_36' title="bbox 118 2169 403 2229">
     <span class='ocr_line' id='line_1_36' title="bbox 118 2169 403 2229; baseline 0.025 -8"><span class='ocrx_word' id='word_1_314' title='bbox 118 2169 267 2224; x_wconf 83' lang='lat' dir='ltr'>salvus</span> <span class='ocrx_word' id='word_1_315' title='bbox 291 2170 403 2229; x_wconf 85' lang='lat' dir='ltr'>ﬁet.</span> 
     </span>
    </p>
   </div>
   <div class='ocr_carea' id='block_1_37' title="bbox 169 2257 1664 2329">
    <p class='ocr_par' dir='ltr' id='par_1_37' title="bbox 169 2257 1664 2329">
     <span class='ocr_line' id='line_1_37' title="bbox 169 2257 1664 2329; baseline 0.004 -18"><span class='ocrx_word' id='word_1_316' title='bbox 169 2257 223 2311; x_wconf 77' lang='lat' dir='ltr'>Is’t</span> <span class='ocrx_word' id='word_1_317' title='bbox 243 2259 331 2312; x_wconf 85' lang='lat' dir='ltr'>hoc</span> <span class='ocrx_word' id='word_1_318' title='bbox 358 2260 471 2313; x_wconf 84' lang='lat' dir='ltr'>illis</span> <span class='ocrx_word' id='word_1_319' title='bbox 495 2275 536 2312; x_wconf 88' lang='lat' dir='ltr'>a</span> <span class='ocrx_word' id='word_1_320' title='bbox 566 2275 650 2314; x_wconf 88' lang='lat' dir='ltr'>me</span> <span class='ocrx_word' id='word_1_321' title='bbox 680 2265 1087 2322; x_wconf 78' lang='lat' dir='ltr'>testamentum,</span> <span class='ocrx_word' id='word_1_322' title='bbox 1120 2261 1388 2317; x_wconf 82' lang='lat' dir='ltr'>subaudis</span> <span class='ocrx_word' id='word_1_323' title='bbox 1417 2261 1664 2329; x_wconf 86' lang='lat' dir='ltr'>dabitur,</span> 
     </span>
    </p>
   </div>
   <div class='ocr_carea' id='block_1_38' title="bbox 116 2346 1664 2420">
    <p class='ocr_par' dir='ltr' id='par_1_38' title="bbox 116 2346 1664 2420">
     <span class='ocr_line' id='line_1_38' title="bbox 116 2346 1664 2420; baseline 0.004 -21"><span class='ocrx_word' id='word_1_324' title='bbox 116 2346 204 2399; x_wconf 82' lang='lat' dir='ltr'>sive</span> <span class='ocrx_word' id='word_1_325' title='bbox 220 2348 601 2418; x_wconf 88' lang='lat' dir='ltr'>complebitur,</span> <span class='ocrx_word' id='word_1_326' title='bbox 620 2364 723 2419; x_wconf 89' lang='lat' dir='ltr'>per</span> <span class='ocrx_word' id='word_1_327' title='bbox 740 2349 887 2419; x_wconf 90' lang='lat' dir='ltr'>quod</span> <span class='ocrx_word' id='word_1_328' title='bbox 908 2349 1210 2420; x_wconf 84' lang='lat' dir='ltr'>aliquando</span> <span class='ocrx_word' id='word_1_329' title='bbox 1242 2350 1534 2420; x_wconf 88' lang='lat' dir='ltr'>promissio</span> <span class='ocrx_word' id='word_1_330' title='bbox 1565 2351 1664 2405; x_wconf 91' lang='lat' dir='ltr'>de-</span> 
     </span>
    </p>
   </div>
   <div class='ocr_carea' id='block_1_39' title="bbox 116 2434 1667 2510">
    <p class='ocr_par' dir='ltr' id='par_1_39' title="bbox 116 2434 1667 2510">
     <span class='ocr_line' id='line_1_39' title="bbox 116 2434 1667 2510; baseline 0.005 -23"><span class='ocrx_word' id='word_1_331' title='bbox 116 2434 328 2504; x_wconf 80' lang='lat' dir='ltr'>signatur</span> <span class='ocrx_word' id='word_1_332' title='bbox 348 2443 404 2490; x_wconf 84' lang='lat' dir='ltr'>et</span> <span class='ocrx_word' id='word_1_333' title='bbox 428 2437 816 2507; x_wconf 82' lang='lat' dir='ltr'>Evangelium.</span> <span class='ocrx_word' id='word_1_334' title='bbox 844 2437 914 2491; x_wconf 87' lang='lat' dir='ltr'>Et</span> <span class='ocrx_word' id='word_1_335' title='bbox 943 2445 1127 2508; x_wconf 89' lang='lat' dir='ltr'>potest</span> <span class='ocrx_word' id='word_1_336' title='bbox 1147 2439 1237 2491; x_wconf 89' lang='lat' dir='ltr'>hic</span> <span class='ocrx_word' id='word_1_337' title='bbox 1259 2444 1563 2510; x_wconf 87' lang='lat' dir='ltr'>utrumque</span> <span class='ocrx_word' id='word_1_338' title='bbox 1583 2440 1667 2494; x_wconf 89' lang='lat' dir='ltr'>in-</span> 
     </span>
    </p>
   </div>
   <div class='ocr_carea' id='block_1_40' title="bbox 115 2523 1665 2596">
    <p class='ocr_par' dir='ltr' id='par_1_40' title="bbox 115 2523 1665 2596">
     <span class='ocr_line' id='line_1_40' title="bbox 115 2523 1665 2596; baseline 0.005 -21"><span class='ocrx_word' id='word_1_339' title='bbox 115 2523 285 2594; x_wconf 81' lang='lat' dir='ltr'>telligi;</span> <span class='ocrx_word' id='word_1_340' title='bbox 315 2524 612 2594; x_wconf 76' lang='lat' dir='ltr'>promissio</span> <span class='ocrx_word' id='word_1_341' title='bbox 636 2525 892 2579; x_wconf 89' lang='lat' dir='ltr'>videlicet</span> <span class='ocrx_word' id='word_1_342' title='bbox 918 2527 1078 2596; x_wconf 83' lang='lat' dir='ltr'>regni</span> <span class='ocrx_word' id='word_1_343' title='bbox 1098 2527 1388 2587; x_wconf 58' lang='lat' dir='ltr'>caelorum,</span> <span class='ocrx_word' id='word_1_344' title='bbox 1411 2534 1469 2581; x_wconf 92' lang='lat' dir='ltr'>et</span> <span class='ocrx_word' id='word_1_345' title='bbox 1488 2528 1665 2582; x_wconf 89' lang='lat' dir='ltr'>Evan-</span> 
     </span>
    </p>
   </div>
   <div class='ocr_carea' id='block_1_41' title="bbox 112 2612 1663 2685">
    <p class='ocr_par' dir='ltr' id='par_1_41' title="bbox 112 2612 1663 2685">
     <span class='ocr_line' id='line_1_41' title="bbox 112 2612 1663 2685; baseline 0.003 -20"><span class='ocrx_word' id='word_1_346' title='bbox 112 2612 280 2680; x_wconf 82' lang='lat' dir='ltr'>gelium</span> <span class='ocrx_word' id='word_1_347' title='bbox 318 2614 371 2668; x_wconf 91' lang='lat' dir='ltr'>in</span> <span class='ocrx_word' id='word_1_348' title='bbox 416 2630 533 2685; x_wconf 90' lang='lat' dir='ltr'>quo</span> <span class='ocrx_word' id='word_1_349' title='bbox 575 2614 696 2685; x_wconf 89' lang='lat' dir='ltr'>ipsa</span> <span class='ocrx_word' id='word_1_350' title='bbox 736 2614 1032 2684; x_wconf 89' lang='lat' dir='ltr'>promissio</span> <span class='ocrx_word' id='word_1_351' title='bbox 1073 2616 1416 2681; x_wconf 88' lang='lat' dir='ltr'>continetur,</span> <span class='ocrx_word' id='word_1_352' title='bbox 1444 2617 1663 2671; x_wconf 90' lang='lat' dir='ltr'>dicente</span> 
     </span>
    </p>
   </div>
   <div class='ocr_carea' id='block_1_42' title="bbox 112 2698 1663 2772">
    <p class='ocr_par' dir='ltr' id='par_1_42' title="bbox 112 2698 1663 2772">
     <span class='ocr_line' id='line_1_42' title="bbox 112 2698 1663 2772; baseline 0.005 -21"><span class='ocrx_word' id='word_1_353' title='bbox 112 2698 307 2755; x_wconf 88' lang='lat' dir='ltr'>Domino</span> <span class='ocrx_word' id='word_1_354' title='bbox 327 2725 339 2760; x_wconf 88' lang='lat'>:</span> <span class='ocrx_word' id='word_1_355' title='bbox 358 2705 747 2757; x_wconf 75' lang='lat' dir='ltr'>Panitentiam</span> <span class='ocrx_word' id='word_1_356' title='bbox 764 2707 929 2770; x_wconf 85' lang='lat' dir='ltr'>agite,</span> <span class='ocrx_word' id='word_1_357' title='bbox 945 2706 1410 2772; x_wconf 87' lang='lat' dir='ltr'>appropinquabit</span> <span class='ocrx_word' id='word_1_358' title='bbox 1427 2721 1663 2772; x_wconf 85' lang='lat' dir='ltr'>regnum</span> 
     </span>
    </p>
   </div>
   <div class='ocr_carea' id='block_1_43' title="bbox 114 2790 1664 2859">
    <p class='ocr_par' dir='ltr' id='par_1_43' title="bbox 114 2790 1664 2859">
     <span class='ocr_line' id='line_1_43' title="bbox 114 2790 1664 2859; baseline 0.006 -21"><span class='ocrx_word' id='word_1_359' title='bbox 114 2790 325 2843; x_wconf 80' lang='lat' dir='ltr'>calorum</span> <span class='ocrx_word' id='word_1_360' title='bbox 361 2792 576 2856; x_wconf 67' lang='lat' dir='ltr'>(Matth.</span> <span class='ocrx_word' id='word_1_361' title='bbox 603 2796 695 2859; x_wconf 85' lang='lat' dir='ltr'>1v).</span> <span class='ocrx_word' id='word_1_362' title='bbox 726 2792 807 2845; x_wconf 90' lang='lat' dir='ltr'>De</span> <span class='ocrx_word' id='word_1_363' title='bbox 835 2792 940 2845; x_wconf 91' lang='lat' dir='ltr'>hoc</span> <span class='ocrx_word' id='word_1_364' title='bbox 967 2798 1308 2846; x_wconf 89' lang='lat' dir='ltr'>testamento</span> <span class='ocrx_word' id='word_1_365' title='bbox 1337 2792 1546 2847; x_wconf 84' lang='lat' dir='ltr'>dictum</span> <span class='ocrx_word' id='word_1_366' title='bbox 1577 2800 1664 2848; x_wconf 86' lang='lat' dir='ltr'>est</span> 
     </span>
    </p>
   </div>
   <div class='ocr_carea' id='block_1_44' title="bbox 112 2880 1660 2952">
    <p class='ocr_par' dir='ltr' id='par_1_44' title="bbox 112 2880 1660 2952">
     <span class='ocr_line' id='line_1_44' title="bbox 112 2880 1660 2952; baseline 0.006 -24"><span class='ocrx_word' id='word_1_367' title='bbox 112 2892 191 2945; x_wconf 87' lang='lat' dir='ltr'>per</span> <span class='ocrx_word' id='word_1_368' title='bbox 231 2880 549 2950; x_wconf 86' lang='lat' dir='ltr'>prophetam</span> <span class='ocrx_word' id='word_1_369' title='bbox 580 2897 593 2932; x_wconf 90' lang='lat'><strong>:</strong></span> <span class='ocrx_word' id='word_1_370' title='bbox 628 2880 868 2946; x_wconf 88' lang='lat' dir='ltr'>Feriam,</span> <span class='ocrx_word' id='word_1_371' title='bbox 922 2881 1124 2952; x_wconf 89' lang='lat' dir='ltr'>inquit,</span> <span class='ocrx_word' id='word_1_372' title='bbox 1170 2896 1298 2934; x_wconf 90' lang='lat' dir='ltr'>cum</span> <span class='ocrx_word' id='word_1_373' title='bbox 1328 2881 1407 2935; x_wconf 91' lang='lat' dir='ltr'>eis</span> <span class='ocrx_word' id='word_1_374' title='bbox 1436 2888 1660 2951; x_wconf 91' lang='lat' dir='ltr'>pactum</span> 
     </span>
    </p>
   </div>
   <div class='ocr_carea' id='block_1_45' title="bbox 113 2969 1662 3031">
    <p class='ocr_par' dir='ltr' id='par_1_45' title="bbox 113 2969 1662 3031">
     <span class='ocr_line' id='line_1_45' title="bbox 113 2969 1662 3031; baseline 0.005 -15"><span class='ocrx_word' id='word_1_375' title='bbox 113 2980 294 3031; x_wconf 83' lang='lat' dir='ltr'>novum,</span> <span class='ocrx_word' id='word_1_376' title='bbox 315 2974 369 3022; x_wconf 88' lang='lat' dir='ltr'>et</span> <span class='ocrx_word' id='word_1_377' title='bbox 386 2974 794 3023; x_wconf 84' lang='lat' dir='ltr'>testamentum</span> <span class='ocrx_word' id='word_1_378' title='bbox 819 2985 1022 3023; x_wconf 90' lang='lat' dir='ltr'>novum</span> <span class='ocrx_word' id='word_1_379' title='bbox 1054 2969 1295 3023; x_wconf 89' lang='lat' dir='ltr'>scribam</span> <span class='ocrx_word' id='word_1_380' title='bbox 1324 2970 1383 3023; x_wconf 92' lang='lat' dir='ltr'>in</span> <span class='ocrx_word' id='word_1_381' title='bbox 1402 2971 1662 3025; x_wconf 91' lang='lat' dir='ltr'>cordibus</span> 
     </span>
    </p>
   </div>
   <div class='ocr_carea' id='block_1_46' title="bbox 112 3057 1662 3128">
    <p class='ocr_par' dir='ltr' id='par_1_46' title="bbox 112 3057 1662 3128">
     <span class='ocr_line' id='line_1_46' title="bbox 112 3057 1662 3128; baseline 0.005 -22"><span class='ocrx_word' id='word_1_382' title='bbox 112 3068 285 3109; x_wconf 81' lang='lat' dir='ltr'>eorum.</span> <span class='ocrx_word' id='word_1_383' title='bbox 301 3057 564 3128; x_wconf 87' lang='lat' dir='ltr'>Sequitur</span> <span class='ocrx_word' id='word_1_384' title='bbox 588 3075 600 3109; x_wconf 94' lang='lat'>:</span> <span class='ocrx_word' id='word_1_385' title='bbox 630 3059 769 3114; x_wconf 72' lang='lat' dir='ltr'>Cum</span> <span class='ocrx_word' id='word_1_386' title='bbox 790 3060 1065 3111; x_wconf 80' lang='lat' dir='ltr'>abstulero</span> <span class='ocrx_word' id='word_1_387' title='bbox 1084 3064 1305 3126; x_wconf 83' lang='lat' dir='ltr'>peccata</span> <span class='ocrx_word' id='word_1_388' title='bbox 1326 3074 1535 3112; x_wconf 88' lang='lat' dir='ltr'>eorum.</span> <span class='ocrx_word' id='word_1_389' title='bbox 1564 3060 1662 3113; x_wconf 86' lang='lat' dir='ltr'>His</span> 
     </span>
    </p>
   </div>
   <div class='ocr_carea' id='block_1_47' title="bbox 1749 2084 3347 2156">
    <p class='ocr_par' dir='ltr' id='par_1_47' title="bbox 1749 2084 3347 2156">
     <span class='ocr_line' id='line_1_47' title="bbox 1749 2084 3347 2156; baseline 0 -19"><span class='ocrx_word' id='word_1_390' title='bbox 1749 2088 1837 2137; x_wconf 89' lang='lat' dir='ltr'>ter</span> <span class='ocrx_word' id='word_1_391' title='bbox 1866 2098 1878 2132; x_wconf 93' lang='lat'>:</span> <span class='ocrx_word' id='word_1_392' title='bbox 1928 2085 2050 2139; x_wconf 91' lang='lat' dir='ltr'>sine</span> <span class='ocrx_word' id='word_1_393' title='bbox 2096 2086 2429 2156; x_wconf 71' lang='lat' dir='ltr'>poenitentia</span> <span class='ocrx_word' id='word_1_394' title='bbox 2466 2090 2600 2139; x_wconf 84' lang='lat' dir='ltr'>sunt</span> <span class='ocrx_word' id='word_1_395' title='bbox 2645 2085 2794 2139; x_wconf 88' lang='lat' dir='ltr'>dona</span> <span class='ocrx_word' id='word_1_396' title='bbox 2827 2090 2886 2138; x_wconf 89' lang='lat' dir='ltr'>et</span> <span class='ocrx_word' id='word_1_397' title='bbox 2913 2085 3128 2138; x_wconf 88' lang='lat' dir='ltr'>vacatio</span> <span class='ocrx_word' id='word_1_398' title='bbox 3157 2084 3259 2138; x_wconf 91' lang='lat' dir='ltr'>Dei</span> <span class='ocrx_word' id='word_1_399' title='bbox 3287 2085 3347 2138; x_wconf 91' lang='lat' dir='ltr'>in</span> 
     </span>
    </p>
   </div>
   <div class='ocr_carea' id='block_1_48' title="bbox 1749 2171 3346 2243">
    <p class='ocr_par' dir='ltr' id='par_1_48' title="bbox 1749 2171 3346 2243">
     <span class='ocr_line' id='line_1_48' title="bbox 1749 2171 3346 2243; baseline 0.001 -18"><span class='ocrx_word' id='word_1_400' title='bbox 1749 2171 1860 2225; x_wconf 89' lang='lat' dir='ltr'>illis</span> <span class='ocrx_word' id='word_1_401' title='bbox 1883 2173 1979 2243; x_wconf 89' lang='lat' dir='ltr'>qui</span> <span class='ocrx_word' id='word_1_402' title='bbox 2006 2174 2076 2227; x_wconf 90' lang='lat' dir='ltr'>ad</span> <span class='ocrx_word' id='word_1_403' title='bbox 2106 2174 2274 2228; x_wconf 86' lang='lat' dir='ltr'>ﬁdem</span> <span class='ocrx_word' id='word_1_404' title='bbox 2306 2174 2401 2228; x_wconf 91' lang='lat' dir='ltr'>Dei</span> <span class='ocrx_word' id='word_1_405' title='bbox 2441 2175 2685 2228; x_wconf 90' lang='lat' dir='ltr'>veniunt.</span> <span class='ocrx_word' id='word_1_406' title='bbox 2724 2173 2891 2227; x_wconf 90' lang='lat' dir='ltr'>Verbi</span> <span class='ocrx_word' id='word_1_407' title='bbox 2918 2174 3104 2243; x_wconf 88' lang='lat' dir='ltr'>gratia</span> <span class='ocrx_word' id='word_1_408' title='bbox 3136 2191 3148 2228; x_wconf 88' lang='lat'><strong>:</strong></span> <span class='ocrx_word' id='word_1_409' title='bbox 3180 2189 3346 2227; x_wconf 80' lang='lat' dir='ltr'>voea-</span> 
     </span>
    </p>
   </div>
   <div class='ocr_carea' id='block_1_49' title="bbox 1751 2261 3349 2333">
    <p class='ocr_par' dir='ltr' id='par_1_49' title="bbox 1751 2261 3349 2333">
     <span class='ocr_line' id='line_1_49' title="bbox 1751 2261 3349 2333; baseline 0.001 -19"><span class='ocrx_word' id='word_1_410' title='bbox 1751 2265 1844 2314; x_wconf 92' lang='lat' dir='ltr'>tur</span> <span class='ocrx_word' id='word_1_411' title='bbox 1870 2262 1994 2332; x_wconf 90' lang='lat' dir='ltr'>quis</span> <span class='ocrx_word' id='word_1_412' title='bbox 2016 2278 2083 2315; x_wconf 84' lang='lat' dir='ltr'>ex</span> <span class='ocrx_word' id='word_1_413' title='bbox 2103 2262 2455 2333; x_wconf 89' lang='lat' dir='ltr'>paganismo,</span> <span class='ocrx_word' id='word_1_414' title='bbox 2480 2262 2814 2333; x_wconf 87' lang='lat' dir='ltr'>baptizatur,</span> <span class='ocrx_word' id='word_1_415' title='bbox 2836 2267 2894 2316; x_wconf 90' lang='lat' dir='ltr'>et</span> <span class='ocrx_word' id='word_1_416' title='bbox 2912 2261 2983 2314; x_wconf 91' lang='lat' dir='ltr'>ab</span> <span class='ocrx_word' id='word_1_417' title='bbox 3008 2261 3163 2315; x_wconf 88' lang='lat' dir='ltr'>omni</span> <span class='ocrx_word' id='word_1_418' title='bbox 3185 2266 3349 2315; x_wconf 88' lang='lat' dir='ltr'>reatu</span> 
     </span>
    </p>
   </div>
   <div class='ocr_carea' id='block_1_50' title="bbox 1748 2348 3348 2425">
    <p class='ocr_par' dir='ltr' id='par_1_50' title="bbox 1748 2348 3348 2425">
     <span class='ocr_line' id='line_1_50' title="bbox 1748 2348 3348 2425; baseline 0 -22"><span class='ocrx_word' id='word_1_419' title='bbox 1748 2348 2056 2405; x_wconf 89' lang='lat' dir='ltr'>absolvitur</span> <span class='ocrx_word' id='word_1_420' title='bbox 2086 2370 2111 2425; x_wconf 28' lang='grc' dir='ltr'>εχ</span> <span class='ocrx_word' id='word_1_421' title='bbox 2141 2351 2273 2421; x_wconf 91' lang='lat' dir='ltr'>quid</span> <span class='ocrx_word' id='word_1_422' title='bbox 2306 2351 2436 2405; x_wconf 90' lang='lat' dir='ltr'>boni</span> <span class='ocrx_word' id='word_1_423' title='bbox 2465 2351 2595 2405; x_wconf 87' lang='lat' dir='ltr'>fecit</span> <span class='ocrx_word' id='word_1_424' title='bbox 2632 2356 2695 2404; x_wconf 88' lang='lat' dir='ltr'>ut</span> <span class='ocrx_word' id='word_1_425' title='bbox 2724 2357 3033 2415; x_wconf 77' lang='lat' dir='ltr'>vocaretur,</span> <span class='ocrx_word' id='word_1_426' title='bbox 3062 2356 3120 2404; x_wconf 87' lang='lat' dir='ltr'>et</span> <span class='ocrx_word' id='word_1_427' title='bbox 3153 2356 3218 2403; x_wconf 91' lang='lat' dir='ltr'>ut</span> <span class='ocrx_word' id='word_1_428' title='bbox 3244 2350 3348 2404; x_wconf 92' lang='lat' dir='ltr'>do-</span> 
     </span>
    </p>
   </div>
   <div class='ocr_carea' id='block_1_51' title="bbox 1746 2437 3349 2510">
    <p class='ocr_par' dir='ltr' id='par_1_51' title="bbox 1746 2437 3349 2510">
     <span class='ocr_line' id='line_1_51' title="bbox 1746 2437 3349 2510; baseline -0.001 -18"><span class='ocrx_word' id='word_1_429' title='bbox 1746 2454 1880 2492; x_wconf 90' lang='lat' dir='ltr'>num</span> <span class='ocrx_word' id='word_1_430' title='bbox 1908 2440 2256 2493; x_wconf 90' lang='lat' dir='ltr'>remissionis</span> <span class='ocrx_word' id='word_1_431' title='bbox 2276 2440 2528 2493; x_wconf 88' lang='lat' dir='ltr'>omnium</span> <span class='ocrx_word' id='word_1_432' title='bbox 2551 2440 2845 2510; x_wconf 89' lang='lat' dir='ltr'>culparum</span> <span class='ocrx_word' id='word_1_433' title='bbox 2866 2444 3304 2509; x_wconf 89' lang='lat' dir='ltr'>consequeretur</span> <span class='ocrx_word' id='word_1_434' title='bbox 3323 2437 3349 2490; x_wconf 87' lang='lat'><strong>?</strong></span> 
     </span>
    </p>
   </div>
   <div class='ocr_carea' id='block_1_52' title="bbox 1746 2526 3350 2598">
    <p class='ocr_par' dir='ltr' id='par_1_52' title="bbox 1746 2526 3350 2598">
     <span class='ocr_line' id='line_1_52' title="bbox 1746 2526 3350 2598; baseline 0 -18"><span class='ocrx_word' id='word_1_435' title='bbox 1746 2526 1943 2597; x_wconf 87' lang='lat' dir='ltr'>Neque</span> <span class='ocrx_word' id='word_1_436' title='bbox 1964 2528 2111 2582; x_wconf 91' lang='lat' dir='ltr'>enim</span> <span class='ocrx_word' id='word_1_437' title='bbox 2130 2528 2435 2598; x_wconf 85' lang='lat' dir='ltr'>jejunavit:</span> <span class='ocrx_word' id='word_1_438' title='bbox 2460 2544 2642 2597; x_wconf 90' lang='lat' dir='ltr'>neque</span> <span class='ocrx_word' id='word_1_439' title='bbox 2662 2527 2720 2581; x_wconf 91' lang='lat' dir='ltr'>in</span> <span class='ocrx_word' id='word_1_440' title='bbox 2742 2526 3133 2597; x_wconf 87' lang='lat' dir='ltr'>eleemosynis,</span> <span class='ocrx_word' id='word_1_441' title='bbox 3149 2527 3233 2580; x_wconf 88' lang='lat' dir='ltr'>vel</span> <span class='ocrx_word' id='word_1_442' title='bbox 3251 2542 3350 2580; x_wconf 90' lang='lat' dir='ltr'>an-</span> 
     </span>
    </p>
   </div>
   <div class='ocr_carea' id='block_1_53' title="bbox 1745 2599 3337 2687">
    <p class='ocr_par' dir='ltr' id='par_1_53' title="bbox 1745 2599 3337 2687">
     <span class='ocr_line' id='line_1_53' title="bbox 1745 2599 3337 2687; baseline 0.002 -18"><span class='ocrx_word' id='word_1_443' title='bbox 1745 2631 1948 2669; x_wconf 91' lang='lat' dir='ltr'>norum</span> <span class='ocrx_word' id='word_1_444' title='bbox 1978 2618 2393 2686; x_wconf 87' lang='lat' dir='ltr'>computatione</span> <span class='ocrx_word' id='word_1_445' title='bbox 2421 2617 2477 2668; x_wconf 91' lang='lat' dir='ltr'>in</span> <span class='ocrx_word' id='word_1_446' title='bbox 2514 2599 2846 2687; x_wconf 71' lang='lat' dir='ltr'>poenitentia</span> <span class='ocrx_word' id='word_1_447' title='bbox 2885 2617 3079 2685; x_wconf 89' lang='lat' dir='ltr'>culpas</span> <span class='ocrx_word' id='word_1_448' title='bbox 3106 2615 3337 2672; x_wconf 90' lang='lat' dir='ltr'>delevit.</span> 
     </span>
    </p>
   </div>
   <div class='ocr_carea' id='block_1_54' title="bbox 1748 2703 3344 2774">
    <p class='ocr_par' dir='ltr' id='par_1_54' title="bbox 1748 2703 3344 2774">
     <span class='ocr_line' id='line_1_54' title="bbox 1748 2703 3344 2774; baseline -0.001 -16"><span class='ocrx_word' id='word_1_449' title='bbox 1748 2703 2008 2759; x_wconf 87' lang='lat' dir='ltr'>Dicamus</span> <span class='ocrx_word' id='word_1_450' title='bbox 2037 2710 2094 2759; x_wconf 92' lang='lat' dir='ltr'>et</span> <span class='ocrx_word' id='word_1_451' title='bbox 2142 2705 2393 2769; x_wconf 88' lang='lat' dir='ltr'>apertius</span> <span class='ocrx_word' id='word_1_452' title='bbox 2424 2723 2436 2757; x_wconf 89' lang='lat'><strong>:</strong></span> <span class='ocrx_word' id='word_1_453' title='bbox 2480 2705 2732 2758; x_wconf 91' lang='lat' dir='ltr'>nascitur</span> <span class='ocrx_word' id='word_1_454' title='bbox 2772 2704 2898 2774; x_wconf 90' lang='lat' dir='ltr'>quis</span> <span class='ocrx_word' id='word_1_455' title='bbox 2926 2720 3054 2757; x_wconf 92' lang='lat' dir='ltr'>cum</span> <span class='ocrx_word' id='word_1_456' title='bbox 3084 2703 3344 2773; x_wconf 85' lang='lat' dir='ltr'>originali</span> 
     </span>
    </p>
   </div>
   <div class='ocr_carea' id='block_1_55' title="bbox 1743 2788 3344 2863">
    <p class='ocr_par' dir='ltr' id='par_1_55' title="bbox 1743 2788 3344 2863">
     <span class='ocr_line' id='line_1_55' title="bbox 1743 2788 3344 2863; baseline -0.002 -18"><span class='ocrx_word' id='word_1_457' title='bbox 1743 2798 2004 2862; x_wconf 88' lang='lat' dir='ltr'>peccato;</span> <span class='ocrx_word' id='word_1_458' title='bbox 2035 2792 2193 2847; x_wconf 89' lang='lat' dir='ltr'>addit</span> <span class='ocrx_word' id='word_1_459' title='bbox 2232 2792 2491 2863; x_wconf 88' lang='lat' dir='ltr'>deinceps</span> <span class='ocrx_word' id='word_1_460' title='bbox 2534 2792 2713 2845; x_wconf 89' lang='lat' dir='ltr'>multa</span> <span class='ocrx_word' id='word_1_461' title='bbox 2748 2791 2991 2845; x_wconf 88' lang='lat' dir='ltr'>actualia</span> <span class='ocrx_word' id='word_1_462' title='bbox 3023 2810 3034 2843; x_wconf 94' lang='lat'><strong>:</strong></span> <span class='ocrx_word' id='word_1_463' title='bbox 3079 2790 3127 2843; x_wconf 92' lang='lat' dir='ltr'>si</span> <span class='ocrx_word' id='word_1_464' title='bbox 3161 2788 3344 2844; x_wconf 89' lang='lat' dir='ltr'>credi-</span> 
     </span>
    </p>
   </div>
   <div class='ocr_carea' id='block_1_56' title="bbox 1742 2879 3344 2951">
    <p class='ocr_par' dir='ltr' id='par_1_56' title="bbox 1742 2879 3344 2951">
     <span class='ocr_line' id='line_1_56' title="bbox 1742 2879 3344 2951; baseline -0.001 -18"><span class='ocrx_word' id='word_1_465' title='bbox 1742 2880 1908 2946; x_wconf 89' lang='lat' dir='ltr'>derit,</span> <span class='ocrx_word' id='word_1_466' title='bbox 1942 2886 2168 2935; x_wconf 85' lang='lat' dir='ltr'>voeatus</span> <span class='ocrx_word' id='word_1_467' title='bbox 2193 2886 2314 2947; x_wconf 89' lang='lat' dir='ltr'>est;</span> <span class='ocrx_word' id='word_1_468' title='bbox 2364 2881 2696 2951; x_wconf 88' lang='lat' dir='ltr'>baptizatus,</span> <span class='ocrx_word' id='word_1_469' title='bbox 2729 2881 2921 2934; x_wconf 83' lang='lat' dir='ltr'>statim</span> <span class='ocrx_word' id='word_1_470' title='bbox 2968 2879 3038 2934; x_wconf 88' lang='lat' dir='ltr'>ab</span> <span class='ocrx_word' id='word_1_471' title='bbox 3081 2879 3187 2935; x_wconf 88' lang='lat' dir='ltr'>hac</span> <span class='ocrx_word' id='word_1_472' title='bbox 3228 2879 3344 2932; x_wconf 88' lang='lat' dir='ltr'>vita</span> 
     </span>
    </p>
   </div>
   <div class='ocr_carea' id='block_1_57' title="bbox 1743 2968 3344 3040">
    <p class='ocr_par' dir='ltr' id='par_1_57' title="bbox 1743 2968 3344 3040">
     <span class='ocr_line' id='line_1_57' title="bbox 1743 2968 3344 3040; baseline -0.001 -18"><span class='ocrx_word' id='word_1_473' title='bbox 1743 2969 2121 3035; x_wconf 88' lang='lat' dir='ltr'>subtrahitur;</span> <span class='ocrx_word' id='word_1_474' title='bbox 2152 2970 2351 3040; x_wconf 90' lang='lat' dir='ltr'>accipit</span> <span class='ocrx_word' id='word_1_475' title='bbox 2378 2971 2526 3024; x_wconf 88' lang='lat' dir='ltr'>dona</span> <span class='ocrx_word' id='word_1_476' title='bbox 2554 2969 2816 3040; x_wconf 91' lang='lat' dir='ltr'>perennis</span> <span class='ocrx_word' id='word_1_477' title='bbox 2834 2968 2962 3023; x_wconf 67' lang='lat' dir='ltr'>vitae</span> <span class='ocrx_word' id='word_1_478' title='bbox 2994 2987 3006 3021; x_wconf 87' lang='lat'>:</span> <span class='ocrx_word' id='word_1_479' title='bbox 3039 2984 3165 3024; x_wconf 89' lang='lat' dir='ltr'>ecce</span> <span class='ocrx_word' id='word_1_480' title='bbox 3193 2968 3344 3022; x_wconf 89' lang='lat' dir='ltr'>dona</span> 
     </span>
    </p>
   </div>
   <div class='ocr_carea' id='block_1_58' title="bbox 1743 3056 2701 3129">
    <p class='ocr_par' dir='ltr' id='par_1_58' title="bbox 1743 3056 2701 3129">
     <span class='ocr_line' id='line_1_58' title="bbox 1743 3056 2701 3129; baseline 0.001 -20"><span class='ocrx_word' id='word_1_481' title='bbox 1743 3062 1801 3110; x_wconf 92' lang='lat' dir='ltr'>et</span> <span class='ocrx_word' id='word_1_482' title='bbox 1827 3056 2039 3110; x_wconf 88' lang='lat' dir='ltr'>vacatio</span> <span class='ocrx_word' id='word_1_483' title='bbox 2069 3057 2173 3111; x_wconf 88' lang='lat' dir='ltr'>Dei</span> <span class='ocrx_word' id='word_1_484' title='bbox 2202 3057 2323 3111; x_wconf 92' lang='lat' dir='ltr'>sine</span> <span class='ocrx_word' id='word_1_485' title='bbox 2352 3057 2701 3129; x_wconf 56' lang='lat' dir='ltr'>paenitentia.</span> 
     </span>
    </p>
   </div>
   <div class='ocr_carea' id='block_1_59' title="bbox 111 3140 3340 3245">
    <p class='ocr_par' dir='ltr' id='par_1_59' title="bbox 111 3140 3340 3245">
     <span class='ocr_line' id='line_1_59' title="bbox 111 3140 3340 3245; baseline 0.002 -53"><span class='ocrx_word' id='word_1_486' title='bbox 111 3140 255 3237; x_wconf 76' lang='lat' dir='ltr'>verbis</span> <span class='ocrx_word' id='word_1_487' title='bbox 279 3144 629 3199; x_wconf 88' lang='lat' dir='ltr'>demonstrat</span> <span class='ocrx_word' id='word_1_488' title='bbox 661 3146 828 3216; x_wconf 89' lang='lat' dir='ltr'>quod,</span> <span class='ocrx_word' id='word_1_489' title='bbox 862 3146 992 3200; x_wconf 90' lang='lat' dir='ltr'>licet</span> <span class='ocrx_word' id='word_1_490' title='bbox 1020 3144 1392 3217; x_wconf 87' lang='lat' dir='ltr'>quorumdam</span> <span class='ocrx_word' id='word_1_491' title='bbox 1423 3148 1656 3201; x_wconf 88' lang='lat' dir='ltr'>creden-</span> <span class='ocrx_word' id='word_1_492' title='bbox 1677 3186 1722 3245; x_wconf 66' lang='grc' dir='ltr'>Ο</span> <span class='ocrx_word' id='word_1_493' title='bbox 1814 3145 1969 3199; x_wconf 89' lang='lat' dir='ltr'>Sicut</span> <span class='ocrx_word' id='word_1_494' title='bbox 2000 3148 2150 3199; x_wconf 89' lang='lat' dir='ltr'>enim</span> <span class='ocrx_word' id='word_1_495' title='bbox 2179 3152 2227 3199; x_wconf 90' lang='lat' dir='ltr'>et</span> <span class='ocrx_word' id='word_1_496' title='bbox 2258 3163 2346 3200; x_wconf 81' lang='lat' dir='ltr'>vos</span> <span class='ocrx_word' id='word_1_497' title='bbox 2373 3148 2676 3215; x_wconf 88' lang='lat' dir='ltr'>aliquando</span> <span class='ocrx_word' id='word_1_498' title='bbox 2707 3162 2820 3200; x_wconf 89' lang='lat' dir='ltr'>non</span> <span class='ocrx_word' id='word_1_499' title='bbox 2858 3148 3170 3201; x_wconf 86' lang='lat' dir='ltr'>credidistis</span> <span class='ocrx_word' id='word_1_500' title='bbox 3214 3147 3340 3213; x_wconf 88' lang='lat' dir='ltr'>Deo,</span> 
     </span>
    </p>
   </div>
   <div class='ocr_carea' id='block_1_60' title="bbox 111 3231 3346 3305">
    <p class='ocr_par' dir='ltr' id='par_1_60' title="bbox 111 3231 3346 3305">
     <span class='ocr_line' id='line_1_60' title="bbox 111 3231 3346 3305; baseline 0.002 -23"><span class='ocrx_word' id='word_1_501' title='bbox 111 3231 220 3284; x_wconf 87' lang='lat' dir='ltr'>tium</span> <span class='ocrx_word' id='word_1_502' title='bbox 237 3248 294 3285; x_wconf 83' lang='lat' dir='ltr'>ex</span> <span class='ocrx_word' id='word_1_503' title='bbox 320 3234 396 3287; x_wconf 88' lang='lat' dir='ltr'>eis</span> <span class='ocrx_word' id='word_1_504' title='bbox 416 3240 649 3305; x_wconf 87' lang='lat' dir='ltr'>peccata</span> <span class='ocrx_word' id='word_1_505' title='bbox 671 3234 787 3288; x_wconf 90' lang='lat' dir='ltr'>sint</span> <span class='ocrx_word' id='word_1_506' title='bbox 814 3234 1021 3299; x_wconf 86' lang='lat' dir='ltr'>ablata,</span> <span class='ocrx_word' id='word_1_507' title='bbox 1044 3234 1102 3288; x_wconf 92' lang='lat' dir='ltr'>in</span> <span class='ocrx_word' id='word_1_508' title='bbox 1128 3236 1239 3289; x_wconf 82' lang='lat' dir='ltr'>ﬁne</span> <span class='ocrx_word' id='word_1_509' title='bbox 1258 3241 1447 3289; x_wconf 85' lang='lat' dir='ltr'>tamen</span> <span class='ocrx_word' id='word_1_510' title='bbox 1469 3237 1658 3291; x_wconf 66' lang='lat' dir='ltr'>saeculi</span> <span class='ocrx_word' id='word_1_511' title='bbox 1679 3231 1721 3245; x_wconf 67' lang='grc'>’³</span> <span class='ocrx_word' id='word_1_512' title='bbox 1744 3250 1898 3288; x_wconf 88' lang='lat' dir='ltr'>nunc</span> <span class='ocrx_word' id='word_1_513' title='bbox 1923 3239 2109 3287; x_wconf 84' lang='lat' dir='ltr'>autem</span> <span class='ocrx_word' id='word_1_514' title='bbox 2158 3236 2599 3288; x_wconf 86' lang='lat' dir='ltr'>misericordiam</span> <span class='ocrx_word' id='word_1_515' title='bbox 2645 3237 2921 3289; x_wconf 89' lang='lat' dir='ltr'>consecuti</span> <span class='ocrx_word' id='word_1_516' title='bbox 2957 3236 3085 3288; x_wconf 86' lang='lat' dir='ltr'>estis</span> <span class='ocrx_word' id='word_1_517' title='bbox 3117 3240 3346 3304; x_wconf 83' lang='lat' dir='ltr'>propter</span> 
     </span>
    </p>
   </div>
   <div class='ocr_carea' id='block_1_61' title="bbox 112 3319 1354 3394">
    <p class='ocr_par' dir='ltr' id='par_1_61' title="bbox 112 3319 1354 3394">
     <span class='ocr_line' id='line_1_61' title="bbox 112 3319 1354 3394; baseline 0.005 -23"><span class='ocrx_word' id='word_1_518' title='bbox 112 3333 187 3386; x_wconf 85' lang='lat' dir='ltr'>per</span> <span class='ocrx_word' id='word_1_519' title='bbox 210 3319 729 3393; x_wconf 84' lang='lat' dir='ltr'>baptismi—gratiam</span> <span class='ocrx_word' id='word_1_520' title='bbox 760 3324 980 3394; x_wconf 92' lang='lat' dir='ltr'>plenius</span> <span class='ocrx_word' id='word_1_521' title='bbox 1009 3323 1354 3377; x_wconf 75' lang='lat' dir='ltr'>auferantur.</span> 
     </span>
    </p>
   </div>
   <div class='ocr_carea' id='block_1_62' title="bbox 161 3406 1662 3483">
    <p class='ocr_par' dir='ltr' id='par_1_62' title="bbox 161 3406 1662 3483">
     <span class='ocr_line' id='line_1_62' title="bbox 161 3406 1662 3483; baseline 0.005 -22"><span class='ocrx_word' id='word_1_522' title='bbox 161 3406 443 3464; x_wconf 85' lang='lat' dir='ltr'>Secundum</span> <span class='ocrx_word' id='word_1_523' title='bbox 460 3413 829 3478; x_wconf 79' lang='lat' dir='ltr'>Erangelium</span> <span class='ocrx_word' id='word_1_524' title='bbox 845 3413 1067 3480; x_wconf 88' lang='lat' dir='ltr'>quidem</span> <span class='ocrx_word' id='word_1_525' title='bbox 1085 3415 1309 3465; x_wconf 87' lang='lat' dir='ltr'>inimici</span> <span class='ocrx_word' id='word_1_526' title='bbox 1321 3413 1422 3468; x_wconf 88' lang='lat' dir='ltr'>Dei</span> <span class='ocrx_word' id='word_1_527' title='bbox 1436 3421 1662 3483; x_wconf 83' lang='lat' dir='ltr'>propter</span> 
     </span>
    </p>
   </div>
   <div class='ocr_carea' id='block_1_63' title="bbox 110 3495 1658 3574">
    <p class='ocr_par' dir='ltr' id='par_1_63' title="bbox 110 3495 1658 3574">
     <span class='ocr_line' id='line_1_63' title="bbox 110 3495 1658 3574; baseline 0.008 -29"><span class='ocrx_word' id='word_1_528' title='bbox 110 3510 190 3547; x_wconf 79' lang='lat' dir='ltr'>ros.</span> <span class='ocrx_word' id='word_1_529' title='bbox 216 3495 328 3551; x_wconf 86' lang='lat' dir='ltr'>Non</span> <span class='ocrx_word' id='word_1_530' title='bbox 373 3499 454 3553; x_wconf 87' lang='lat' dir='ltr'>ait</span> <span class='ocrx_word' id='word_1_531' title='bbox 498 3499 808 3554; x_wconf 89' lang='lat' dir='ltr'>secundum</span> <span class='ocrx_word' id='word_1_532' title='bbox 856 3500 1058 3570; x_wconf 90' lang='lat' dir='ltr'>legem,</span> <span class='ocrx_word' id='word_1_533' title='bbox 1092 3518 1260 3571; x_wconf 90' lang='lat' dir='ltr'>quam</span> <span class='ocrx_word' id='word_1_534' title='bbox 1308 3519 1408 3574; x_wconf 89' lang='lat' dir='ltr'>pro</span> <span class='ocrx_word' id='word_1_535' title='bbox 1452 3503 1658 3558; x_wconf 72' lang='lat' dir='ltr'>viribus</span> 
     </span>
    </p>
   </div>
   <div class='ocr_carea' id='block_1_64' title="bbox 110 3583 1657 3661">
    <p class='ocr_par' dir='ltr' id='par_1_64' title="bbox 110 3583 1657 3661">
     <span class='ocr_line' id='line_1_64' title="bbox 110 3583 1657 3661; baseline 0.005 -24"><span class='ocrx_word' id='word_1_536' title='bbox 110 3583 197 3637; x_wconf 85' lang='lat' dir='ltr'>suis</span> <span class='ocrx_word' id='word_1_537' title='bbox 214 3585 372 3641; x_wconf 70' lang='lat' dir='ltr'>Judaei</span> <span class='ocrx_word' id='word_1_538' title='bbox 392 3587 828 3653; x_wconf 65' lang='lat' dir='ltr'>aemulabantur,</span> <span class='ocrx_word' id='word_1_539' title='bbox 853 3589 950 3642; x_wconf 91' lang='lat' dir='ltr'>sed</span> <span class='ocrx_word' id='word_1_540' title='bbox 972 3590 1277 3644; x_wconf 90' lang='lat' dir='ltr'>secundum</span> <span class='ocrx_word' id='word_1_541' title='bbox 1295 3592 1657 3661; x_wconf 87' lang='lat' dir='ltr'>Evangelium</span> 
     </span>
    </p>
   </div>
   <div class='ocr_carea' id='block_1_65' title="bbox 109 3674 1661 3750">
    <p class='ocr_par' dir='ltr' id='par_1_65' title="bbox 109 3674 1661 3750">
     <span class='ocr_line' id='line_1_65' title="bbox 109 3674 1661 3750; baseline 0.006 -26"><span class='ocrx_word' id='word_1_542' title='bbox 109 3674 225 3741; x_wconf 87' lang='lat' dir='ltr'>quod</span> <span class='ocrx_word' id='word_1_543' title='bbox 238 3676 335 3745; x_wconf 86' lang='lat' dir='ltr'>ipsi</span> <span class='ocrx_word' id='word_1_544' title='bbox 353 3677 809 3741; x_wconf 88' lang='lat' dir='ltr'>contemnebant,</span> <span class='ocrx_word' id='word_1_545' title='bbox 825 3676 922 3731; x_wconf 90' lang='lat' dir='ltr'>ubi</span> <span class='ocrx_word' id='word_1_546' title='bbox 943 3684 1207 3732; x_wconf 90' lang='lat' dir='ltr'>narratur</span> <span class='ocrx_word' id='word_1_547' title='bbox 1221 3680 1464 3750; x_wconf 88' lang='lat' dir='ltr'>qualiter</span> <span class='ocrx_word' id='word_1_548' title='bbox 1477 3681 1661 3736; x_wconf 88' lang='lat' dir='ltr'>Domi-</span> 
     </span>
    </p>
   </div>
   <div class='ocr_carea' id='block_1_66' title="bbox 108 3765 1657 3837">
    <p class='ocr_par' dir='ltr' id='par_1_66' title="bbox 108 3765 1657 3837">
     <span class='ocr_line' id='line_1_66' title="bbox 108 3765 1657 3837; baseline 0.007 -25"><span class='ocrx_word' id='word_1_549' title='bbox 108 3775 211 3814; x_wconf 88' lang='lat' dir='ltr'>num</span> <span class='ocrx_word' id='word_1_550' title='bbox 252 3766 408 3819; x_wconf 88' lang='lat' dir='ltr'>morti</span> <span class='ocrx_word' id='word_1_551' title='bbox 454 3765 813 3820; x_wconf 86' lang='lat' dir='ltr'>tradiderint.</span> <span class='ocrx_word' id='word_1_552' title='bbox 863 3768 1006 3836; x_wconf 83' lang='lat' dir='ltr'>Ergo</span> <span class='ocrx_word' id='word_1_553' title='bbox 1041 3774 1311 3837; x_wconf 91' lang='lat' dir='ltr'>quantum</span> <span class='ocrx_word' id='word_1_554' title='bbox 1352 3769 1555 3822; x_wconf 90' lang='lat' dir='ltr'>attinet</span> <span class='ocrx_word' id='word_1_555' title='bbox 1585 3769 1657 3823; x_wconf 90' lang='lat' dir='ltr'>ad</span> 
     </span>
    </p>
   </div>
   <div class='ocr_carea' id='block_1_67' title="bbox 109 3850 1659 3926">
    <p class='ocr_par' dir='ltr' id='par_1_67' title="bbox 109 3850 1659 3926">
     <span class='ocr_line' id='line_1_67' title="bbox 109 3850 1659 3926; baseline 0.005 -23"><span class='ocrx_word' id='word_1_556' title='bbox 109 3850 437 3922; x_wconf 81' lang='lat' dir='ltr'>Evangelium,</span> <span class='ocrx_word' id='word_1_557' title='bbox 466 3855 621 3925; x_wconf 89' lang='lat' dir='ltr'>quod</span> <span class='ocrx_word' id='word_1_558' title='bbox 646 3855 823 3909; x_wconf 64' lang='lat' dir='ltr'>Judaei</span> <span class='ocrx_word' id='word_1_559' title='bbox 843 3870 953 3909; x_wconf 88' lang='lat' dir='ltr'>non</span> <span class='ocrx_word' id='word_1_560' title='bbox 976 3856 1273 3926; x_wconf 90' lang='lat' dir='ltr'>recipiunt,</span> <span class='ocrx_word' id='word_1_561' title='bbox 1292 3856 1504 3911; x_wconf 89' lang='lat' dir='ltr'>inimici</span> <span class='ocrx_word' id='word_1_562' title='bbox 1524 3864 1659 3912; x_wconf 90' lang='lat' dir='ltr'>sunt</span> 
     </span>
    </p>
   </div>
   <div class='ocr_carea' id='block_1_68' title="bbox 109 3936 1656 4014">
    <p class='ocr_par' dir='ltr' id='par_1_68' title="bbox 109 3936 1656 4014">
     <span class='ocr_line' id='line_1_68' title="bbox 109 3936 1656 4014; baseline 0.006 -24"><span class='ocrx_word' id='word_1_563' title='bbox 109 3936 273 3996; x_wconf 88' lang='lat' dir='ltr'>Christi</span> <span class='ocrx_word' id='word_1_564' title='bbox 299 3949 351 3996; x_wconf 88' lang='lat' dir='ltr'>et</span> <span class='ocrx_word' id='word_1_565' title='bbox 379 3944 636 4014; x_wconf 84' lang='lat' dir='ltr'>ejusdem</span> <span class='ocrx_word' id='word_1_566' title='bbox 666 3944 976 4014; x_wconf 87' lang='lat' dir='ltr'>Evangelii.</span> <span class='ocrx_word' id='word_1_567' title='bbox 1002 3945 1159 3998; x_wconf 88' lang='lat' dir='ltr'>Hanc</span> <span class='ocrx_word' id='word_1_568' title='bbox 1192 3945 1540 4000; x_wconf 88' lang='lat' dir='ltr'>inimicitiam</span> <span class='ocrx_word' id='word_1_569' title='bbox 1572 3946 1656 3999; x_wconf 82' lang='lat' dir='ltr'>id-</span> 
     </span>
    </p>
   </div>
   <div class='ocr_carea' id='block_1_69' title="bbox 107 4026 1652 4107">
    <p class='ocr_par' dir='ltr' id='par_1_69' title="bbox 107 4026 1652 4107">
     <span class='ocr_line' id='line_1_69' title="bbox 107 4026 1652 4107; baseline 0.006 -29"><span class='ocrx_word' id='word_1_570' title='bbox 107 4026 216 4082; x_wconf 85' lang='lat' dir='ltr'>circo</span> <span class='ocrx_word' id='word_1_571' title='bbox 240 4031 409 4088; x_wconf 64' lang='lat' dir='ltr'>Judaei</span> <span class='ocrx_word' id='word_1_572' title='bbox 430 4034 814 4107; x_wconf 75' lang='lat' dir='ltr'>incurrerunt,</span> <span class='ocrx_word' id='word_1_573' title='bbox 840 4038 900 4087; x_wconf 90' lang='lat' dir='ltr'>ut</span> <span class='ocrx_word' id='word_1_574' title='bbox 918 4041 1117 4103; x_wconf 90' lang='lat' dir='ltr'>gentes</span> <span class='ocrx_word' id='word_1_575' title='bbox 1137 4034 1365 4088; x_wconf 83' lang='lat' dir='ltr'>credere</span> <span class='ocrx_word' id='word_1_576' title='bbox 1389 4041 1616 4105; x_wconf 88' lang='lat' dir='ltr'>possent</span> <span class='ocrx_word' id='word_1_577' title='bbox 1639 4053 1652 4101; x_wconf 91' lang='lat'><strong>;</strong></span> 
     </span>
    </p>
   </div>
   <div class='ocr_carea' id='block_1_70' title="bbox 109 4113 1657 4191">
    <p class='ocr_par' dir='ltr' id='par_1_70' title="bbox 109 4113 1657 4191">
     <span class='ocr_line' id='line_1_70' title="bbox 109 4113 1657 4191; baseline 0.007 -26"><span class='ocrx_word' id='word_1_578' title='bbox 109 4113 255 4169; x_wconf 85' lang='lat' dir='ltr'>ethoc</span> <span class='ocrx_word' id='word_1_579' title='bbox 280 4124 359 4172; x_wconf 85' lang='lat' dir='ltr'>est</span> <span class='ocrx_word' id='word_1_580' title='bbox 378 4121 529 4190; x_wconf 91' lang='lat' dir='ltr'>quod</span> <span class='ocrx_word' id='word_1_581' title='bbox 557 4119 713 4174; x_wconf 91' lang='lat' dir='ltr'>dicit.</span> <span class='ocrx_word' id='word_1_582' title='bbox 738 4121 976 4190; x_wconf 88' lang='lat' dir='ltr'>Propter</span> <span class='ocrx_word' id='word_1_583' title='bbox 999 4138 1111 4185; x_wconf 88' lang='lat' dir='ltr'>vos,</span> <span class='ocrx_word' id='word_1_584' title='bbox 1141 4138 1173 4175; x_wconf 91' lang='grc' dir='ltr'>ο</span> <span class='ocrx_word' id='word_1_585' title='bbox 1192 4122 1452 4191; x_wconf 83' lang='lat' dir='ltr'>gentiles.</span> <span class='ocrx_word' id='word_1_586' title='bbox 1479 4128 1543 4175; x_wconf 90' lang='lat' dir='ltr'>ut</span> <span class='ocrx_word' id='word_1_587' title='bbox 1563 4139 1657 4176; x_wconf 89' lang='lat' dir='ltr'>vos</span> 
     </span>
    </p>
   </div>
   <div class='ocr_carea' id='block_1_71' title="bbox 106 4204 1656 4273">
    <p class='ocr_par' dir='ltr' id='par_1_71' title="bbox 106 4204 1656 4273">
     <span class='ocr_line' id='line_1_71' title="bbox 106 4204 1656 4273; baseline 0.005 -17"><span class='ocrx_word' id='word_1_588' title='bbox 106 4204 376 4273; x_wconf 79' lang='lat' dir='ltr'>crederetis,</span> <span class='ocrx_word' id='word_1_589' title='bbox 416 4208 635 4262; x_wconf 88' lang='lat' dir='ltr'>inimici</span> <span class='ocrx_word' id='word_1_590' title='bbox 678 4209 779 4262; x_wconf 89' lang='lat' dir='ltr'>Dei</span> <span class='ocrx_word' id='word_1_591' title='bbox 823 4208 954 4263; x_wconf 84' lang='lat' dir='ltr'>facti</span> <span class='ocrx_word' id='word_1_592' title='bbox 983 4215 1117 4263; x_wconf 90' lang='lat' dir='ltr'>sunt</span> <span class='ocrx_word' id='word_1_593' title='bbox 1143 4209 1320 4263; x_wconf 68' lang='lat' dir='ltr'>Judaei</span> <span class='ocrx_word' id='word_1_594' title='bbox 1350 4210 1656 4263; x_wconf 89' lang='lat' dir='ltr'>secundum</span> 
     </span>
    </p>
   </div>
   <div class='ocr_carea' id='block_1_72' title="bbox 1742 3322 3346 3386">
    <p class='ocr_par' dir='ltr' id='par_1_72' title="bbox 1742 3322 3346 3386">
     <span class='ocr_line' id='line_1_72' title="bbox 1742 3322 3346 3386; baseline 0.002 -11"><span class='ocrx_word' id='word_1_595' title='bbox 1742 3325 1976 3377; x_wconf 86' lang='lat' dir='ltr'>illorum</span> <span class='ocrx_word' id='word_1_596' title='bbox 2000 3322 2477 3386; x_wconf 84' lang='lat' dir='ltr'>incredulitatem;</span> <span class='ocrx_word' id='word_1_597' title='bbox 2506 3326 2586 3376; x_wconf 88' lang='lat' dir='ltr'>ita</span> <span class='ocrx_word' id='word_1_598' title='bbox 2607 3328 2653 3377; x_wconf 87' lang='lat' dir='ltr'>et</span> <span class='ocrx_word' id='word_1_599' title='bbox 2674 3326 2772 3377; x_wconf 88' lang='lat' dir='ltr'>isti</span> <span class='ocrx_word' id='word_1_600' title='bbox 2793 3339 2945 3377; x_wconf 90' lang='lat' dir='ltr'>nunc</span> <span class='ocrx_word' id='word_1_601' title='bbox 2971 3339 3084 3377; x_wconf 89' lang='lat' dir='ltr'>non</span> <span class='ocrx_word' id='word_1_602' title='bbox 3109 3326 3346 3378; x_wconf 86' lang='lat' dir='ltr'>credide-</span> 
     </span>
    </p>
   </div>
   <div class='ocr_carea' id='block_1_73' title="bbox 1741 3413 3350 3479">
    <p class='ocr_par' dir='ltr' id='par_1_73' title="bbox 1741 3413 3350 3479">
     <span class='ocr_line' id='line_1_73' title="bbox 1741 3413 3350 3479; baseline 0 -15"><span class='ocrx_word' id='word_1_603' title='bbox 1741 3416 1881 3465; x_wconf 84' lang='lat' dir='ltr'>runt</span> <span class='ocrx_word' id='word_1_604' title='bbox 1902 3414 1967 3465; x_wconf 89' lang='lat' dir='ltr'>in</span> <span class='ocrx_word' id='word_1_605' title='bbox 1986 3417 2223 3464; x_wconf 81' lang='lat' dir='ltr'>vestram</span> <span class='ocrx_word' id='word_1_606' title='bbox 2249 3413 2709 3471; x_wconf 79' lang='lat' dir='ltr'>misericordiam,</span> <span class='ocrx_word' id='word_1_607' title='bbox 2735 3416 2796 3464; x_wconf 91' lang='lat' dir='ltr'>ut</span> <span class='ocrx_word' id='word_1_608' title='bbox 2826 3417 2875 3464; x_wconf 88' lang='lat' dir='ltr'>et</span> <span class='ocrx_word' id='word_1_609' title='bbox 2905 3415 3014 3479; x_wconf 88' lang='lat' dir='ltr'>ipsi</span> <span class='ocrx_word' id='word_1_610' title='bbox 3036 3414 3350 3465; x_wconf 85' lang='lat' dir='ltr'>misericor-</span> 
     </span>
    </p>
   </div>
   <div class='ocr_carea' id='block_1_74' title="bbox 1739 3499 3345 3570">
    <p class='ocr_par' dir='ltr' id='par_1_74' title="bbox 1739 3499 3345 3570">
     <span class='ocr_line' id='line_1_74' title="bbox 1739 3499 3345 3570; baseline 0.001 -17"><span class='ocrx_word' id='word_1_611' title='bbox 1739 3503 1895 3554; x_wconf 88' lang='lat' dir='ltr'>diam</span> <span class='ocrx_word' id='word_1_612' title='bbox 1929 3505 2358 3568; x_wconf 86' lang='lat' dir='ltr'>consequantur.</span> <span class='ocrx_word' id='word_1_613' title='bbox 2390 3499 2829 3553; x_wconf 83' lang='lat' dir='ltr'>Misericordiam</span> <span class='ocrx_word' id='word_1_614' title='bbox 2863 3500 3109 3570; x_wconf 81' lang='lat' dir='ltr'>appellat</span> <span class='ocrx_word' id='word_1_615' title='bbox 3144 3500 3253 3554; x_wconf 85' lang='lat' dir='ltr'>ista</span> <span class='ocrx_word' id='word_1_616' title='bbox 3282 3500 3345 3554; x_wconf 91' lang='lat' dir='ltr'>in</span> 
     </span>
    </p>
   </div>
   <div class='ocr_carea' id='block_1_75' title="bbox 1740 3587 3343 3659">
    <p class='ocr_par' dir='ltr' id='par_1_75' title="bbox 1740 3587 3343 3659">
     <span class='ocr_line' id='line_1_75' title="bbox 1740 3587 3343 3659; baseline -0.001 -18"><span class='ocrx_word' id='word_1_617' title='bbox 1740 3589 1860 3643; x_wconf 93' lang='lat' dir='ltr'>loco</span> <span class='ocrx_word' id='word_1_618' title='bbox 1881 3589 2183 3659; x_wconf 87' lang='lat' dir='ltr'>Apostolus</span> <span class='ocrx_word' id='word_1_619' title='bbox 2198 3588 2385 3650; x_wconf 86' lang='lat' dir='ltr'>tidem,</span> <span class='ocrx_word' id='word_1_620' title='bbox 2404 3588 2649 3658; x_wconf 86' lang='lat' dir='ltr'>gratiam</span> <span class='ocrx_word' id='word_1_621' title='bbox 2676 3587 3048 3658; x_wconf 89' lang='lat' dir='ltr'>baptismatis,</span> <span class='ocrx_word' id='word_1_622' title='bbox 3062 3587 3343 3641; x_wconf 89' lang='lat' dir='ltr'>remissio-</span> 
     </span>
    </p>
   </div>
   <div class='ocr_carea' id='block_1_76' title="bbox 1740 3675 3345 3747">
    <p class='ocr_par' dir='ltr' id='par_1_76' title="bbox 1740 3675 3345 3747">
     <span class='ocr_line' id='line_1_76' title="bbox 1740 3675 3345 3747; baseline -0.002 -16"><span class='ocrx_word' id='word_1_623' title='bbox 1740 3693 1869 3731; x_wconf 90' lang='lat' dir='ltr'>nem</span> <span class='ocrx_word' id='word_1_624' title='bbox 1896 3683 2271 3747; x_wconf 86' lang='lat' dir='ltr'>peccatorum,</span> <span class='ocrx_word' id='word_1_625' title='bbox 2299 3684 2356 3729; x_wconf 88' lang='lat' dir='ltr'>et</span> <span class='ocrx_word' id='word_1_626' title='bbox 2382 3676 2591 3730; x_wconf 88' lang='lat' dir='ltr'>donum</span> <span class='ocrx_word' id='word_1_627' title='bbox 2617 3676 2860 3746; x_wconf 91' lang='lat' dir='ltr'>Spiritus</span> <span class='ocrx_word' id='word_1_628' title='bbox 2886 3676 3083 3739; x_wconf 90' lang='lat' dir='ltr'>sancti,</span> <span class='ocrx_word' id='word_1_629' title='bbox 3109 3675 3345 3744; x_wconf 89' lang='lat' dir='ltr'>pariter-</span> 
     </span>
    </p>
   </div>
   <div class='ocr_carea' id='block_1_77' title="bbox 1742 3763 3341 3836">
    <p class='ocr_par' dir='ltr' id='par_1_77' title="bbox 1742 3763 3341 3836">
     <span class='ocr_line' id='line_1_77' title="bbox 1742 3763 3341 3836; baseline -0.001 -17"><span class='ocrx_word' id='word_1_630' title='bbox 1742 3782 1850 3836; x_wconf 88' lang='lat' dir='ltr'>que</span> <span class='ocrx_word' id='word_1_631' title='bbox 1877 3764 2405 3829; x_wconf 88' lang='lat' dir='ltr'>reconciliationem,</span> <span class='ocrx_word' id='word_1_632' title='bbox 2433 3780 2544 3834; x_wconf 92' lang='lat' dir='ltr'>qua</span> <span class='ocrx_word' id='word_1_633' title='bbox 2572 3764 2917 3817; x_wconf 90' lang='lat' dir='ltr'>reconciliati</span> <span class='ocrx_word' id='word_1_634' title='bbox 2946 3768 3079 3817; x_wconf 87' lang='lat' dir='ltr'>sunt</span> <span class='ocrx_word' id='word_1_635' title='bbox 3099 3763 3341 3834; x_wconf 90' lang='lat' dir='ltr'>gentiles</span> 
     </span>
    </p>
   </div>
   <div class='ocr_carea' id='block_1_78' title="bbox 1739 3852 3342 3923">
    <p class='ocr_par' dir='ltr' id='par_1_78' title="bbox 1739 3852 3342 3923">
     <span class='ocr_line' id='line_1_78' title="bbox 1739 3852 3342 3923; baseline -0.001 -15"><span class='ocrx_word' id='word_1_636' title='bbox 1739 3854 1890 3908; x_wconf 91' lang='lat' dir='ltr'>Deo:</span> <span class='ocrx_word' id='word_1_637' title='bbox 1920 3859 1977 3907; x_wconf 90' lang='lat' dir='ltr'>et</span> <span class='ocrx_word' id='word_1_638' title='bbox 2005 3853 2236 3922; x_wconf 88' lang='lat' dir='ltr'>insuper</span> <span class='ocrx_word' id='word_1_639' title='bbox 2261 3852 2533 3922; x_wconf 89' lang='lat' dir='ltr'>quidquid</span> <span class='ocrx_word' id='word_1_640' title='bbox 2564 3852 2696 3906; x_wconf 90' lang='lat' dir='ltr'>boni</span> <span class='ocrx_word' id='word_1_641' title='bbox 2726 3861 2855 3923; x_wconf 88' lang='lat' dir='ltr'>post</span> <span class='ocrx_word' id='word_1_642' title='bbox 2881 3852 3103 3907; x_wconf 89' lang='lat' dir='ltr'>Domini</span> <span class='ocrx_word' id='word_1_643' title='bbox 3132 3852 3342 3906; x_wconf 88' lang='lat' dir='ltr'>adven-</span> 
     </span>
    </p>
   </div>
   <div class='ocr_carea' id='block_1_79' title="bbox 1737 3940 3342 4012">
    <p class='ocr_par' dir='ltr' id='par_1_79' title="bbox 1737 3940 3342 4012">
     <span class='ocr_line' id='line_1_79' title="bbox 1737 3940 3342 4012; baseline -0.002 -16"><span class='ocrx_word' id='word_1_644' title='bbox 1737 3949 1863 3996; x_wconf 85' lang='lat' dir='ltr'>tum</span> <span class='ocrx_word' id='word_1_645' title='bbox 1917 3942 2097 4012; x_wconf 88' lang='lat' dir='ltr'>gratis</span> <span class='ocrx_word' id='word_1_646' title='bbox 2144 3957 2179 3994; x_wconf 90' lang='lat' dir='ltr'>a</span> <span class='ocrx_word' id='word_1_647' title='bbox 2232 3941 2347 3993; x_wconf 91' lang='lat' dir='ltr'>Deo</span> <span class='ocrx_word' id='word_1_648' title='bbox 2404 3946 2794 4011; x_wconf 85' lang='lat' dir='ltr'>perceperunt,</span> <span class='ocrx_word' id='word_1_649' title='bbox 2855 3940 3155 3994; x_wconf 85' lang='lat' dir='ltr'>ostendens</span> <span class='ocrx_word' id='word_1_650' title='bbox 3209 3940 3342 4010; x_wconf 79' lang='lat' dir='ltr'>quia</span> 
     </span>
    </p>
   </div>
   <div class='ocr_carea' id='block_1_80' title="bbox 1738 4027 3340 4100">
    <p class='ocr_par' dir='ltr' id='par_1_80' title="bbox 1738 4027 3340 4100">
     <span class='ocr_line' id='line_1_80' title="bbox 1738 4027 3340 4100; baseline -0.001 -17"><span class='ocrx_word' id='word_1_651' title='bbox 1738 4031 1883 4084; x_wconf 89' lang='lat' dir='ltr'>sicut</span> <span class='ocrx_word' id='word_1_652' title='bbox 1918 4029 2158 4100; x_wconf 89' lang='lat' dir='ltr'>gentiles</span> <span class='ocrx_word' id='word_1_653' title='bbox 2183 4028 2242 4081; x_wconf 91' lang='lat' dir='ltr'>in</span> <span class='ocrx_word' id='word_1_654' title='bbox 2272 4029 2454 4098; x_wconf 90' lang='lat' dir='ltr'>primo</span> <span class='ocrx_word' id='word_1_655' title='bbox 2496 4029 2718 4082; x_wconf 91' lang='lat' dir='ltr'>Domini</span> <span class='ocrx_word' id='word_1_656' title='bbox 2748 4029 2990 4082; x_wconf 90' lang='lat' dir='ltr'>adventu</span> <span class='ocrx_word' id='word_1_657' title='bbox 3020 4027 3340 4081; x_wconf 90' lang='lat' dir='ltr'>misericor-</span> 
     </span>
    </p>
   </div>
   <div class='ocr_carea' id='block_1_81' title="bbox 1738 4116 3336 4186">
    <p class='ocr_par' dir='ltr' id='par_1_81' title="bbox 1738 4116 3336 4186">
     <span class='ocr_line' id='line_1_81' title="bbox 1738 4116 3336 4186; baseline -0.003 -13"><span class='ocrx_word' id='word_1_658' title='bbox 1738 4119 1891 4173; x_wconf 91' lang='lat' dir='ltr'>diam</span> <span class='ocrx_word' id='word_1_659' title='bbox 1919 4119 2020 4172; x_wconf 91' lang='lat' dir='ltr'>Dei</span> <span class='ocrx_word' id='word_1_660' title='bbox 2043 4122 2176 4172; x_wconf 92' lang='lat' dir='ltr'>sunt</span> <span class='ocrx_word' id='word_1_661' title='bbox 2201 4116 2507 4171; x_wconf 88' lang='lat' dir='ltr'>consecuti.</span> <span class='ocrx_word' id='word_1_662' title='bbox 2523 4117 2602 4170; x_wconf 91' lang='lat' dir='ltr'>ita</span> <span class='ocrx_word' id='word_1_663' title='bbox 2627 4122 2685 4170; x_wconf 92' lang='lat' dir='ltr'>et</span> <span class='ocrx_word' id='word_1_664' title='bbox 2702 4116 2880 4171; x_wconf 74' lang='lat' dir='ltr'>Judaei</span> <span class='ocrx_word' id='word_1_665' title='bbox 2901 4121 3336 4186; x_wconf 90' lang='lat' dir='ltr'>consequentur,</span> 
     </span>
    </p>
   </div>
   <div class='ocr_carea' id='block_1_82' title="bbox 1739 4204 3338 4279">
    <p class='ocr_par' dir='ltr' id='par_1_82' title="bbox 1739 4204 3338 4279">
     <span class='ocr_line' id='line_1_82' title="bbox 1739 4204 3338 4279; baseline -0.002 -19"><span class='ocrx_word' id='word_1_666' title='bbox 1739 4208 2224 4279; x_wconf 88' lang='lat' dir='ltr'>appropinquante</span> <span class='ocrx_word' id='word_1_667' title='bbox 2235 4207 2479 4262; x_wconf 89' lang='lat' dir='ltr'>secundo</span> <span class='ocrx_word' id='word_1_668' title='bbox 2495 4206 2759 4267; x_wconf 89' lang='lat' dir='ltr'>adventu,</span> <span class='ocrx_word' id='word_1_669' title='bbox 2774 4222 2875 4276; x_wconf 90' lang='lat' dir='ltr'>per</span> <span class='ocrx_word' id='word_1_670' title='bbox 2886 4204 3338 4276; x_wconf 63' lang='lat' dir='ltr'>praedicationem</span> 
     </span>
    </p>
   </div>
   <div class='ocr_carea' id='block_1_83' title="bbox 107 4288 3341 4370">
    <p class='ocr_par' dir='ltr' id='par_1_83' title="bbox 107 4288 3341 4370">
     <span class='ocr_line' id='line_1_83' title="bbox 107 4288 3341 4370; baseline 0 -24"><span class='ocrx_word' id='word_1_671' title='bbox 107 4288 437 4364; x_wconf 78' lang='lat' dir='ltr'>Evangelium,</span> <span class='ocrx_word' id='word_1_672' title='bbox 467 4299 526 4352; x_wconf 90' lang='lat' dir='ltr'>id</span> <span class='ocrx_word' id='word_1_673' title='bbox 555 4306 642 4352; x_wconf 84' lang='lat' dir='ltr'>est</span> <span class='ocrx_word' id='word_1_674' title='bbox 668 4299 976 4352; x_wconf 85' lang='lat' dir='ltr'>secundum</span> <span class='ocrx_word' id='word_1_675' title='bbox 1007 4299 1153 4369; x_wconf 91' lang='lat' dir='ltr'>quod</span> <span class='ocrx_word' id='word_1_676' title='bbox 1184 4299 1542 4370; x_wconf 87' lang='lat' dir='ltr'>Evangelium</span> <span class='ocrx_word' id='word_1_677' title='bbox 1571 4301 1650 4367; x_wconf 89' lang='lat' dir='ltr'>lo-</span> <span class='ocrx_word' id='word_1_678' title='bbox 1670 4297 1719 4355; x_wconf 92' lang='lat' dir='ltr'>D</span> <span class='ocrx_word' id='word_1_679' title='bbox 1738 4297 1870 4351; x_wconf 77' lang='lat' dir='ltr'>Eliae</span> <span class='ocrx_word' id='word_1_680' title='bbox 1897 4303 1955 4351; x_wconf 90' lang='lat' dir='ltr'>et</span> <span class='ocrx_word' id='word_1_681' title='bbox 1983 4298 2171 4351; x_wconf 90' lang='lat' dir='ltr'>Enoch</span> <span class='ocrx_word' id='word_1_682' title='bbox 2203 4316 2215 4350; x_wconf 89' lang='lat'><strong>:</strong></span> <span class='ocrx_word' id='word_1_683' title='bbox 2242 4298 2403 4366; x_wconf 83' lang='lat' dir='ltr'>juxta</span> <span class='ocrx_word' id='word_1_684' title='bbox 2432 4294 2581 4366; x_wconf 90' lang='lat' dir='ltr'>quod</span> <span class='ocrx_word' id='word_1_685' title='bbox 2610 4294 2760 4347; x_wconf 91' lang='lat' dir='ltr'>idem</span> <span class='ocrx_word' id='word_1_686' title='bbox 2790 4293 3049 4363; x_wconf 87' lang='lat' dir='ltr'>egregius</span> <span class='ocrx_word' id='word_1_687' title='bbox 3077 4293 3341 4364; x_wconf 67' lang='lat' dir='ltr'>praedica-</span> 
     </span>
    </p>
   </div>
   <div class='ocr_carea' id='block_1_84' title="bbox 110 4381 1656 4458">
    <p class='ocr_par' dir='ltr' id='par_1_84' title="bbox 110 4381 1656 4458">
     <span class='ocr_line' id='line_1_84' title="bbox 110 4381 1656 4458; baseline 0.007 -27"><span class='ocrx_word' id='word_1_688' title='bbox 110 4381 277 4447; x_wconf 87' lang='lat' dir='ltr'>quitur.</span> <span class='ocrx_word' id='word_1_689' title='bbox 320 4387 610 4457; x_wconf 89' lang='lat' dir='ltr'>Siquidem</span> <span class='ocrx_word' id='word_1_690' title='bbox 667 4387 725 4440; x_wconf 93' lang='lat' dir='ltr'>in</span> <span class='ocrx_word' id='word_1_691' title='bbox 774 4386 1070 4457; x_wconf 81' lang='lat' dir='ltr'>Evangelia</span> <span class='ocrx_word' id='word_1_692' title='bbox 1124 4388 1367 4441; x_wconf 87' lang='lat' dir='ltr'>refertur</span> <span class='ocrx_word' id='word_1_693' title='bbox 1410 4388 1656 4458; x_wconf 73' lang='lat' dir='ltr'>qualiter</span> 
     </span>
    </p>
   </div>
   <div class='ocr_carea' id='block_1_85' title="bbox 109 4464 1653 4547">
    <p class='ocr_par' dir='ltr' id='par_1_85' title="bbox 109 4464 1653 4547">
     <span class='ocr_line' id='line_1_85' title="bbox 109 4464 1653 4547; baseline 0.006 -27"><span class='ocrx_word' id='word_1_694' title='bbox 109 4464 229 4538; x_wconf 87' lang='lat' dir='ltr'>impii</span> <span class='ocrx_word' id='word_1_695' title='bbox 241 4472 404 4528; x_wconf 60' lang='lat' dir='ltr'>Judai</span> <span class='ocrx_word' id='word_1_696' title='bbox 424 4481 769 4546; x_wconf 88' lang='lat' dir='ltr'>peregerunt</span> <span class='ocrx_word' id='word_1_697' title='bbox 786 4492 977 4529; x_wconf 88' lang='lat' dir='ltr'>necem</span> <span class='ocrx_word' id='word_1_698' title='bbox 1001 4476 1470 4547; x_wconf 87' lang='lat' dir='ltr'>Christi,propter</span> <span class='ocrx_word' id='word_1_699' title='bbox 1484 4493 1653 4547; x_wconf 87' lang='lat' dir='ltr'>quam</span> 
     </span>
    </p>
   </div>
   <div class='ocr_carea' id='block_1_86' title="bbox 108 4553 1653 4635">
    <p class='ocr_par' dir='ltr' id='par_1_86' title="bbox 108 4553 1653 4635">
     <span class='ocr_line' id='line_1_86' title="bbox 108 4553 1653 4635; baseline 0.006 -26"><span class='ocrx_word' id='word_1_700' title='bbox 108 4553 415 4617; x_wconf 83' lang='lat' dir='ltr'>incurrerunt</span> <span class='ocrx_word' id='word_1_701' title='bbox 451 4564 813 4618; x_wconf 90' lang='lat' dir='ltr'>inimicitiam</span> <span class='ocrx_word' id='word_1_702' title='bbox 859 4564 980 4631; x_wconf 90' lang='lat' dir='ltr'>Dei,</span> <span class='ocrx_word' id='word_1_703' title='bbox 1014 4565 1161 4635; x_wconf 92' lang='lat' dir='ltr'>quod</span> <span class='ocrx_word' id='word_1_704' title='bbox 1199 4564 1331 4634; x_wconf 90' lang='lat' dir='ltr'>quia</span> <span class='ocrx_word' id='word_1_705' title='bbox 1367 4565 1425 4618; x_wconf 90' lang='lat' dir='ltr'>in</span> <span class='ocrx_word' id='word_1_706' title='bbox 1454 4566 1653 4619; x_wconf 82' lang='lat' dir='ltr'>inﬁde-</span> 
     </span>
    </p>
   </div>
   <div class='ocr_carea' id='block_1_87' title="bbox 107 4642 1649 4721">
    <p class='ocr_par' dir='ltr' id='par_1_87' title="bbox 107 4642 1649 4721">
     <span class='ocr_line' id='line_1_87' title="bbox 107 4642 1649 4721; baseline 0.009 -27"><span class='ocrx_word' id='word_1_707' title='bbox 107 4642 231 4700; x_wconf 81' lang='lat' dir='ltr'>litate</span> <span class='ocrx_word' id='word_1_708' title='bbox 254 4659 697 4719; x_wconf 88' lang='lat' dir='ltr'>permanserunt.</span> <span class='ocrx_word' id='word_1_709' title='bbox 742 4653 1055 4708; x_wconf 87' lang='lat' dir='ltr'>Secundum</span> <span class='ocrx_word' id='word_1_710' title='bbox 1086 4658 1271 4707; x_wconf 88' lang='lat' dir='ltr'>autem</span> <span class='ocrx_word' id='word_1_711' title='bbox 1317 4657 1649 4721; x_wconf 87' lang='lat' dir='ltr'>electionem,</span> 
     </span>
    </p>
   </div>
   <div class='ocr_carea' id='block_1_88' title="bbox 107 4732 1653 4812">
    <p class='ocr_par' dir='ltr' id='par_1_88' title="bbox 107 4732 1653 4812">
     <span class='ocr_line' id='line_1_88' title="bbox 107 4732 1653 4812; baseline 0.006 -24"><span class='ocrx_word' id='word_1_712' title='bbox 107 4732 376 4793; x_wconf 76' lang='lat' dir='ltr'>Charissimi</span> <span class='ocrx_word' id='word_1_713' title='bbox 394 4745 623 4809; x_wconf 81' lang='lat' dir='ltr'>propter</span> <span class='ocrx_word' id='word_1_714' title='bbox 644 4746 846 4809; x_wconf 87' lang='lat' dir='ltr'>patres.</span> <span class='ocrx_word' id='word_1_715' title='bbox 874 4742 1000 4796; x_wconf 90' lang='lat' dir='ltr'>Non</span> <span class='ocrx_word' id='word_1_716' title='bbox 1020 4741 1100 4796; x_wconf 90' lang='lat' dir='ltr'>sic</span> <span class='ocrx_word' id='word_1_717' title='bbox 1118 4742 1548 4812; x_wconf 87' lang='lat' dir='ltr'>intelligendum</span> <span class='ocrx_word' id='word_1_718' title='bbox 1568 4756 1653 4798; x_wconf 87' lang='lat' dir='ltr'>est</span> 
     </span>
    </p>
   </div>
   <div class='ocr_carea' id='block_1_89' title="bbox 108 4825 1648 4902">
    <p class='ocr_par' dir='ltr' id='par_1_89' title="bbox 108 4825 1648 4902">
     <span class='ocr_line' id='line_1_89' title="bbox 108 4825 1648 4902; baseline 0.009 -30"><span class='ocrx_word' id='word_1_719' title='bbox 108 4825 236 4892; x_wconf 83' lang='lat' dir='ltr'>etqui</span> <span class='ocrx_word' id='word_1_720' title='bbox 248 4829 595 4897; x_wconf 84' lang='lat' dir='ltr'>appellantur</span> <span class='ocrx_word' id='word_1_721' title='bbox 609 4829 818 4883; x_wconf 90' lang='lat' dir='ltr'>inimici</span> <span class='ocrx_word' id='word_1_722' title='bbox 837 4830 955 4895; x_wconf 89' lang='lat' dir='ltr'>Dei,</span> <span class='ocrx_word' id='word_1_723' title='bbox 973 4831 1080 4902; x_wconf 92' lang='lat' dir='ltr'>ipsi</span> <span class='ocrx_word' id='word_1_724' title='bbox 1094 4831 1210 4885; x_wconf 90' lang='lat' dir='ltr'>sint</span> <span class='ocrx_word' id='word_1_725' title='bbox 1230 4837 1288 4885; x_wconf 90' lang='lat' dir='ltr'>et</span> <span class='ocrx_word' id='word_1_726' title='bbox 1311 4832 1648 4899; x_wconf 88' lang='lat' dir='ltr'>charissimi,</span> 
     </span>
    </p>
   </div>
   <div class='ocr_carea' id='block_1_90' title="bbox 108 4917 1654 4991">
    <p class='ocr_par' dir='ltr' id='par_1_90' title="bbox 108 4917 1654 4991">
     <span class='ocr_line' id='line_1_90' title="bbox 108 4917 1654 4991; baseline 0.006 -24"><span class='ocrx_word' id='word_1_727' title='bbox 108 4917 364 4976; x_wconf 70' lang='lat' dir='ltr'>pmsertim</span> <span class='ocrx_word' id='word_1_728' title='bbox 395 4935 524 4973; x_wconf 88' lang='lat' dir='ltr'>cum</span> <span class='ocrx_word' id='word_1_729' title='bbox 556 4919 731 4973; x_wconf 76' lang='lat' dir='ltr'>Judaei</span> <span class='ocrx_word' id='word_1_730' title='bbox 760 4936 873 4973; x_wconf 90' lang='lat' dir='ltr'>una</span> <span class='ocrx_word' id='word_1_731' title='bbox 898 4922 1037 4990; x_wconf 89' lang='lat' dir='ltr'>gens</span> <span class='ocrx_word' id='word_1_732' title='bbox 1066 4921 1198 4986; x_wconf 91' lang='lat' dir='ltr'>sint,</span> <span class='ocrx_word' id='word_1_733' title='bbox 1232 4937 1355 4991; x_wconf 67' lang='lat' dir='ltr'>quae</span> <span class='ocrx_word' id='word_1_734' title='bbox 1386 4921 1654 4976; x_wconf 87' lang='lat' dir='ltr'>dividitur</span> 
     </span>
    </p>
   </div>
   <div class='ocr_carea' id='block_1_91' title="bbox 108 4996 1654 5079">
    <p class='ocr_par' dir='ltr' id='par_1_91' title="bbox 108 4996 1654 5079">
     <span class='ocr_line' id='line_1_91' title="bbox 108 4996 1654 5079; baseline 0.01 -29"><span class='ocrx_word' id='word_1_735' title='bbox 108 4996 151 5050; x_wconf 88' lang='lat' dir='ltr'>in</span> <span class='ocrx_word' id='word_1_736' title='bbox 171 5004 434 5061; x_wconf 84' lang='lat' dir='ltr'>credentes</span> <span class='ocrx_word' id='word_1_737' title='bbox 465 5014 526 5061; x_wconf 87' lang='lat' dir='ltr'>et</span> <span class='ocrx_word' id='word_1_738' title='bbox 554 5023 662 5062; x_wconf 92' lang='lat' dir='ltr'>non</span> <span class='ocrx_word' id='word_1_739' title='bbox 689 5008 1000 5063; x_wconf 83' lang='lat' dir='ltr'>credentes.</span> <span class='ocrx_word' id='word_1_740' title='bbox 1020 5010 1199 5079; x_wconf 85' lang='lat' dir='ltr'>Igitur</span> <span class='ocrx_word' id='word_1_741' title='bbox 1221 5009 1398 5064; x_wconf 71' lang='lat' dir='ltr'>Judaei</span> <span class='ocrx_word' id='word_1_742' title='bbox 1421 5010 1591 5064; x_wconf 89' lang='lat' dir='ltr'>alieni</span> <span class='ocrx_word' id='word_1_743' title='bbox 1621 5028 1654 5065; x_wconf 87' lang='lat' dir='ltr'>a</span> 
     </span>
    </p>
   </div>
   <div class='ocr_carea' id='block_1_92' title="bbox 110 5085 1650 5165">
    <p class='ocr_par' dir='ltr' id='par_1_92' title="bbox 110 5085 1650 5165">
     <span class='ocr_line' id='line_1_92' title="bbox 110 5085 1650 5165; baseline 0.006 -22"><span class='ocrx_word' id='word_1_744' title='bbox 110 5085 190 5142; x_wconf 78' lang='lat' dir='ltr'>ﬁde</span> <span class='ocrx_word' id='word_1_745' title='bbox 214 5091 400 5148; x_wconf 87' lang='lat' dir='ltr'>Christi</span> <span class='ocrx_word' id='word_1_746' title='bbox 440 5096 655 5149; x_wconf 90' lang='lat' dir='ltr'>inimici</span> <span class='ocrx_word' id='word_1_747' title='bbox 696 5103 829 5150; x_wconf 90' lang='lat' dir='ltr'>sunt</span> <span class='ocrx_word' id='word_1_748' title='bbox 866 5097 967 5151; x_wconf 90' lang='lat' dir='ltr'>Dei</span> <span class='ocrx_word' id='word_1_749' title='bbox 1002 5117 1013 5151; x_wconf 90' lang='lat'><strong>:</strong></span> <span class='ocrx_word' id='word_1_750' title='bbox 1047 5098 1362 5152; x_wconf 87' lang='lat' dir='ltr'>charissimi</span> <span class='ocrx_word' id='word_1_751' title='bbox 1392 5115 1521 5152; x_wconf 88' lang='lat' dir='ltr'>vero</span> <span class='ocrx_word' id='word_1_752' title='bbox 1549 5099 1650 5165; x_wconf 88' lang='lat' dir='ltr'>illi,</span> 
     </span>
    </p>
   </div>
   <div class='ocr_carea' id='block_1_93' title="bbox 111 5177 1655 5255">
    <p class='ocr_par' dir='ltr' id='par_1_93' title="bbox 111 5177 1655 5255">
     <span class='ocr_line' id='line_1_93' title="bbox 111 5177 1655 5255; baseline 0.008 -26"><span class='ocrx_word' id='word_1_753' title='bbox 111 5177 182 5243; x_wconf 87' lang='lat' dir='ltr'>qui</span> <span class='ocrx_word' id='word_1_754' title='bbox 202 5196 287 5248; x_wconf 87' lang='lat' dir='ltr'>per</span> <span class='ocrx_word' id='word_1_755' title='bbox 303 5183 650 5246; x_wconf 88' lang='lat' dir='ltr'>electionem,</span> <span class='ocrx_word' id='word_1_756' title='bbox 674 5185 790 5238; x_wconf 90' lang='lat' dir='ltr'>sive</span> <span class='ocrx_word' id='word_1_757' title='bbox 808 5186 1355 5255; x_wconf 80' lang='lat' dir='ltr'>praedestinationem</span> <span class='ocrx_word' id='word_1_758' title='bbox 1377 5188 1497 5251; x_wconf 88' lang='lat' dir='ltr'>Dei,</span> <span class='ocrx_word' id='word_1_759' title='bbox 1523 5192 1655 5241; x_wconf 89' lang='lat' dir='ltr'>sunt</span> 
     </span>
    </p>
   </div>
   <div class='ocr_carea' id='block_1_94' title="bbox 108 5263 1655 5344">
    <p class='ocr_par' dir='ltr' id='par_1_94' title="bbox 108 5263 1655 5344">
     <span class='ocr_line' id='line_1_94' title="bbox 108 5263 1655 5344; baseline 0.006 -24"><span class='ocrx_word' id='word_1_760' title='bbox 108 5263 349 5331; x_wconf 75' lang='lat' dir='ltr'>iustiﬁcati</span> <span class='ocrx_word' id='word_1_761' title='bbox 380 5290 392 5325; x_wconf 86' lang='lat'><strong>:</strong></span> <span class='ocrx_word' id='word_1_762' title='bbox 426 5272 497 5325; x_wconf 91' lang='lat' dir='ltr'>de</span> <span class='ocrx_word' id='word_1_763' title='bbox 536 5288 647 5342; x_wconf 87' lang='lat' dir='ltr'>qua</span> <span class='ocrx_word' id='word_1_764' title='bbox 691 5273 898 5327; x_wconf 89' lang='lat' dir='ltr'>dicitur</span> <span class='ocrx_word' id='word_1_765' title='bbox 941 5293 955 5327; x_wconf 88' lang='lat'><strong>:</strong></span> <span class='ocrx_word' id='word_1_766' title='bbox 1000 5278 1108 5342; x_wconf 79' lang='lat' dir='ltr'>Qui</span> <span class='ocrx_word' id='word_1_767' title='bbox 1135 5279 1294 5344; x_wconf 84' lang='lat' dir='ltr'>elegit</span> <span class='ocrx_word' id='word_1_768' title='bbox 1325 5292 1420 5330; x_wconf 90' lang='lat' dir='ltr'>nos</span> <span class='ocrx_word' id='word_1_769' title='bbox 1450 5278 1514 5329; x_wconf 90' lang='lat' dir='ltr'>in</span> <span class='ocrx_word' id='word_1_770' title='bbox 1541 5279 1655 5344; x_wconf 91' lang='lat' dir='ltr'>ipso</span> 
     </span>
    </p>
   </div>
   <div class='ocr_carea' id='block_1_95' title="bbox 112 5359 1655 5425">
    <p class='ocr_par' dir='ltr' id='par_1_95' title="bbox 112 5359 1655 5425">
     <span class='ocr_line' id='line_1_95' title="bbox 112 5359 1655 5425; baseline 0.008 -20"><span class='ocrx_word' id='word_1_771' title='bbox 112 5359 210 5407; x_wconf 81' lang='lat' dir='ltr'>ante</span> <span class='ocrx_word' id='word_1_772' title='bbox 234 5361 418 5412; x_wconf 85' lang='lat' dir='ltr'>mundi</span> <span class='ocrx_word' id='word_1_773' title='bbox 437 5364 902 5425; x_wconf 81' lang='lat' dir='ltr'>constitutionem,</span> <span class='ocrx_word' id='word_1_774' title='bbox 932 5369 993 5416; x_wconf 89' lang='lat' dir='ltr'>ut</span> <span class='ocrx_word' id='word_1_775' title='bbox 1012 5380 1244 5417; x_wconf 86' lang='lat' dir='ltr'>essemus</span> <span class='ocrx_word' id='word_1_776' title='bbox 1264 5367 1444 5417; x_wconf 89' lang='lat' dir='ltr'>sancti</span> <span class='ocrx_word' id='word_1_777' title='bbox 1472 5369 1519 5417; x_wconf 90' lang='lat' dir='ltr'>et</span> <span class='ocrx_word' id='word_1_778' title='bbox 1552 5368 1655 5418; x_wconf 86' lang='lat' dir='ltr'>im-</span> 
     </span>
    </p>
   </div>
   <div class='ocr_carea' id='block_1_96' title="bbox 115 5448 1657 5523">
    <p class='ocr_par' dir='ltr' id='par_1_96' title="bbox 115 5448 1657 5523">
     <span class='ocr_line' id='line_1_96' title="bbox 115 5448 1657 5523; baseline 0.006 -26"><span class='ocrx_word' id='word_1_779' title='bbox 115 5448 337 5499; x_wconf 78' lang='lat' dir='ltr'>maculati</span> <span class='ocrx_word' id='word_1_780' title='bbox 391 5449 599 5516; x_wconf 84' lang='lat' dir='ltr'>(Ephes.</span> <span class='ocrx_word' id='word_1_781' title='bbox 638 5454 675 5518; x_wconf 77' lang='grc' dir='ltr'>ι)</span> <span class='ocrx_word' id='word_1_782' title='bbox 710 5469 721 5503; x_wconf 91' lang='lat'>:</span> <span class='ocrx_word' id='word_1_783' title='bbox 752 5451 847 5520; x_wconf 92' lang='lat' dir='ltr'>qui</span> <span class='ocrx_word' id='word_1_784' title='bbox 901 5459 1129 5523; x_wconf 85' lang='lat' dir='ltr'>prapter</span> <span class='ocrx_word' id='word_1_785' title='bbox 1188 5459 1394 5523; x_wconf 86' lang='lat' dir='ltr'>patres,</span> <span class='ocrx_word' id='word_1_786' title='bbox 1454 5453 1508 5507; x_wconf 90' lang='lat' dir='ltr'>id</span> <span class='ocrx_word' id='word_1_787' title='bbox 1570 5459 1657 5507; x_wconf 82' lang='lat' dir='ltr'>est</span> 
     </span>
    </p>
   </div>
   <div class='ocr_carea' id='block_1_97' title="bbox 114 5530 1656 5614">
    <p class='ocr_par' dir='ltr' id='par_1_97' title="bbox 114 5530 1656 5614">
     <span class='ocr_line' id='line_1_97' title="bbox 114 5530 1656 5614; baseline 0.005 -26"><span class='ocrx_word' id='word_1_788' title='bbox 114 5530 354 5590; x_wconf 80' lang='lat' dir='ltr'>Abraham</span> <span class='ocrx_word' id='word_1_789' title='bbox 373 5547 429 5593; x_wconf 85' lang='lat' dir='ltr'>et</span> <span class='ocrx_word' id='word_1_790' title='bbox 453 5544 704 5607; x_wconf 62' lang='lat' dir='ltr'>caeteros,</span> <span class='ocrx_word' id='word_1_791' title='bbox 729 5540 1043 5597; x_wconf 86' lang='lat' dir='ltr'>charissimi</span> <span class='ocrx_word' id='word_1_792' title='bbox 1078 5550 1494 5614; x_wconf 87' lang='lat' dir='ltr'>nuncupantur,</span> <span class='ocrx_word' id='word_1_793' title='bbox 1520 5558 1656 5614; x_wconf 91' lang='lat' dir='ltr'>quo-</span> 
     </span>
    </p>
   </div>
   <div class='ocr_carea' id='block_1_98' title="bbox 1737 4382 3343 4455">
    <p class='ocr_par' dir='ltr' id='par_1_98' title="bbox 1737 4382 3343 4455">
     <span class='ocr_line' id='line_1_98' title="bbox 1737 4382 3343 4455; baseline -0.003 -16"><span class='ocrx_word' id='word_1_794' title='bbox 1737 4395 1827 4439; x_wconf 86' lang='lat' dir='ltr'>tor</span> <span class='ocrx_word' id='word_1_795' title='bbox 1863 4386 2003 4439; x_wconf 90' lang='lat' dir='ltr'>alias</span> <span class='ocrx_word' id='word_1_796' title='bbox 2049 4385 2318 4455; x_wconf 89' lang='lat' dir='ltr'>loquitur,</span> <span class='ocrx_word' id='word_1_797' title='bbox 2350 4384 2541 4437; x_wconf 89' lang='lat' dir='ltr'>dicens</span> <span class='ocrx_word' id='word_1_798' title='bbox 2570 4401 2582 4436; x_wconf 86' lang='lat'><strong>:</strong></span> <span class='ocrx_word' id='word_1_799' title='bbox 2616 4382 2753 4437; x_wconf 78' lang='lat' dir='ltr'>Cum</span> <span class='ocrx_word' id='word_1_800' title='bbox 2778 4383 3066 4451; x_wconf 88' lang='lat' dir='ltr'>plenitudo</span> <span class='ocrx_word' id='word_1_801' title='bbox 3090 4385 3343 4449; x_wconf 89' lang='lat' dir='ltr'>gentium</span> 
     </span>
    </p>
   </div>
   <div class='ocr_carea' id='block_1_99' title="bbox 1737 4470 3338 4539">
    <p class='ocr_par' dir='ltr' id='par_1_99' title="bbox 1737 4470 3338 4539">
     <span class='ocr_line' id='line_1_99' title="bbox 1737 4470 3338 4539; baseline 0 -14"><span class='ocrx_word' id='word_1_802' title='bbox 1737 4476 2056 4537; x_wconf 81' lang='lat' dir='ltr'>intraverit,</span> <span class='ocrx_word' id='word_1_803' title='bbox 2091 4479 2223 4528; x_wconf 88' lang='lat' dir='ltr'>tunc</span> <span class='ocrx_word' id='word_1_804' title='bbox 2250 4476 2432 4527; x_wconf 89' lang='lat' dir='ltr'>omnis</span> <span class='ocrx_word' id='word_1_805' title='bbox 2464 4474 2635 4526; x_wconf 87' lang='lat' dir='ltr'>Israel</span> <span class='ocrx_word' id='word_1_806' title='bbox 2670 4474 2854 4525; x_wconf 86' lang='lat' dir='ltr'>salvus</span> <span class='ocrx_word' id='word_1_807' title='bbox 2885 4473 2990 4539; x_wconf 81' lang='lat' dir='ltr'>ﬁet.</span> <span class='ocrx_word' id='word_1_808' title='bbox 3038 4470 3191 4530; x_wconf 87' lang='lat' dir='ltr'>Sicut</span> <span class='ocrx_word' id='word_1_809' title='bbox 3221 4486 3338 4535; x_wconf 90' lang='lat' dir='ltr'>vos,</span> 
     </span>
    </p>
   </div>
   <div class='ocr_carea' id='block_1_100' title="bbox 1738 4559 3333 4634">
    <p class='ocr_par' dir='ltr' id='par_1_100' title="bbox 1738 4559 3333 4634">
     <span class='ocr_line' id='line_1_100' title="bbox 1738 4559 3333 4634; baseline -0.003 -17"><span class='ocrx_word' id='word_1_810' title='bbox 1738 4563 1941 4634; x_wconf 90' lang='lat' dir='ltr'>inquit,</span> <span class='ocrx_word' id='word_1_811' title='bbox 1967 4577 2062 4615; x_wconf 90' lang='lat' dir='ltr'>vos</span> <span class='ocrx_word' id='word_1_812' title='bbox 2090 4561 2348 4632; x_wconf 90' lang='lat' dir='ltr'>gentiles,</span> <span class='ocrx_word' id='word_1_813' title='bbox 2378 4560 2680 4630; x_wconf 90' lang='lat' dir='ltr'>aliquando</span> <span class='ocrx_word' id='word_1_814' title='bbox 2709 4575 2821 4613; x_wconf 92' lang='lat' dir='ltr'>non</span> <span class='ocrx_word' id='word_1_815' title='bbox 2853 4559 3168 4613; x_wconf 81' lang='lat' dir='ltr'>credidistis</span> <span class='ocrx_word' id='word_1_816' title='bbox 3198 4559 3333 4627; x_wconf 83' lang='lat' dir='ltr'>Deo,</span> 
     </span>
    </p>
   </div>
   <div class='ocr_carea' id='block_1_101' title="bbox 1736 4648 3337 4718">
    <p class='ocr_par' dir='ltr' id='par_1_101' title="bbox 1736 4648 3337 4718">
     <span class='ocr_line' id='line_1_101' title="bbox 1736 4648 3337 4718; baseline -0.005 -10"><span class='ocrx_word' id='word_1_817' title='bbox 1736 4669 1886 4708; x_wconf 89' lang='lat' dir='ltr'>nunc</span> <span class='ocrx_word' id='word_1_818' title='bbox 1913 4657 2103 4706; x_wconf 89' lang='lat' dir='ltr'>autem</span> <span class='ocrx_word' id='word_1_819' title='bbox 2132 4651 2192 4704; x_wconf 91' lang='lat' dir='ltr'>in</span> <span class='ocrx_word' id='word_1_820' title='bbox 2222 4650 2447 4704; x_wconf 91' lang='lat' dir='ltr'>Domini</span> <span class='ocrx_word' id='word_1_821' title='bbox 2494 4649 2796 4702; x_wconf 81' lang='lat' dir='ltr'>adventum</span> <span class='ocrx_word' id='word_1_822' title='bbox 2843 4664 2944 4718; x_wconf 89' lang='lat' dir='ltr'>per</span> <span class='ocrx_word' id='word_1_823' title='bbox 2984 4648 3337 4718; x_wconf 66' lang='lat' dir='ltr'>praedicatio-</span> 
     </span>
    </p>
   </div>
   <div class='ocr_carea' id='block_1_102' title="bbox 1735 4733 3333 4811">
    <p class='ocr_par' dir='ltr' id='par_1_102' title="bbox 1735 4733 3333 4811">
     <span class='ocr_line' id='line_1_102' title="bbox 1735 4733 3333 4811; baseline -0.006 -15"><span class='ocrx_word' id='word_1_824' title='bbox 1735 4758 1863 4796; x_wconf 91' lang='lat' dir='ltr'>nem</span> <span class='ocrx_word' id='word_1_825' title='bbox 1902 4740 2283 4811; x_wconf 89' lang='lat' dir='ltr'>apostolorum</span> <span class='ocrx_word' id='word_1_826' title='bbox 2315 4736 2755 4791; x_wconf 90' lang='lat' dir='ltr'>misericordiam</span> <span class='ocrx_word' id='word_1_827' title='bbox 2804 4734 3204 4805; x_wconf 89' lang='lat' dir='ltr'>omnipotentis</span> <span class='ocrx_word' id='word_1_828' title='bbox 3235 4733 3333 4789; x_wconf 90' lang='lat' dir='ltr'>Dei</span> 
     </span>
    </p>
   </div>
   <div class='ocr_carea' id='block_1_103' title="bbox 1735 4823 3332 4898">
    <p class='ocr_par' dir='ltr' id='par_1_103' title="bbox 1735 4823 3332 4898">
     <span class='ocr_line' id='line_1_103' title="bbox 1735 4823 3332 4898; baseline -0.004 -14"><span class='ocrx_word' id='word_1_829' title='bbox 1735 4829 2018 4886; x_wconf 82' lang='lat' dir='ltr'>consecuti</span> <span class='ocrx_word' id='word_1_830' title='bbox 2048 4829 2185 4883; x_wconf 86' lang='lat' dir='ltr'>estis</span> <span class='ocrx_word' id='word_1_831' title='bbox 2229 4832 2457 4898; x_wconf 90' lang='lat' dir='ltr'>prapter</span> <span class='ocrx_word' id='word_1_832' title='bbox 2493 4826 2812 4880; x_wconf 69' lang='lat' dir='ltr'>Judaeorum</span> <span class='ocrx_word' id='word_1_833' title='bbox 2857 4823 3332 4888; x_wconf 90' lang='lat' dir='ltr'>incredulitatem,</span> 
     </span>
    </p>
   </div>
   <div class='ocr_carea' id='block_1_104' title="bbox 1735 4911 3338 4990">
    <p class='ocr_par' dir='ltr' id='par_1_104' title="bbox 1735 4911 3338 4990">
     <span class='ocr_line' id='line_1_104' title="bbox 1735 4911 3338 4990; baseline -0.003 -18"><span class='ocrx_word' id='word_1_834' title='bbox 1735 4919 1794 4974; x_wconf 89' lang='lat' dir='ltr'>in</span> <span class='ocrx_word' id='word_1_835' title='bbox 1824 4935 2063 4990; x_wconf 91' lang='lat' dir='ltr'>quorum</span> <span class='ocrx_word' id='word_1_836' title='bbox 2104 4918 2224 4971; x_wconf 93' lang='lat' dir='ltr'>loco</span> <span class='ocrx_word' id='word_1_837' title='bbox 2270 4914 2546 4969; x_wconf 89' lang='lat' dir='ltr'>credendo</span> <span class='ocrx_word' id='word_1_838' title='bbox 2590 4911 2982 4975; x_wconf 85' lang='lat' dir='ltr'>subintrastis;</span> <span class='ocrx_word' id='word_1_839' title='bbox 3028 4911 3111 4966; x_wconf 86' lang='lat' dir='ltr'>ita</span> <span class='ocrx_word' id='word_1_840' title='bbox 3144 4921 3201 4966; x_wconf 88' lang='lat' dir='ltr'>et</span> <span class='ocrx_word' id='word_1_841' title='bbox 3229 4912 3338 4984; x_wconf 92' lang='lat' dir='ltr'>ipsi</span> 
     </span>
    </p>
   </div>
   <div class='ocr_carea' id='block_1_105' title="bbox 1736 4999 3336 5062">
    <p class='ocr_par' dir='ltr' id='par_1_105' title="bbox 1736 4999 3336 5062">
     <span class='ocr_line' id='line_1_105' title="bbox 1736 4999 3336 5062; baseline -0.013 0"><span class='ocrx_word' id='word_1_842' title='bbox 1736 5008 1914 5062; x_wconf 66' lang='lat' dir='ltr'>Judaei</span> <span class='ocrx_word' id='word_1_843' title='bbox 1944 5023 2095 5061; x_wconf 92' lang='lat' dir='ltr'>nunc</span> <span class='ocrx_word' id='word_1_844' title='bbox 2127 5020 2239 5059; x_wconf 91' lang='lat' dir='ltr'>non</span> <span class='ocrx_word' id='word_1_845' title='bbox 2268 5002 2628 5056; x_wconf 89' lang='lat' dir='ltr'>crediderunt</span> <span class='ocrx_word' id='word_1_846' title='bbox 2657 4999 2714 5053; x_wconf 92' lang='lat' dir='ltr'>in</span> <span class='ocrx_word' id='word_1_847' title='bbox 2740 5005 2982 5054; x_wconf 89' lang='lat' dir='ltr'>vestram</span> <span class='ocrx_word' id='word_1_848' title='bbox 3014 5000 3336 5057; x_wconf 86' lang='lat' dir='ltr'>misericor-</span> 
     </span>
    </p>
   </div>
   <div class='ocr_carea' id='block_1_106' title="bbox 1736 5080 3341 5165">
    <p class='ocr_par' dir='ltr' id='par_1_106' title="bbox 1736 5080 3341 5165">
     <span class='ocr_line' id='line_1_106' title="bbox 1736 5080 3341 5165; baseline -0.004 -14"><span class='ocrx_word' id='word_1_849' title='bbox 1736 5097 1912 5159; x_wconf 90' lang='lat' dir='ltr'>diam,</span> <span class='ocrx_word' id='word_1_850' title='bbox 1946 5112 2069 5165; x_wconf 69' lang='lat' dir='ltr'>quae</span> <span class='ocrx_word' id='word_1_851' title='bbox 2099 5093 2253 5147; x_wconf 90' lang='lat' dir='ltr'>vobis</span> <span class='ocrx_word' id='word_1_852' title='bbox 2279 5108 2311 5144; x_wconf 91' lang='lat' dir='ltr'>a</span> <span class='ocrx_word' id='word_1_853' title='bbox 2342 5080 2457 5144; x_wconf 87' lang='lat' dir='ltr'>Deo</span> <span class='ocrx_word' id='word_1_854' title='bbox 2488 5089 2621 5142; x_wconf 87' lang='lat' dir='ltr'>data</span> <span class='ocrx_word' id='word_1_855' title='bbox 2651 5095 2755 5154; x_wconf 91' lang='lat' dir='ltr'>est,</span> <span class='ocrx_word' id='word_1_856' title='bbox 2788 5089 2844 5142; x_wconf 90' lang='lat' dir='ltr'>id</span> <span class='ocrx_word' id='word_1_857' title='bbox 2875 5094 2961 5142; x_wconf 90' lang='lat' dir='ltr'>est</span> <span class='ocrx_word' id='word_1_858' title='bbox 2986 5089 3044 5142; x_wconf 92' lang='lat' dir='ltr'>in</span> <span class='ocrx_word' id='word_1_859' title='bbox 3064 5089 3173 5144; x_wconf 92' lang='lat' dir='ltr'>isto</span> <span class='ocrx_word' id='word_1_860' title='bbox 3201 5096 3341 5145; x_wconf 88' lang='lat' dir='ltr'>tem-</span> 
     </span>
    </p>
   </div>
   <div class='ocr_carea' id='block_1_107' title="bbox 1738 5177 3340 5257">
    <p class='ocr_par' dir='ltr' id='par_1_107' title="bbox 1738 5177 3340 5257">
     <span class='ocr_line' id='line_1_107' title="bbox 1738 5177 3340 5257; baseline -0.004 -17"><span class='ocrx_word' id='word_1_861' title='bbox 1738 5202 1873 5257; x_wconf 90' lang='lat' dir='ltr'>pore</span> <span class='ocrx_word' id='word_1_862' title='bbox 1903 5183 2126 5255; x_wconf 89' lang='lat' dir='ltr'>quando</span> <span class='ocrx_word' id='word_1_863' title='bbox 2154 5198 2249 5234; x_wconf 91' lang='lat' dir='ltr'>vos</span> <span class='ocrx_word' id='word_1_864' title='bbox 2278 5177 2720 5232; x_wconf 87' lang='lat' dir='ltr'>misericordiam</span> <span class='ocrx_word' id='word_1_865' title='bbox 2749 5178 3032 5233; x_wconf 90' lang='lat' dir='ltr'>consecuti</span> <span class='ocrx_word' id='word_1_866' title='bbox 3061 5179 3217 5245; x_wconf 89' lang='lat' dir='ltr'>estis,</span> <span class='ocrx_word' id='word_1_867' title='bbox 3253 5180 3340 5234; x_wconf 90' lang='lat' dir='ltr'>vel</span> 
     </span>
    </p>
   </div>
   <div class='ocr_carea' id='block_1_108' title="bbox 1738 5266 3339 5332">
    <p class='ocr_par' dir='ltr' id='par_1_108' title="bbox 1738 5266 3339 5332">
     <span class='ocr_line' id='line_1_108' title="bbox 1738 5266 3339 5332; baseline -0.004 -4"><span class='ocrx_word' id='word_1_868' title='bbox 1738 5275 1796 5329; x_wconf 93' lang='lat' dir='ltr'>in</span> <span class='ocrx_word' id='word_1_869' title='bbox 1828 5283 2010 5327; x_wconf 89' lang='lat' dir='ltr'>vestra</span> <span class='ocrx_word' id='word_1_870' title='bbox 2040 5268 2416 5325; x_wconf 87' lang='lat' dir='ltr'>misericordia</span> <span class='ocrx_word' id='word_1_871' title='bbox 2445 5266 2600 5332; x_wconf 90' lang='lat' dir='ltr'>dicit,</span> <span class='ocrx_word' id='word_1_872' title='bbox 2634 5268 2738 5321; x_wconf 92' lang='lat' dir='ltr'>hoc</span> <span class='ocrx_word' id='word_1_873' title='bbox 2762 5273 2867 5327; x_wconf 84' lang='lat' dir='ltr'>est,</span> <span class='ocrx_word' id='word_1_874' title='bbox 2896 5273 2961 5321; x_wconf 91' lang='lat' dir='ltr'>ut</span> <span class='ocrx_word' id='word_1_875' title='bbox 2992 5285 3085 5322; x_wconf 89' lang='lat' dir='ltr'>vos</span> <span class='ocrx_word' id='word_1_876' title='bbox 3118 5268 3339 5323; x_wconf 87' lang='lat' dir='ltr'>miseri-</span> 
     </span>
    </p>
   </div>
   <div class='ocr_carea' id='block_1_109' title="bbox 1736 5356 3333 5427">
    <p class='ocr_par' dir='ltr' id='par_1_109' title="bbox 1736 5356 3333 5427">
     <span class='ocr_line' id='line_1_109' title="bbox 1736 5356 3333 5427; baseline -0.004 -10"><span class='ocrx_word' id='word_1_877' title='bbox 1736 5362 1981 5417; x_wconf 84' lang='lat' dir='ltr'>cordiam</span> <span class='ocrx_word' id='word_1_878' title='bbox 2004 5359 2264 5427; x_wconf 88' lang='lat' dir='ltr'>consequi</span> <span class='ocrx_word' id='word_1_879' title='bbox 2289 5356 2629 5427; x_wconf 87' lang='lat' dir='ltr'>potuissetis.</span> <span class='ocrx_word' id='word_1_880' title='bbox 2650 5357 2826 5410; x_wconf 88' lang='lat' dir='ltr'>Casus</span> <span class='ocrx_word' id='word_1_881' title='bbox 2847 5357 3054 5411; x_wconf 90' lang='lat' dir='ltr'>etenim</span> <span class='ocrx_word' id='word_1_882' title='bbox 3086 5357 3333 5420; x_wconf 87' lang='lat' dir='ltr'>illorum,</span> 
     </span>
    </p>
   </div>
   <div class='ocr_carea' id='block_1_110' title="bbox 1737 5445 3335 5517">
    <p class='ocr_par' dir='ltr' id='par_1_110' title="bbox 1737 5445 3335 5517">
     <span class='ocr_line' id='line_1_110' title="bbox 1737 5445 3335 5517; baseline -0.004 -11"><span class='ocrx_word' id='word_1_883' title='bbox 1737 5453 1890 5506; x_wconf 87' lang='lat' dir='ltr'>salus</span> <span class='ocrx_word' id='word_1_884' title='bbox 1930 5450 2037 5502; x_wconf 85' lang='lat' dir='ltr'>fuit</span> <span class='ocrx_word' id='word_1_885' title='bbox 2075 5447 2350 5517; x_wconf 86' lang='lat' dir='ltr'>gentium.</span> <span class='ocrx_word' id='word_1_886' title='bbox 2391 5446 2616 5499; x_wconf 88' lang='lat' dir='ltr'>Poterat</span> <span class='ocrx_word' id='word_1_887' title='bbox 2650 5445 2855 5515; x_wconf 86' lang='lat' dir='ltr'>aliquis</span> <span class='ocrx_word' id='word_1_888' title='bbox 2884 5445 3068 5500; x_wconf 77' lang='lat' dir='ltr'>dicere</span> <span class='ocrx_word' id='word_1_889' title='bbox 3101 5464 3112 5498; x_wconf 74' lang='grc' dir='ltr'><strong>ε</strong></span> <span class='ocrx_word' id='word_1_890' title='bbox 3150 5446 3335 5509; x_wconf 87' lang='lat' dir='ltr'>Quare</span> 
     </span>
    </p>
   </div>
   <div class='ocr_carea' id='block_1_111' title="bbox 1739 5534 3336 5605">
    <p class='ocr_par' dir='ltr' id='par_1_111' title="bbox 1739 5534 3336 5605">
     <span class='ocr_line' id='line_1_111' title="bbox 1739 5534 3336 5605; baseline -0.004 -10"><span class='ocrx_word' id='word_1_891' title='bbox 1739 5558 1851 5595; x_wconf 87' lang='lat' dir='ltr'>non</span> <span class='ocrx_word' id='word_1_892' title='bbox 1882 5538 2240 5594; x_wconf 87' lang='lat' dir='ltr'>crediderunt</span> <span class='ocrx_word' id='word_1_893' title='bbox 2266 5536 2445 5592; x_wconf 77' lang='lat' dir='ltr'>Judaei</span> <span class='ocrx_word' id='word_1_894' title='bbox 2489 5535 2546 5588; x_wconf 89' lang='lat' dir='ltr'>in</span> <span class='ocrx_word' id='word_1_895' title='bbox 2588 5535 2769 5605; x_wconf 87' lang='lat' dir='ltr'>primo</span> <span class='ocrx_word' id='word_1_896' title='bbox 2799 5534 3021 5589; x_wconf 90' lang='lat' dir='ltr'>Domini</span> <span class='ocrx_word' id='word_1_897' title='bbox 3050 5534 3336 5589; x_wconf 80' lang='lat' dir='ltr'>adventu?</span> 
     </span>
    </p>
   </div>
  </div>
