3936 6164
553 269 660 331 467

1012 279 1389 339 HAYMONIS
1422 284 1912 346 HALB‘ERSTAT.
1944 291 2165 349 EPISC.
2207 292 2366 350 OPP.
2402 292 2585 350 PARS
2614 294 2660 351 Ι.
2695 288 2760 337 -ὶ
2791 291 3162 352 COMMENT.
3196 295 3370 356 BIBL.

3661 301 3755 362 468

556 400 640 455 Ad
660 400 779 457 hinc
799 403 1098 476 Apostolus
1119 426 1129 462 :
1150 408 1229 463 Ut
1245 416 1462 481 gentes,
1485 410 1688 494 inquit,
1707 416 2143 473 misericordiam
2166 420 2214 478 A
2235 420 2341 474 ﬁde
2355 422 2577 474 venitur
2588 420 2655 474 ad
2671 418 2818 474 bona
2832 437 3003 491 opera
3017 419 3251 491 agenda,
3266 437 3370 476 non
3387 419 3450 476 ab
3462 423 3686 494 operibus
3699 427 3755 481 ad

558 500 1053 564 consequerentur,
1088 504 1144 551 et
1172 498 1278 571 ipsi
1311 490 1663 571 postmodum
1710 505 1764 558 in
1804 506 1914 560 ﬁne
1962 509 2151 562 saeculi

559 590 994 652 consequantur,
1026 585 1070 638 si
1123 588 1269 641 enim
1318 589 1375 642 in
1434 591 1613 662 primo
1654 594 1872 648 Domini
1910 597 2152 650 adventu

559 669 944 737 credidissent,
989 691 1051 727 ex
1079 675 1219 745 legis
1244 668 1505 748 Operibus
1532 697 1591 733 se
1623 682 1959 750 justiﬁcatos
1989 692 2152 756 puta-

558 765 704 832 rent;
738 760 795 812 in
833 762 944 818 ﬁne
972 780 1100 818 vero
1130 768 1313 820 saeculi
1362 784 1486 821 cum
1533 771 1903 841 crediderent,
1938 775 2153 828 miseri-

560 855 809 911 cordiam
838 861 1163 909 consecutos
1199 873 1258 909 se
1289 872 1399 911 non
1442 858 1797 919 dubitabunt.
1834 861 1993 917 Unde
2021 862 2155 917 sub-

559 940 644 998 dit
675 963 687 999 :

632 1034 909 1089 Conclusit
933 1038 1073 1101 Deus
1103 1039 1312 1103 omnia,
1345 1036 1400 1091 id
1445 1042 1531 1092 est
1576 1039 1827 1093 Omnium
1864 1039 2155 1095 hominum

556 1139 785 1203 genera,
838 1128 898 1178 in
935 1126 1345 1188 incredulitate,
1386 1125 1441 1179 id
1487 1133 1571 1181 est
1608 1128 1861 1183 concludi
1902 1130 2158 1200 permisit

557 1213 709 1267 intra
736 1211 1203 1277 incredulitatem,
1241 1220 1303 1266 ut
1333 1219 1587 1269 omnium
1613 1222 1960 1272 misereatur.
2006 1220 2153 1273 Con-

559 1302 744 1355 clusos
769 1318 891 1355 esse
923 1302 1170 1355 ostendit
1193 1308 1306 1355 tam
1342 1303 1563 1367 Judaeos
1593 1322 1759 1376 quam
1788 1307 2026 1375 gentiles
2055 1308 2157 1361 sub

558 1394 785 1461 peccato
816 1390 1226 1444 incredulitatis
1252 1409 1264 1456 ;
1288 1390 1516 1445 Judaios
1538 1394 1762 1463 quidem
1796 1396 1971 1465 legem
1999 1405 2159 1450 natu-

558 1464 734 1531 ralem
767 1484 821 1531 et
852 1478 1116 1548 scriptam
1152 1479 1510 1537 destruendo.
1546 1481 1787 1551 gentiles
1832 1501 1957 1537 vero
1988 1491 2155 1538 natu-

558 1566 736 1619 ralem
785 1566 962 1633 legem
1011 1567 1292 1620 calcando.
1328 1568 1433 1621 Sed
1480 1576 1542 1622 ut
1588 1570 1791 1623 clarior
1833 1573 1993 1625 fieret
2031 1574 2153 1642 ejus

557 1655 741 1724 gratia
772 1672 883 1725 qua
923 1655 1287 1709 dimittuntur
1332 1666 1557 1726 peccata
1600 1658 1684 1711 his
1726 1660 1800 1712 ita
1854 1662 2147 1725 conclusis,

2235 511 2402 562 ﬁdem
2427 528 2437 561 :
2461 509 2568 562 nisi
2588 508 2737 562 enim
2760 509 3053 563 Cornelius
3069 509 3232 562 ﬁdem
3255 510 3481 580 primum
3501 510 3756 577 habuisset,

2236 604 2550 668 praeventus
2574 597 2644 650 ab
2668 597 3033 667 inspiratione
3064 597 3268 659 divina,
3300 614 3619 670 nequaquam
3645 600 3759 655 bona

2236 703 2407 761 Opera
2436 686 2723 739 habuisset
2771 685 2901 751 Sed,
2936 686 3082 741 sicut
3115 685 3310 740 beatus
3338 686 3613 757 Gregorius
3638 688 3759 751 dicit,

2237 780 2551 846 praeventus
2581 782 2667 829 est
2694 790 2725 827 a
2757 775 2870 829 Deo
2901 782 2965 828 ut
3006 775 3241 829 haberet
3272 775 3431 828 ﬁdem
3473 777 3620 828 unius
3663 776 3764 829 Dei-

2236 864 2388 926 tatis,
2426 880 2537 917 non
2565 870 2753 917 tamen
2784 863 2844 929 in
2869 864 3201 917 Trinitatem
3234 878 3573 934 personarum
3600 863 3648 916 in
3675 862 3764 918 Deo

2239 967 2359 1005 esse
2374 952 2652 1022 cognovit,
2668 952 3032 1022 quoadusque
3052 952 3249 1004 Petrus
3264 950 3329 1004 ad
3352 967 3471 1005 eum
3489 956 3565 1004 est
3585 950 3766 1005 missus.

2237 1038 2634 1110 Unusquisque
2664 1047 2851 1093 autem
2880 1039 2991 1093 Deo
3015 1039 3188 1092 ﬁdem
3209 1046 3263 1093 et
3292 1052 3456 1109 Opera
3480 1054 3569 1092 sua
3587 1039 3765 1103 tribuit,

2240 1129 2462 1200 quando
2484 1131 2605 1197 ejus
2624 1131 2809 1199 gratia
2836 1134 3148 1198 praeventus
3169 1126 3344 1181 credit
3362 1127 3415 1180 in
3437 1142 3572 1187 eum,
3589 1133 3637 1179 et
3656 1125 3770 1180 bona

2239 1208 2407 1288 opera
2429 1218 2733 1270 exercendo
2759 1218 2946 1271 studet
2974 1217 3249 1270 voluntati
3280 1217 3396 1289 ejus
3431 1215 3644 1293 placere.
3666 1214 3771 1281 Quo-

2242 1308 2398 1358 niam
2428 1320 2491 1357 ea:
2525 1307 2655 1372 ipso,
2688 1304 2744 1357 id
2793 1311 2878 1357 est
2906 1320 2968 1357 ex
3012 1310 3169 1374 parte
3199 1310 3331 1357 sunt
3367 1304 3563 1363 omnia,
3590 1303 3699 1372 quia
3720 1300 3771 1353 ab

2240 1393 2361 1462 ipso
2388 1393 2661 1462 originem
2693 1399 3085 1463 sumpserunt;
3118 1398 3165 1445 et
3195 1408 3292 1459 per
3314 1396 3507 1460 ipsum,
3527 1391 3574 1442 id
3606 1396 3678 1443 est
3700 1404 3775 1459 per

2239 1484 2463 1545 Filium,
2484 1492 2614 1547 sunt
2635 1484 2840 1537 omnia.
2860 1485 2993 1554 quia
3012 1501 3110 1555 per
3126 1483 3280 1536 illum
3302 1482 3483 1536 omnia
3501 1482 3631 1534 facta
3648 1491 3773 1541 sunt;

2236 1577 2282 1624 el
2308 1578 2367 1624 in
2394 1587 2527 1638 ipso.
2548 1571 2600 1624 id
2634 1582 2717 1625 est
2745 1572 2803 1624 in
2834 1570 3048 1641 Spiritu
3080 1578 3292 1627 sancto,
3317 1575 3445 1622 sunt
3463 1572 3649 1625 omnia.
3672 1567 3775 1637 quia

2235 1664 2289 1716 in
2324 1661 2416 1713 illo
2449 1661 2765 1713 consistunt
2794 1705 2804 1715 .
2837 1676 2963 1713 ecce
2987 1659 3233 1712 Trinitas
3262 1673 3627 1729 personarum.
3653 1655 3777 1719 Quod

556 1730 767 1826 ~placuit
795 1744 845 1797 ei
882 1753 1015 1798 tunc
1039 1743 1323 1798 abolendis
1356 1748 1595 1816 peccatis
1626 1748 1935 1813 hominum,
1965 1768 2151 1804 sacra-
2177 1774 2220 1831 Β
2240 1766 2367 1802 vero
2398 1749 2589 1802 subdit
2617 1768 2627 1802 :
2668 1752 2776 1815 Ipsi
2804 1752 3008 1813 gloria,
3036 1749 3206 1801 trium
3242 1762 3588 1818 personarum
3623 1761 3713 1798 una
3738 1750 3779 1795 et

559 1840 813 1895 mentum
859 1834 1201 1887 remissionis
1233 1837 1431 1888 ali‘erre
1466 1836 1689 1906 quando
1736 1854 1900 1890 nemo
1942 1847 2159 1909 poterat

558 1918 628 1984 de
653 1920 770 1973 suis
798 1923 1013 1974 meritis
1037 1923 1287 1992 gloriari.
1314 1924 1591 1979 inereduli
1623 1925 1896 1995 siquidem
1933 1930 2160 1981 fuerunt

557 2010 816 2088 gentiles,
845 2010 942 2063 sed
976 2011 1415 2065 misericordiam
1450 2012 1545 2065 Dei
1586 2013 1655 2066 ab
1699 2031 1764 2067 eo
1795 2016 1991 2074 vocati,
2025 2032 2159 2069 con-

472 2120 475 2123 λ
558 2085 736 2152 secuti
781 2105 931 2163 sunt.
978 2100 1122 2165 Sunt
1175 2100 1338 2153 modo
1385 2107 1443 2154 et
1493 2101 1667 2154 Judaei
1721 2102 2012 2161 increduli,
2063 2105 2161 2157 sed

560 2186 921 2241 miserebitur
938 2204 1151 2241 eorum.
1178 2188 1361 2251 Quare
1380 2198 1572 2241 tamen
1592 2191 2007 2244 multitudinem
2029 2208 2162 2261 gen-

560 2274 703 2329 tium
753 2282 912 2329 tanto
960 2284 1215 2345 tempore
1261 2277 1530 2346 abjecerit
1579 2279 1743 2335 Deus.
1773 2280 1995 2334 Juda‘os
2034 2298 2161 2334 vero

561 2361 838 2427 dilexerit,
867 2370 924 2418 et
954 2364 1306 2435 postmodum
1332 2365 1388 2418 in
1415 2366 1657 2419 adventu
1688 2384 1788 2420 suo
1808 2368 2071 2437 gentibus
2093 2370 2161 2422 ad

564 2468 623 2505 se
652 2452 898 2506 collectis
926 2453 1147 2506 Judzeos
1190 2453 1499 2523 abjecerit?
1537 2455 1689 2508 solus
1724 2456 1841 2526 ipse
1887 2457 2037 2509 novit
2068 2458 2160 2528 qui

563 2538 834 2611 conspicit
862 2541 1070 2595 omnia.
1095 2541 1469 2596 Considerans
1494 2542 1796 2610 Apostolus
1824 2550 2013 2598 tantas
2043 2562 2165 2599 esse

565 2628 789 2684 divitias
807 2627 1075 2695 bonitatis
1099 2631 1216 2704 Dei,
1239 2638 1296 2684 et
1320 2637 1537 2685 tantum
1563 2647 1703 2702 Opus
1722 2632 1921 2685 divinae
1942 2634 2165 2703 sapien-

568 2716 679 2784 tiae,
712 2733 839 2783 cum
872 2734 983 2772 non
1015 2718 1292 2789 potuisset
1320 2719 1422 2772 hoc
1454 2721 1946 2790 comprehendere,
1980 2721 2166 2775 subito

567 2806 624 2860 in
656 2806 1019 2873 interioribus
1057 2807 1233 2861 oculis
1270 2808 1474 2868 cordis,
1523 2815 1753 2878 stupore
1798 2809 1967 2863 simul
1998 2818 2168 2880 atque

568 2910 772 2966 pavore
797 2895 1104 2966 perculsus,
1137 2895 1465 2949 exclamavit
1496 2904 1553 2949 et
1578 2897 1751 2951 dixit:

576 2970 587 2979 ’
645 2984 686 3039 0
722 2986 961 3038 altitudo
998 2985 1327 3038 divitiarum
1368 2988 1649 3052 sapientia:
1678 2991 1725 3039 et
1764 2988 2002 3040 scient-ia
2041 2987 2170 3039 Dei!

2241 1838 2545 1908 singularis
2562 1837 2874 1891 substantia
2897 1837 3181 1890 declarato
3191 1854 3235 1896 r,
3251 1836 3391 1889 sicut
3410 1843 3464 1889 et
3480 1834 3635 1888 lsaias
3648 1833 3779 1886 etiam

2243 1928 2377 1980 dicit
2405 1944 2464 1980 se
2494 1926 2716 1979 audisse
2738 1926 2923 1978 dicm'e
2955 1925 3247 1995 Seraphim
3277 1940 3288 1971 :
3314 1924 3556 1983 Sanctus,
3583 1926 3776 1975 sanctus.

2243 2021 2464 2068 sanctus
2496 2016 2766 2067 Dominus
2787 2015 2924 2067 Deus
2943 2014 3180 2070 Sabaoth
3208 2015 3339 2067 (’30.
3361 2022 3448 2072 v1].
3469 2008 3572 2064 Ter
3596 2008 3708 2062 dicit
3728 2006 3779 2059 de

2246 2104 2497 2173 personis
2526 2110 2771 2165 sanctus,
2814 2108 2870 2155 et
2915 2117 3025 2155 una
3060 2100 3450 2154 tantummodo
3480 2099 3584 2151 vice
3608 2097 3666 2150 de
3690 2110 3780 2149 ms-

2240 2194 2445 2263 jestate
2476 2191 2762 2244 Dominus.
2802 2190 3075 2243 Similiter
3097 2196 3153 2242 et
3191 2189 3520 2241 l'saimista:
3555 2186 3780 2239 Benedical

2246 2297 2343 2335 nos
2376 2281 2511 2334 Deus
2542 2279 2727 2338 Pater,
2759 2280 3035 2331 benedicat
3062 2280 3196 2331 Deus
3222 2274 3415 2338 Filius,
3449 2275 3693 2329 benedth
3711 2287 3781 2324 nos

2250 2371 2382 2422 Deus
2413 2368 2654 2437 Spiritus
2694 2375 2939 2427 sanctus,
2988 2371 3037 2418 et
3066 2370 3319 2419 metuant
3350 2381 3472 2418 eum
3498 2378 3661 2417 omnes
3682 2362 3782 2426 ﬁnes

2248 2463 2406 2511 terra
2430 2459 2598 2523 (Psat.
2626 2464 2801 2521 LXVI);
2837 2455 2984 2524 quod
3013 2470 3139 2507 vero
3170 2454 3269 2516 ait,
3297 2468 3362 2506 ex
3388 2453 3502 2522 ipso
3533 2452 3631 2505 Deo
3659 2448 3784 2501 Patre

2248 2554 2381 2599 sunt
2397 2547 2601 2603 omnia,
2623 2543 3026 2597 attendendum
3045 2548 3147 2597 est.
3168 2543 3316 2611 quod
3336 2557 3443 2594 non
3461 2540 3589 2593 dixit
3601 2537 3660 2590 de
3677 2537 3783 2607 ipso.

2248 2634 2399 2687 aliud
2433 2639 2518 2686 est
2546 2632 2694 2685 enim
2728 2648 2793 2685 ex
2836 2632 2973 2701 ipso,
3012 2631 3162 2683 aliud
3207 2630 3277 2683 de
3311 2631 3447 2700 ipso.
3480 2628 3641 2683 Omne
3671 2621 3787 2678 enim

2250 2721 2393 2792 quod
2427 2726 2514 2773 est
2542 2736 2605 2773 ex
2636 2720 2756 2790 ipso
2786 2735 2896 2772 non
2936 2726 3019 2772 est
3049 2719 3117 2771 de
3142 2717 3301 2788 ipso;
3345 2717 3440 2771 sed
3478 2715 3611 2789 quod
3647 2719 3718 2767 est
3738 2709 3789 2762 de

2250 2800 2391 2880 ipso,
2422 2810 2526 2862 hoc
2556 2810 2749 2879 utique
2780 2816 2836 2861 et
2866 2824 2932 2861 ex
2957 2808 3097 2878 ipso.
3129 2806 3293 2859 Verbi
3326 2806 3543 2876 gratia:
3572 2800 3718 2856 Filius
3742 2814 3789 2850 ex

2252 2897 2418 2953 Patre
2448 2903 2551 2955 est.
2589 2898 2719 2968 quia
2750 2897 2819 2950 ab
2851 2897 2946 2949 illo
2977 2896 3248 2965 originem
3279 2895 3510 2964 accepit,
3533 2900 3584 2946 et
3604 2891 3663 2943 de
3684 2889 3792 2958 ipso,

2253 2987 2384 3057 quia
2415 2987 2485 3039 de
2514 2988 2636 3055 ejus
2665 2985 2981 3038 substantia
3010 2992 3111 3037 est.
3161 2983 3375 3038 Domus
3404 2996 3527 3035 vero
3565 2993 3670 3049 que
3692 2973 3793 3029 aedi-

572 3072 848 3136 Altitudo,
872 3073 1276 3126 sublimitatem
1306 3080 1363 3127 et
1392 3073 1827 3144 profunditatem
1859 3075 2167 3147 signiﬁcat;
2189 3076 2233 3137 C
2255 3076 2453 3129 ﬁcatur
2474 3091 2537 3128 ex
2570 3074 2734 3143 lignis
2764 3074 2846 3127 vel
2878 3072 3177 3142 lapidibus,
3204 3087 3270 3125 ex
3302 3070 3424 3143 ipso
3455 3069 3660 3124 homine
3685 3070 3752 3117 est
3774 3078 3798 3113 a

574 3161 852 3231 sapientia
899 3160 1168 3232 accipitur
1214 3161 1270 3215 in
1330 3161 1531 3215 divinis
1582 3163 1768 3228 rebus,
1828 3163 2064 3217 scientia
2116 3164 2175 3217 iu

574 3247 871 3303 humanis:
896 3248 1152 3303 sublimis
1174 3267 1306 3321 ergo
1337 3258 1393 3304 et
1418 3250 1695 3321 profunda
1721 3256 1807 3305 est
1831 3251 2177 3305 abundantia

577 3338 865 3410 sapientiae
904 3339 1217 3393 divinarum
1266 3340 1754 3410 humanarumque
1795 3357 1982 3394 rerum
2024 3342 2175 3412 apud

576 3414 777 3493 Deum,
818 3426 913 3499 qui
943 3428 1095 3481 solus
1124 3428 1288 3481 sicuti
1328 3434 1460 3481 sunt
1490 3429 1681 3481 omnia
1708 3428 1978 3491 intuetur,
2010 3436 2067 3482 et
2106 3429 2177 3482 ad

579 3516 741 3586 cujus
762 3516 1018 3570 notitiam
1036 3516 1220 3569 omnis
1235 3532 1433 3569 sensus
1453 3527 1646 3570 noster
1659 3517 1990 3570 retunditur.
2003 3520 2177 3584 Quam

580 3605 1161 3672 incomprehensibilia
1176 3609 1306 3658 sunt
1321 3606 1543 3672 judicia
1562 3607 1713 3672 ejus!
1735 3604 1936 3674 quibus
1951 3606 2180 3674 angelos

582 3698 639 3758 et
684 3692 939 3746 homines
969 3692 1207 3761 judicat,
1240 3708 1335 3745 seu
1370 3692 1591 3746 Judzeos
1622 3699 1790 3762 atque
1827 3694 2082 3762 gentiles,
2116 3710 2182 3746 ex

585 3780 788 3865 quibus
853 3796 1001 3843 nunc
1058 3780 1192 3834 istos
1241 3781 1428 3852 elegit,
1479 3797 1627 3845 nunc
1676 3782 1797 3835 illos
1836 3782 2041 3857 abjecit
2081 3800 2092 3834 :
2134 3787 2183 3836 et

584 3884 751 3938 quam
782 3868 1185 3935 investz'gabiles
1215 3871 1314 3923 vis
1341 3873 1493 3937 ejus!
1529 3870 1731 3940 quibus
1761 3886 1792 3923 a
1820 3870 2081 3940 gentibus
2112 3870 2184 3924 ad

584 3942 831 4021 dudaeos,
875 3963 932 4012 et
966 3970 1001 4010 a
1042 3957 1249 4012 Judaeis
1294 3958 1365 4012 ad
1410 3965 1608 4029 gentes
1654 3959 1897 4020 transiit,
1953 3966 2010 4012 et
2058 3960 2183 4029 qui-

587 4043 693 4101 bus
725 4046 928 4101 lterum
958 4062 992 4100 a
1019 4046 1282 4116 gentibus
1320 4046 1389 4100 ad
1428 4034 1651 4101 ludaeos
1691 4048 2033 4101 transiturus
2061 4054 2180 4115 est;

588 4135 673 4190 vel
721 4151 820 4215 per
850 4134 986 4199 vias,
1029 4122 1329 4204 possumus
1373 4134 1621 4205 accipere
1665 4135 1912 4189 actiones
1942 4136 2037 4189 Del
2067 4136 2186 4205 qui-

588 4218 695 4289 bus
721 4222 910 4286 omnia
935 4229 1198 4293 operatus
1238 4228 1342 4286 est,
1381 4239 1502 4301 quae
1540 4224 1734 4293 utique
1772 4223 2187 4294 investigabiles

593 4316 744 4365 sunt.

2259 3180 2368 3234 quo
2418 3165 2499 3225 ﬁt,
2531 3169 2585 3215 et
2616 3178 2649 3214 a
2680 3177 2789 3232 quo
2823 3161 3097 3231 originem
3128 3159 3339 3225 habet;
3382 3158 3478 3213 sed
3516 3172 3617 3210 non
3650 3159 3721 3207 est
3749 3149 3799 3201 de

2259 3251 2398 3323 ipso,
2434 3251 2492 3304 id
2522 3257 2607 3304 est
2635 3249 2704 3303 de
2733 3251 2854 3319 ejus
2880 3248 3214 3302 substantia.
3249 3247 3401 3301 Deus
3441 3244 3606 3316 igitur
3629 3244 3801 3295 creator

2260 3340 2529 3394 omnium.
2557 3338 2787 3409 spiritus
2816 3344 2902 3391 est
2928 3335 3220 3390 invisibilis
3248 3344 3421 3406 atque
3451 3327 3799 3390 immutabilis;

2260 3437 2520 3482 creatura
2545 3445 2672 3481 vero
2702 3427 2883 3481 omnis
2912 3425 3197 3479 mutabilis
3223 3432 3328 3478 est.
3353 3423 3497 3493 Ergo
3526 3413 3626 3475 non
3653 3417 3709 3471 de
3728 3415 3804 3467 im-

2262 3517 2514 3571 mutabili
2546 3516 2863 3569 substantia
2890 3515 3012 3587 ejus
3043 3521 3231 3567 creata
3262 3520 3399 3599 spat
3426 3509 3621 3571 omnia,
3652 3504 3732 3559 sed
3754 3500 3804 3554 ab

2263 3605 2602 3659 immutabili
2634 3605 2852 3658 Deitate
2881 3610 3083 3657 cuncta
3113 3608 3246 3655 sunt
3273 3597 3340 3655 ex
3372 3599 3541 3654 nihilo
3568 3597 3696 3649 facta
3723 3608 3732 3643 :
3759 3604 3805 3641 ac

2264 3702 2561 3764 propterea
2596 3709 2663 3745 ex
2695 3690 2815 3763 ipso
2847 3691 3014 3745 Patre
3045 3697 3199 3754 sunt,
3234 3689 3331 3759 qui
3362 3688 3431 3743 ab
3465 3687 3557 3740 illo
3585 3681 3805 3752 originem

2265 3781 2495 3835 ducunt.

2869 3922 3103 3984 CAPUT
3141 3920 3266 3981 XII.

2342 4047 2561 4103 Obsecro
2581 4050 2766 4115 itaque
2785 4061 2891 4108 vos,
2917 4048 3138 4113 fratres,
3160 4060 3262 4115 per
3281 4041 3704 4100 misericordiam
3724 4037 3810 4098 Dei,

2268 4144 2331 4189 ul
2358 4137 2657 4189 exhibeatis
2678 4149 2906 4203 corpora
2917 4138 3107 4187 vestra
3124 4135 3361 4188 hostiam
3392 4137 3663 4188 viventem,
3691 4139 3815 4180 sanc-

2271 4230 2403 4284 tam,
2442 4224 2540 4277 Deo
2562 4227 2885 4290 placentem,
2915 4223 3248 4276 ratiunabile
3268 4224 3583 4289 obsequium
3602 4221 3814 4272 veslrum.

2270 4312 2409 4377 Quia
2424 4327 2593 4381 supra
2603 4311 2819 4364 dixerat
2832 4309 3435 4389 Apostoluscmclusit
3452 4309 3592 4364 Deus
3608 4299 3817 4389 omniain

665 4399 798 4477 Quis
826 4401 978 4452 enim
1008 4401 1253 4465 cognovit
1283 4414 1503 4453 sensum
1529 4402 1796 4454 Domini?
1822 4402 1877 4455 id
1911 4407 1997 4455 est
2023 4401 2190 4454 intel-
2208 4385 2256 4442 ἶ)
2274 4399 2685 4459 incredulitate,
2701 4406 2763 4452 ut
2778 4384 3027 4451 omnium
3043 4398 3397 4461 misereatur.
3411 4394 3695 4451 ostendens
3707 4384 3818 4477 quod

590 4489 770 4553 lectus
791 4489 913 4565 ejus
940 4486 1374 4561 profunditatem
1407 4490 1530 4560 quis
1564 4490 1912 4561 penetravit?
1940 4496 2037 4544 aut
2069 4495 2191 4559 quis

592 4579 951 4642 consiliarius
972 4578 1088 4645 ejus
1116 4578 1264 4644 fuit?
1298 4578 1479 4641 Putris
1496 4578 1847 4633 consiliarius
1869 4580 2193 4649 unigenitus

540 4666 545 4669 ’
570 4662 767 4732 “1ἦ1ἰῐιε
795 4666 918 4744 ejus
950 4671 1037 4719 est
1065 4665 1157 4734 qui
1189 4673 1245 4719 et
1270 4666 1517 4736 Angelus
1548 4667 1736 4735 magni
1763 4668 1977 4720 consilii
2000 4667 2192 4736 appel-

590 4752 743 4809 latur
773 4768 786 4802 :
818 4753 913 4808 Sed
944 4762 1008 4817 ex
1040 4753 1360 4808 hominibus
1391 4761 1448 4808 et
1473 4756 1688 4825 angelis
1717 4756 1906 4808 nullus
1936 4756 2059 4823 ejus
2087 4755 2194 4808 fuit

522 4902 527 4905 ν
592 4840 964 4907 consiliarios.
981 4845 1235 4911 'Aut'quis
1253 4846 1412 4909 prior
1433 4845 1579 4895 dedit
1603 4847 1709 4904 illi,
1733 4843 2000 4897 subaudis
2024 4842 2189 4896 ﬁdem

593 4942 751 4997 suam
770 4938 883 4995 'aut
923 4920 1148 5011 aliquo'd
1189 4931 1394 4984 bonum
1427 4946 1583 5001 Opus,
1627 4938 1929 5002 antequam
1961 4930 2031 4984 ab
2071 4933 2193 5005 ejus

542 5021 549 5025 ’
590 5019 776 5091 gratia
828 5018 1244 5090 prmve'niretm,
1278 5028 1349 5072 ἐκ
1396 5023 1737 5073 retribuetur
1782 5024 1833 5073 ei
1847 5025 1870 5072 7
1911 5037 2121 5073 merces
2160 5036 2195 5073 a

537 5109 547 5115 ”
591 5094 854 5172 Domino,
885 5120 950 5160 ex
978 5106 1083 5160 hoc
1114 5108 1281 5177 quod"
1309 5108 1475 5171 ﬁdem
1518 5120 1677 5162 suam
1718 5109 1872 5178 prior
1909 5109 1959 5161 ei
1990 5108 2183 5165 dedit.

595 5190 1162 5259 Quidam'voluerunt
1200 5203 1392 5249 contra
1441 5198 1543 5249 hoc
1569 5197 1883 5265 intelligere
1912 5196 2194 5251 centurio-

538 5282 555 5289 ’
595 5270 723 5337 nem
755 5280 1107 5347 Cornelium,
1138 5283 1299 5337 bonis
1338 5284 1454 5337 suis
1498 5276 1713 5339 meritis
1759 5286 2127 5353 exigentibus.
2162 5303 2195 5339 a

594 5371 712 5427 Deo
749 5373 1028 5442 acwepisse
1067 5372 1231 5435 ﬁdem
1274 5374 1433 5443 quasi
1482 5391 1651 5428 causa
1704 5375 2187 5431 remunerationis.

595 5469 824 5545 propter
848 5448 1230 5533 eleemOsynas
1254 5448 1464 5516 scnlicet
1493 5472 1551 5516 et
1578 5465 1857 5518 orationes
1881 5466 2082 5535 quibus
2114 5466 2197 5519 in-

596 5548 799 5607 stabat.
816 5550 922 5615 Qui
936 5548 1139 5604 idcirco
1160 5550 1487 5621 ignoranter
1506 5551 1677 5607 lOcutl
1698 5560 1850 5620 sunt,
1875 5556 2138 5624 quoniam
2161 5570 2195 5608 a

2274 4490 2387 4542 sive
2408 4487 2584 4542 Judaei
2605 4487 2914 4549 credentes,
2943 4487 3056 4540 sive
3080 4485 3339 4557 gentiles,
3364 4502 3477 4539 non
3500 4484 3610 4537 suis
3629 4473 3815 4534 meritiS.

2276 4578 2370 4632 sed
2399 4577 2779 4631 misericordia
2810 4583 2864 4631 et
2882 4577 3067 4647 gratia
3088 4576 3183 4630 Dei
3206 4576 3405 4630 salvati
3428 4580 3586 4640 sunt;
3617 4568 3822 4626 obsecrat

2276 4682 2369 4719 eos
2395 4666 2579 4725 modo,
2609 4673 2665 4719 et
2694 4682 2888 4719 omnes
2917 4664 3206 4718 credentes
3236 4679 3336 4733 per
3365 4662 3616 4717 eamdem
3646 4653 3820 4712 miseri-

2275 4755 2544 4817 cordiam,
2578 4771 2689 4824 qua
2737 4754 3012 4824 redempti
3062 4759 3194 4806 sunt
3240 4753 3518 4822 sanguine
3548 4745 3749 4807 Christi,
3781 4744 3822 4792 et

2273 4850 2526 4913 tempore
2552 4842 2901 4913 baptismatis
2922 4841 2991 4895 ab
3017 4841 3278 4895 omnibus
3303 4841 3563 4894 sordibus
3589 4833 3758 4891 abluti.
3778 4832 3823 4881 ut

2276 4933 2575 4985 exhibeant
2603 4948 2837 5001 corpora
2866 4947 2969 4984 sua
2997 4931 3234 4983 hostiam
3270 4930 3568 4988 vivvntem,
3608 4932 3660 4979 et
3681 4918 3821 4973 dicit:

2276 5020 2520 5075 Obsecro
2548 5036 2641 5074 vos
2669 5037 2767 5093 per
2797 5020 3234 5073 misericordiam
3270 5018 3403 5085 Del;
3452 5035 3516 5071 ac
3545 5016 3588 5071 si
3614 5012 3826 5068 diceret:

2275 5109 2399 5163 Non
2449 5125 2548 5189 per
2590 5109 2897 5179 potentiam
2944 5107 3378 5178 magisterialem
3433 5104 3585 5160 vobis
3635 5104 3825 5189 ἱηψξπυς
3870 5126 3877 5133 ·

2277 5213 2389 5268 qua
2415 5185 2536 5251 sum
2586 5204 2769 5251 vester
2808 5198 3076 5267 magister
3122 5202 3178 5250 et
3225 5196 3537 5266 apostolus.
3576 5190 3665 5247 sed
3703 5185 3830 5241 obses

2277 5303 2370 5341 cro
2402 5295 2459 5339 et
2488 5285 2755 5355 deprecor
2784 5286 2940 5355 quasi
2981 5284 3181 5345 socius,
3217 5290 3561 5356 quapropter
3591 5287 3645 5334 et
3671 5277 3829 5330 fratres

2276 5389 2372 5430 eos
2427 5374 2689 5445 appellat,
2733 5389 2841 5427 non
2895 5389 3079 5435 carne,
3127 5374 3223 5427 sed
3281 5372 3408 5435 ﬁde,
3453 5370 3692 5425 recolens
3725 5356 3830 5415 illud

2277 5464 2424 5534 Quod
2463 5463 2717 5518 Salvator
2754 5458 3011 5515 ﬁdelibus
3060 5460 3199 5515 dixit
3243 5481 3254 5515 :
3303 5462 3499 5516 Omnes
3538 5474 3623 5511 ros
3666 5454 3830 5520 fratre!

2277 5557 2422 5619 estis,
2436 5557 2571 5622 quia
2588 5566 2739 5606 unus
2752 5556 2825 5606 est
2836 5552 3003 5607 Pater
3016 5552 3320 5618 vestemqui
3333 5552 3407 5604 est
3426 5565 3487 5602 ιη
3502 5546 3641 5602 catis
3654 5534 3828 5615 (Matth.
