3936 6164
248 238 341 310 ιιϐθ
927 244 1309 308 EXPOSITIO
1338 254 1418 309 IN
1451 244 1604 308 Epp.
1644 254 1699 309 s.
1734 243 1971 312 PAULI.
2006 285 2071 297 —
2101 255 2180 310 IN
2214 251 2437 310 EPIST.
2470 253 2567 309 AD
2595 249 2771 308 ROM.
3387 206 3495 305 tio

246 376 403 446 XXIII).
424 376 536 431 Hoc
558 376 737 447 inquit
766 394 778 430 :
804 375 1047 432 Obsecro
1080 395 1178 447 per
1220 379 1654 441 misericordiam
1694 380 1810 438 Dei.
1828 388 1868 439 Α
1896 380 2129 435 haberet
2147 381 2439 453 ﬁgurativa
2458 380 2731 434 sacriﬁcia
2752 378 2918 449 longe
2939 374 3242 450 antequam
3259 364 3493 441 veniret,

248 468 363 538 quia
382 467 567 519 salvati
596 465 748 521 estis.
784 472 846 519 ut
885 466 1195 519 exhibeatis
1216 484 1449 536 corpora
1472 477 1653 520 vestra
1676 468 1804 520 hos-
1891 477 1947 522 ut
1965 486 2062 538 per
2083 468 2172 521 illa
2201 469 2387 540 typica
2409 469 2626 523 facilius
2658 468 2975 538 perveniret
3016 466 3083 521 ad
3110 460 3257 520 istud
3284 464 3491 520 verum.

244 556 367 608 tiam
390 555 822 624 viventem,quod
847 560 1008 607 erant
1028 556 1172 624 apud
1199 555 1481 609 Romanos
1500 556 1675 609 Judaei
1693 572 1809 609 cre-
1890 556 2016 609 Sive
2046 558 2214 610 etiam
2238 557 2581 610 tertiacausa
2606 557 2853 627 mysterii
2875 556 2998 619 fuit,
3032 561 3094 609 ut
3119 556 3215 608 illa
3234 554 3503 607 oiierren-

247 643 421 696 dentes
442 641 531 712 qui
571 643 821 695 viCtimas
851 650 908 695 et
934 640 1148 695 hostias
1172 644 1377 711 legales
1399 644 1511 697 Deo
1549 644 1808 697 Hieroso-
1890 650 1985 696 tur
2041 646 2316 698 sacrificia
2361 646 2565 715 typica,
2619 655 2896 715 quatenus
2958 643 3115 697 istud
3157 638 3496 696 sacriﬁcium

243 730 393 803 lymis
419 730 474 783 in
502 731 708 800 templo
739 731 1058 784 obtulerant
1102 750 1111 783 :
1170 731 1269 784 hos
1305 732 1562 785 hortatur
1606 736 1666 784 ut
1689 733 1808 800 jam
1890 733 2346 801 prteﬁguraretur
2374 728 2523 803 quod
2567 730 2818 803 quotidie
2865 730 3111 785 Ecclesia
3154 741 3257 801 pro
3306 728 3493 784 salute

246 832 343 871 non
373 818 545 875 boves.
580 833 690 870 non
718 819 919 883 hirCos,
948 835 1060 872 non
1104 821 1328 881 arietes,
1362 821 1455 873 sed
1484 821 1814 891 semetipsos
1898 820 2146 874 ﬁdelium
2170 820 2420 874 offertur.

247 904 437 960 hostias
458 906 568 959 Deo
588 907 865 976 spiritales
895 908 1206 961 immolent.
1252 909 1540 978 Siquidem
1591 907 1814 978 quando
1967 909 2031 961 Et
2058 912 2223 962 nolite
2251 911 2595 976 conformari
2611 910 2741 964 huic
2764 909 3092 964 saeculoPer
3119 904 3385 963 saeculum
3403 896 3496 961 hic

246 995 341 1048 ista
368 994 634 1047 scribebat
691 996 1010 1065 Apostolus.
1043 997 1226 1049 adhuc
1254 997 1523 1067 templum
1553 997 1813 1050 Hieroso-
1895 1010 2007 1050 non
2037 995 2304 1050 debem'us
2322 997 2632 1067 intelligere
2654 1004 2982 1068 praesentem
3007 997 3327 1066 vitam,quze
3347 1011 3493 1049 sem~

244 1081 393 1152 lymi‘s
419 1080 618 1145 stabat,
642 1087 698 1134 et
722 1083 957 1136 necdum
990 1089 1111 1136 erat
1129 1085 1454 1137 subversum
1477 1083 1812 1141 aRomanis.
1895 1102 1995 1156 per
2023 1085 2206 1148 annis,
2238 1085 2603 1155 temporibus,
2636 1085 2852 1147 diebus,
2898 1084 3173 1150 noctibus,
3209 1084 3377 1147 boris,
3407 1076 3496 1137 ai:-

250 1164 425 1223 Hostia
450 1171 621 1239 igitur
637 1178 694 1223 et
712 1171 1040 1224 immolatur
1063 1180 1119 1224 et
1138 1172 1254 1224 viva
1270 1180 1373 1233 est,
1405 1173 1627 1242 quando
1646 1173 1814 1226 homo

247 1257 307 1311 ab
330 1258 420 1311 hac
450 1258 555 1311 vita
588 1275 695 1312 non
727 1259 933 1324 deﬁcit,
970 1268 1027 1313 et
1053 1260 1371 1314 carnalibus
1401 1262 1551 1313 vitiis
1581 1278 1640 1313 se
1666 1261 1816 1314 occi-

246 1345 333 1407 dit,
364 1347 745 1400 mortiﬁcando
771 1348 1023 1401 membra
1049 1365 1153 1401 sua
1183 1362 1310 1402 cum
1341 1350 1580 1419 peccatis
1600 1355 1657 1403 et
1689 1365 1818 1402 con-

1897 1190 2005 1244 que
2037 1174 2334 1226 momentis
2356 1173 2611 1237 volvitur,
2646 1172 2742 1226 sed
2794 1173 3049 1227 homines
3087 1178 3188 1244 per
3211 1171 3498 1249 carnalem

1897 1262 2375 1315 conversationem
2408 1262 2609 1315 szeculo
2640 1250 2877 1322 deditos,
2923 1277 3170 1334 paganos
3217 1255 3493 1325 videlicet,

1896 1350 2136 1410 Judaeos,
2170 1349 2483 1411 bmreticos,
2545 1348 2829 1416 falsosque
2875 1348 3242 1412 Christianos,
3294 1348 3497 1417 quibus

247 1434 596 1503 cupiscentiis.
633 1435 799 1490 Verbi
830 1437 1014 1504 gratia
1054 1455 1065 1489 :
1101 1438 1207 1491 fuit
1248 1438 1541 1507 superbus,
1578 1437 1817 1491 efﬁcitur
1896 1452 2008 1491 non
2038 1437 2308 1491 debemus
2363 1436 2660 1509 assimilari
2711 1439 2767 1490 et
2811 1424 3139 1505 consociari,
3184 1451 3254 1488 ne
3299 1432 3496 1487 eorum

248 1522 484 1588 humilis;
516 1524 625 1577 fuit
649 1525 985 1579 luxuriosus.
1010 1526 1249 1579 efﬁcitur
1267 1534 1488 1591 castus;
1521 1526 1627 1579 fuit
1652 1527 1815 1596 gulo-
1898 1527 2022 1580 vitis
2051 1527 2413 1597 inquinemur
2441 1531 2497 1580 et
2526 1527 2751 1579 nostris.
2796 1522 3001 1589 Nolite,
3044 1522 3246 1597 inquit,
3277 1522 3499 1576 confor-

245 1622 344 1674 sus,
393 1609 635 1664 efﬁcitur
688 1618 1055 1683 temperatus,
1122 1614 1405 1684 appetitor
1461 1613 1817 1685 parcimoniae
1831 1649 1879 1709 Β
1902 1616 2043 1669 mari
2076 1616 2205 1669 huic
2230 1615 2451 1672 saeculo.
2488 1613 2543 1667 id
2565 1622 2671 1677 est,
2701 1613 2875 1668 nolite
2896 1612 3107 1666 similes
3132 1611 3252 1665 ﬁeri
3276 1606 3499 1665 amato-

245 1697 485 1759 existens.
526 1700 823 1769 omnisque
852 1700 1210 1771 frugalitatis.
1247 1702 1337 1756 Sic
1359 1702 1490 1756 vivit
1517 1712 1681 1755 nomo
1714 1690 1879 1754 vir-ﬂ
1903 1703 2057 1758 ribus
2085 1702 2253 1771 hujus
2280 1702 2486 1764 saeculi,
2523 1700 2617 1771 qui
2651 1702 2883 1754 virtutes
2914 1699 3248 1771 despiciunt,
3273 1702 3330 1752 et
3359 1690 3498 1751 vitia

244 1785 455 1845 tutibus,
483 1794 541 1839 et.
579 1788 821 1841 moritur
850 1788 1017 1842 vitiis.
1059 1789 1267 1843 Hostiae
1297 1790 1729 1859 appellabantur
1758 1791 1817 1843 in
1898 1792 2315 1858 sectantur;sed
2344 1792 2738 1858 reformamini
2754 1794 2814 1842 in
2838 1788 3077 1843 novitate
3099 1805 3288 1842 sensus
3308 1790 3498 1851 vestri,

244 1873 411 1926 Veteri
439 1873 800 1929 Testamento
829 1876 1111 1939 animalia,
1148 1893 1270 1947 qua:
1302 1878 1725 1931 adducebantur
1747 1878 1819 1931 ad
1901 1899 2001 1953 per
2028 1881 2274 1934 studium
2302 1878 2558 1933 lectionis
2578 1880 2635 1932 et
2656 1876 3038 1932 meditationis
3058 1876 3278 1930 Veteris
3304 1868 3501 1931 Testa-

246 1964 426 2016 ostium
457 1964 662 2018 domus
722 1965 965 2028 Domini,
998 1966 1186 2036 ibique
1215 1966 1598 2021 sacerdotibus
1628 1967 1818 2021 trade-
1901 1970 2074 2024 menti
2107 1977 2161 2023 et
2190 1968 2353 2023 Novi.
2382 1967 2642 2031 Quotidie
2663 1983 2860 2020 sensus
2887 1968 3078 2020 noster
3096 1964 3154 2019 et
3180 1962 3502 2019 intellectus

247 2047 462 2115 bantur;
500 2051 745 2106 victimae
785 2068 913 2106 vero
960 2053 1296 2107 dicebantur
1341 2070 1375 2108 a
1411 2055 1719 2114 vinciendo.
1753 2071 1818 2107 eo
1900 2058 2200 2112 innovatur
2230 2063 2285 2110 et
2315 2056 2800 2110 reformaturdum
2826 2052 3418 2126 proﬁcimus,etmagis
3438 2050 3504 2106 ac

247 2139 372 2206 quod
400 2139 628 2193 funibus
658 2149 713 2194 et
743 2141 983 2195 restibus
1010 2143 1191 2195 vincta
1218 2143 1485 2196 animalia
1512 2145 1578 2196 arl
1609 2143 1822 2196 sacriﬁ-

247 2226 370 2280 cium
402 2227 844 2283 adducebantur.
896 2231 1181 2293 Quantum
1222 2248 1351 2284 vero
1374 2233 1441 2285 ad
1476 2242 1821 2302 paganorUm

245 2316 466 2385 pertinet
512 2318 709 2375 ritum.
766 2318 947 2372 hostia
978 2319 1270 2373 dicebatur
1299 2321 1632 2374 sacriﬁcium
1675 2320 1824 2391 quod

247 2404 560 2458 offerebatur
580 2405 997 2477 idolis.quando
1020 2416 1216 2461 contra
1238 2408 1424 2462 hostes
1443 2409 1823 2462 dimicandum

246 2498 350 2544 erat
380 2512 390 2545 :
417 2493 645 2546 victima
670 2508 798 2548 vero
826 2495 1118 2550 dicebatur
1150 2498 1505 2553 sacriﬁcium.
1542 2499 1710 2567 quod,
1745 2498 1824 2550 vi-

245 2580 396 2633 ctoria
416 2582 727 2651 potita.diis
754 2600 854 2654 pro
882 2586 1194 2654 gratiarum
1221 2588 1438 2640 actione
1463 2586 1821 2641 oili-rebatur.

246 2664 485 2722 Sanctam
521 2690 531 2723 :
574 2684 812 2741 corpora
844 2684 1033 2727 nostra
1078 2675 1198 2728 ﬁeri
1241 2675 1447 2728 debent
1492 2675 1672 2728 hostia
1698 2692 1822 2727 san-

243 2762 335 2815 cta,
365 2759 491 2827 quia
520 2761 801 2830 templum
833 2768 961 2814 sunt
995 2763 1237 2832 Spiritus
1258 2764 1453 2820 sancti.
1484 2765 1642 2833 juxta
1676 2764 1823 2834 quod

244 2840 421 2918 dicitur
448 2845 581 2900 alibi
637 2866 648 2902 :
686 2849 969 2917 Templum
999 2852 1090 2903 De:
1124 2857 1383 2903 sanctum
1405 2854 1499 2913 est,
1524 2853 1669 2918 quod
1697 2856 1823 2903 estis

244 2935 381 2997 rost]
404 2935 519 2988 Cor.
558 2939 661 3002 In).
708 2937 777 2990 Et
816 2952 1012 2991 rursus
1047 2954 1058 2990 :
1111 2938 1338 2992 Nescitis
1390 2942 1524 3007 quia
1574 2941 1822 2992 membra

1904 2147 2082 2217 magis
2114 2146 2170 2198 in
2220 2145 2498 2214 sapientia
2553 2142 2877 2206 crescimus,
2914 2159 2982 2196 ea
3027 2142 3097 2196 de
3139 2138 3251 2195 Deo
3284 2126 3497 2195 intelli—

1903 2237 2087 2308 gendo
2119 2252 2242 2305 quae
2274 2241 2439 2287 antea
2472 2232 2890 2302 ignorabamus.
2936 2226 3296 2284 Reformatur
3333 2228 3523 2303 etiam

1906 2321 1962 2375 in
1984 2324 2229 2376 novitate
2255 2339 2453 2375 sensus
2476 2327 2684 2380 noster,
2707 2316 2839 2373 dum
2865 2312 3085 2390 proficit
3103 2319 3160 2372 in
3183 2317 3344 2371 nobis
3364 2328 3506 2389 opus

1905 2410 2271 2481 bonum,quia
2304 2416 2514 2480 quanto
2541 2408 2931 2462 intellectusin
2955 2402 3212 2461 eti'ectum
3244 2400 3507 2476 operibus

1910 2500 2329 2553 vertitur.tanto
2360 2497 2602 2568 amplius
2624 2492 3208 2549 innovatur.Dicamus
3233 2495 3502 2565 apertius:

1908 2597 2028 2642 erat
2060 2590 2184 2657 quis
2217 2588 2270 2640 in
2303 2587 2493 2639 littera
2512 2584 2651 2655 legis
2673 2585 2908 2655 positus,
2937 2601 3047 2638 non
3078 2582 3410 2654 penetrabat
3428 2581 3511 2636 in-

1907 2677 2113 2729 teriora
2152 2695 2162 2728 :
2192 2675 2415 2728 transiit
2439 2673 2507 2727 ad
2563 2668 2919 2743 Evangelium
2958 2692 2970 2726 :
3017 2671 3213 2725 didicit
3242 2671 3388 2741 quod
3420 2658 3509 2724 lex

1906 2764 2235 2835 spiritaliter
2255 2764 2456 2816 debeat
2475 2760 2733 2831 intelligi.
2762 2764 2930 2828 atque
2952 2760 3032 2813 ita
3054 2759 3391 2813 reformatus
3421 2762 3509 2813 est

1905 2853 1961 2906 in
1994 2853 2241 2906 novitate
2259 2868 2456 2904 sensus
2478 2850 2584 2904 sui.
2601 2850 2733 2902 dum
2756 2847 2981 2900 amissis
3008 2846 3254 2900 tenebris
3266 2840 3507 2900 carnalis

1905 2940 2289 3010 intelligentiae
2305 2940 2371 2993 ad
2400 2939 2641 2992 fructum
2664 2936 2887 2990 transiit
2907 2934 3181 3005 spiritalis
3199 2933 3500 3004 allegoriae.

244 3027 397 3074 vestra
423 3028 693 3092 templum
740 3030 870 3079 sunt
920 3026 1167 3094 Spiritus
1197 3030 1422 3081 sancti?
1464 3028 1519 3099 (Ι
1563 3029 1666 3081 Uor
1721 3041 1815 3087 v1.)
1840 3024 1884 3085 C
1908 3029 1995 3083 Sic
2020 3028 2444 3098 intelligendum
2464 3034 2521 3080 et
2539 3026 2608 3080 de
2640 3025 2724 3078 his
2748 3024 2862 3095 qui,
2881 3024 3083 3094 spretis
3111 3022 3279 3085 vitiis,
3311 3016 3381 3077 ad
3398 3021 3505 3076 vir-

246 3109 455 3179 Oportet
481 3130 623 3183 ergo
646 3120 841 3167 sancta
857 3131 977 3168 esse
997 3128 1252 3186 corpora,
1287 3131 1409 3185 quae
1440 3116 1536 3169 Dei
1562 3118 1693 3169 sunt
1727 3116 1819 3169 ha-

244 3194 481 3254 bitacula.
522 3203 645 3255 Deo
677 3204 1009 3272 placentem,
1045 3200 1099 3256 id
1132 3210 1220 3257 est
1246 3219 1280 3257 a
1312 3203 1457 3256 vitiis
1496 3214 1552 3257 et
1581 3205 1820 3274 peceatis

243 3294 554 3356 separatam,
593 3292 729 3359 quia
746 3292 840 3362 qui
858 3291 1002 3344 vitiis
1030 3308 1089 3345 se
1129 3291 1408 3346 subtrahit
1437 3300 1493 3346 et
1523 3293 1820 3346 virtutibus

244 3372 508 3436 imbuitur.
544 3377 663 3431 Deo
706 3379 900 3447 utique
945 3378 1140 3448 placet.
1179 3374 1531 3433 Rationabile
1560 3379 1635 3432 sit
1663 3377 1822 3432 obse-

243 3468 409 3530 quium
440 3466 1059 3536 vestrum.0bsequium
1091 3468 1310 3537 proprie
1331 3469 1540 3521 dicitur
1559 3466 1820 3521 obedien-

242 3548 322 3613 tia,
344 3551 408 3605 ab
433 3570 497 3607 eo
524 3553 696 3608 verbo
734 3556 880 3626 quod
911 3562 996 3608 est
1022 3554 1317 3625 obsequor,
1351 3557 1445 3609 sed
1468 3556 1556 3608 hic
1577 3554 1653 3608 ab
1667 3558 1818 3625 Apo-

241 3641 362 3692 stolo
391 3658 487 3711 pro
505 3644 665 3697 cultu
696 3644 893 3696 divinae
924 3644 1209 3712 religionis
1236 3645 1480 3714 ponitur.
1505 3645 1651 3713 quod
1684 3644 1814 3696 olim

241 3728 599 3795 apudludams
632 3731 1438 3802 quodammodoirrationabile
1460 3731 1816 3800 fuit.quando

239 3817 773 3883 putabantinvisibili
799 3827 855 3872 et
876 3821 1205 3890 incorporeo
1231 3822 1343 3874 Deo
1374 3837 1472 3891 per
1499 3820 1815 3890 corporales

240 3901 468 3960 victimas
523 3914 583 3961 et
636 3908 1094 3977 sanguinolentas
1140 3924 1199 3962 se
1240 3924 1400 3978 posse
1431 3909 1668 3979 placere,
1699 3915 1755 3961 et
1783 3924 1817 3961 a

239 3994 454 4058 peccatis
475 3996 741 4050 mandari
780 3996 973 4067 Neque
1000 3996 1146 4050 enim
1175 3998 1243 4050 ad
1274 3998 1547 4051 rationem
1580 3997 1819 4068 pertinet

240 4084 293 4131 ut
316 4083 662 4137 rationabilis
685 4092 1093 4155 creatura.quae
1105 4094 1190 4138 est
1204 4085 1390 4140 homo.
1412 4085 1820 4139 irrationabilla

240 4179 325 4237 pro
344 4186 398 4222 se
425 4172 849 4242 olferatJtaque
871 4173 1217 4227 rationabilis
1245 4176 1434 4227 cultus
1473 4184 1558 4226 est
1588 4178 1649 4226 ut
1680 4173 1812 4238 Deo,

239 4255 321 4322 qui
348 4266 429 4311 est
456 4261 880 4329 spiritus,mens
898 4261 1140 4313 hominis
1159 4261 1444 4325 offeratur,
1481 4261 1817 4314 mortiﬁcata

1900 3121 2051 3169 tutes
2080 3120 2392 3175 transeunt,
2412 3121 2468 3167 et
2489 3112 2621 3166 dum
2657 3113 2958 3183 proﬁciunt
2986 3111 3055 3165 de
3087 3112 3292 3165 virtute
3315 3110 3371 3163 in
3396 3108 3503 3164 vir-

1905 3208 2101 3263 tutem,
2126 3203 2372 3273 quotidie
2394 3203 2732 3254 innovantur
2756 3218 2768 3253 :
2794 3202 2857 3253 ut
2887 3200 3123 3268 probetis
3153 3215 3271 3267 qua;
3306 3200 3377 3251 sit
3407 3214 3502 3252 uo-

1906 3295 2092 3346 luntas
2120 3293 2217 3345 Dei
2243 3310 2257 3344 :
2284 3290 2379 3361 qui
2423 3305 2610 3344 sacras
2648 3289 2965 3359 Scripturas
2994 3286 3197 3342 saeculo
3226 3286 3382 3357 legit,
3410 3286 3506 3342 ille

1905 3381 2117 3434 invenit
2154 3397 2277 3450 quae
2307 3380 2382 3433 sit
2410 3380 2664 3432 voluntas
2693 3376 2810 3441 Dei,
2844 3374 2897 3429 id
2930 3379 3016 3429 est
3046 3372 3176 3447 quid
3224 3375 3336 3428 Deo
3376 3372 3498 3445 pla-

1901 3476 2041 3531 ‘ceat,
2071 3468 2271 3538 quidve
2309 3466 2617 3537 displiceat,
2662 3464 2746 3518 vel
2778 3463 3057 3535 quomodo
3085 3463 3338 3516 voluntas
3371 3463 3493 3532 ejus

1900 3556 2119 3626 impleri
2136 3556 2326 3627 possit.
2360 3554 2421 3608 In
2444 3552 2701 3607 omnibus
2721 3552 2929 3606 etenim
2953 3546 3269 3605 actionibus
3292 3549 3500 3604 nostris

1898 3644 2165 3697 debemus
2195 3642 2539 3713 perpendere
2571 3648 2760 3694 utrum
2786 3640 2897 3693 Deo
2926 3638 3155 3707 accepta
3184 3638 3299 3691 sint
3331 3642 3502 3705 Opera

1900 3744 2022 3802 quae
2050 3733 2269 3800 agimus
2289 3746 2475 3784 annon
2512 3747 2524 3781 :
2557 3732 2778 3795 bona,et
2798 3728 3217 3796 beneptacensmt
3234 3722 3497 3794 perfecta.

1899 3820 2052 3873 Bona
2085 3818 2341 3872 voluntas
2369 3818 2464 3871 Dei
2486 3823 2568 3871 est
2600 3817 2731 3886 quia
2761 3814 3219 3891 bonaqdesiderat
3248 3816 3500 3885 semper;

1898 3902 2285 3978 beneplacens,
2311 3907 2442 3976 quia
2470 3905 2659 3958 omnia
2686 3904 2831 3957 bona
2862 3902 3065 3974 placita
3094 3906 3226 3956 sunt
3250 3903 3298 3956 ei
3324 3922 3337 3970 ;
3382 3918 3509 3973 per-

1898 3997 2060 4056 facta,
2096 3996 2225 4066 quia
2258 3994 2395 4048 nihil
2425 3993 2767 4063 duplicitatis
2807 3993 2990 4062 placet
3031 3991 3080 4044 ei
3136 3982 3231 4043 sed
3266 4006 3332 4043 ea
3377 4005 3503 4066 quae

1900 4058 2127 4139 sincero
2147 4084 2335 4137 animo
2368 4058 2529 4135 fiunt.
2566 4081 2744 4135 Aliter
2778 4058 2968 4133 :vbona
2999 4079 3055 4132 in
3082 4066 3211 4155 ﬁde,
3241 4058 3504 4149 benepla-

1900 4191 2031 4228 cens
2054 4175 2112 4227 in
2139 4189 2235 4244 spe
2268 4172 2586 4225 futurorum
2619 4169 2911 4230 bonorum,
2951 4164 3199 4239 perfecta
3225 4167 3283 4221 in
3309 4160 3498 4220 chari-

1898 4270 2034 4327 tate,
2068 4262 2124 4315 id
2153 4264 2238 4315 est
2266 4260 2324 4313 in
2355 4260 2453 4313 Dei
2482 4258 2779 4312 dilectione
2804 4264 2861 4311 et
2886 4246 3144 4326 proximi.
3181 4255 3310 4311 Haec
3338 4248 3492 4309 enim

241 4343 437 4399 avitiis.
468 4348 1091 4418 Quandocunqueenim
1116 4348 1247 4401 vitia
1280 4349 1464 4401 carnis
1488 4355 1543 4402 et
1574 4348 1811 4402 recidiva
1835 4336 2012 4406 Dtria
2040 4352 2382 4405 voluntatem
2430 4347 2526 4400 Dei
2571 4346 2883 4417 perﬁciunt.
2933 4344 3059 4399 Sive
3111 4344 3276 4398 aliter
3307 4363 3317 4398 :
3353 4341 3502 4398 bona

240 4441 445 4498 peccata
472 4437 526 4490 in
561 4435 724 4490 nobis
745 4436 1165 4500 mortiﬁcamus,
1201 4437 1612 4507 virtutibusque
1648 4437 1814 4507 polle-

240 4523 553 4586 mus,hostia
570 4525 692 4577 viva
712 4532 880 4594 atque
895 4524 1244 4578 rationabilis
1259 4525 1548 4579 efﬁcimur.
1577 4526 1683 4580 Sed
1706 4525 1814 4578 for-

239 4609 577 4682 tassequaerit
596 4612 803 4683 aliquis
826 4630 837 4664 :
862 4613 1047 4675 Quare
1072 4614 1217 4667 Deus
1234 4613 1585 4684 omnipotens
1606 4614 1812 4683 legales

240 4692 429 4753 hostias
457 4703 823 4772 victimasque
852 4701 956 4755 sibi
1003 4704 1327 4773 praeceperit
1376 4705 1582 4769 offerri,
1615 4704 1661 4756 si
1692 4703 1811 4773 ipse

240 4798 325 4853 per
348 4788 440 4842 illa
466 4790 743 4844 sacrificia
776 4790 1135 4844 offerentibus
1161 4792 1448 4862 plaCabilis
1480 4807 1587 4845 non
1621 4791 1813 4844 redde-

241 4867 400 4935 batur,
431 4880 574 4931 adeo
605 4886 666 4931 ut
700 4884 920 4949 peccata
953 4879 1035 4931 eis
1065 4878 1424 4949 indulgeret?
1453 4880 1554 4933 Cui
1588 4895 1812 4949 respon-

238 4958 461 5017 dendum
484 4972 591 5029 est,
606 4965 676 5019 ob
691 4965 830 5019 duas
853 4967 1125 5037 praecipue
1155 4984 1353 5021 causas
1372 4969 1473 5021 hoc
1492 4985 1526 5021 a
1542 4968 1654 5022 Deo
1677 4984 1812 5039 pra:-

240 5059 439 5119 ceptum
470 5070 627 5107 esse:
656 5056 735 5107 vel
770 5055 900 5125 quia
933 5055 1090 5119 proni
1113 5063 1276 5132 erant
1298 5057 1470 5109 animi
1492 5055 1812 5110 Judaeorum

241 5136 299 5188 ad
328 5139 469 5195 idola
486 5142 741 5200 colenda.
772 5150 941 5212 atque
969 5143 1092 5196 ideo
1116 5145 1462 5198 tolerabilius
1483 5154 1605 5198 erat
1638 5146 1749 5198 Deo
1781 5161 1814 5198 a

242 5238 293 5277 se
318 5238 494 5282 creata
523 5231 627 5284 sibi
659 5231 844 5284 offerri
869 5248 1035 5302 quam
1067 5232 1431 5293 dieinonibus,
1463 5232 1541 5287 vel
1572 5234 1701 5303 quia
1732 5250 1814 5287 ve-

243 5328 350 5366 rum
377 5319 708 5372 sacrificium
741 5320 990 5373 futurum
1036 5326 1156 5373 erat
1192 5321 1246 5373 in
1290 5323 1516 5391 mundo.
1552 5318 1820 5374 Dominus

178 5439 183 5444 .
247 5401 477 5457 videlicet
503 5406 664 5461 Jesus
696 5408 1073 5478 Christusqui
1100 5426 1208 5462 una
1233 5409 1613 5463 immolatione
1628 5408 1820 5463 abstu-

1897 4441 2152 4494 voluntas
2185 4439 2283 4492 Dei
2305 4437 2458 4490 estin
2487 4432 3197 4505 conjugatis.beneplacens
3216 4432 3273 4486 in
3294 4422 3499 4499 viduis,

1896 4528 2141 4599 perfecta
2169 4527 2226 4579 in
2256 4508 2666 4595 virginibusiii
2695 4528 2810 4576 tres
2842 4523 3087 4584 ordines,
3113 4518 3159 4575 si
3190 4519 3499 4574 Secundum

1893 4619 2236 4670 voluntatem
2269 4615 2367 4668 Dei
2395 4622 2452 4667 et
2480 4613 2746 4665 virtutum
2776 4609 3063 4663 tramitem
3101 4607 3495 4678 processerint,

1894 4704 2138 4777 praemiis
2167 4701 2471 4756 voluntatis
2498 4698 2596 4753 Dei
2627 4696 3007 4751 donabuntur.

1966 4793 2094 4845 Dico
2110 4794 2261 4843 enim
2278 4800 2378 4858 per
2390 4790 2636 4855 gratiam
2666 4802 2783 4854 qua
2806 4784 2937 4837 data
2966 4786 3040 4837 est
3070 4781 3498 4859 mihipmnibus

1894 4884 1994 4949 qui
2012 4882 2304 4933 suntinler
2315 4894 2402 4930 ros
2419 4896 2433 4929 :
2449 4878 2573 4930 Non
2588 4876 2911 4942 plussapere
2934 4888 3102 4940 quam
3127 4873 3331 4940 oportet
3354 4874 3505 4939 sape-

1895 4978 1972 5027 re,
1988 4969 2079 5021 sed
2097 4978 2281 5034 sapere
2296 4967 2369 5017 ad
2378 4965 2740 5016 sobrietatem.
2761 4959 3013 5014 Gratiam
3039 4959 3096 5013 in
3117 4950 3222 5013 lioc
3250 4950 3394 5023 loco,
3410 4958 3496 5012 se-

1896 5055 2141 5110 cundum
2176 5052 2399 5107 beatum
2446 5048 2827 5111 Ambrosium,
2860 5049 3194 5119 sapientiam
3228 5034 3498 5101 debemus

1897 5143 2170 5212 accipere,
2206 5156 2327 5211 quae
2363 5138 2530 5191 Paulo
2562 5137 2739 5206 gratis
2762 5136 2892 5189 data
2914 5143 2999 5190 est
3016 5136 3137 5191 sine
3154 5138 3270 5191 suis
3287 5134 3506 5191 meritis

1898 5232 1957 5285 in
1993 5230 2229 5283 scientia
2256 5225 2476 5281 Veteris
2507 5234 2556 5279 et
2613 5226 2751 5279 Novi
2777 5225 3143 5289 Testamenti,
3195 5230 3252 5280 et
3296 5228 3351 5280 in
3395 5216 3505 5280 lin-

1902 5322 2032 5391 guis
2053 5319 2303 5373 onmium
2329 5318 2760 5387 gentium.Dicit
2780 5317 2927 5371 enim
2949 5316 3147 5371 beatus
3160 5317 3511 5388 Augustinus

1905 5411 1960 5462 in
1989 5409 2228 5479 quodam
2262 5422 2520 5460 sermone
2552 5422 2652 5459 suo
2686 5420 2697 5454 :
2734 5404 3005 5460 Uivinitus‘
3037 5406 3115 5459 ita
3145 5407 3505 5481 procuratum

248 5484 307 5540 lit
329 5501 611 5559 peccatum
638 5496 855 5557 mundi,
892 5497 1041 5566 quod
1078 5497 1306 5551 omnino
1344 5498 1578 5569 dignum
1609 5504 1732 5550 erat
1759 5504 1824 5550 ut
1905 5510 2027 5551 esse
2052 5496 2341 5566 Apostolo,
2364 5498 2428 5548 ut
2447 5495 2580 5566 quia
2600 5492 2860 5548 omnibus
2871 5492 3133 5563 gentibus
3163 5498 3285 5545 erat
3312 5487 3507 5560 praedi-
