3936 6164
438 177 538 232 471
893 175 1274 233 HAYMONIS
1311 178 1801 237 HALBERSTAT.
1836 181 2059 239 EPlSC.
2092 184 2250 239 OPP.
2285 181 2468 236 PARS
2498 181 2541 234 Ι.
2578 209 2640 220 -
2676 176 3045 233 COMMENT.
3083 176 3260 231 BIBL.
3592 175 3687 232 47⁸2

448 305 696 367 caturus,
719 302 993 372 majorem
1021 301 1353 372 sapientiam
1384 320 1498 374 pra:
1531 306 1791 361 omnibus
1817 312 2106 379 aposto-A
2128 314 2381 362 nostrum
2428 321 2539 359 non
2560 301 2726 357 debet
2755 301 3018 355 invadere
3050 299 3281 355 alterius
3316 299 3689 356 ministerium.

444 390 516 445 lis
543 389 795 454 haberet,
825 396 890 444 ut
908 389 1168 444 omnibus
1198 391 1541 463 philosophis
1556 395 1811 464 gentium
1833 402 1889 451 et
1912 397 2045 450 sim-
2129 399 2197 452 Et
2217 404 2407 450 tamen
2440 394 2586 446 sicut
2629 390 2770 445 oculi
2815 390 3004 443 vident
3039 395 3158 442 toto
3203 388 3437 459 corpori,
3470 393 3525 442 et
3547 405 3693 442 aures

448 480 688 552 plicibus
710 484 860 534 esset
886 480 1186 534 sufﬁciens.
1218 482 1377 535 Unde
1404 489 1459 536 et
1484 483 1683 538 Petrus
1711 485 1769 539 in
1800 487 2048 556 Epistola
2129 484 2385 547 audiunt,
2424 487 2477 535 et
2509 498 2570 534 os
2610 479 2878 550 loquitur,
2913 484 2968 531 et
2998 494 3198 530 manus
3223 482 3584 548 cooperantur
3608 494 3695 531 suo

450 586 554 623 sua
576 569 773 623 laudat
789 568 968 633 illum,
994 568 1184 622 dicens
1212 587 1229 622 .'
1264 570 1434 636 Sicut,
1455 571 1839 642 inquit,frater
1858 579 2049 628 noster
2129 572 2370 642 corpori,
2401 569 2480 624 sic
2513 568 2720 623 debent
2750 582 2916 637 agere
2946 573 3004 620 et
3039 565 3315 636 spiritalia
3343 564 3583 618 membra
3606 565 3699 618 Ec-

451 658 662 713 Paulus
693 656 960 727 praedicat
991 657 1045 710 in
1072 657 1330 712 omnibus
1360 660 1607 714 ecclesiis
1637 663 1941 716 secundum
1965 679 2049 717 sa-
2130 658 2497 715 clesiae.0culi
2513 662 2645 711 sunt
2664 655 2759 727 qui
2781 655 2903 709 aliis
2917 654 3237 708 ministrant
3257 654 3512 725 spiritale
3526 653 3699 707 lumen

450 745 719 817 pientiam
747 744 853 798 sibi
874 745 1040 799 aDeo
1068 746 1256 799 datam
1287 748 1361 809 (II
1388 750 1530 802 Petr.
1565 750 1832 819 m).Quod
1859 757 2047 804 autem
2131 750 2275 802 sicut
2320 748 2574 800 doctores
2609 730 2857 805 :'aures,
2904 742 3034 796 boni
3074 742 3376 803 auditores,
3420 741 3515 811 qui
3553 740 3701 794 verba

452 832 873 897 dicit,omnibus
887 834 982 902 qui
995 840 1128 887 sunt
1149 834 1300 888 inter
1315 837 1774 907 vos,simpliciter
1793 845 1847 892 et
1868 845 2051 910 potest
2132 836 2530 906 magistrorum
2563 832 2854 886 humiliter
2873 830 3112 885 audiunt
3138 849 3151 895 ;
3187 845 3377 887 nares.
3422 828 3515 899 qui
3538 828 3702 882 scien-

450 921 781 993 intelligi,ut
797 921 1342 977 dicatur:Omnibus
1362 924 1483 978 dico
1506 927 1744 995 quisunt
1763 927 1911 982 inter
1928 944 2045 994 vos,
2130 926 2269 980 tiam
2300 921 2652 977 discernendi
2694 921 2842 973 inter
2898 920 3104 973 fetores
3150 918 3413 972 vitiorum
3446 924 3502 971 et
3526 917 3704 970 odores

455 1015 514 1065 et
540 1010 727 1066 altiori
757 1009 1136 1073 intellectu,ut
1158 1011 1284 1065 illos
1301 1012 1625 1083 alloquetur
1644 1016 1737 1086 qui
1764 1033 1863 1086 per
1882 1017 2049 1071 ﬁdem
2131 1014 2402 1068 virtutum
2434 1010 2718 1075 obtinent;
2752 1026 2835 1071 os,
2879 1008 2974 1079 qui
3013 1007 3152 1062 alios
3183 1006 3478 1072 erudiunt;
3505 1022 3703 1069 manus,

452 1098 570 1154 Deo
601 1098 964 1153 adhaerebant
991 1099 1086 1170 qui
1115 1116 1336 1171 semper
1360 1101 1528 1155 habet
1547 1119 1689 1170 esse,
1722 1106 1871 1159 Deus
1899 1105 2049 1159 enim
2134 1103 2230 1173 qui
2257 1100 2383 1155 aliis
2412 1098 2738 1153 ministrant
2794 1096 3109 1150 necessaria
3158 1095 3306 1149 sicut
3332 1099 3466 1148 sunt
3492 1094 3703 1148 eleemo—

455 1188 608 1242 solus
623 1194 711 1242 est
726 1187 858 1258 quia
872 1187 992 1258 ipse
1006 1187 1633 1246 substantialiterhabet
1645 1209 1785 1258 esse,
1814 1194 1961 1247 sicut
1980 1194 2050 1248 ad
2135 1190 2347 1262 synarii
2374 1187 2505 1242 boni
2532 1206 2543 1248 ;
2574 1187 2766 1257 pedes,
2793 1184 2888 1256 qui
2924 1201 3024 1255 pro
3044 1185 3319 1253 sanguine
3347 1182 3564 1237 innoxio
3591 1182 3709 1235 libe-

457 1276 691 1347 Moysen
722 1275 861 1329 dicit
887 1276 1083 1344 (Exod.
1117 1275 1194 1346 In)
1233 1296 1244 1330 :
1272 1280 1378 1344 Ego
1407 1295 1528 1331 sum
1563 1284 1662 1346 qui
1683 1297 1830 1343 sum,
1859 1291 1916 1335 et
1946 1284 2054 1349 Ego
2135 1278 2335 1342 rando,
2374 1282 2431 1330 et
2477 1276 2546 1329 ad
2578 1275 2836 1328 inﬁrmos
2864 1273 3170 1326 visitandos
3192 1276 3448 1325 currunt.
3479 1271 3601 1324 Haec
3617 1270 3707 1323 sibi

456 1379 583 1416 sum
617 1365 753 1416 Deus
781 1363 1085 1429 Abraham,
1118 1369 1224 1418 etc.
1260 1365 1589 1436 Quicunque
1618 1384 1753 1438 ergo
1772 1369 1852 1422 illi
1867 1370 2055 1423 adhaa-
2139 1365 2373 1421 invicem
2405 1363 2722 1435 prospicere
2736 1367 2793 1416 et
2810 1360 3130 1415 ministrare
3150 1359 3710 1429 debent.Quapropter

461 1457 609 1517 rent,
638 1449 720 1503 illi
736 1454 885 1513 sunt,
898 1450 1045 1505 sicut
1063 1457 1120 1505 et
1148 1452 1242 1522 qui
1273 1469 1384 1507 non
1403 1455 1708 1518 adhaerent,
1746 1473 1858 1511 non
1884 1462 2052 1512 sunt:
2140 1460 2197 1509 et
2242 1455 2414 1508 infert
2452 1450 2754 1522 Apostolus
2787 1469 2798 1502 :
2834 1452 3050 1516 singuli
3084 1454 3270 1502 autem
3324 1451 3471 1502 alter
3498 1450 3708 1500 alterius

460 1553 594 1607 ergo
623 1537 718 1607 qui
751 1543 883 1591 sunt
909 1537 1059 1601 dicit,
1088 1539 1143 1592 id
1178 1545 1261 1594 est
1294 1541 1388 1610 qui
1434 1559 1535 1611 per
1577 1543 1746 1597 ﬁdem
1794 1561 1916 1614 qua
1959 1562 2060 1616 per
2140 1545 2387 1596 membra
2408 1559 2423 1604 ;
2451 1539 2581 1610 quia
2611 1538 2997 1609 unusquisque
3019 1539 3182 1608 juxta
3200 1536 3448 1607 gratiam
3466 1533 3567 1588 sibi
3595 1535 3713 1588 divi-

459 1625 817 1680 dilectionem
848 1632 1114 1696 operatur
1127 1628 1243 1681 Deo
1270 1630 1620 1700 copulantur.
1648 1632 1716 1687 Et
1736 1633 1868 1703 quid
1890 1633 2013 1687 dico
2030 1618 2116 1687 ?B
2137 1632 2290 1686 nitus
2316 1630 2578 1684 collatam
2606 1627 2745 1681 alios
2781 1628 2978 1697 juvare
3021 1624 3204 1691 debet,
3237 1631 3305 1678 ut
3346 1624 3459 1679 sint
3495 1622 3595 1677 sibi
3636 1622 3711 1675 in-

460 1714 581 1768 Hoc
608 1713 804 1783 utique
832 1714 956 1768 dico
985 1720 1043 1769 et
1060 1716 1340 1787 praecipio,
1382 1734 1495 1771 non
1516 1720 1642 1789 plus
1670 1736 1867 1791 sapere
1887 1737 2056 1791 quam
2138 1722 2314 1774 vicem
2342 1717 2615 1782 membra,
2646 1721 2705 1769 et
2730 1716 2790 1769 in
2830 1714 3200 1786 spiritalibus,
3236 1719 3294 1767 et
3346 1713 3409 1766 in
3463 1716 3713 1782 tempora-

458 1806 683 1872 oportet
710 1802 986 1872 sapere,id
1012 1810 1099 1857 est
1113 1820 1226 1858 non
1243 1805 1679 1875 superbire.Hoc
1700 1809 1834 1863 dicit
1861 1817 2060 1864 contra
2140 1809 2304 1863 libus.

455 1889 700 1960 gentiles
725 1896 1027 1949 tumentes,
1058 1892 1154 1962 qui
1183 1892 1534 1949 insultabant
1561 1896 1769 1951 Iudaeis
1788 1904 2056 1968 tanquam
2212 1898 2474 1952 Habentes
2489 1899 2675 1949 autem
2696 1894 3014 1946 donationes
3035 1892 3337 1945 secundum
3350 1892 3714 1957 gratiam,qu.e

458 1977 634 2032 ramis
680 1977 887 2032 fractis.
920 1979 1055 2033 Plus
1094 1982 1244 2034 enim
1286 1999 1454 2052 quam
1504 1991 1725 2055 oportet
1761 1987 1927 2057 sapit,
1961 1987 2057 2057 qui
2138 1987 2271 2039 data
2300 1970 2375 2038 est
2405 1985 2580 2048 nobis,
2624 1984 2950 2049 di/ferentes.
2984 1978 3052 2033 In
3084 1980 3186 2033 hoc
3211 1978 3334 2032 loco
3372 1976 3614 2030 defectus
3641 1973 3708 2027 di-

459 2071 691 2138 propter
726 2067 960 2121 alterius
998 2068 1285 2123 miseriam
1339 2087 1399 2125 se
1455 2074 1688 2136 extollit,
1715 2091 1840 2128 cum
1871 2075 2058 2146 potius
2138 2072 2339 2128 ctionis
2360 2077 2464 2134 est,
2494 2075 2839 2142 quapropter
2874 2084 3099 2122 necesse
3146 2072 3232 2121 est
3274 2072 3342 2120 ut
3372 2064 3715 2119 subaudiatur

459 2154 748 2209 humiliari
785 2154 1005 2222 debeat,
1064 2173 1135 2210 ne
1188 2163 1245 2212 et
1286 2159 1406 2230 ipse
1453 2162 1635 2215 cadat.
1673 2163 1969 2217 Dicendum
2002 2170 2059 2217 et
2140 2161 2352 2232 aliquid
2392 2160 2462 2214 ad
2520 2158 2950 2229 completionem
2997 2172 3214 2211 sensus.
3264 2155 3499 2209 Dicatur
3550 2152 3714 2222 itaque

457 2249 690 2315 propter
729 2260 824 2298 eos
866 2243 982 2314 qui,
1022 2262 1218 2299 sanam
1261 2247 1573 2303 doctrinam
1607 2267 1717 2304 non
1755 2259 2057 2317 sectantes,
2141 2252 2248 2305 hoc
2276 2249 2440 2303 modo
2473 2266 2485 2301 :
2520 2249 2726 2303 Sumus
2753 2246 2928 2316 igitur
2971 2262 3073 2299 nos
3102 2243 3376 2298 habentes
3418 2242 3715 2296 donationes

459 2331 715 2402 quaedam
737 2332 995 2386 falsitatis
1023 2332 1289 2403 dogmata
1306 2344 1666 2407 componunt,
1698 2339 1900 2410 quibus
1924 2341 2062 2394 sim-
2144 2338 2452 2393 secundum
2478 2336 2720 2407 gratiam
2748 2352 2871 2405 quae
2897 2335 3029 2388 data
3065 2340 3152 2387 est
3177 2332 3341 2386 nobis
3362 2348 3398 2385 a
3422 2332 3551 2394 Deo,
3580 2329 3714 2382 dilic-

460 2421 687 2493 plicium
715 2423 934 2476 animos
958 2432 1347 2494 corrumpunt,
1378 2442 1487 2479 non
1512 2427 1635 2497 plus
1661 2444 1860 2498 sapere
1888 2445 2057 2500 quam
2140 2433 2328 2479 rentes
2352 2432 2410 2479 et
2437 2424 2508 2479 ab
2534 2423 2768 2477 invicem
2800 2422 3092 2487 distantes,
3108 2421 3254 2474 sicut
3273 2425 3331 2474 et
3354 2418 3598 2473 membra
3616 2432 3715 2470 cor-

462 2515 682 2581 oportet
715 2527 932 2581 sapere.
964 2511 1197 2581 Oportet
1227 2513 1469 2585 denique
1488 2522 1551 2569 ut
1581 2516 1722 2569 viam
1743 2519 2058 2587 praeceden-
2140 2514 2310 2586 poris.
2346 2512 2515 2567 Verbi
2542 2512 2727 2582 gratia
2752 2527 2763 2561 :
2793 2511 2987 2564 oculus
3017 2525 3129 2563 non
3152 2514 3239 2563 est
3265 2508 3443 2572 auris,
3470 2523 3567 2561 nec
3585 2504 3715 2559 auris

459 2598 605 2653 tium
635 2599 928 2657 doctorum
962 2598 1218 2655 imitetur
1273 2608 1328 2655 et
1373 2603 1658 2672 ingenium
1702 2606 2058 2673 praesentium
2142 2602 2335 2656 oculus
2366 2618 2380 2654 :
2410 2601 2491 2655 sic
2512 2608 2646 2654 sunt
2673 2600 2729 2653 in
2765 2599 3013 2652 Ecclesia
3043 2598 3139 2668 qui
3169 2602 3304 2651 sunt
3329 2595 3498 2657 oculi,
3530 2600 3583 2649 et
3620 2608 3716 2647 nou

461 2687 883 2757 magistrorum,
913 2688 1227 2760 adimplens
1257 2690 1405 2761 quod
1444 2692 1581 2746 dicit
1619 2693 1908 2764 Sapientia
1934 2714 1945 2748 :
1980 2697 2059 2749 Ne
2143 2696 2276 2743 sunt
2307 2705 2493 2753 aures,
2525 2694 2659 2742 sunt
2688 2703 2853 2741 aures
2878 2694 2936 2740 et
2965 2703 3076 2740 non
3098 2694 3231 2740 sunt
3258 2685 3406 2739 oculi
3438 2699 3449 2733 :
3483 2688 3608 2737 sunt
3630 2681 3717 2734 do-

463 2777 903 2843 transgrediaris
934 2780 1197 2831 terminos
1230 2796 1362 2847 quos
1398 2786 1703 2847 posuerunt
1743 2786 1925 2850 patres
1975 2786 2061 2836 tui
2142 2784 2346 2842 ctores,
2380 2783 2513 2830 sunt
2540 2773 3454 2845 auditores,sunteleemosynarii,
3479 2778 3535 2827 et
3556 2769 3716 2824 caeteri

459 2865 640 2931 (Prov.
672 2865 822 2929 xm),
853 2864 952 2918 sed
988 2881 1187 2936 sapere
1216 2867 1287 2921 ad
1341 2866 1722 2936 sobrietatem,
1759 2870 1817 2923 id
1859 2875 1944 2924 est
1988 2870 2059 2924 ad
2089 2927 2123 2936 ,-
2142 2866 2369 2920 ordines
2402 2866 2459 2918 in
2489 2864 2692 2935 quibus
2719 2864 2895 2918 divisa
2948 2870 3034 2917 est
3076 2863 3275 2933 gratia.
3315 2861 3513 2916 Gratia
3540 2859 3718 2913 dicitur

425 2954 431 2961 ”
460 2927 917 3035 temperantiam.
970 2927 1163 3008 Sobrie
1210 2972 1452 3027 namque
1482 2958 1650 3027 sapit,
1683 2932 1778 3028 qui
1809 2927 2125 3028 agnoscite
2140 2955 2318 3025 gratis
2347 2927 2588 3019 data,-et
2624 2952 2893 3022 quidquid
2924 2927 3131 3006 habent
3160 2951 3356 3005 ﬁdeles
3387 2950 3646 3004 donorum
3672 2950 3718 3035 et

464 3039 599 3111 quid
630 3038 749 3121 ipse
768 3040 923 3103 sit,et
940 3041 1087 3096 sicut
1109 3060 1293 3097 coram
1328 3046 1440 3098 Deo
1471 3045 1527 3099 in
1550 3046 1772 3101 Christo
1793 3047 2060 3118 loquitur.
2145 3043 2510 3097 donationum
2565 3041 2751 3111 gratia
2798 3040 2897 3095 Dei
2924 3046 3026 3101 est,
3071 3039 3204 3111 quia
3226 3040 3347 3093 sine
3387 3039 3502 3093 suis
3530 3034 3717 3090 meritis

463 3128 586 3183 Hoc
610 3131 965 3213 praeceptum
1012 3133 1352 3201 transgressi
1403 3140 1536 3187 sunt
1564 3150 1757 3188 omnes
1793 3136 2060 3191 haeretici.
2146 3132 2286 3185 illud
2324 3135 2739 3202 perceperunt:
2773 3133 2882 3183 sive
2916 3130 3286 3198 prophetiam,
3318 3126 3581 3182 subaudis
3611 3122 3716 3194 quis

463 3216 534 3271 Et
563 3215 890 3286 unicuique,
914 3217 1331 3283 subaudis,dico
1347 3220 1426 3274 sic
1443 3221 1647 3276 debere
1668 3239 1885 3294 sapere,
1923 3227 2065 3278 sicut
2145 3220 2317 3274 habet
2347 3238 2358 3272 :
2392 3223 2504 3276 sive
2551 3222 2827 3272 rationem
2874 3219 3002 3285 ﬁdei
3046 3217 3214 3271 habet
3241 3217 3420 3282 illam,
3452 3215 3579 3287 quia
3601 3212 3717 3266 ﬁdes

466 3307 814 3375 Deusdivisit
834 3322 1157 3360 mensuram
1178 3309 1327 3374 ﬁdei:
1351 3308 1406 3362 in
1427 3309 1537 3362 ﬁde
1548 3326 1790 3381 namque
1802 3327 2067 3366 mensura
2145 3309 2250 3363 hoc
2282 3308 2607 3379 promeruit.
2635 3307 2692 3362 Si
2713 3307 2862 3361 enim
2896 3322 3009 3360 non
3034 3306 3488 3363 credidissemus,
3513 3302 3717 3374 praphe-

469 3399 575 3459 est,
604 3400 878 3465 quantum
909 3395 980 3448 ad
1006 3401 1257 3449 nostram
1288 3398 1652 3466 capacitatem
1684 3399 1906 3462 attinet,
1935 3400 2064 3471 quia
2144 3397 2237 3450 tiae
2256 3397 2515 3468 spiritum
2534 3411 2890 3466 nequaquam
2906 3394 3331 3465 accepissemus.
3352 3391 3714 3462 LegiturtAct.

469 3483 614 3537 alius
634 3483 778 3554 plus,
807 3483 953 3538 alius
980 3483 1167 3537 minus
1183 3485 1378 3539 credit.
1414 3486 1684 3556 Mnjorem
1716 3488 1864 3541 enim
1897 3489 2063 3542 ﬁdem
2149 3487 2229 3555 χι)
2257 3485 2483 3554 Agabus
2514 3484 2877 3555 prophetasse
2905 3490 3032 3553 post
3086 3482 3306 3536 Domini
3341 3479 3716 3539 ascensionem,

470 3572 792 3627 habuerunt
818 3572 1057 3642 apostoli
1087 3577 1305 3626 montes
1333 3575 1739 3640 transtiwendo,
1773 3592 1940 3646 quam
1967 3593 2070 3631 nos
2152 3580 2210 3628 et
2237 3580 2479 3644 quatuor
2516 3572 2643 3626 ﬁliae
2673 3571 2938 3641 Philippi.
2971 3569 3087 3640 Ipsi
3125 3570 3297 3624 etiam
3348 3567 3581 3640 apostoli
3609 3580 3718 3637 pro-

470 3660 801 3716 habeamus.
847 3660 974 3714 Sive
1020 3660 1355 3730 intelligitur
1384 3662 1499 3716 haec
1529 3680 1793 3717 rm-nsura
1820 3664 1876 3718 in
1908 3665 2071 3719 donis
2151 3664 2332 3734 pheta
2378 3662 2625 3723 fuerunt,
2667 3660 2799 3730 quia
2843 3660 3035 3713 futura
3082 3659 3313 3730 praemia
3342 3659 3634 3712 electorum
3673 3656 3719 3705 et

466 3747 600 3802 ﬁdei
659 3746 793 3817 quia
831 3746 1168 3801 habentibus
1208 3746 1396 3809 ﬁdem,
1436 3749 1530 3803 alii
1568 3751 1735 3804 datur
1763 3768 1946 3806 sermo
1974 3769 2072 3806 sa-
2152 3767 2345 3822 poenas
2400 3749 2764 3821 reproborum
2806 3748 3185 3819 praedicabant
3228 3747 3345 3802 suis
3377 3742 3717 3803 auditoribus,

468 3835 715 3908 pientim,
741 3833 838 3887 alii
868 3851 1054 3889 sermo
1085 3835 1331 3891 scientiae
1354 3839 1410 3909 (Ι
1438 3838 1555 3892 Cor.
1596 3850 1710 3902 xu).
1733 3846 1822 3894 etc
1869 3841 1937 3895 Et
1960 3841 2069 3895 hu-
2154 3840 2278 3893 Alio
2312 3838 2495 3902 modo,
2528 3837 2882 3908 prOphetiam
2914 3836 3005 3890 hic
3033 3853 3132 3908 pro
3162 3836 3424 3890 doctrina
3452 3846 3719 3906 possumus

466 3923 716 3996 jusmodi
738 3939 1004 3977 mensura
1031 3925 1338 3979 secundum
1388 3927 1661 3981 rationem
1717 3928 1847 3982 ﬁdei
1878 3930 2065 3996 datur,
2153 3928 2423 3998 accipere,
2469 3931 2535 3979 ut
2596 3925 2669 3978 sit
2716 3941 2952 3978 sensus:
3004 3925 3117 3978 sive
3164 3925 3536 3995 prophetiam,
3571 3920 3622 3974 id
3650 3921 3720 3972 est
3758 3948 3772 3954 ο

472 4012 737 4085 quoniam
760 4028 872 4067 non
902 4012 1010 4066 nisi
1031 4013 1199 4067 ﬁdem
1231 4014 1553 4068 tenentibus
1572 4015 1862 4069 tribuitur.
1894 4016 2067 4071 Intel-
2150 4013 2616 4083 doctrinam,quis
2642 4012 2812 4066 habet
2830 4011 3140 4067 secundum
3170 4013 3447 4066 rationem
3479 4007 3719 4071 ﬁdei,dis-

468 4102 668 4173 iigitur
682 4107 737 4156 et
754 4102 920 4155 ﬁdem
947 4100 1275 4155 ministeriis
1297 4103 1701 4167 ecclesiasticis,
1727 4121 1850 4174 qua:
1878 4122 2071 4159 secun-
2150 4109 2349 4175 penset
2378 4103 2554 4164 illam,
2584 4118 2686 4156 nec
2707 4102 2833 4172 plus
2867 4102 3050 4172 sapiat
3080 4118 3249 4172 quam
3280 4107 3502 4170 oportet
3527 4110 3714 4168 sapere.

473 4190 609 4243 dum
642 4189 868 4242 modum
900 4205 1064 4242 suum
1096 4188 1301 4242 debent
1316 4191 1528 4259 peragi.
1558 4197 1616 4244 et
1644 4208 1755 4246 non
1777 4194 1926 4247 ultra
1951 4194 2073 4247 lici—
2091 4189 2134 4246 ι)
2157 4192 2448 4245 Rationem
2475 4196 2663 4243 autem
2692 4189 2842 4253 fidei,
2870 4189 3162 4243 veritatem
3188 4188 3477 4242 catholicae
3506 4181 3722 4248 ﬁdei,di-

478 4286 597 4331 tum
620 4275 902 4346 usurpari.
930 4275 1097 4329 Verbi
1116 4277 1327 4345 gratia:
1358 4277 1658 4349 Presbyter
1676 4297 1752 4344 es,
1778 4298 1889 4336 non
1911 4299 2070 4336 usur—
2150 4282 2244 4342 cit,
2262 4279 2571 4334 secundum
2594 4294 2761 4348 quam
2784 4278 2951 4332 debet
2969 4277 3205 4348 quilibet
3217 4277 3414 4330 doctor
3426 4277 3720 4345 dispensare

474 4380 575 4436 pes
621 4363 868 4434 episcopi
898 4363 1311 4418 ministerium:
1363 4366 1630 4422 diaconus
1677 4386 1756 4434 es,
1810 4371 1925 4425 noli
1966 4371 2069 4425 tibi
2153 4368 2602 4439 praedicationem
2626 4383 2806 4431 suam,
2837 4383 2907 4420 ne
2928 4367 3070 4420 forte
3090 4366 3373 4420 averitate
3394 4364 3569 4419 deviet
3593 4379 3604 4414 :
3629 4362 3719 4411 sive

472 4451 758 4506 vindicare
787 4450 1001 4522 aliquid
1016 4468 1082 4505 ex
1110 4453 1292 4507 ofﬁcio
1320 4455 1751 4527 presbyteri.Sic
1765 4457 1834 4511 de
1858 4459 2071 4513 caeteris
2154 4461 2554 4522 ministerium,
2578 4456 2846 4511 subaudis
2877 4456 3003 4526 quis
3033 4456 3219 4517 habet,
3256 4458 3318 4508 in
3349 4448 3717 4508 ministrando.

474 4540 805 4596 ministeriis
836 4546 893 4595 et
913 4540 1182 4611 gradibus
1211 4541 1635 4613 intelligendum
1665 4552 1775 4602 est.
2155 4561 2265 4600 non
2297 4546 2423 4616 plus
2447 4544 2631 4614 sapiat
2669 4559 2835 4614 quam
2863 4549 3085 4614 oportet
3099 4558 3314 4613 sapere.
3349 4543 3412 4596 1n
3442 4534 3720 4595 ministerio

545 4628 701 4685 Sicut
719 4631 1129 4684 enimmembra
1145 4634 1322 4684 multa
1344 4632 1678 4687 habemusin
1693 4651 1804 4689 uno
1828 4651 2065 4703 corpore,
2154 4633 2363 4687 etenim
2395 4632 2570 4703 gratis
2604 4649 2638 4685 a
2680 4632 2795 4686 Deo
2850 4631 2955 4685 sibi
3011 4630 3234 4695 collato,
3270 4646 3436 4683 nemo
3461 4623 3721 4699 superbire

476 4722 668 4774 omnia
685 4725 873 4773 autem
887 4720 1136 4773 membra
1159 4735 1269 4772 non
1288 4722 1537 4774 eumdem
1552 4728 1735 4776 actum
1768 4724 2072 4789 habent,iia
2154 4721 2339 4786 debet,
2367 4720 2424 4774 id
2447 4727 2535 4774 est
2570 4737 2682 4774 non
2706 4720 2832 4791 plus
2861 4736 3057 4790 sapere
3088 4734 3256 4789 quam
3282 4723 3506 4788 oportet
3528 4726 3717 4785 sapere-

474 4812 647 4863 mutti
674 4825 854 4862 unum
882 4823 1078 4876 corpus
1102 4824 1296 4861 sumus
1326 4811 1388 4861 in
1411 4809 1643 4862 Christo.
1674 4810 1830 4865 Sicut
1865 4812 1921 4864 in
1961 4827 2073 4865 uno
2157 4809 2342 4864 Habes
2375 4809 2523 4880 quod
2543 4809 2825 4863 ministres
2870 4807 3209 4879 pauperibus
3237 4814 3295 4861 et
3321 4804 3602 4878 orphanis,
3627 4797 3723 4853 noli

436 4956 442 4962 ,
474 4913 707 4968 corpore
744 4896 922 4950 multa
967 4894 1219 4949 membra
1270 4912 1445 4949 unum
1494 4913 1696 4966 corpus
1725 4898 1956 4964 faciunt,
1990 4899 2069 4954 ita
2150 4898 2459 4970 superbire,
2488 4898 2620 4968 quia
2648 4897 2827 4969 gratis
2867 4896 2971 4951 tibi
3000 4914 3034 4950 a
3061 4897 3176 4950 Deo
3207 4896 3403 4950 datum
3432 4901 3532 4949 est.
3556 4892 3722 4946 Potest

475 4984 779 5040 multitudo
810 4983 1059 5037 ﬁdelium
1085 4984 1385 5053 conjuncta
1414 5001 1514 5054 per
1536 4985 1701 5039 ﬁdem
1733 4992 1791 5040 et
1814 4986 2070 5041 dilectio-
2150 4994 2207 5042 et
2236 4989 2305 5042 de
2336 4987 2648 5041 ministerio
2670 4985 3039 5040 ecclesiastico
3066 4984 3326 5054 intelligi,
3349 4983 3420 5036 de
3450 4996 3554 5052 quo
3581 4987 3721 5031 nemo

474 5089 603 5128 nem
627 5071 798 5142 capiti
835 5070 1113 5141 suo.quod
1144 5077 1229 5125 est
1260 5071 1717 5135 Christus.unum
1748 5090 1951 5145 corpus
1971 5092 2069 5129 su-
2151 5077 2317 5131 debet
2346 5076 2654 5147 superbire,
2679 5076 2812 5129 licet
2840 5075 2916 5130 sit
2938 5074 3251 5145 episcopus,
3281 5072 3413 5125 licet
3438 5067 3717 5142 presbyter;

474 5177 603 5218 mus
622 5176 748 5214 cum
778 5159 895 5212 illo.
926 5159 1136 5212 Verum
1169 5159 1421 5213 membra
1449 5162 1698 5231 corporis
1738 5163 1916 5216 nostri
1948 5180 2072 5233 pro-
2153 5171 2253 5219 aut
2269 5170 2430 5235 pater
2448 5164 2770 5218 monasterii
2800 5161 3258 5224 constitutus,sed
3292 5160 3469 5230 magis
3496 5156 3649 5212 debet
3672 5164 3720 5203 se

472 5249 601 5322 pria
628 5247 838 5302 habent
869 5246 1144 5311 ofﬁcia,ut
1159 5247 1301 5300 oculi
1327 5248 1571 5315 videndi,
1595 5266 1759 5304 aures
1780 5251 2065 5315 audiendi,
2152 5253 2472 5318 humiliare,
2499 5253 2798 5307 attendens
2830 5252 2970 5305 illud
3000 5253 3147 5322 quod
3175 5248 3382 5303 dicitur
3404 5251 3547 5317 (Luc.
3582 5249 3674 5297 xm
3706 5254 3715 5287 ε

474 5352 532 5394 et
558 5337 777 5408 reliqua
804 5336 1081 5390 similiter.
1115 5336 1184 5390 Et
1213 5336 1357 5390 sicut
1378 5353 1553 5391 unum
1586 5339 1902 5393 membrum
1934 5340 2071 5394 alte-
2153 5343 2349 5397 Omnis
2370 5342 2538 5413 quise
2557 5339 3268 5405 humiliat,exaltabitur,et
3283 5342 3489 5408 quanto
3507 5342 3718 5401 magnus

471 5428 591 5489 rius
618 5424 854 5482 membri
884 5441 994 5485 non
1015 5432 1248 5497 usurpat
1280 5426 1545 5492 ofﬁcium,
1573 5427 1652 5481 sic
1683 5428 2068 5509 unusquisque
2151 5447 2231 5496 es,
2266 5431 2502 5486 humilia
2532 5436 2587 5483 te
2617 5431 2676 5484 in
2724 5428 2984 5489 omnibus
3026 5442 3037 5474 ε
3092 5431 3202 5482 sive
3259 5431 3360 5498 qui
3387 5427 3530 5478 docet
3564 5424 3620 5476 in
3645 5417 3702 5469 ἀο
