3936 6164
234 281 327 339 473

913 283 1295 353 EXPOSITIO
1325 288 1402 342 IN
1434 287 1588 342 EPP.
1621 288 1680 348 S.
1711 286 1945 341 PAULI.
1980 313 2050 329 —
2076 287 2156 342 IN
2187 286 2409 343 EPIST.
2441 287 2538 341 AD
2568 283 2746 340 ROM.

3355 285 3462 341 474

232 412 413 473 ctrina,
440 406 704 463 subaudis
731 424 856 479 quae
887 407 968 462 illi
993 425 1027 461 a
1048 410 1162 464 Deo
1183 412 1363 482 gratis
1400 413 1533 468 data
1551 420 1653 479 est,
1680 430 1790 467 non
1811 420 1855 473 Α
1877 413 1973 483 qui
1993 428 2163 483 parva
2191 410 2390 466 tribuit
2418 427 2483 464 ac
2509 409 2867 481 temporalia,
2885 415 3214 480 recepturus
3235 416 3321 464 est
3339 412 3476 477 fma-

235 496 384 551 debet
412 495 533 564 plus
562 513 756 566 sapere
785 513 952 566 quam
994 504 1216 567 oportet
1251 517 1466 571 sapere.
1510 502 1640 555 Haec
1694 518 1792 555 au-

228 590 329 639 tem
357 584 603 638 doctrina
618 584 675 637 in
709 585 895 639 Veteri
930 590 985 639 et
1017 585 1172 640 Novo
1199 589 1560 643 Testamento
1585 590 1797 644 intelli-

228 674 379 744 gﬁun

1880 501 2026 553 xima
2057 500 2285 572 praemia
2316 506 2370 553 et
2393 507 2602 553 aeterna
2627 518 2639 564 ;
2679 499 2941 569 quoniam
2971 500 3329 569 eleemosyna
3350 515 3472 568 quae

1881 589 2362 660 puuperilargitur
2380 589 2434 640 in
2457 594 2627 651 terra,
2643 606 2674 640 ει
2697 588 2936 641 Domino
2957 588 3225 658 recipitur
3240 587 3294 640 in
3315 587 3474 652 caelo,

1880 678 2025 732 sicut
2052 677 2246 732 beatus
2274 676 2603 730 Ambrosius
2632 676 2770 730 dicit
2800 696 2811 730 :
2844 678 2970 747 Ipse
3000 677 3262 747 idemque
3292 676 3477 731 dictu-

293 762 390 828 ρης
415 762 830 827 exhortatur,in
859 763 1490 821 eahortandosubaudis
1504 784 1615 822 non
1636 767 1803 822 debet
1882 782 1980 820 rus
2004 772 2091 820 est
2118 766 2310 820 electis
2337 766 2397 819 in
2422 765 2512 819 die
2531 765 2731 835 judicii
2755 779 2766 813 :
2817 767 3075 832 Quandiu
3131 769 3235 818 uni
3280 782 3345 818 ea:
3393 767 3478 819 his

232 850 344 920 plus
364 865 559 920 sapere
584 866 750 920 quam
779 856 1000 921 oportet
1030 868 1246 922 sapere,
1281 855 1411 925 quia
1440 872 1553 909 non
1583 862 1804 927 oportet
1883 857 2140 908 minimis
2172 856 2306 907 meis
2329 855 2551 920 fecistis,
2585 855 2728 907 mihi
2755 855 2960 920 fecistis
2985 854 3203 922 (Matth.
3237 857 3382 922 xxv).
3402 855 3479 908 At

230 939 346 993 inde
369 937 675 1009 superbire.
707 938 832 993 Hoc
859 945 1048 994 autem
1070 940 1651 1009 animadvertendum,
1672 946 1804 999 huc-
1885 942 1979 1012 qui
2010 943 2080 996 de
2109 941 2368 995 mercede
2396 947 2618 995 aeternae
2646 940 3036 995 retributionis
3066 940 3372 1007 dubitat,in
3392 940 3477 995 hi-

231 1043 388 1097 usque
447 1025 895 1082 subaudiendum
944 1045 1066 1083 esse
1122 1046 1155 1084 a
1199 1032 1580 1102 superioribus
1634 1035 1804 1105 hujus
1884 1030 2109 1084 laritate
2137 1030 2322 1084 cordis
2360 1029 2745 1100 eleemosynas
2777 1046 2889 1083 non
2919 1033 3134 1099 erogat.
3166 1029 3292 1083 Non
3322 1028 3473 1083 enim

228 1114 469 1184 Epistolis
500 1130 513 1169 :
550 1115 677 1169 Non
704 1117 834 1186 plus
859 1133 1056 1188 sapere
1087 1134 1254 1188 quam
1312 1127 1535 1191 Oportet
1581 1138 1795 1193 sapere.
1882 1119 2112 1189 prodest
2134 1118 2291 1187 quod-
2305 1116 2562 1188 porrigit,
2593 1117 2727 1188 quia
2758 1124 2815 1171 et
2834 1117 2923 1172 hic
2952 1117 3161 1171 amittit
3185 1117 3334 1188 quod
3372 1117 3476 1171 tri-

227 1203 531 1257 Exhortatio
555 1208 641 1257 est
669 1204 884 1274 species
913 1206 1324 1276 praedicationis
1344 1213 1400 1262 et
1421 1209 1706 1275 doctrinae,
1742 1215 1799 1264 et
1881 1206 2019 1270 buit,
2045 1213 2102 1259 ct
2127 1206 2185 1259 in
2215 1208 2406 1260 futuro
2435 1206 2727 1277 praemium
2762 1206 2848 1259 vel
2879 1205 3192 1260 mercedem
3233 1221 3345 1259 non
3378 1223 3471 1261 re-

223 1291 441 1345 maxime
461 1291 531 1344 ad
556 1291 837 1346 dolentem
860 1300 918 1346 et
939 1294 1330 1364 desperantem
1361 1297 1606 1367 respicit.
1628 1297 1796 1352 Verbi
1878 1293 2068 1364 cipiet.

221 1379 422 1449 gratia:
457 1380 603 1434 Sunt
632 1381 793 1435 multi
822 1381 1079 1436 doctores
1116 1383 1213 1453 qui
1256 1385 1531 1455 sapientia
1580 1386 1795 1440 divina-
1947 1383 2174 1436 Dilectio
2203 1385 2322 1436 sine
2380 1384 2758 1446 simulatione,
2790 1380 3059 1435 subaudis
3114 1381 3473 1452 adimplenda

222 1483 329 1520 rum
354 1467 774 1538 Scripturarum
804 1470 1080 1539 pollentes
1108 1472 1432 1543 pariterque
1476 1474 1796 1545 eloquentia
1879 1474 1981 1522 est.
2016 1469 2212 1524 Omnis
2239 1470 2464 1523 dilectio
2494 1485 2616 1539 quae
2653 1469 2962 1523 secundum
3011 1470 3189 1522 Deum
3219 1484 3332 1522 non
3361 1481 3467 1534 est,

217 1554 495 1609 verborum
527 1557 811 1622 ﬂorentes,
843 1563 964 1612 tota
992 1559 1081 1612 die
1111 1560 1476 1631 alloquuntur
1503 1564 1782 1635 populum,

1879 1561 1936 1610 et
1953 1573 2055 1627 pro
2083 1557 2184 1611 Dei
2208 1574 2401 1612 amore
2430 1575 2540 1612 non
2561 1558 2768 1628 agitur,
2801 1557 3085 1612 simulatio
3123 1563 3179 1611 et
3205 1557 3355 1611 fictio
3376 1573 3471 1610 vo-

217 1644 550 1714 disputantes
578 1644 648 1699 de
678 1645 1014 1701 rectitudine
1043 1648 1195 1714 fidei,
1227 1650 1296 1704 de
1323 1651 1576 1722 appetitu
1613 1653 1792 1707 virtu-
1877 1646 2056 1699 cauda
2079 1651 2182 1700 est.
2215 1646 2462 1718 Ideoque
2488 1648 2585 1718 qui
2614 1648 2846 1701 fratrem
2888 1646 3123 1717 diligere
3151 1646 3382 1713 dicitur,
3421 1645 3469 1699 si

214 1739 336 1797 tum,
360 1738 416 1786 et
463 1734 844 1789 exsecratione
884 1736 1167 1803 vitiorum,
1218 1739 1287 1792 de
1351 1740 1618 1795 felicitate
1662 1750 1988 1826 per-Bnon
2040 1734 2282 1789 correxit
2322 1752 2447 1789 cum
2504 1752 2632 1789 eum
2662 1752 2852 1789 errare
2882 1736 3101 1794 Viderit.
3142 1735 3469 1789 Simulata!!!

214 1821 348 1891 petui
378 1820 561 1892 regni,
594 1828 650 1876 et
670 1823 984 1893 perditione
1012 1825 1211 1880 inferni
1238 1843 1250 1878 :
1286 1834 1343 1881 et
1370 1830 1648 1898 protelato
1671 1847 1791 1884 ser-
1814 1820 1854 1826 —
1875 1821 2205 1877 Charitatem
2263 1839 2396 1894 erga
2453 1824 2770 1894 proximum
2834 1823 3040 1877 habere
3092 1823 3462 1877 CODVinCituP-

215 1924 361 1962 mone
389 1925 538 1980 pene
576 1926 754 1981 usque
795 1912 865 1964 ad
918 1913 1050 1968 solis
1107 1915 1445 1981 occubitum,
1474 1919 1791 1989 exemplum
1878 1910 2125 1965 0dientes
2157 1914 2393 1978 malum,
2425 1911 2482 1966 id
2508 1921 2593 1966 est
2619 1912 2904 1966 diabolum
2934 1922 2991 1965 et
3019 1911 3272 1965 membra
3292 1911 3464 1978 illius,

213 1998 600 2051 consolationis
622 1999 795 2069 lapsis
820 2000 1052 2055 minime.
1072 2002 1380 2073 proferunt.
1404 2005 1633 2059 Interim
1664 2023 1794 2062 vero
1874 2005 2043 2070 atque
2067 2016 2233 2054 omne
2262 2005 2553 2072 peccatum
2576 2001 2699 2055 sit-is
2729 2000 3331 2055 odientes.Notandum
3362 2016 3468 2055 au-

213 2085 329 2139 dum
351 2086 517 2141 audit
549 2088 755 2158 aliquis
811 2105 874 2141 ex
926 2089 1418 2147 circumstantibus
1474 2110 1667 2165 poenas
1710 2095 1782 2149 in-

1874 2093 2009 2154 tem,
2043 2089 2235 2143 odium
2260 2090 2350 2144 hic
2369 2090 2427 2143 in
2459 2090 2656 2144 bonam
2676 2096 2893 2160 partem
2911 2089 3468 2160 accipiendum,quo—

208 2173 352 2239 femi,
383 2192 513 2246 quae
536 2175 607 2230 ab
636 2176 745 2229 illis
776 2178 1064 2231 minantur
1108 2178 1195 2233 his
1253 2180 1350 2250 qui
1407 2182 1792 2239 criminalibus
1874 2176 2026 2230 niam
2049 2183 2135 2231 est
2164 2182 2222 2231 et
2249 2178 2440 2233 odium
2471 2179 2681 2233 malum
2709 2195 2819 2250 quo
2843 2178 3065 2232 odimus
3094 2177 3322 2232 fratrem
3373 2193 3469 2230 no-

210 2261 406 2316 delictis
437 2270 708 2317 tenentur
736 2264 980 2331 obnoxii,
1013 2272 1070 2320 et
1099 2269 1293 2322 recolit
1316 2286 1376 2323 se
1427 2270 1654 2341 aliquod
1702 2272 1794 2325 fa-
1872 2269 2088 2319 stram:
2122 2268 2457 2321 adhaerentes
2479 2269 2634 2329 bono,
2667 2267 2725 2321 id
2756 2272 2843 2321 est
2871 2268 3005 2329 Deo,
3039 2267 3135 2337 qui
3186 2271 3272 2320 est
3308 2282 3468 2319 sum-

209 2351 348 2405 cinus
390 2352 790 2421 gravissimum
835 2362 1209 2424 perpetraSse,
1270 2358 1635 2413 homicidium
1717 2360 1791 2414 vi-
1875 2370 2026 2408 mum
2054 2354 2280 2421 bonum,
2308 2362 2367 2410 et
2397 2356 2665 2410 membris
2686 2357 2806 2426 ejus
2825 2362 2996 2425 atque
3007 2354 3259 2426 justitiaa,
3282 2354 3466 2408 omni-

209 2439 408 2504 delicet,
440 2442 809 2508 adulterium,
842 2450 941 2497 aut
977 2444 1188 2515 aliquid
1216 2445 1417 2499 horum
1452 2465 1464 2514 ;
1494 2447 1565 2501 ob
1594 2448 1795 2503 imma-
1872 2442 2089 2513 busque
2117 2444 2416 2498 virtutibus
2450 2463 2463 2512 ;
2514 2446 2785 2498 charitate
2812 2445 3191 2510 fraternitatis
3233 2445 3469 2497 invicem

209 2529 421 2583 nitatem
455 2530 686 2585 sceleris
714 2531 801 2585 sui
827 2531 1058 2585 tristitia
1102 2533 1509 2604 desperationis
1567 2537 1791 2607 perfun-
1870 2532 2177 2598 diligentes,
2210 2532 2266 2584 id
2314 2538 2398 2587 est
2443 2549 2569 2586 cum
2616 2534 2890 2586 charitate
2925 2531 3294 2586 fraternitatis
3345 2530 3468 2584 sitis

210 2614 362 2674 ditur.
417 2618 556 2687 quia
609 2634 722 2672 non
769 2619 983 2672 audivit
1030 2620 1260 2674 verbum
1309 2624 1708 2679 consolationis
1756 2642 1791 2679 α
1874 2635 1967 2672 vos
1993 2620 2327 2673 alterutrum
2366 2620 2684 2689 diligentes,
2714 2621 2847 2691 quia
2877 2637 3020 2674 unus
3046 2625 3133 2674 est
3170 2620 3338 2673 Pater
3380 2635 3469 2672 ve-

208 2704 652 2771 pnedicatoribus
676 2725 689 2772 ;
722 2722 888 2776 quem
920 2706 968 2760 si
997 2707 1273 2763 invenerit
1302 2710 1535 2781 quilibet
1553 2713 1790 2783 simplex
1871 2713 2005 2771 δίεπ’,
2041 2707 2135 2778 qui
2163 2708 2222 2761 in
2259 2708 2411 2761 οωιίε
2441 2714 2543 2761 Θεία
2569 2708 2777 2762 omnes
2797 2709 2948 2762 enim
2973 2709 3067 2779 (ιυὶ
3095 2724 3262 2762 “nam
3294 2707 3466 2763 ﬁdem

207 2792 529 2858 pmdicator
554 2794 744 2849 statim
769 2797 1147 2866 percontando
1171 2798 1420 2869 perquiri
1449 2800 1520 2853 ab
1545 2817 1610 2855 eo
1631 2803 1791 2873 cujus
1871 2795 2081 2850 habent
2105 2804 2161 2850 et
2189 2812 2300 2851 uno
2328 2796 2667 2867 baptismate
2694 2802 2829 2851 sunt
2849 2796 3133 2859 abluti,ita
3157 2794 3467 2850 seinvicem

204 2878 275 2932 rei
302 2897 470 2935 causa
495 2883 1124 2957 tristetur,mcestusque
1150 2886 1405 2954 incedat;
1431 2894 1489 2943 et
1503 2897 1792 2962 comperta,
1871 2884 2103 2953 diligere
2151 2884 2457 2939 secundum
2490 2884 2666 2938 Deum
2711 2883 2935 2946 debent,
2969 2884 3142 2937 veluti
3170 2883 3374 2937 fratres
3401 2898 3468 2936 ex

204 2982 355 3021 causa
382 2972 713 3026 consolatur
742 2973 900 3027 illum
946 2974 1129 3029 verbis
1184 2975 1552 3047 simplicibus,
1585 2979 1788 3049 quibus
1807 3033 1850 3049 η
1872 2988 1983 3025 ιιηο
1997 2973 2193 3026 matris
2213 2977 2375 3027 utero
2400 2973 2608 3044 egressi
2628 2974 2859 3038 ἓῘιοηονο
2882 2976 3115 3027 invicem
3129 2975 3468 3040 Prmem'en'

205 3055 350 3119 valet,
384 3058 669 3129 simulque
698 3063 960 3116 hortatur
987 3079 1058 3117 ne
1087 3063 1347 3133 desperet
1387 3065 1457 3119 de
1487 3066 1648 3120 venia
1693 3055 1960 3121 εει-υἱέε,
1990 3060 2045 3113 id
2076 3070 2194 3119 est:
2216 3062 2453 3115 invicem
2484 3063 2752 3118 honorem
2784 3061 2938 3116 vobis
2972 3060 3299 3132 impendite,
3329 3076 3467 3130 prai-

202 3143 338 3210 lutis,
360 3147 507 3202 dans
532 3149 746 3218 pariter
764 3151 1019 3222 exempla
1047 3153 1514 3208 consolatoria,ac
1543 3154 1737 3210 dicens
1762 3176 1773 3210 ;
1868 3147 1967 3200 lati
1997 3149 2527 3221 subjectis,subjecti
2558 3151 2961 3223 praelatis,quia
2988 3150 3325 3205 humilitatis
3350 3149 3467 3204 vir-

202 3230 331 3294 Quid
358 3234 415 3288 in
444 3235 861 3305 desperationis
883 3240 1093 3293 malum
1124 3240 1368 3295 laberis?
1391 3243 1700 3298 Considera
1719 3247 1785 3314 (si

200 3321 374 3390 mavis)
404 3322 825 3378 misericordias
853 3325 1080 3379 Domini
1112 3334 1335 3398 quanta
1355 3329 1562 3391 sint,de
1582 3332 1785 3402 quibus

198 3406 485 3465 Psalmista
516 3411 687 3465 dicit:
721 3412 1103 3469 Miseridordia
1139 3416 1363 3471 Domini
1392 3434 1562 3490 super
1589 3422 1782 3475 omnia

197 3511 352 3567 opera
380 3500 802 3570 ejus.Nunquid
827 3502 997 3556 David
1023 3520 1132 3557 non
1154 3511 1276 3558 erat
1298 3522 1397 3561 rex
1418 3514 1475 3561 et
1490 3509 1781 3579 propheta,

198 3587 405 3653 quando
435 3588 613 3642 simul
631 3590 874 3660 patravit
911 3590 1249 3646 adulterium
1281 3611 1407 3647 cum
1437 3596 1784 3655 homicidio?

195 3680 245 3726 et
262 3681 448 3730 tamen
474 3678 697 3731 veniam
717 3678 937 3733 meruit.
976 3681 1243 3751 Nunquid
1268 3683 1467 3737 Petrus
1488 3694 1783 3755 postquam

196 3761 392 3818 electus
414 3773 505 3819 est
527 3781 561 3818 a
591 3766 848 3828 Domino,
882 3784 995 3821 non
1026 3769 1250 3839 negavit
1286 3771 1443 3824 illum
1466 3778 1553 3825 ter
1570 3773 1783 3839 dicens;

193 3849 303 3903 Non
332 3858 461 3906 novi
478 3856 647 3907 illum
672 3855 886 3920 (Matth.
912 3856 1102 3926 xxv1)?
1127 3864 1185 3910 et
1208 3864 1399 3912 tamen
1425 3860 1550 3930 pius
1597 3862 1785 3916 Domi-

194 3951 287 3990 nus
310 3945 511 4010 postea
541 3940 785 4010 praefecit
812 3942 971 3997 illum
1000 3944 1257 4000 Ecclesiae
1286 3948 1696 4019 suae.Nunquid
1726 3956 1785 4004 et

191 4023 322 4080 latro
351 4044 465 4082 non
491 4026 702 4082 meruit
729 4030 926 4084 audire
958 4049 970 4083 :
1001 4033 1170 4086 Hodie
1216 4050 1427 4088 mecum
1454 4040 1563 4090 eris
1595 4040 1658 4091 in
1683 4054 1783 4105 pa-

193 4116 370 4169 radiso
397 4119 549 4179 (Luc.
577 4133 695 4180 xxvi
718 4116 743 4170 ?
767 4119 994 4174 Talibus
1023 4119 1204 4175 verbis
1261 4123 1656 4179 exhortaturus
1711 4126 1782 4179 il-

193 4200 295 4256 lum
324 4205 625 4276 alloquens
643 4206 738 4276 qui
758 4207 817 4260 in
845 4207 1294 4279 desperationem
1326 4213 1600 4280 ruerat,in
1624 4230 1782 4285 spem

1867 3241 1978 3296 tus,
2012 3238 2181 3292 etiam
2214 3239 2452 3293 ethnicis
2490 3240 2691 3308 placet.

1936 3325 2319 3381 Sotlicitudine
2348 3344 2456 3381 non
2485 3331 2607 3382 sitis
2623 3332 2795 3397 pigri,
2821 3328 2876 3382 id
2907 3333 3009 3387 est,
3034 3328 3093 3382 in
3121 3344 3257 3382 cura
3279 3326 3465 3382 subdi-

1865 3419 2053 3469 torum
2082 3432 2195 3470 non
2225 3416 2348 3470 sitis
2378 3416 2600 3470 desides
2627 3423 2685 3470 et
2711 3423 3021 3486 torpentes,
3047 3433 3117 3471 ne
3151 3417 3296 3471 forte
3335 3432 3465 3470 cum

1867 3520 2026 3558 servo
2056 3504 2243 3558 inutili
2264 3504 2629 3569 damnemini‘,
2664 3505 2760 3574 qui
2783 3505 2969 3574 ligatis
3000 3504 3259 3559 manibus
3280 3511 3338 3558 et
3366 3520 3466 3575 pe-
3512 3487 3530 3503 ’

1867 3592 2050 3653 dibus,
2084 3592 2285 3646 missus
2304 3599 2392 3647 est
2435 3594 2491 3646 in
2536 3592 2817 3646 tenebras.
2854 3594 2923 3646 Et
2959 3609 3069 3646 non
3127 3593 3309 3646 solum
3367 3593 3466 3663 qui

1866 3687 2085 3751 prazest,
2116 3697 2305 3734 verum
2334 3681 2503 3735 etiam
2526 3681 2709 3734 omnis
2737 3680 3043 3751 subjectus,
3091 3680 3378 3734 studiosus
3409 3686 3466 3735 et

1867 3769 2021 3821 velox
2042 3768 2209 3821 debet
2228 3786 2349 3823 esse
2369 3770 2437 3824 ad
2468 3786 2636 3824 omne
2665 3787 2805 3840 opus
2832 3768 3076 3836 bonum;
3108 3772 3317 3837 spiritu
3347 3772 3464 3837 fer-

1864 3862 2063 3922 ventes,
2095 3856 2152 3909 id
2184 3861 2272 3910 est
2303 3858 2547 3912 calorem
2591 3864 2648 3913 et
2691 3858 2967 3912 fervorem
2999 3858 3240 3929 Spiritus
3281 3859 3465 3913 sancti

1864 3942 2141 4009 habeatis,
2172 3944 2259 3998 vel
2312 3945 2534 4015 spiritu,
2568 3946 2623 3999 id
2690 3951 2775 3999 est
2830 3952 3039 4010 mente,
3063 3963 3176 4000 non
3223 3947 3346 4000 sitis
3386 3954 3467 4000 te-

1864 4031 1979 4102 pidi
2005 4032 2064 4085 in
2095 4031 2389 4086 dilectione
2419 4033 2518 4087 Dei
2543 4043 2601 4087 et
2622 4033 2876 4104 proximi,
2905 4050 2975 4087 ne
3013 4035 3156 4087 forte
3183 4034 3455 4088 audiatis:

1866 4121 2007 4186 Quia
2020 4137 2116 4173 nec
2124 4122 2369 4187 frigidus
2388 4137 2459 4185 es,
2476 4136 2571 4173 nec
2596 4123 2830 4187 calidus,
2862 4124 3129 4190 incipiam
3146 4127 3194 4175 te
3224 4138 3464 4176 evomere

1863 4224 1928 4262 ex
1963 4224 2053 4261 ore
2084 4224 2202 4261 meo
2230 4210 2411 4276 (Apoc.
2444 4215 2543 4276 ιιι).
2574 4211 2654 4263 De
2688 4210 2856 4279 hujus
2884 4211 3033 4281 ignis
3062 4210 3296 4278 fervore,
3328 4210 3464 4265 dicit

190 4292 348 4347 veniae
406 4294 581 4348 sistit.
637 4294 781 4348 Ecce
836 4297 1118 4366 quomodo
1190 4299 1507 4354 exhortatio
1569 4295 2139 4372 spcciesDDominus
2158 4297 2216 4350 in
2238 4297 2758 4367 Evangelio:lgnem
2786 4303 2916 4353 veni
2934 4304 3152 4354 mittere
3177 4304 3237 4355 in
3255 4307 3464 4354 terram

192 4386 268 4433 est
287 4382 727 4452 praedicationis.
762 4384 869 4450 Qui
900 4388 1097 4439 tribuit
1127 4389 1189 4439 in
1217 4389 1648 4456 simplicitate.id
1674 4399 1778 4457 est,

190 4468 276 4535 qui
302 4471 724 4542 eleemosynam
748 4472 1089 4543 pauperibus
1110 4473 1367 4544 largitur,
1402 4482 1459 4529 et
1472 4472 1782 4533 doctrinam

191 4554 370 4621 inscio,
394 4559 525 4613 ideo
557 4559 747 4623 faciat,
782 4567 844 4613 ut
894 4561 1009 4615 Deo
1052 4566 1110 4615 et
1149 4578 1260 4616 non
1293 4563 1613 4620 hominibus
1660 4568 1782 4638 pla-

190 4654 320 4709 ceat,
352 4653 413 4700 et
430 4656 519 4701 est
550 4648 1000 4703 subaudiendum
1031 4664 1044 4704 :
1078 4648 1168 4704 Ita
1187 4651 1283 4721 qui
1326 4651 1543 4718 tribuit,
1574 4654 1633 4709 in
1654 4656 1783 4710 sim-

190 4732 428 4800 plicitate
466 4737 702 4791 tribuat.
734 4740 843 4804 Qui
876 4743 1066 4805 pracst
1098 4741 1161 4792 in
1206 4742 1597 4805 sollicitudine,
1645 4744 1780 4798 sub—

188 4822 337 4876 audis
366 4825 540 4878 debet
577 4842 837 4896 praeesse,
876 4832 941 4879 ut
993 4824 1098 4879 sibi
1155 4829 1481 4882 commissos
1528 4846 1639 4884 non
1676 4847 1778 4886 ne-

186 4908 368 4979 gligat.
404 4913 539 4966 Haec
566 4913 907 4978 sollicitudo,
944 4914 1001 4967 id
1033 4920 1120 4967 est
1174 4930 1377 4984 magna
1426 4932 1584 4981 cura.
1631 4918 1779 4973 circa

186 4997 396 5054 animas
426 5002 668 5055 maxime
696 5002 860 5056 debet
888 5004 1144 5069 esse.0ui
1172 5006 1487 5070 miseretur,
1513 5006 1780 5063 subaudis

185 5088 543 5158 pauperibus,
562 5090 750 5144 cibum
771 5091 1042 5145 esurienti
1064 5092 1486 5163 porrigendo,et
1501 5102 1695 5165 potum
1710 5099 1782 5152 si-

186 5172 358 5242 tienti,
393 5178 790 5233 vestimentum
821 5179 1053 5248 algenti,
1089 5186 1147 5233 et
1180 5186 1389 5234 testum
1442 5184 1686 5253 vaganti,
1715 5190 1779 5241 in

190 5263 472 5319 hilaritate
504 5272 559 5321 et
583 5267 791 5337 gaudio
815 5269 1019 5322 mentis
1047 5269 1152 5322 hoc
1173 5269 1356 5335 faciat,
1386 5271 1518 5341 quia
1543 5272 1779 5328 hilarem

186 5348 432 5407 datorem
459 5354 644 5425 diligit
685 5356 855 5409 Deus.
899 5356 1037 5410 Cum
1082 5358 1290 5427 gaudio
1328 5359 1538 5413 etenim
1576 5363 1779 5416 mentis

186 5439 540 5513 eleemosyna
568 5444 756 5497 danda
786 5449 891 5509 est,
926 5450 985 5497 et
1008 5444 1391 5501 misericordia
1436 5450 1773 5517 praestanda.

187 5524 426 5583 Securus
455 5531 527 5585 sit
549 5533 617 5587 de
646 5533 905 5588 mercede
934 5533 1031 5602 qui
1061 5533 1191 5587 huic
1220 5534 1375 5605 operi
1396 5534 1778 5607 insistit,quia

1866 4386 2014 4452 (Luc.
2048 4392 2273 4455 xn),etc.
2308 4387 2541 4440 Domino
2569 4390 2882 4456 servientes,
2908 4405 3020 4443 non
3050 4390 3258 4444 divitiis
3282 4406 3464 4461 neque

1864 4473 2033 4539 vitiis,
2066 4474 2180 4527 sive
2208 4474 2694 4530 delectationibus.
2729 4476 2816 4530 Illi
2839 4478 3072 4532 Domino
3096 4479 3346 4533 serviunt
3366 4479 3464 4548 qui

1864 4563 1986 4632 ejus
2023 4569 2300 4633 praecepta
2328 4565 2680 4632 servant.8pe
2702 4567 3152 4636 gaudentes,spes
3173 4572 3258 4620 est
3271 4583 3463 4637 exspe-

1863 4651 2034 4705 ctatio
2084 4650 2404 4706 futurorum
2461 4652 2757 4707 bonorum.
2785 4654 2921 4707 Inde
2972 4654 3104 4707 dicit
3161 4653 3461 4724 Apostolus

1862 4740 2028 4793 modo
2081 4758 2091 4793 :
2161 4741 2263 4808 Spe
2312 4741 2426 4794 sive
2477 4742 2887 4811 exspectatione
2939 4741 3298 4812 praemiorum
3354 4756 3461 4794 cae-

1860 4827 2081 4882 lestium
2112 4829 2238 4882 sitis
2263 4831 2557 4896 gaudentes
2585 4830 2753 4905 etiam
2784 4830 2842 4882 in
2859 4828 3134 4898 angustiis
3158 4846 3170 4880 :
3196 4833 3257 4882 in
3278 4831 3455 4883 tribu-
3481 4838 3485 4843 '

1862 4919 2081 4981 latione,
2117 4917 2270 4971 vobis
2300 4918 2455 4971 illata
2476 4934 2510 4971 a
2538 4916 3006 4988 persecutoribus,
3031 4917 3155 4971 sitis
3166 4921 3455 4986 patientes,

1861 5004 1919 5058 id
1948 5011 2035 5060 est
2062 5006 2119 5059 in
2147 5007 2505 5060 animositate
2534 5021 2645 5059 non
2674 5005 3035 5063 reluctantes.
3056 5012 3114 5060 et
3135 5023 3247 5061 non
3267 5008 3459 5079 requi-

1862 5100 2051 5149 rentes
2082 5094 2373 5165 praemium
2425 5095 2486 5147 in
2544 5093 2841 5163 praesenti;
2889 5099 3457 5164 oralioniinstantes,

1862 5184 1995 5254 quia
2016 5184 2165 5254 quod
2191 5182 2452 5259 humanis
2482 5182 2703 5236 auxiliis
2749 5200 2932 5254 neque
2981 5186 3191 5240 nostris
3248 5185 3457 5241 viribus

1860 5271 2115 5325 obtinere
2137 5277 2194 5325 et
2220 5286 2386 5340 agere
2416 5285 2527 5323 non
2550 5287 2866 5341 possumus,
2892 5289 3118 5328 necesse
3138 5280 3221 5329 est
3254 5282 3318 5330 ut
3336 5274 3458 5330 oral—

1860 5360 2107 5413 tionibus
2132 5375 2166 5411 a
2196 5359 2311 5412 Deo
2336 5358 2875 5428 impetremus.sicut
2895 5362 2965 5415 de
2995 5363 3191 5418 Daniel
3212 5370 3271 5417 et
3289 5363 3456 5418 sociis

1860 5449 1983 5518 ejus
2012 5447 2269 5517 legimus.

1930 5536 2349 5591 Necessitatibus
2403 5542 2726 5592 sanctorum
2770 5540 3258 5593 communicantes.
3325 5536 3452 5589 Non
