3936 6164
489 259 597 317 I75
967 263 1347 320 HAYMONIIS
1375 266 1861 327 HALBERSTAT.
1894 268 2108 325 EPISC.

2193 271 2308 327 PP.
2341 270 2526 331 PARS
2554 274 2603 337 I,
2641 299 2706 320 -ν-
2734 270 3112 334 (ΞΟΜΜῈΝΤ.
3146 281 3324 338 BIBL.
3632 278 3719 341 196

489 385 649 477 dixit,
676 388 885 477 sanctis
912 389 1324 460 elemosynam
1358 393 1600 461 praebete
1627 405 1727 447 aut
1755 393 1938 449 facite.
1982 393 2080 447 sed
2105 399 2150 454 Α
2171 396 2373 465 quibus
2399 401 2659 455 omnibus
2683 403 2952 457 Dominus
2981 404 3116 457 dicit
3147 425 3157 458 :
3196 408 3347 459 Beati
3400 411 3499 475 qui
3546 411 3719 477 lugent,

490 474 797 530 honestiori
842 478 1008 531 verbo
1069 494 1203 532 usus
1254 487 1381 532 est:
1436 480 1626 534 Vestra
1682 482 1825 535 bona
1878 483 2084 536 sanctis
2166 489 2429 550 quoniam
2464 493 2571 556 ipsi
2597 494 3030 545 consolabuntur
3060 496 3271 551 (Matth.
3298 503 3404 555 nt).

496 564 841 655 participate.
882 566 956 619 Eo
980 573 1232 636 tempore
1262 585 1372 636 quo
1420 572 1719 639 Apostolus
1750 572 1857 624 ista
1886 570 2085 623 scribe-
2242 575 2489 642 Idipsum
2511 581 2745 632 invicem
2763 585 3052 635 sentientes
3082 583 3180 635 Hic
3200 602 3384 637 sermo
3402 586 3633 655 apertius
3646 587 3725 641 ha-

492 648 612 715 bat,
632 654 924 708 credentes
949 656 1065 707 suis
1096 655 1458 710 facultatibus
1504 659 1902 728 privabantur,
1937 658 2084 711 unde
2168 659 2335 714 betur
2362 663 2417 717 in
2453 665 2664 719 Graeco.
2700 669 2793 722 Est
2815 676 3002 722 autem
3034 687 3232 724 sensus
3268 691 3278 724 :
3311 672 3400 726 Sic
3439 648 3631 728 sentite
3668 676 3728 730 de

496 737 778 832 laudando
810 742 965 832 dicit.
991 743 1045 796 in
1088 744 1415 813 Epistoland
1453 746 2086 807 liebrzeosJudzeiscre-
2171 750 2280 803 alio
2308 752 2456 806 sicut
2481 753 2550 808 de
2578 755 2751 817 vobis,
2786 758 2839 809 id
2874 766 2978 819 est,
3013 758 3157 812 sicut
3187 761 3338 813 vobis
3366 760 3508 815 bona
3535 764 3727 832 optatis,

492 825 789 882 dentibus:
839 831 904 883 Et
954 835 1220 899 rapinam
1267 834 1532 891 bonorum
1580 842 1890 889 vestrorum
1963 852 2089 887 cum
2171 838 2250 891 sic
2276 846 2333 892 et
2358 841 2521 906 aliis;
2573 850 2630 897 et
2658 844 2801 897 sicut
2828 845 3075 916 vosipsos
3101 848 3137 899 d
3164 848 3355 916 ligitis,
3387 850 3465 904 sic
3506 825 3632 903 alios
3661 825 3732 904 dii-

494 918 698 1004 θαμάιό
729 922 1038 985 suscepistis
1082 921 1265 981 (Hebr.
1300 926 1355 981 ιν)
1424 923 1663 993 Ideoque
1702 924 1824 977 illos
1871 923 1965 993 qui
2006 922 2089 976 fa-
2172 926 2366 996 ligite;
2399 930 2501 987 vel.
2535 932 2616 984 ita
2640 933 2916 987 aestimate
2955 950 3047 988 vos
3078 935 3238 1004 diligi
3272 951 3304 988 a
3334 937 3507 990 ﬁ'atre
3533 939 3681 992 veluti
3707 956 3733 992 a

496 1003 800 1096 cultatibus
826 1008 1069 1077 propriis
1098 1009 1281 1062 adhuc
1320 1026 1430 1063 non
1463 1019 1624 1065 erant
1652 1012 1851 1081 privati
1898 1012 2092 1064 horta-
2174 1015 2603 1089 vobismetipsis.
2638 1022 2761 1074 Non
2790 1026 2907 1075 alta
2940 1003 3225 1091 sapientes,
3257 1025 3311 1079 id
3368 1032 3460 1079 est
3504 1026 3732 1096 superba,

500 1090 666 1146 batur
688 1095 1008 1163 Apostolus.
1038 1103 1101 1149 ut
1127 1098 1451 1167 exspoliatis
1492 1117 1591 1168 pro
1633 1100 1838 1154 Christi
1868 1115 2090 1152 nomine
2173 1106 2266 1156 sed
2294 1107 2603 1161 humilibus
2631 1090 3048 1174 consentientes,
3090 1119 3154 1167 ut
3177 1119 3235 1167 et
3266 1131 3361 1168 vos
3393 1090 3625 1169 humiles
3665 1090 3738 1170 ex;

498 1177 749 1271 subsidia
779 1183 1114 1252 temporalia
1141 1184 1621 1248 administrarent,
1676 1187 1901 1240 illorum
1941 1186 2093 1238 indi-
2175 1192 2434 1248 hibeatis.
2466 1196 2664 1250 Discite
2683 1212 2718 1250 a
2748 1214 2852 1260 me,
2882 1200 3065 1270 inquit
3118 1202 3415 1270 Dominus,
3439 1207 3568 1271 quia
3612 1207 3735 1258 mitis

496 1270 745 1339 gentiam
778 1288 934 1324 suam
965 1277 1242 1340 putantes.
1262 1272 1417 1325 bonis
1444 1274 1847 1344 temporalibus
1871 1291 1995 1327 cum
2015 1273 2094 1327 eis
2176 1297 2299 1333 sum
2327 1287 2375 1334 et
2407 1283 2640 1337 humilis
2669 1288 2828 1339 corde
2857 1289 3071 1351 (Matth.
3098 1291 3197 1350 x1).
3230 1290 3557 1345 Humilibus
3577 1298 3738 1346 autem

499 1358 871 1412 incommune
902 1367 1141 1419 utentes,
1181 1360 1276 1413 Dei
1311 1362 1517 1415 etenim
1572 1364 1720 1416 dona
1776 1362 2094 1416 communia
2178 1371 2576 1441 consentit.qui
2597 1389 2723 1426 cum
2753 1375 3059 1429 humilibus
3077 1393 3136 1430 se
3157 1376 3554 1432 humiliat.non
3573 1380 3739 1450 praefe-

502 1461 614 1537 npn
644 1445 849 1537 debent
887 1447 1008 1500 ﬁeri
1046 1449 1290 1537 privata.
1329 1451 1765 1518 Hospitalitatem
1809 1457 2090 1505 sectantes.
2178 1471 2309 1510 rens
2334 1458 2639 1519 seillis,sed
2663 1462 2881 1517 socians
2909 1471 2967 1518 et
2992 1474 3318 1536 exspectans
3333 1467 3477 1537 quod
3502 1445 3741 1522 Dominus

504 1533 626 1586 Non
675 1534 834 1596 dixit,
892 1536 1203 1605 Hospitales
1249 1544 1444 1601 estote,
1518 1540 1601 1592 vel
1657 1539 2094 1609 hospitalitatem
2179 1533 3740 1619 promisit20mnisquisehumi/iatxa’atlabilurlLucxm.

500 1621 824 1714 sequimini,
860 1624 980 1714 Ased
1033 1624 1174 1678 dixit
1205 1642 1217 1676 :
1279 1626 1721 1694 HoSpitalitatem
1779 1627 2093 1681 sectamini.
2119 1633 2509 1714 _Quicunque
2538 1639 2688 1692 enim
2726 1640 3099 1695 humilitatem
3132 1659 3317 1696 veram
3348 1644 3742 1714 habmt,utique

503 1708 638 1764 Plus
665 1711 812 1764 enim
841 1712 1285 1783 dixit;seqoitur
1330 1732 1573 1785 namque
1632 1707 2436 1787 hospitalitatem,Beamdem
2492 1725 2865 1781 humiiitatem
2917 1730 2973 1783 in
3024 1731 3148 1784 aliis
3207 1741 3563 1786 venerantur.
3597 1707 3746 1787 Nolite

505 1798 599 1866 qui
658 1809 920 1868 rogantes
972 1802 1246 1871 suscipit:
1295 1812 1544 1857 sectatur
1585 1822 1712 1859 vero
1777 1805 1873 1875 qui
1922 1805 2093 1858 etiam
2178 1827 2285 1863 esse
2312 1814 2607 1879 prudentes
2646 1819 2798 1883 apud
2838 1822 3199 1886 vosmetipsos.
3236 1821 3394 1888 Apud
3427 1839 3486 1875 se
3532 1820 3745 1891 prudens

504 1902 617 1979 non
650 1894 911 1979 rogantes
940 1891 1087 1959 cogit
1112 1897 1171 1943 et
1204 1892 1425 1961 quierit.
1463 1893 1706 1979 neforte
1748 1895 1806 1947 in
1861 1894 1990 1945 vicis
2042 1898 2099 1944 et
2180 1905 2284 1960 est,
2314 1906 2370 1953 et
2398 1917 2507 1955 non
2537 1904 2683 1974 apud
2710 1904 2912 1963 Deum,
2935 1908 3033 1977 qui
3065 1908 3395 1977 sapientiam
3429 1924 3594 1979 quam
3608 1908 3748 1962 habet

506 1975 708 2045 plateis
735 1987 893 2066 extra
921 1984 1129 2032 tectum
1163 1977 1720 2051 remaneant.Magna
1748 1982 1955 2035 etenim
1992 1982 2098 2034 νίτ-
2178 2004 2291 2042 non
2323 1991 2550 2044 Auctori
2580 1993 2763 2045 omnis
2787 1975 3077 2063 sapientiae
3101 1975 3341 2066 deputat
3378 1975 3474 2051 sed
3509 1997 3607 2051 sibi
3635 1997 3748 2050 suis-

502 2069 599 2118 tus
630 2071 714 2118 est
738 2064 1105 2135 hospitalitas,
1128 2084 1402 2138 perquam
1427 2069 1587 2123 multi
1610 2071 1942 2140 placuerunt
1965 2072 2095 2124 Deo.
2181 2094 2289 2146 que
2321 2079 2536 2133 meritis
2564 2088 2621 2134 et
2650 2081 2909 2151 ingeniis,
2935 2084 3052 2137 sive
3081 2064 3281 2139 studiis
3313 2086 3447 2139 suis.
3485 2086 3605 2150 Quo
3638 2084 3747 2139 vitio

506 2154 735 2244 Angelis
752 2155 992 2226 hospitio
1010 2157 1452 2226 susceptis,sicut
1475 2159 1757 2212 Abraham
1780 2168 1837 2213 et
1862 2160 2026 2224 Loth,
2044 2165 2101 2212 et
2179 2165 2680 2234 deprehenduntur
2710 2170 2990 2225 laborasse
3045 2174 3361 2244 philosophi
3404 2176 3668 2244 gentium,
3691 2172 3746 2226 de

504 2241 604 2296 alii
627 2244 808 2299 multi.
1464 2316 1487 2327 I
2185 2255 2387 2323 quibus
2413 2256 2549 2309 dicit
2578 2257 2721 2311 idem
2751 2241 3057 2329 Apostolus
3079 2262 3133 2314 in
3166 2241 3393 2315 exordio
3411 2241 3602 2332 'lmjus
3640 2254 3746 2332 Epi-

580 2366 881 2432 Benedicite
907 2381 1354 2449 persequentibus
1405 2397 1512 2445 vos,
1544 2380 1598 2434 id
1653 2386 1757 2443 est,
1793 2379 2105 2435 benedicite

511 2464 654 2529 illos,
691 2477 748 2520 et
766 2466 907 2522 bene
936 2468 1229 2537 loquimini
1259 2485 1382 2522 cum
1415 2470 1526 2523 illis
1551 2470 1645 2540 qui
1679 2469 1830 2523 vobis
1861 2471 1965 2522 vim
2020 2470 2104 2522 in-

510 2551 733 2621 ferunt;
766 2558 1079 2618 benedicite,
1103 2563 1149 2609 et
1180 2561 1347 2610 nolite
1368 2559 1767 2615 maledice-reid
1788 2565 1875 2612 est
1894 2558 2104 2611 malum

512 2640 714 2697 dicere.
743 2643 908 2698 Verbi
930 2646 1148 2715 gratia:
1187 2645 1487 2700 Detrahere
1517 2646 1679 2701 alicui
1713 2655 1811 2700 aut
1856 2645 2107 2716 blasphe-

515 2747 685 2794 mare,
721 2734 805 2785 vel
827 2733 1224 2789 contumeliam
1244 2734 1443 2793 facere.
1462 2734 1791 2790 maledicere
1814 2743 1912 2788 est.
1935 2735 2104 2798 Quasi

512 2819 689 2874 dicat:
722 2821 875 2875 Licet
902 2820 1005 2892 ipsi
1031 2822 1174 2874 male.
1205 2821 1506 2892 loquantur
1535 2823 1603 2875 de
1632 2821 1804 2878 vobis.
1853 2822 2105 2874 dicentes

512 2926 608 2963 vos
641 2925 834 2979 magos
859 2926 979 2963 esse
1023 2917 1081 2963 et
1122 2910 1423 2981 discipulos
1469 2909 1781 2963 seductoris
1833 2908 2098 2973 hominis,

513 2997 688 3051 nolite
717 2998 842 3051 ideo
872 2997 982 3050 illis
1013 2988 1363 3059 maledicere,
1406 2997 1501 3052 sed
1534 2999 1813 3069 patienter
1843 2998 1984 3051 ferte
2036 2997 2107 3050 il-

514 3085 697 3139 lorum
729 3085 1045 3162 opprobria.
1090 3085 1249 3149 Quod
1271 3086 1558 3156 apostolus
1581 3088 1635 3139 in
1676 3087 1977 3156 semetipso
1999 3085 2105 3137 im-

515 3172 722 3245 plebat,
747 3175 850 3228 hoc
899 3175 1090 3245 utique
1134 3173 1250 3227 suis
1288 3174 1638 3229 auditoribus
1688 3175 1922 3246 implere
1961 3190 2102 3243 prae-

515 3264 774 3341 cipiebat.
810 3263 957 3317 Dicit
976 3263 1122 3316 enim
1154 3260 1288 3315 alibi
1320 3262 1764 3328 :Maledieimur,
1804 3268 1854 3316 et
1898 3261 2107 3316 benedi-

515 3354 692 3406 cimus
726 3354 774 3422 (Ι
794 3353 915 3407 Uor.
950 3355 1049 3421 1v).
1322 3367 1327 3370 '

588 3488 832 3543 Baudere
860 3502 983 3540 cum
1017 3486 1383 3552 gaudentibus
1404 3485 1834 3539 studetote.Non
1860 3485 2111 3556 pmcipit

513 3576 762 3647 gaudere
773 3592 898 3627 cum
918 3574 1004 3627 his
1017 3574 1190 3643 quiga
1199 3574 1371 3627 udent
1381 3575 1449 3627 de
1463 3575 1803 3628 transitoriis
1819 3582 1876 3627 et
1886 3577 1984 3627 cad
1995 3575 2110 3627 ucis

515 3665 703 3721 rebus.
732 3664 828 3717 sed
858 3679 983 3716 cum
1004 3663 1089 3715 his
1114 3662 1209 3731 qui
1235 3662 1482 3731 gaudent
1502 3665 1647 3732 quod
1667 3664 1893 3717 nomina
1915 3680 2108 3716 eorum

516 3753 728 3822 scripta
744 3759 873 3805 sunt
893 3752 947 3804 in
962 3751 1134 3803 cu'lis.
1159 3752 1353 3820 Neque
1365 3752 1513 3804 enim
1533 3752 1957 3822 quibuscunque
1976 3768 2111 3821 gau-

518 3842 626 3894 diis
656 3841 1102 3895 Christianorum
1128 3840 1339 3909 gaudia
1366 3842 1626 3894 socianda
1660 3850 1825 3905 sunt;
1859 3856 1959 3894 nec
1994 3842 2112 3911 qui-

521 3928 844 4001 buscumque
862 3929 1088 3983 ﬂetibus
1113 3929 1371 3999 lacrymze
1402 3938 1605 3984 nostra;
1629 3930 1931 4000 jungendze
1957 3936 2105 3982 sunt.

517 4019 688 4072 Verbi
715 4019 934 4088 gratia:
986 4018 1035 4071 si
1076 4017 1326 4071 videmus
1356 4020 1604 4088 gaudere
1662 4020 1881 4088 aliquos
1943 4034 2113 4086 super

516 4117 789 4180 qumstum
804 4108 1173 4177 pecuniae,aut
1192 4108 1602 4176 possessionum
1616 4107 2111 4169 latitudinem,non

519 4198 787 4252 debemus
825 4197 1204 4264 congratulari
1256 4197 1382 4257 illis,
1435 4196 1566 4265 quia
1622 4197 1857 4249 istorum
1904 4195 2111 4264 gaudia

515 4286 701 4338 luctus
735 4293 1050 4353 sequuntur
1079 4291 1134 4336 et
1159 4284 1437 4353 lacrymae.
1470 4284 1629 4337 Unde
1670 4284 1937 4337 Dominus
1997 4299 2108 4337 non

2187 2343 2377 2397 stolae:
2415 2345 2521 2410 Qui
2538 2360 2663 2399 eum
2688 2351 3056 2409 removissent
3082 2351 3269 2413 Deum,
3300 2366 3407 2403 non
3430 2353 3570 2404 sicut
3607 2352 3749 2405 Deum

2187 2433 2607 2498 gloriﬁcaverun
2618 2437 2755 2496 t,3rd
2770 2442 3116 2489 evanuerunt
3136 2441 3157 2491 i
3160 2454 3196 2491 η
3222 2442 3639 2505 cogitationibus
3655 2441 3751 2490 suis

2212 2520 2362 2574 Rom.
2393 2526 2449 2579 ι).
2492 2521 2544 2573 id
2579 2527 2681 2581 est,
2706 2523 2833 2576 vani
2864 2523 2992 2578 facti
3013 2535 3161 2587 sunt,
3196 2542 3308 2579 non
3331 2527 3631 2580 referentes
3660 2526 3752 2580 Deo

2185 2608 2399 2676 gratias
2427 2608 2496 2661 de
2522 2610 2723 2663 collato
2745 2604 2846 2664 sibi
2880 2611 3022 2666 bono
3051 2614 3170 2667 sine
3196 2615 3313 2667 suis
3346 2614 3749 2668 meritis.Aliierz

2189 2696 2349 2766 Apud
2381 2714 2440 2749 se
2471 2698 2694 2767 sapiens
2725 2701 2807 2752 vel
2840 2701 3082 2768 prudens
3113 2709 3218 2763 est,
3255 2703 3349 2772 qui
3381 2720 3503 2756 cum
3534 2703 3604 2756 sit
3636 2702 3755 2755 stul-

2188 2790 2298 2845 tus,
2331 2784 2639 2853 sapientem
2668 2802 2728 2839 se
2776 2794 2937 2856 putat
2985 2802 3128 2850 esse,
3162 2796 3219 2842 et
3280 2790 3552 2859 gloriatur
3579 2789 3636 2841 in
3688 2804 3753 2850 se,

2187 2873 2319 2943 quia
2342 2881 2532 2944 sperat
2546 2875 2687 2927 scire
2709 2876 2852 2945 quod
2880 2877 3179 2930 uesclt.Vel
3192 2876 3364 2930 etiam
3396 2878 3556 2931 tertio
3575 2876 3751 2930 modo:

2188 2961 2442 3015 Prudens
2471 2963 2620 3032 apud
2647 2979 2707 3015 se
2728 2979 2848 3016 esse
2875 2964 3099 3027 dicitur,
3126 2967 3271 3035 quod
3299 2967 3583 3019 vindictam
3613 2979 3755 3034 expe-

2126 3054 2169 3114 C
2194 3050 2360 3103 tendo
2394 3066 2525 3105 suas
2555 3052 2793 3122 injurias
2821 3053 3126 3115 ulciscitur,
3160 3054 3309 3124 quod
3338 3068 3755 3125 sequensversus

2189 3138 2405 3207 iudicat
2433 3157 2443 3191 :

2262 3231 2423 3282 Nulli
2451 3230 2662 3282 malum
2684 3244 2785 3297 pro
2798 3232 2945 3283 malo
2963 3232 3426 3286 reddentes.Multi
3450 3235 3641 3302 putant
3659 3243 3753 3282 non

2191 3333 2313 3371 esse
2347 3323 2633 3386 peccatum
2664 3318 2710 3371 si
2743 3319 2867 3388 quis
2894 3326 3122 3389 accepta
3154 3321 3356 3389 injuria
3378 3336 3437 3374 se
3470 3320 3750 3377 ulciscitur,

2193 3412 2249 3459 et
2281 3405 2581 3477 vindictam
2615 3406 2817 3459 lterum
2853 3407 3025 3460 sumit
3067 3408 3227 3471 Quod
3274 3409 3319 3461 si
3374 3409 3450 3462 ita
3489 3413 3645 3469 esset,
3674 3420 3753 3458 ne-

2194 3509 2475 3564 quaquam
2518 3495 2810 3562 Apostolus
2840 3496 2972 3548 talia
3005 3500 3357 3567 praeriperet;
3394 3514 3458 3550 ac
3487 3501 3754 3567 prapterea

2193 3583 2388 3636 dicunt
2407 3582 2774 3652 aliqui.etiam
2795 3584 3123 3654 plerumque
3142 3586 3322 3654 majus
3350 3602 3471 3638 esse
3492 3585 3750 3642 delictum,

2192 3671 2238 3724 si
2275 3671 2481 3724 malum
2515 3671 2640 3740 quis
2671 3687 2769 3740 pro
2800 3672 2946 3724 malo
2973 3670 3581 3743 reddideritzquoniam
3596 3674 3756 3740 potest

2193 3760 2313 3813 ﬁeri
2348 3768 2408 3812 ut
2436 3758 2531 3828 qui
2563 3758 2717 3829 prius
2742 3759 2952 3812 malum
2977 3759 3167 3813 intulit
3209 3762 3356 3830 quod
3381 3767 3651 3831 peccatum
3671 3758 3757 3809 aut

2195 3849 2402 3902 malum
2427 3855 2575 3900 esset
2595 3847 2966 3916 ignoraverit;
3022 3848 3116 3900 ille
3164 3865 3295 3902 vero
3344 3850 3437 3919 qui
3485 3847 3755 3901 vindictam

2194 3936 2425 4006 expetit.
2460 3943 2517 3989 et
2544 3937 2715 3988 vicem
2750 3936 3102 4006 reddit,qund
3138 3938 3345 3990 malum
3377 3938 3561 3997 fuerit,
3586 3932 3751 3988 statim

2195 4024 2623 4078 ostendit.Unde
2655 4031 2836 4094 potest
2853 4026 2930 4078 ita
2957 4024 3368 4095 intelligi.quod
3397 4020 3755 4078 malumlnfer—

2194 4129 2255 4166 re
2284 4113 2445 4166 alteri
2476 4114 2638 4182 culpa
2666 4119 2752 4165 est
2782 4130 2794 4164 :
2836 4114 3070 4169 reddere
3092 4131 3218 4167 vero
3247 4115 3455 4167 malum
3489 4128 3583 4182 pro
3603 4107 3749 4169 malo.

2192 4210 2480 4271 peccatum
2505 4208 2609 4254 est.
2646 4201 2712 4255 Et
2736 4202 2868 4255 dum
2894 4203 3028 4256 dicit
3058 4203 3354 4272 Apostolus
3401 4200 3537 4255 nulli
3571 4198 3753 4252 malum

2192 4306 2314 4342 esse
2340 4288 2707 4345 reddendum.
2736 4290 2955 4343 ﬁdelem
2988 4291 3080 4360 qui
3132 4291 3352 4343 Videtur
3373 4306 3492 4343 esse
3511 4296 3567 4342 et
3587 4284 3755 4340 inﬁde-

517 4372 670 4426 aolus
695 4372 765 4424 de
793 4370 1021 4437 talibus,
1063 4370 1157 4423 sed
1189 4371 1358 4423 etiam
1390 4371 1459 4423 de
1506 4372 1610 4424 hoc
1638 4371 1932 4424 admonuit
1966 4364 2174 4441 Apo-D
2194 4378 2302 4431 lem
2334 4378 2550 4446 tangit:
2578 4378 2725 4430 fideli
2762 4378 2905 4440 ideo,
2939 4379 3067 4450 quia
3097 4379 3272 4432 frater
3303 4383 3389 4431 est
3421 4397 3433 4442 ;
3468 4385 3522 4431 et
3548 4370 3750 4432 inﬁdeli,

518 4461 695 4514 stolus
723 4476 835 4513 non
863 4476 984 4513 esse
1011 4458 1370 4529 gaudendum
1392 4460 1537 4529 quod
1569 4460 1845 4514 dmmonia
1866 4461 1948 4513 eis
1977 4461 2111 4513 sub-

511 4551 662 4621 jecta
681 4558 861 4611 erant,
893 4550 989 4602 sed
1021 4549 1205 4618 potius
1233 4548 1302 4601 de
1334 4548 1437 4602 hoc
1466 4549 1610 4618 quod
1654 4548 1881 4601 nomina
1915 4564 2127 4601 eorum.

518 4639 728 4710 sci‘ipta
754 4645 944 4693 essent
975 4638 1032 4690 in
1061 4638 1218 4700 cmlo,
1245 4645 1302 4690 et
1351 4645 1435 4691 est
1473 4653 1704 4694 sensus:
1754 4638 1813 4694 Si
1861 4637 2106 4690 videritis

515 4729 802 4783 hominem
828 4728 998 4798 digna
1057 4743 1230 4797 opera
1300 4732 1585 4795 agentem,
1618 4742 1743 4796 quae
1792 4741 2111 4779 mereamur

516 4818 685 4871 scribi
717 4817 774 4870 in
803 4816 978 4880 caelis,
1005 4815 1073 4869 de
1104 4815 1255 4868 illius
1290 4815 1471 4871 salute
1499 4814 1907 4883 congaudetote
1962 4816 2109 4867 Flere

516 4929 643 4967 cum
670 4911 927 4979 ﬂentibus
951 4913 1145 4961 curate
1177 4921 1188 4954 ε
1217 4924 1328 4960 non
1357 4923 1482 4960 cum
1538 4905 1624 4960 his
1672 4907 1769 4976 qui
1817 4908 2010 4976 lugent
2057 4911 2112 4959 et

518 5001 730 5054 deﬂent
774 4998 1133 5050 amissionem
1179 5012 1365 5049 rerum
1420 4994 1834 5064 temporalium.
1877 4996 1973 5048 sed
2020 5011 2110 5064 po-

518 5088 631 5142 tius
662 5103 788 5140 cum
822 5086 908 5138 his
937 5085 1032 5154 qui
1059 5100 1160 5137 sua
1182 5090 1282 5137 aut
1309 5084 1687 5154 proximorum
1733 5084 1943 5137 deﬂent
1989 5099 2109 5146 pec-

515 5174 831 5234 catarsicut
855 5172 1336 5226 Samueldeﬂebat
1355 5172 1506 5227 Saul.
1537 5188 1601 5223 eo
1621 5171 1765 5240 quod
1789 5170 2110 5223 recessisset

519 5263 793 5319 Dominus
822 5261 892 5314 ab
921 5276 987 5312 eo
1010 5278 1024 5325 ς
1044 5266 1101 5312 et
1123 5259 1329 5312 Paulus
1352 5260 1555 5313 multos
1569 5258 2109 5327 Corinthiorum.qui

518 5359 646 5426 post
664 5350 1088 5405 fornicationem
1121 5364 1230 5401 non
1263 5355 1495 5418 egerant
1528 5349 1932 5417 pmnitentiam.
1986 5347 2111 5400 Sive

520 5443 686 5497 etiam
714 5457 841 5494 cum
868 5440 955 5493 his
981 5438 1173 5508 lugere
1198 5438 1465 5508 praecipit.
1498 5439 1593 5507 qui
1626 5439 1817 5508 lugent
1839 5438 1984 5508 quod
2004 5438 2111 5490 dif-

518 5530 701 5585 fertur
728 5545 764 5584 ι
781 5544 955 5600 regno
985 5528 1272 5592 calorum,
1300 5527 1485 5581 securi
1507 5528 1629 5597 jam
1657 5529 1727 5582 de
1764 5527 2013 5598 pmmio,
2045 5527 2115 5581 de

2195 4472 2256 4520 ut
2280 4456 2480 4520 lucrari
2506 4465 2693 4536 possit.
2719 4468 3063 4520 Providentes
3094 4468 3231 4519 bona
3265 4479 3374 4520 non
3404 4468 3575 4520 solum
3592 4474 3754 4518 eorum

2195 4556 2414 4617 Deo,sed
2431 4557 2598 4607 etiam
2612 4569 2794 4608 coram
2823 4557 3077 4609 omnibus
3104 4556 3633 4608 hominibusﬂoram
3655 4549 3754 4602 Deo

2190 4642 2337 4696 bona
2367 4642 2471 4695 sibi
2504 4643 2775 4711 providet,
2809 4643 2905 4711 qui
2935 4642 3135 4695 intimo
3165 4642 3349 4696 cordis
3370 4643 3418 4695 ei
3444 4640 3535 4712 qui
3564 4641 3754 4693 secreta

2192 4731 2446 4783 intuetur
2467 4731 2685 4800 placere
2705 4731 2975 4795 studet,et
3004 4732 3158 4784 illum
3183 4746 3294 4784 non
3309 4731 3750 4801 cogitatione.non

2198 4817 2363 4871 verbo
2416 4834 2523 4871 non
2552 4834 2719 4888 Opere
2746 4819 2860 4871 vult
2896 4819 3196 4905 olfepdere,
3229 4833 3327 4871 nec
3357 4814 3583 4872 oll'endlt
3597 4825 3753 4905 quim-

2196 4916 2315 4962 tum
2347 4907 2508 4960 valet.
2558 4906 2814 4960 Providet
2841 4913 2897 4960 et
2939 4899 3126 4959 coram
3166 4906 3427 4960 omnibus
3468 4899 3754 4959 hominibus

2194 4996 2355 5060 bona,
2390 4995 2483 5064 qui
2516 4995 2680 5048 verbo
2708 5003 2765 5048 et
2793 4994 3336 5065 moribus.omnique
3365 4989 3755 5048 conversatione

2191 5085 2249 5138 in
2280 5085 2433 5138 omni
2466 5084 2576 5137 vita
2606 5101 2704 5138 sua
2730 5100 2828 5153 pro
2855 5085 3059 5137 virlbus
3090 5085 3226 5149 suis,
3257 5085 3589 5154 inquantum
3609 5077 3750 5134 valet,

2190 5173 2735 5243 irreprehensibllem
2768 5189 2827 5225 se
2856 5172 3080 5242 praebet.

2227 5262 2423 5328 Siﬁeri
2432 5267 2596 5329 potest
2610 5264 2752 5328 quod
2768 5264 2826 5313 in
2849 5264 2994 5315 vobis
3005 5266 3096 5324 est,
3108 5261 3160 5314 id
3180 5266 3264 5314 est
3280 5261 3425 5331 quod
3448 5266 3629 5313 vestris
3641 5264 3752 5305 con-

2191 5352 2346 5421 gruit
2363 5350 2614 5419 religioni
2627 5366 2766 5411 ,cum
2786 5352 3040 5402 omnibus
3053 5351 3174 5402 hom
3184 5351 3371 5402 imbus
3386 5363 3559 5415 pacem
3577 5341 3756 5395 haben-

2197 5440 2433 5493 te.;.Rem
2452 5437 2736 5491 difﬁcilem
2753 5436 3521 5507 dicturus,praemisiudicens
3541 5452 3551 5484 ε
3575 5430 3626 5484 Si
3651 5424 3753 5480 lteri

2196 5528 2541 5599 potest,quia
2559 5527 2643 5581 vix
2666 5534 2765 5581 aut
2780 5526 3100 5581 nullatenus
3118 5526 3242 5580 ﬁeri
3259 5530 3459 5596 potest,
3469 5528 3527 5578 ut
3537 5534 3631 5593 pax
3641 5528 3748 5569 cum
