3850 6168
230 294 321 352 477

899 285 1283 351 ΕΧΡΟΒῙἸῚΟ
1312 240 1393 350 av
1612 292 1670 349 δ.
1700 288 1783 348 ps

1887 293 1936 348 .I.
1968 322 2041 335 --
2066 290 2149 349 IN
2175 288 2401 349 EPIBT.
2432 290 2530 347 AD
2563 292 2740 349 non.

3352 291 3461 350 ΗΒ

232 418 455 474 omnibus
469 417 787 471 hominibus
806 424 1084 475 servetur.
1122 419 1266 474 Nam
1297 418 1344 472 si
1374 434 1657 489 paganum
1689 417 1776 471 in-
1791 422 1839 479 Α
1859 418 2008 473 hunc
2028 421 2206 472 virum
2231 418 2256 471 7
2280 434 2383 472 cur
2401 419 2452 472 ei
2474 418 2621 472 mala
2642 421 2805 473 tanta
2838 415 3028 479 intuli,
3064 417 3161 487 qui
3209 417 3353 471 mihi
3378 423 3469 472 tot

231 507 520 576 crepaveris,
550 512 719 575 teque
748 507 1169 577 contempserit,
1198 520 1312 561 non
1340 506 1456 561 vult
1472 516 1655 561 tecum
1691 508 1785 560 ha-

228 596 339 650 bere
358 609 549 665 pacem.
586 594 857 648 Similiter
880 596 1150 649 deludam
1172 596 1594 666 intelligendum
1614 603 1783 665 atque

230 683 468 737 heretico.
493 682 817 736 Dicamuset
845 684 1009 736 aliter
1036 701 1047 735 :
1079 683 1149 737 Et
1164 684 1395 754 quilibet
1414 685 1677 754 praelatus
1698 684 1779 736 in-

226 776 391 841 crepat
404 769 672 839 subjectos
694 771 1103 842 delinquentes.
1124 774 1268 827 Dum
1303 773 1453 826 enim
1476 773 1558 825 eis
1585 771 1779 842 displi-

1862 505 2012 560 bona
2040 506 2317 560 contulit?
2350 506 2482 560 Sine
2517 522 2686 560 causa
2712 522 2846 574 ergo
2872 504 3107 559 infestus
3152 505 3202 558 ei
3232 505 3417 560 exstiti
3447 524 3460 560 :

1865 595 2237 665 Quapropter,
2270 597 2403 666 quia
2419 604 2534 648 tam
2562 595 2807 662 [benigne
2836 602 2893 647 et
2911 593 3192 664 patienter
3211 609 3349 663 euge
3374 610 3466 649 me

1865 684 2266 753 agit,incipiam
2292 684 2446 737 illum
2471 684 2704 753 diligere
2716 682 3183 736 utcharissimum
3204 683 3461 749 fratrem,

1860 787 2026 841 quem
2048 772 2320 825 hactenus
2337 772 2714 842 persequebar
2734 777 2793 824 ut
2820 771 3060 837 hostem.
3095 771 3151 825 Si
3191 776 3382 826 autem
3406 772 3465 826 ei

227 867 302 913 cet
325 857 613 928 increpatio
636 860 876 929 prelati,
906 877 1098 930 pacem
1129 878 1255 915 cum
1287 862 1400 915 illis
1432 862 1641 915 habere
1664 877 1779 914 non
1856 859 2043 913 cibum
2078 867 2134 913 et
2162 868 2352 930 potum
2394 860 2612 921 tribuit,
2664 860 2871 913 idcirco
2916 860 3023 912 hoc
3053 860 3267 922 fecerit,
3303 861 3468 930 jumta

225 952 416 1019 potest;
443 952 499 999 et
524 963 647 1000 cum
680 947 762 1001 ita
788 948 882 1011 sit,
910 950 1293 1020 unusquisque
1322 950 1570 1004 animum
1610 965 1774 1003 suam

1862 947 2009 1018 quod
2032 949 2258 1017 quidam
2279 948 2920 1017 volueruntintelligere,
2933 946 3277 1002 utcarbones
3293 948 3464 1019 ignis,

221 1040 378 1088 servet
402 1041 652 1104 pacatum
684 1041 741 1089 et
767 1037 1039 1107 quietum,
1068 1037 1277 1092 habens
1328 1038 1387 1091 in
1419 1055 1479 1092 se
1504 1055 1631 1092 cum
1665 1038 1776 1091 illis
1860 1036 1917 1089 id
1939 1044 2023 1089 est
2045 1037 2471 1106 pmnasinferni,
2497 1038 2547 1089 ei
2568 1043 2866 1107 praeparet.
2880 1037 3013 1091 dum
3035 1037 3155 1106 ejus
3171 1036 3457 1092 beneﬁciis

222 1137 408 1194 pacein,
430 1122 710 1192 diligendo
730 1141 844 1187 eos,
869 1126 1000 1195 quia
1018 1124 1284 1179 Dominus
1305 1126 1553 1180 omnium
1586 1135 1780 1180 auctor

223 1218 309 1275 est,
336 1211 451 1264 licet
478 1212 625 1265 vitiis
654 1229 714 1265 se
738 1214 810 1266 ab
840 1214 936 1267 illo
982 1221 1262 1284 separent.
1297 1215 1415 1268 Hoc
1464 1215 1604 1277 loco,
1639 1222 1697 1267 ct
1726 1216 1779 1267 in

220 1299 569 1369 sequentibus,
608 1302 865 1370 prohibet
902 1303 1287 1357 contentiones
1315 1313 1372 1357 et
1401 1304 1546 1369 lites,
1584 1303 1784 1373 quibus

221 1389 432 1441 maxime
454 1404 556 1458 pax
589 1389 825 1443 violatur
837 1435 849 1447 .

279 1477 385 1530 Non
405 1479 746 1545 rosmetipsos
762 1480 1122 1546 defendentes,
1150 1480 1485 1533 charissimi.
1520 1480 1636 1533 Hoc
1675 1480 1782 1533 du-

219 1563 412 1632 pliciter
428 1571 511 1617 est
538 1564 963 1635 intelligendum
995 1585 1006 1619 :
1039 1584 1152 1621 uno
1178 1569 1342 1621 modo
1362 1568 1430 1622 de
1451 1568 1784 1622 adversariis

1863 1125 2171 1179 honoratus
2192 1141 2317 1179 eum
2338 1141 2451 1179 non
2469 1126 2743 1182 dilexerit.
2763 1126 2882 1194 jam
2906 1126 3012 1179 hoc
3035 1142 3144 1179 non
3170 1131 3258 1179 est
3283 1109 3465 1180 chari-

1864 1219 1970 1272 tas,
1987 1214 2225 1283 ideoque
2238 1215 2438 1267 melius
2454 1220 2536 1267 est
2567 1214 2648 1267 ita
2668 1213 2921 1283 intelligi,
2948 1220 3013 1267 ut
3030 1231 3201 1285 supra
3220 1215 3465 1269 diximus

1865 1304 1921 1357 in
1940 1304 2122 1374 primo
2143 1303 2212 1355 de
2234 1302 2434 1355 ardore
2447 1302 2759 1354 charitatis.
2777 1302 2936 1364 Quod
2957 1318 3087 1355 vero
3111 1303 3265 1368 dicit,
3295 1320 3466 1373 super

1864 1399 2057 1462 caput,
2084 1398 2231 1445 recte
2253 1408 2354 1461 per
2366 1398 2536 1460 caput
2556 1407 2732 1447 mens,
2764 1390 2819 1442 id
2851 1397 2936 1442 est
2960 1390 3370 1445 rationabilitas
3398 1408 3466 1445 ac

1866 1481 2249 1553 principalitas
2296 1479 2499 1532 animae
2558 1478 2869 1548 accipitur:
2915 1478 3047 1547 quia
3100 1478 3246 1532 sicut
3277 1479 3469 1533 omnia

1865 1567 2119 1622 membra
2147 1576 2422 1637 reguntur
2440 1583 2474 1619 a
2498 1567 2698 1634 capite,
2720 1565 2802 1618 ita
2822 1564 3189 1635 cogitationes
3207 1570 3265 1618 et
3279 1567 3470 1620 volun-

222 1651 421 1713 nostris,
448 1651 718 1706 imreticis
742 1654 1016 1716 videlicet,
1058 1656 1214 1709 talsis
1266 1655 1535 1709 fratribus
1565 1674 1576 1707 :
1604 1657 1698 1726 qui
1722 1657 1779 1709 in
1808 1664 2010 1745 Btates
2038 1663 2227 1709 mente
2248 1656 2644 1725 disponuntur:

220 1750 305 1787 nos
323 1737 640 1807 plenumque.
668 1742 921 1795 saeviunt.
941 1743 1010 1795 de
1032 1743 1235 1813 quibus
1258 1758 1369 1797 non
1392 1744 1661 1797 debemus
1681 1758 1781 1797 nos

218 1822 505 1885 defendere,
532 1828 832 1881 vindictam
864 1832 1173 1900 expetendo
1199 1850 1212 1897 ;
1246 1833 1356 1886 alio
1378 1847 1506 1886 vero
1536 1833 1700 1885 modo
1721 1839 1783 1886 ut

215 1909 254 1962 si
274 1911 883 1981 tueritquisinﬂdelium
912 1928 1108 1973 contra
1136 1934 1235 1974 nes
1258 1922 1532 1974 excitatus
1556 1936 1655 1991 pro
1687 1937 1783 1974 no-

218 1999 346 2051 mine.
375 2000 600 2065 Christi,
629 2011 729 2057 aut
754 2021 925 2059 causa
945 2008 1182 2077 alicujus
1216 2008 1409 2078 jurgii,
1441 2008 1622 2063 verbis
1648 2026 1781 2063 con-

213 2087 543 2150 tradictoriis.
564 2102 735 2160 prout
746 2094 887 2148 ratio
907 2096 1080 2150 dictat
1103 2105 1489 2166 parcamusut
1505 2100 1781 2153 mansueti

221 2183 266 2227 et
282 2177 507 2232 humiles
530 2187 593 2236 et
617 2196 1007 2252 appar-eamus,
1028 2185 1316 2240 imitantes
1346 2187 1665 2249 Dominum,
1688 2188 1783 2257 qui

211 2280 363 2334 pauca
388 2284 571 2321 coram
604 2270 781 2323 Pilato
810 2273 1111 2341 respondit.
1142 2273 1245 2327 Sed
1270 2277 1396 2327 date
1424 2278 1604 2328 (acum
1630 2279 1730 2329 ira
1758 2296 1775 2331 :

213 2350 413 2408 Duobus
433 2357 614 2411 modis
631 2358 809 2412 locum
832 2360 1160 2427 damusirte;
1185 2362 1268 2415 vel
1286 2377 1411 2415 cum
1436 2363 1781 2416 refrenemus

212 2440 433 2496 animum
465 2460 537 2498 ne
563 2448 865 2501 vindictam
898 2457 1263 2519 expetamus;
1299 2451 1378 2503 vel
1407 2466 1532 2504 cum
1564 2451 1635 2504 de
1661 2451 1781 2504 loco

213 2528 268 2579 ad
294 2530 459 2585 locum
486 2533 758 2603 fugimus.
786 2537 945 2599 Date,
984 2538 1187 2607 inquit,
1228 2539 1408 2591 locum
1451 2539 1567 2600 inve,
1601 2539 1653 2593 id
1676 2545 1778 2602 est,

215 2618 390 2686 eosqui
411 2629 609 2673 contra
630 2638 726 2675 vos
745 2623 875 2676 irati
896 2624 1148 2678 saeviunt.
1171 2626 1479 2694 permittite
1498 2624 1650 2678 vobis
1679 2641 1780 2678 no-

214 2708 469 2775 cere,quia
498 2709 775 2779 patientia
804 2719 989 2764 vestra
1018 2712 1486 2775 remunerabitur,
1510 2718 1567 2765 et
1584 2728 1780 2765 eorum

215 2792 393 2847 saevitia
406 2798 691 2865 punietur.
725 2800 838 2852 Vel.
860 2800 992 2853 date
1023 2800 1202 2853 locum
1230 2801 1346 2863 ine,
1378 2800 1431 2852 id
1476 2807 1580 2861 est,
1610 2800 1783 2852 nolite

215 2894 294 2933 vos
316 2883 610 2946 vindicare,
641 2887 737 2940 sed
769 2888 941 2957 fugite
994 2889 1065 2941 de
1124 2888 1243 2941 loco
1282 2888 1350 2941 ad
1384 2888 1588 2951 locum,
1624 2888 1785 2956 juxta

220 2970 343 3037 quod
370 2972 642 3027 Dominus
655 2976 903 3046 praecipit
932 2975 1153 3029 dicens:
1184 2976 1249 3031 Si
1266 2992 1359 3029 cos
1378 2978 1595 3043 fuerint
1608 2992 1786 3043 perse-

1939 1747 2065 1799 Noli
2092 1747 2245 1796 vinci
2267 1758 2301 1796 a
2333 1746 2498 1796 malo.
2525 1742 2671 1802 Noli,
2704 1741 2903 1810 inquit,
2938 1740 3081 1793 vinci
3118 1756 3153 1793 a
3197 1741 3370 1809 malo,
3408 1740 3468 1794 id

1864 1840 1951 1886 est
1979 1832 2048 1885 ab
2069 1832 2258 1901 aliquo
2290 1830 2439 1890 vitio,
2470 1846 2579 1881 non
2608 1828 2681 1881 ab
2702 1828 2807 1890 ira,
2840 1843 2949 1881 non
2982 1827 3052 1880 ab
3077 1827 3223 1889 odio,
3249 1844 3364 1881 non
3395 1826 3467 1887 ab

1865 1921 2144 1990 injustitia
2197 1920 2340 1979 Sive,
2368 1919 2481 1972 noli
2508 1918 2651 1971 vinci
2684 1934 2720 1971 a
2747 1918 2915 1972 malo.
2948 1916 3005 1970 id
3041 1922 3128 1970 est
3155 1916 3379 1970 diabolo
3432 1932 3469 1970 a

1866 2025 1977 2079 quo
2008 2008 2240 2061 vinceris
2269 2008 2403 2061 dum
2433 2014 2629 2060 contra
2655 2006 2947 2059 inimicum
2982 2012 3145 2059 tuum
3176 2004 3469 2059 iracundia

1864 2096 2205 2161 accenderis,
2238 2096 2372 2165 quia
2390 2096 2456 2148 ad
2478 2111 2638 2148 suam
2666 2096 3008 2148 voluntatem
3038 2101 3095 2147 te
3124 2093 3315 2149 trahit.
3354 2092 3471 2151 Ali-

1862 2192 1952 2239 ter
1974 2203 1985 2237 :
2014 2186 2070 2239 Si
2088 2184 2461 2252 tuasinjurias
2484 2184 2672 2237 ulcisci
2700 2183 2958 2241 volueris,
2976 2198 3012 2235 α.
3032 2182 3182 2235 malo
3205 2181 3464 2248 vinceris,

1866 2273 1996 2343 quia
2009 2272 2059 2325 ei
2081 2272 2175 2341 qui
2199 2271 2300 2324 tibi
2322 2271 2530 2324 malum
2545 2270 2903 2329 tecit,similis
2921 2270 3188 2322 afﬁceris:
3216 2268 3466 2338 quando-

1862 2377 2088 2431 cunque
2102 2360 2250 2413 enim
2273 2359 2496 2412 diabolo
2532 2359 2615 2412 vel
2647 2358 2782 2412 vitio
2799 2358 2969 2411 alicui
2998 2357 3310 2417 obedimur,
3344 2356 3467 2410 vin-

1864 2450 2044 2503 cimur
2061 2449 2130 2502 ab
2151 2449 2264 2501 illo.
2282 2448 2426 2501 Dum
2452 2448 2661 2501 malum
2678 2463 2780 2517 pro
2800 2447 2948 2500 malo
2967 2444 3353 2501 reddimus.ab
3371 2445 3468 2499 illo

1867 2538 2143 2592 vincimur
2157 2537 2255 2605 qui
2286 2536 2719 2604 nobisinjuriam
2752 2536 2899 2595 iecit,
2934 2542 2991 2588 et
3016 2535 3103 2588 cui
3135 2535 3306 2588 vicem
3338 2535 3468 2589 red-

1864 2628 2072 2681 dimus.
2090 2626 2221 2695 quia
2240 2642 2342 2684 nos
2358 2625 2573 2677 similes
2596 2625 2696 2677 sibi
2730 2625 2882 2677 facit.
2917 2625 2975 2678 Si
3005 2631 3192 2677 autem
3216 2639 3468 2677 commo—

1864 2722 1984 2769 tum
2018 2714 2271 2767 animum
2303 2713 2649 2766 refrenamus
2677 2718 2740 2765 ut
2761 2712 3058 2765 vindictam
3092 2712 3467 2780 proximonon

1864 2803 2193 2865 inferamus,
2217 2810 2349 2855 tunc
2377 2802 2610 2854 victores
2622 2800 2960 2859 exsistimus,
2982 2806 3039 2853 et
3057 2799 3127 2853 de
3150 2806 3375 2870 peccato
3391 2799 3466 2853 ad

1867 2892 2106 2945 salutem
2138 2889 2477 2960 acquirendo
2496 2888 2727 2943 fratrem
2753 2888 3296 2958 triumphamus.Sed
3310 2891 3463 2942 uince

1868 2983 1933 3032 in
1963 2981 2098 3032 bono
2124 2979 2363 3030 malum.
2388 2976 2568 3030 Vince
2584 2976 2641 3029 in
2674 2975 2819 3029 bono
2847 2977 3077 3039 malum,
3095 2975 3151 3029 id
3171 2982 3258 3029 est
3276 2976 3332 3028 in
3353 2975 3467 3029 Deo

214 3060 312 3108 cuti
337 3061 391 3111 in
411 3064 637 3115 civitate
666 3079 802 3125 una,
836 3065 1011 3130 fugite
1054 3068 1119 3117 in
1167 3068 1345 3117 aliam
1402 3066 1614 3126 (Matth.
1652 3068 1785 3121 XIX).
1809 3067 1852 3126 C
1871 3065 2430 3120 diabolum.Vincein
2461 3064 2605 3118 bono
2632 3064 2936 3127 malum,in
2968 3063 3237 3133 patientia
3263 3078 3469 3133 supera

217 3141 350 3206 Quod
364 3156 548 3203 autem
571 3151 712 3204 dicit
737 3170 748 3203 :
777 3153 918 3206 Date
941 3154 1119 3206 locum
1139 3152 1253 3215 ira,
1283 3154 1396 3207 haec
1415 3153 1499 3206 ira
1524 3154 1603 3206 vel
1636 3152 1787 3206 illius

212 3231 521 3303 intelligitur
549 3240 648 3309 qui
680 3241 851 3305 saevit,
887 3242 966 3294 vel
1015 3241 1189 3295 futuri
1225 3242 1432 3311 judicis
1470 3242 1565 3312 qui
1601 3243 1657 3295 in
1698 3257 1788 3294 se-

215 3324 484 3388 quentibus
498 3327 756 3396 loquitur
778 3344 876 3399 per
892 3328 1207 3401 exemplum
1232 3330 1791 3400 propheticum.Scri-

211 3415 346 3475 ptum
373 3419 447 3466 est
473 3420 661 3470 enim:
684 3416 822 3471 Mihi
850 3420 1173 3476 vindictam,
1191 3420 1459 3473 subaudis
1484 3425 1785 3484 reservate,

214 3501 256 3547 et
276 3515 358 3565 ego
384 3506 719 3567 retribuam,
749 3506 901 3559 vobis
923 3507 1014 3576 qui
1039 3508 1321 3577 patienter
1337 3508 1545 3562 tulistis
1561 3508 1791 3579 praemia

214 3590 262 3637 et
276 3602 547 3656 coronam;
575 3593 758 3647 etillis
774 3595 869 3665 qui
903 3596 1109 3648 malum
1143 3596 1459 3649 intulerunt
1487 3597 1785 3650 vindictam

216 3687 477 3740 ptenarum
498 3682 775 3750 gehennte
818 3684 961 3746 Quia
981 3686 1129 3738 enim
1153 3686 1320 3739 homo
1341 3685 1397 3738 in
1413 3685 1655 3738 vindicta
1677 3700 1791 3739 mo-

184 3760 325 3816 dum
347 3770 585 3832 excedit,
602 3786 706 3823 nec
728 3778 912 3841 potest
930 3789 989 3825 se
1012 3772 1286 3827 vindicare
1325 3789 1452 3826 cum
1476 3774 1792 3842 tranquilli-

212 3854 312 3905 tate
334 3857 553 3920 mentis,
581 3859 787 3915 idcirco
814 3862 1168 3931 omnipotens
1213 3862 1360 3915 Deus
1407 3862 1658 3931 praecipit
1682 3861 1790 3914 sibi

212 3939 484 3999 Vindictam
508 3949 806 4009 reservari,
831 3950 1021 4020 utipse
1033 3951 1128 4019 qui
1159 3950 1528 4004 immutabilis
1540 3958 1625 4003 est
1635 3950 1791 4019 judi-

214 4035 286 4083 cet
312 4031 447 4098 illos,
477 4042 535 4090 et
567 4037 664 4106 qui
695 4054 806 4091 non
834 4046 1091 4092 movetur
1111 4039 1177 4091 ad
1198 4039 1358 4102 iram,
1382 4040 1543 4107 juxta
1562 4038 1706 4108 quod
1740 4037 1791 4090 ei

191 4115 422 4173 eximius
448 4132 647 4192 orator
666 4125 929 4179 Salomon
962 4125 1133 4179 dicit:
1180 4127 1256 4178 Tu
1292 4131 1503 4192 autem,
1532 4125 1789 4189 Domine,

215 4216 318 4256 cum
352 4213 771 4280 tranquillitate
789 4216 1015 4281 judico:
1063 4215 1253 4268 omnia
1279 4214 1424 4281 lSap.
1456 4219 1574 4269 xu).
1606 4213 1794 4283 Hujus

1870 3154 2161 3208 inimicum
2180 3159 2235 3207 et
2250 3153 2632 3207 adversarium
2662 3159 2846 3213 tuum,
2871 3151 3168 3223 prehendo
3208 3151 3257 3204 ei
3281 3150 3468 3205 cibum

1871 3250 1929 3296 et
1950 3241 2570 3312 potuni,vestiinentum
2585 3247 2641 3294 et
2670 3242 3109 3295 calceumentum
3136 3258 3149 3305 ;
3169 3240 3303 3294 dum
3318 3240 3469 3293 enim

1871 3332 1987 3386 tuis
2012 3330 2297 3384 beneﬁciis
2324 3346 2592 3400 provocas
2622 3330 2781 3383 illum
2814 3329 2885 3383 ad
2914 3329 3019 3382 hoc
3066 3334 3130 3382 ut
3154 3334 3211 3382 te
3240 3328 3472 3398 incipiat

1869 3420 2104 3488 diligere
2125 3434 2190 3472 eo
2203 3419 2368 3471 modo
2389 3435 2499 3488 quo
2516 3418 2778 3488 superius
2790 3416 3470 3486 diximus,quodammodo

1872 3524 2107 3578 superas
2136 3508 2315 3560 illum.
2338 3506 2439 3559 Vel
2471 3507 2626 3560 vince
2654 3507 2713 3565 in
2746 3506 2890 3559 bono
2935 3506 3167 3569 malum,
3200 3504 3253 3557 id
3301 3510 3388 3558 est
3413 3504 3469 3556 in

1873 3596 2172 3649 virtutibus
2202 3595 2357 3648 vince
2379 3601 2436 3647 et
2455 3611 2624 3663 supra
2647 3594 2778 3646 vitia
2799 3601 2855 3646 et
2873 3598 3114 3662 peccata,
3148 3591 3470 3662 accipiendo

1873 3701 1940 3738 ex
1972 3684 2051 3738 eis
2077 3684 2320 3754 palmam
2353 3683 2612 3735 victoriae.

2441 3822 2672 3877 CAPUT
2698 3819 2831 3876 XIII
2846 3866 2858 3877 .

1931 3950 2120 4004 Omnis
2131 3950 2329 4001 animo
2346 3948 2698 4014 potestatibus
2714 3947 3133 3999 sublimioribus
3142 3945 3306 4000 subdi
3308 3950 3363 3999 ta
3375 3949 3467 3999 sit.

1877 4039 1940 4093 In
1971 4035 2197 4090 exordio
2226 4042 2431 4088 sanctae
2462 4033 2719 4088 Ecclesia;
2748 4050 2814 4086 ex
2856 4032 3116 4086 omnibus
3142 4033 3473 4087 conditioni-

1876 4125 1982 4179 bus
2000 4124 2296 4177 veniebant
2315 4123 2384 4176 ad
2406 4122 2592 4179 ﬁdem,
2614 4128 2668 4175 et
2688 4137 2760 4175 ne
2779 4121 2941 4183 servi,
2962 4120 3199 4183 ancillae,
3217 4137 3318 4174 seu
3345 4120 3472 4190 qui-

1877 4214 2015 4268 libet
2034 4212 2269 4282 subjecti
2290 4211 2558 4271 dicerent,
2577 4211 2724 4280 quod
2748 4210 2854 4280 ipsi
2881 4210 2976 4280 qui
3009 4209 3290 4263 consecuti
3312 4215 3477 4264 erant

216 4293 395 4396 etenim
411 4298 626 4367 judicis
679 4303 891 4369 iustum
922 4307 1010 4356 est
1055 4303 1353 4373 judicium,
1385 4302 1651 4373 quoniam
1683 4303 2196 4396 nonDlibertatem
2228 4301 2477 4354 omnium
2503 4306 2879 4369 peccatorum,
2915 4305 2968 4352 et
3017 4298 3116 4351 ﬁlii
3152 4297 3248 4351 Dei
3272 4297 3473 4363 effecti,

215 4383 405 4436 excedit
427 4388 683 4453 modum,
710 4406 811 4443 nec
843 4391 1205 4460 perturbatur
1224 4391 1279 4444 in
1307 4407 1409 4443 suo
1434 4390 1664 4459 judicio.

283 4475 376 4529 Sed
404 4481 452 4527 si
482 4481 746 4530 esurierit
768 4481 1032 4532 inimicus
1056 4480 1340 4540 tuus,ciba
1361 4482 1525 4531 illum
1548 4496 1565 4530 :
1588 4482 1638 4531 si
1650 4481 1788 4544 sitit,

214 4568 380 4627 potum
407 4567 479 4619 da
509 4569 620 4619 illi.
652 4567 710 4620 Si
733 4566 835 4620 hoc
860 4567 1077 4628 feceris,
1109 4574 1243 4621 tunc
1289 4583 1389 4637 pro
1415 4567 1564 4620 malo
1593 4567 1793 4620 reddes

218 4645 359 4715 bona,
384 4660 436 4706 et
464 4654 703 4724 accipies
723 4671 924 4725 magna
951 4656 1196 4725 praemia.
1248 4655 1356 4708 Hoc
1382 4657 1531 4706 enim
1558 4656 1786 4720 faciens,

218 4742 448 4795 carbones
476 4748 629 4810 ignis
659 4758 911 4811 congeras
940 4759 1104 4811 super
1146 4749 1309 4811 caput
1337 4748 1473 4811 ejus.
1507 4743 1790 4798 Carbones

220 4824 343 4895 ignis
360 4833 609 4900 appellat
630 4833 686 4885 in
711 4834 813 4886 hoc
839 4835 957 4887 loco
977 4833 1247 4886 fervorem
1280 4832 1573 4886 charitatis
1613 4833 1711 4887 Dei
1737 4838 1795 4886 et

221 4917 453 4982 proximi,
473 4921 543 4973 de
567 4936 677 4990 quo
714 4921 928 4975 fervore
966 4921 1235 4975 Dominus
1261 4920 1423 4974 dicit:
1452 4923 1641 4989 Ignem
1670 4925 1795 4975 veni

220 5007 412 5059 mittere
436 5011 498 5061 in
526 5013 741 5061 terram
766 5010 919 5080 (Luc.
945 5015 1068 5075 xu).
1100 5009 1157 5062 Si
1188 5010 1304 5063 haec
1340 5008 1557 5071 feceris,
1587 5009 1789 5080 inquit,

219 5105 324 5159 quis
350 5096 611 5165 superius
638 5078 925 5152 diximus:
958 5097 1144 5151 cibum
1200 5098 1457 5151 videlicet
1514 5104 1571 5151 et
1601 5078 1793 5168 potum

221 5178 422 5236 inimico
446 5185 1119 5247 ministrando,carbones
1150 5186 1315 5256 ignis,
1342 5186 1393 5238 id
1420 5194 1507 5239 est
1534 5187 1793 5241 ardorem

221 5267 506 5335 charitatis,
565 5290 733 5342 pones
779 5290 948 5345 super
997 5280 1166 5345 caput
1220 5276 1360 5344 ejus,
1392 5274 1447 5328 id
1495 5281 1581 5329 est
1625 5292 1796 5345 super

226 5366 444 5412 mentem
477 5364 630 5430 ejus;
670 5372 944 5432 quatenus
971 5363 1085 5416 tuis
1134 5362 1418 5417 benehciis
1456 5364 1791 5425 delectatus,

224 5442 431 5516 incipiat
448 5451 678 5520 diligere
698 5460 770 5514 te,
795 5468 957 5523 quem
981 5459 1150 5505 antea
1172 5468 1397 5507 exosum
1423 5453 1680 5515 habebat,
1715 5453 1800 5507 in-

1876 4390 2171 4461 indignum
2194 4394 2343 4443 esset
2354 4395 2414 4442 ut
2437 4385 3312 4457 servirentsaeculipotestatibus,
3339 4385 3479 4439 dixit

1875 4482 2208 4553 Apostolus:
2244 4479 2442 4533 Omnis
2462 4478 2670 4533 anima.
2704 4479 2757 4531 id
2790 4484 2877 4532 est
2904 4477 3087 4530 omnis
3118 4477 3307 4539 homo,
3337 4475 3479 4529 liber

1876 4576 1935 4624 et
1960 4586 2173 4629 servus,
2203 4567 2384 4622 ﬁdelis
2414 4573 2471 4620 et
2498 4567 2760 4625 infidelis,
2795 4565 3167 4636 potestatibus
3194 4563 3478 4619 sublimio-

1874 4658 2030 4712 ribus
2058 4656 2315 4711 subditus
2342 4656 2434 4709 sit.
2465 4654 2660 4710 Omnis
2681 4655 2869 4707 anima
2893 4652 3046 4714 dicit,
3093 4668 3190 4721 pro
3229 4667 3294 4704 eo
3326 4651 3475 4720 quod

1875 4752 1962 4800 est
1981 4746 2360 4800 omniahomo.
2387 4745 2448 4797 ln
2470 4742 2789 4796 sacracnim
2813 4741 3123 4810 Scriptura,
3152 4738 3476 4809 frequenter

1875 4837 1996 4889 sola
2023 4834 2213 4887 anima
2240 4839 2421 4887 totum
2455 4831 2736 4884 hominem
2769 4829 3064 4899 signiﬁcat,
3098 4828 3243 4882 sicut
3266 4828 3377 4891 hic,
3420 4832 3477 4882 et

1875 4924 1934 4977 in
1949 4923 2174 4985 Genesi,
2196 4921 2288 4975 ubi
2319 4920 2557 4973 dicitur:
2594 4919 2751 4982 Quod
2784 4917 3071 4987 ingressus
3100 4922 3187 4972 est
3223 4917 3392 4972 Jacob
3418 4918 3478 4972 in

1875 5012 2175 5083 Egyptum
2207 5010 2263 5063 in
2299 5007 2594 5063 animabus
2614 5007 2974 5077 septuaginta
2996 5007 3144 5072 (Gen.
3192 5006 3380 5078 XLVI);
3422 5012 3480 5062 et

1878 5101 1934 5154 in
1968 5099 2204 5153 Actibus
2235 5096 2614 5167 apostolorum
2646 5114 2658 5147 :
2690 5096 2948 5157 Eramus,
2984 5095 3187 5166 inquit,
3234 5099 3297 5149 in
3344 5098 3477 5150 navi

1876 5190 2079 5241 aninw
2097 5187 2339 5238 ducente
2357 5186 2706 5250 septuaginta
2731 5185 2978 5247 sea:(Act.
3007 5193 3199 5242 xxvm.
3233 5183 3480 5238 Potesta-

1877 5276 2029 5330 tibus
2057 5272 2479 5328 sublimioribus
2508 5272 2662 5333 dicit,
2719 5273 2947 5342 regibus
3002 5279 3060 5326 et
3118 5273 3478 5344 principibus,

1880 5364 2140 5426 tribunis,
2163 5367 2324 5415 centu
2335 5361 2602 5419 rionibus,
2626 5362 2886 5427 dominis,
2909 5362 3279 5434 omnibusque
3292 5362 3482 5433 praela-

1882 5454 1956 5507 tis
1994 5453 2111 5505 Iloc
2140 5458 2197 5505 et
2218 5452 2418 5505 Petrus
2442 5451 2692 5522 praecipit
2731 5453 2787 5517 (1
2810 5453 2937 5505 Petr
2989 5461 3082 5516 II):
3119 5451 3358 5513 Subditi,
3391 5450 3481 5504 in-

226 5535 425 5590 butum
454 5545 519 5593 ut
534 5539 684 5594 dicat
708 5558 719 5594 :
739 5541 883 5604 Quid
899 5551 987 5595 est
1007 5541 1156 5613 quod
1191 5541 1461 5598 hactenus
1480 5543 1571 5614 egi
1602 5548 1802 5599 contra
1886 5540 2105 5612 quiens,
2133 5546 2314 5595 estate
2342 5540 2499 5596 omni
2531 5540 2792 5595 humanis
2814 5547 3103 5606 creaturas,
3127 5539 3187 5595 id
3211 5538 3482 5594 estomni-
