3850 6168
192 325 271 381 ,ίδι
875 316 1256 373 EXPOSITIO
1284 318 1363 373 IN
1393 318 1548 373 EPP.
1583 318 1642 372 S.
1676 315 1913 371 PAULI.
1948 349 2003 359 —
2037 317 2115 372 IN
2145 318 2369 374 EPIST.
2401 319 2498 374 AD
2529 320 2703 375 ROM.
3309 322 3414 380 482

190 450 278 505 ille
302 444 584 519 praeposita
613 445 903 515 sunt,quia
930 461 1041 515 quo
1058 444 1300 515 amplius
1319 444 1488 496 homo
1520 443 1730 495 malum
1751 444 1801 501 A
1816 440 2104 512 Siquidem
2135 443 2409 497 Romulus
2429 443 2689 499 conditor
2702 451 2758 499 et
2779 450 2980 500 auctor
2994 446 3270 511 Roma-,in
3292 454 3408 504 tres

188 537 312 599 facit,
335 551 392 588 eo
418 533 651 603 amplius
684 543 879 603 poenas
909 532 1212 587 sustinebit
1238 533 1498 602 majores.
1531 534 1595 587 Si
1620 547 1730 584 au-
1810 540 2000 600 partes
2041 533 2308 601 populum
2340 532 2443 585 sibi
2492 532 2807 602 subjectum
2851 534 3042 588 divisit
3088 536 3408 591 rationabili

187 633 270 679 lem
290 627 413 677 male
429 625 635 689 feceris,
665 626 825 681 time;
850 622 903 674 id
921 628 1025 682 est,
1050 638 1160 675 non
1185 622 1300 674 leve
1320 625 1466 674 teras
1489 626 1729 690 potesta-
1807 618 2203 674 distributione
2227 639 2238 672 :
2264 621 2321 673 in
2340 627 2629 674 senatores
2651 622 3055 694 videlicet,quae
3074 631 3131 678 et
3149 626 3406 680 consules

186 724 275 769 tem
293 713 505 766 timere:
533 710 738 781 poterit
766 711 915 764 enim
946 717 1003 764 te
1032 710 1303 763 damnare
1326 710 1554 763 inventa
1573 725 1728 762 occa-
1807 707 2169 771 vocabantur,
2226 708 2285 762 in
2334 709 2538 763 milites
2587 718 2644 763 et
2687 711 2980 780 agricolas,
3024 718 3081 766 et
3107 713 3408 785 unicuique

181 804 324 856 sionc.
347 801 454 855 Non
472 802 621 852 enim
648 802 767 852 sine
797 815 964 852 causa
984 800 1241 866 gladium
1264 798 1585 866 portat.Per
1600 798 1726 867 gla-
1806 795 1955 864 parti
1976 795 2283 865 principem
2314 813 2487 850 unum
2509 799 2817 863 constituit,
2854 800 2950 870 qui
2974 801 3236 855 tribunus
3264 802 3409 857 dice-

179 892 304 945 dium
329 887 647 957 intelligitur
674 886 935 941 vindicta.
973 887 1096 941 Non
1131 886 1252 940 sine
1279 902 1447 941 causa
1473 886 1723 955 gladium
1809 882 1991 948 batur,
2044 900 2109 937 eo
2159 884 2307 954 quod
2356 886 2452 938 uni
2494 902 2558 939 ex
2602 886 2781 941 tribus
2824 888 3079 958 partibus
3119 897 3399 959 praeesset.

176 983 344 1050 portat,
366 976 416 1029 id
444 981 545 1035 est,
579 991 691 1029 non
721 975 843 1030 sine
867 992 1036 1030 causa
1061 975 1366 1030 ulciscendi
1390 980 1724 1045 potestatem
1809 971 2022 1025 Census
2052 985 2186 1025 vero
2211 972 2346 1042 quia
2374 973 2612 1028 subditis
2640 974 2988 1044 exigebatur.
3022 978 3126 1032 Cui
3152 981 3399 1046 vectigal,

176 1066 326 1120 habet.
365 1066 499 1119 Sunt
527 1080 730 1135 nempe
761 1065 1016 1135 quaedam
1047 1064 1302 1118 enormia
1329 1063 1563 1133 flagitia,
1602 1080 1726 1134 qua
1805 1062 2052 1126 vectigal.
2107 1060 2360 1130 Vectigal
2392 1067 2481 1115 est
2508 1062 2781 1117 tributum
2817 1065 3025 1129 ﬁscale,
3057 1072 3115 1119 et
3137 1065 3348 1121 dicitur
3373 1084 3408 1121 a

173 1155 325 1226 potius
351 1169 444 1223 per
470 1152 664 1206 mundi
688 1153 910 1222 judices
930 1169 1100 1223 quam
1130 1168 1230 1223 per
1250 1151 1531 1206 antistites
1558 1158 1616 1206 et
1640 1169 1693 1206 re

1883 1146 2082 1213 bendo,
2117 1164 2183 1202 eo
2213 1149 2361 1219 quod
2410 1150 2719 1221 accipiatur
2754 1152 2823 1205 de
2868 1154 3062 1219 .vectis,
3113 1154 3168 1208 id
3198 1162 3300 1222 est,
3334 1156 3403 1210 de

174 1249 321 1298 ctores
346 1239 706 1297 Ecclesiarum
718 1241 1047 1311 judicantur
1068 1259 1081 1307 ;
1105 1240 1250 1295 sicut
1263 1255 1391 1294 cum
1413 1238 1720 1309 quisinter-
1801 1234 2112 1306 deportatis
2135 1236 2444 1304 mercibus;
2468 1256 2556 1292 cui
2584 1242 2855 1302 timorem,
2883 1243 3398 1310 timorem,debetis,

171 1332 262 1386 ﬁcit
283 1330 581 1401 pontiﬁcem
603 1329 1318 1401 apostolicum,episcopum
1342 1328 1458 1381 sive
1486 1326 1717 1398 presby-
1800 1331 1866 1378 ut
1896 1325 2159 1386 dominis.
2183 1327 2400 1380 reddite
2432 1327 2541 1395 illi;
2573 1331 2667 1381 cui
2692 1329 2973 1395 honorem,
2995 1332 3275 1399 honorem,
3304 1333 3403 1388 de-

168 1428 337 1485 terum,
365 1420 473 1472 sive
528 1417 850 1473 diaconum.
905 1417 1240 1487 Hujusmodi
1288 1433 1413 1470 reos
1461 1432 1622 1485 reges
1665 1421 1724 1469 et
1803 1411 1967 1477 betis,
2003 1415 2220 1469 reddite
2250 1415 2352 1480 illi,
2400 1431 2511 1470 non
2566 1416 2747 1470 solum
2793 1417 2849 1470 in
2884 1419 3325 1489 conquiescendo
3348 1428 3407 1477 et

164 1508 400 1579 principes
431 1507 625 1560 mundi
655 1506 1099 1575 damnant.Ergo
1125 1521 1236 1559 non
1266 1505 1388 1558 sine
1416 1521 1582 1558 causa
1599 1504 1722 1573 gla—
1806 1501 2177 1564 humiliando,
2212 1504 2310 1558 sed
2332 1504 2502 1559 etiam
2524 1522 2759 1560 munera
2789 1506 2995 1560 dando.

162 1597 287 1649 dium
316 1601 510 1666 portat,
546 1594 641 1665 qui
671 1596 807 1648 talia
838 1595 1047 1648 scelera
1071 1594 1304 1663 judicat.
1356 1593 1501 1647 Sunt
1552 1592 1721 1645 etiam
1829 1593 2059 1646 Nemini
2078 1595 2384 1662 quidquam
2403 1595 2779 1655 debeatis,nisi
2798 1600 2857 1648 ut
2882 1599 3112 1649 invicem
3133 1598 3401 1665 diligatis.

159 1684 364 1738 maxime
378 1683 665 1737 constituti
683 1692 911 1754 propter
929 1681 1724 1751 latrones,homicidas,rapto-
1804 1679 1895 1734 Sic
1910 1680 2171 1735 omnibus
2188 1680 2474 1735 servitutis
2501 1692 2697 1736 vestrae
2718 1683 2985 1754 obsequia
3003 1690 3061 1738 et
3078 1684 3267 1739 debita
3282 1686 3403 1740 red-

156 1790 241 1835 res,
257 1778 313 1826 ut
329 1772 446 1826 illos
464 1771 757 1832 damnent,
782 1777 840 1825 et
858 1772 999 1825 alios
1019 1787 1121 1825 suo
1141 1771 1344 1824 timore
1368 1784 1781 1866 compescereB
1802 1768 1936 1837 dite,
1970 1774 2034 1822 ut
2071 1770 2283 1823 nemini
2314 1771 2619 1841 quidquam
2653 1788 2751 1841 pro
2781 1789 2891 1842 quo
2912 1772 3067 1826 vobis
3104 1773 3398 1841 irascatur,

155 1860 499 1915 faciant.Unde
516 1860 804 1913 subditur:
837 1862 936 1913 Dei
949 1863 1100 1912 enim
1118 1862 1376 1912 minister
1391 1864 1484 1919 est,
1518 1858 1719 1910 vindex
1737 1857 1778 1866 ”’
1800 1857 2071 1919 debeatis,
2103 1859 2211 1913 nisi
2246 1866 2309 1913 ut
2326 1860 2563 1914 invicem
2593 1861 2860 1931 diligatis.
2887 1862 3125 1916 Reddite
3149 1862 3402 1918 debitum

152 1952 197 2001 in
222 1952 367 2009 iram,
394 1949 451 2003 id
479 1954 569 2002 est
588 1949 646 2002 in
676 1948 999 2013 vindictam,
1031 1952 1083 2001 ei
1101 1951 1202 2015 qui
1231 1951 1444 2001 malum
1466 1948 1619 2013 facit.
1799 1952 1856 1999 et
1893 1946 2245 2017 obsequium,
2273 1949 2421 2019 quod
2443 1949 2704 2004 omnibus
2719 1950 3087 2020 potestatibus
3107 1958 3164 2005 et
3190 1951 3397 2023 princi-

203 2039 401 2105 ldeoque
427 2041 743 2091 necessitate
768 2038 978 2090 subditi
996 2041 1176 2090 estote.
1202 2036 1320 2089 Hoc
1344 2040 1448 2095 est,
1475 2034 1608 2105 quia
1626 2033 1707 2087 illi
1788 2034 1952 2104 pibus
1981 2037 2298 2105 persolvere
2340 2037 2574 2101 debetis,
2600 2038 2657 2092 id
2686 2045 2793 2099 est,
2827 2056 2922 2093 eos
2952 2039 3046 2110 qui
3068 2039 3228 2094 nobis
3260 2057 3398 2110 prai-

148 2126 274 2179 vobis
300 2126 392 2179 Dei
421 2126 666 2179 ministri
697 2131 832 2180 sunt
861 2127 920 2178 in
959 2124 1192 2188 bonum,
1227 2123 1446 2177 obedite
1476 2123 1608 2186 illis,
1643 2129 1708 2177 ut
1788 2123 1955 2193 positi
1986 2131 2136 2185 sunt,
2168 2126 2401 2195 diligere
2418 2126 2654 2180 debetis.
2687 2128 2801 2180 Hoc
2824 2127 3076 2182 debitum
3096 2129 3391 2183 charitatis

151 2230 249 2267 cum
270 2214 343 2268 eis
363 2231 552 2285 paceni
584 2214 791 2268 habere
812 2213 1069 2285 possitis;
1104 2213 1189 2267 vel
1216 2212 1549 2266 necessitate
1573 2212 1707 2265 sub-
1792 2213 2044 2282 quandiu
2075 2213 2134 2267 in
2156 2215 2419 2284 praesenti
2450 2215 2653 2269 saeculo
2682 2215 2904 2280 vivitur,
2938 2216 3190 2282 debetur,
3219 2218 3277 2270 in
3308 2218 3397 2271 fu-

148 2302 227 2355 diti
248 2310 429 2368 estote,
460 2304 557 2374 qui
591 2303 929 2357 ulciscentur
942 2318 1001 2356 se
1021 2302 1092 2355 de
1121 2301 1292 2367 vobis,
1316 2301 1364 2354 si
1392 2316 1586 2354 eorum
1614 2316 1709 2370 po-
1788 2306 1917 2385 iugo
1943 2318 2166 2373 quoque
2193 2302 2314 2356 sine
2344 2304 2590 2373 pondere
2634 2304 2849 2373 plenius
2898 2304 3234 2359 firmabitur.
3280 2308 3388 2372 Qui

149 2391 306 2445 testati
331 2392 793 2447 contradixeritis.
821 2392 893 2445 Ad
920 2391 1025 2445 hoc
1051 2391 1200 2444 enim
1232 2406 1265 2443 a
1298 2390 1411 2443 Deo
1449 2394 1537 2443 est
1562 2405 1706 2459 prai-
1787 2392 1939 2442 enim
1965 2390 2149 2456 diligit
2168 2390 2688 2457 proximumJegem
2706 2391 3272 2459 impterit.Proximus
3288 2391 3395 2447 iste

149 2480 324 2548 positus
342 2487 403 2535 ut
430 2481 846 2535 benefacientes
870 2483 1135 2551 justeque
1165 2479 1412 2533 viventes
1446 2494 1550 2533 sua
1577 2495 1706 2549 pro-
1789 2492 1901 2530 non
1926 2483 2147 2530 tantum
2171 2478 2857 2549 pmpinquuscognatione
2878 2487 2975 2533 aut
3000 2480 3190 2551 aliqua
3207 2480 3394 2535 afﬁni-

150 2569 350 2622 tectione
377 2570 685 2624 muniendo
709 2569 991 2633 defendat,
1017 2568 1315 2621 vindictam
1350 2583 1477 2621 vero
1507 2567 1708 2620 inferat
1788 2570 1924 2624 tate,
1957 2566 2054 2618 sed
2074 2566 2244 2619 etiam
2275 2566 2457 2620 omnis
2488 2568 2654 2620 homo
2676 2567 3030 2637 intelligitur,
3069 2585 3237 2639 quem
3262 2568 3392 2622 dili-

147 2657 480 2724 peccantibus,
515 2657 737 2728 sibique
768 2656 1174 2712 resistentibus.
1198 2656 1552 2726 Quapropter
1572 2654 1725 2708 subv
1788 2654 1994 2723 gendo,
2022 2654 2203 2724 legem
2236 2655 2413 2725 Moysi
2454 2655 2773 2725 implemus,
2820 2656 2951 2725 quia
2980 2656 3129 2726 quod
3173 2658 3393 2727 Moyses

147 2743 270 2797 ditur
297 2763 307 2797 :
335 2762 442 2800 non
463 2749 650 2800 solum
680 2752 903 2815 propter
926 2748 1099 2811 iram,
1122 2744 1238 2798 sive
1268 2744 1567 2798 vindictam
1597 2760 1711 2813 qua
1791 2742 2051 2812 prohibet
2078 2759 2178 2813 per
2203 2743 2386 2812 legem
2424 2762 2435 2796 :
2468 2744 2591 2797 Non
2621 2745 2842 2808 occides,
2879 2761 2989 2797 non
3017 2746 3389 2814 adulterabis,

146 2840 446 2903 consurgent
465 2836 521 2888 in
543 2851 663 2899 vos,
683 2836 774 2888 sed
796 2840 847 2888 et
865 2838 1087 2902 propter
1109 2832 1582 2897 conscientiam,id
1600 2838 1703 2897 est,
1792 2836 1851 2883 et
1867 2836 2068 2883 caetera
2088 2830 2245 2893 talia,
2267 2830 2315 2884 si
2331 2830 2685 2884 dilectionem
2708 2830 2980 2885 habemus
2996 2838 3192 2885 contra
3210 2832 3391 2903 proxi-

146 2927 340 2990 propter
368 2930 618 2977 mentem
665 2939 835 2994 quam
875 2921 1092 2976 debetis
1121 2920 1328 2975 habere
1351 2920 1617 2974 mundam
1648 2921 1707 2974 in
1791 2935 1946 2973 mum
1977 2936 2087 2973 non
2117 2920 2356 2988 agimus.
2387 2920 2445 2974 Si
2476 2920 2626 2974 enim
2680 2920 2994 2990 proximum
3027 2921 3217 2993 diligis
3246 2922 3393 2976 sicut

145 3006 401 3064 dilectione
429 3013 557 3081 ejus
576 3010 670 3065 cui
690 3010 897 3065 subditi
927 3009 1336 3071 estis,maxime
1361 3015 1590 3079 propter
1604 3010 1706 3063 hoc
1722 3035 1765 3095 ο
1788 3007 2171 3079 teipsum,non
2195 3008 2412 3063 occides
2432 3009 2751 3079 illum,quia
2770 3025 2882 3064 non
2907 3010 2989 3064 vis
3018 3010 3195 3064 occidi
3220 3028 3231 3063 :
3273 3026 3387 3065 non

143 3097 289 3165 quiaa
302 3100 409 3154 Deo
426 3101 773 3155 constitutus
790 3102 1059 3170 est.cujus
1078 3099 1419 3153 ordinationi
1443 3100 1706 3154 reluctari
1788 3097 2004 3167 pollues
2042 3113 2271 3151 uxorem
2312 3099 2457 3167 ejus,
2504 3098 2634 3169 quia
2676 3103 2832 3152 tuam
2860 3097 2930 3152 ab
2956 3099 3052 3153 illo
3082 3098 3390 3153 adulterari

142 3200 233 3239 non
255 3187 472 3243 debetis.
508 3188 680 3242 Verbi
702 3188 888 3259 gratia
920 3207 932 3241 :
983 3188 1055 3242 Es
1094 3186 1352 3242 subditus
1388 3187 1469 3241 illi
1501 3188 1708 3242 timens
1790 3201 1902 3239 non
1926 3186 2026 3249 vis,
2063 3185 2143 3239 sic
2172 3191 2230 3239 et
2254 3186 2323 3239 de
2364 3186 2581 3240 ceteris
2618 3186 3047 3257 intelligendum
3089 3194 3192 3242 est.
3231 3188 3300 3242 Et
3326 3193 3392 3242 ut

141 3272 372 3329 damnum
401 3277 740 3348 temporale,
773 3276 906 3330 dum
938 3276 1108 3330 servis
1155 3277 1225 3329 ad
1276 3276 1501 3330 oculum
1538 3295 1549 3329 :
1584 3282 1705 3331 esto
1789 3273 2038 3341 abundet
2059 3274 2282 3345 justitia
2311 3280 2503 3328 nostra
2543 3291 2712 3345 super
2744 3276 3026 3345 justitiam
3069 3276 3384 3331 scribarum

142 3362 361 3418 subditus
375 3373 613 3436 propter
631 3365 1029 3419 conscientiam
1049 3365 1344 3423 mentis.ut
1363 3365 1421 3419 in
1441 3365 1705 3436 ipsacon-
1787 3369 1845 3415 et
1870 3363 2278 3417 Pharismorum
2299 3368 2741 3434 cmterorumque
2760 3364 3106 3433 Judaeorum,
3126 3364 3383 3420 inimicos

139 3449 337 3504 scientia
363 3469 533 3522 quam
565 3452 838 3507 Dominus
866 3452 1137 3514 intuetur,
1178 3469 1291 3506 non
1314 3452 1522 3507 habeas
1546 3454 1706 3507 illum
1789 3453 1955 3504 etiam
1974 3456 2195 3505 nostros
2209 3451 2477 3505 debemus
2489 3451 2722 3521 diligere
2740 3458 2970 3523 propter
2981 3454 3381 3521 Deiamorem;

141 3536 243 3591 odio
266 3540 349 3593 cui
387 3548 627 3611 praestas
658 3540 1012 3611 obsequium.
1043 3541 1141 3594 sed
1187 3548 1286 3594 tua
1325 3558 1483 3595 mens
1514 3543 1706 3612 perhi-
1790 3546 1846 3592 et
1871 3539 2003 3593 licet
2028 3539 2099 3592 ab
2128 3539 2240 3593 illis
2260 3540 2699 3609 persecutionem
2732 3541 3133 3606 sustineamus,
3167 3559 3278 3597 non
3301 3552 3386 3601 ta-

138 3623 245 3679 beat
266 3628 363 3682 tibi
393 3630 789 3683 testimonium
820 3629 970 3700 quod
999 3646 1063 3684 ex
1096 3629 1263 3683 corde
1291 3629 1492 3699 diligas
1524 3630 1702 3688 illum.
1789 3643 1918 3680 men
1950 3626 2219 3680 debemus
2250 3627 2485 3696 diligere
2533 3634 2591 3681 et
2636 3644 2828 3682 amare
2875 3628 2934 3682 in
2964 3628 3074 3682 illis
3101 3630 3251 3696 vitia,
3286 3637 3386 3690 sed

196 3716 298 3769 Ideo
315 3721 461 3771 enim
483 3723 534 3772 et
559 3721 774 3771 tributa
791 3717 1369 3786 prastatisSubaudis
1391 3718 1522 3789 quia
1536 3734 1571 3771 a
1592 3720 1705 3774 Deo
1788 3714 2444 3785 naturam,adimplentes
2462 3716 2609 3785 quod
2624 3715 2844 3769 Veritas
2862 3718 3137 3788 praecipit:
3160 3722 3387 3791 Diligite

139 3805 380 3873 praepositi
403 3812 541 3860 sunt
563 3806 740 3867 vobis,
776 3806 858 3859 vel
886 3805 1014 3875 quia
1043 3806 1351 3859 defendunt
1379 3824 1475 3861 vos
1504 3796 1705 3861 ab'ho-
1787 3806 2043 3857 inimicos
2090 3808 2307 3868 vestros,
2341 3810 2389 3857 et
2444 3809 2595 3857 orate
2653 3820 2753 3872 pro
2794 3809 3240 3874 persequentibus
3295 3828 3384 3866 vos

136 3890 299 3956 stibus,
328 3902 384 3947 et
400 3912 507 3949 suo
540 3895 748 3948 timore
777 3894 1171 3963 constringunt
1188 3894 1445 3949 inimicos
1466 3901 1697 3962 vestros,
1789 3892 1984 3958 (Matth.
2038 3896 2091 3958 v)
2147 3891 2253 3945 Sed
2275 3893 2544 3961 quaeritur
2564 3908 2665 3945 cur
2687 3892 2960 3947 Dominus
2986 3893 3135 3948 dicat
3164 3895 3222 3949 in
3251 3897 3386 3952 dile-

133 3993 188 4031 ne
199 3977 608 4037 interficiamini
624 3982 694 4037 ab
709 3982 1029 4053 illis,neque
1042 3990 1228 4037 vestra
1247 3983 1392 4038 bona
1406 3983 1695 4054 diripiant,
1786 3980 1969 4032 ctione
1989 3979 2091 4033 Dei
2117 3984 2173 4032 et
2190 3979 2428 4050 proximi
2448 3985 2625 4032 totam
2642 3980 2822 4049 legem
2844 3982 3150 4039 consistere
3174 4002 3185 4036 :
3210 4002 3385 4055 quare

130 4067 196 4119 vel
217 4069 372 4124 etiam
403 4089 477 4126 ne
500 4073 562 4126 in
595 4088 694 4126 vos
722 4087 883 4126 suam
908 4070 1207 4125 vindictam
1226 4077 1540 4136 exerceant,
1573 4072 1622 4126 si
1644 4074 1699 4126 in
1783 4067 1932 4121 dicat
1967 4067 2275 4137 Apostolus
2310 4066 2368 4121 in
2398 4067 2518 4120 sola
2564 4067 2863 4122 dilectione
2914 4069 3149 4138 proximi
3195 4071 3379 4143 legem

130 4153 286 4226 aliquo
306 4159 548 4215 rebelles
582 4160 803 4214 fueritis
835 4182 846 4213 :
892 4165 949 4213 et
978 4176 1175 4213 eorum
1208 4160 1350 4214 iram
1382 4160 1699 4231 patiamini,
1783 4155 2038 4226 impleri?
2067 4156 2226 4220 Quod
2251 4156 2357 4209 hoc
2386 4155 2550 4209 modo
2580 4156 2832 4222 solvitur,
2864 4157 3065 4227 quiain
3086 4159 3383 4217 dilectione

132 4242 250 4297 sicut
273 4249 416 4317 passi
446 4255 591 4303 sunt
618 4248 817 4306 Judaei.
850 4247 945 4318 qui
976 4248 1279 4306 noluerunt
1304 4249 1573 4302 Romanis
1596 4249 1700 4303 tri-
1783 4244 2040 4314 proximi,
2065 4244 2326 4298 consistit
2351 4250 2408 4298 et
2428 4243 2652 4298 dilectio
2665 4244 2988 4316 Dei.Neque
3014 4246 3164 4301 enim
3196 4248 3383 4318 proxi-

132 4327 294 4389 butum
312 4336 640 4393 dare.Unde
653 4343 711 4391 et
729 4336 1270 4407 sequiturzﬂinistri
1279 4341 1426 4391 enim
1432 4340 1526 4391 Dei
1542 4343 1694 4399 sunt,
1717 4381 1767 4407 π
1785 4348 1910 4385 mus
1928 4332 2049 4386 sine
2071 4332 2313 4393 Deo,nec
2336 4331 2483 4386 Deus
2494 4331 2615 4386 sine
2631 4331 2884 4402 proximo
2899 4340 3083 4403 potest
3096 4334 3384 4407 diligi.Vel

134 4422 181 4473 in
205 4423 289 4477 hoc
312 4428 496 4494 ipsum
518 4430 831 4480 servientes,
851 4425 1130 4483 Subaudis
1158 4434 1222 4479 ut,
1249 4442 1343 4480 vos
1375 4426 1697 4490 defendant,
1717 4414 1910 4473 "ideo
1939 4420 2107 4474 etiam
2142 4420 2199 4474 in
2220 4420 2515 4474 dilectione
2545 4421 2784 4491 proximi
2817 4428 2994 4475 totam
3039 4423 3221 4493 legem
3248 4425 3383 4483 dicit

132 4513 495 4582 mospuniant,
515 4513 794 4568 tributum
812 4530 847 4568 a
870 4514 1024 4568 vobis
1041 4513 1331 4585 recipiant.
1349 4514 1440 4570 Sic
1456 4521 1513 4569 et
1530 4516 1702 4570 Joan-
1784 4509 2024 4579 impleri,
2053 4510 2187 4581 quia
2214 4509 2272 4563 in
2302 4509 2598 4564 dilectione
2626 4510 2728 4563 Dei
2760 4526 2871 4565 non
2897 4511 2976 4565 sic
3001 4510 3160 4566 facile
3179 4530 3382 4585 possu-

131 4610 209 4650 nes
232 4600 475 4672 Baptista
492 4602 771 4657 militibus
798 4603 1178 4674 quaerentibus
1198 4603 1331 4674 quid
1361 4603 1703 4674 ageredebe-
1784 4614 1909 4651 mus
1938 4598 2181 4668 probari.
2216 4604 2406 4652 utrum
2438 4599 2614 4652 Deum
2654 4599 2954 4668 diligamus
2995 4615 3201 4666 annon,
3234 4602 3380 4663 sicut

130 4691 538 4761 rent,respondit
557 4692 869 4746 :Neminem
886 4694 1232 4753 coneutiatis,
1258 4695 1474 4746 nemini
1493 4696 1703 4747 catum-
1784 4687 1843 4741 in
1865 4687 2163 4741 dilectione
2177 4687 2435 4759 proximi.
2465 4686 2631 4741 Verbi
2646 4688 2832 4756 gratia
2856 4705 2867 4739 :
2892 4688 3036 4741 Dum
3048 4689 3258 4742 malum
3276 4706 3378 4760 pro

130 4776 255 4828 niam
280 4781 520 4844 faciatis,
565 4781 659 4833 sed
702 4783 945 4834 contenti
986 4784 1144 4834 estote
1188 4782 1480 4848 stipendiis
1510 4784 1701 4836 vestris
1784 4776 1932 4830 malo
1966 4792 2076 4830 non
2100 4776 2431 4841 reddo,dum
2465 4775 2790 4846 peccantiin
2822 4792 2909 4829 me
2940 4776 3102 4829 fratri
3130 4777 3372 4846 dimitto,

129 4860 243 4915 lLuc.
272 4866 369 4935 Ill).
398 4867 509 4922 Ubi
541 4868 858 4922 notandum
883 4872 987 4933 est,
1035 4868 1170 4939 quia
1212 4884 1324 4921 non
1362 4868 1503 4923 dixit
1532 4881 1543 4916 :
1592 4870 1701 4924 No.
1782 4879 1907 4916 cum
1943 4864 2143 4933 colligo
2172 4880 2374 4934 vagum
2404 4862 2477 4916 ad
2504 4861 2971 4932 hospitium,dum
2995 4861 3159 4925 hilari
3188 4871 3378 4920 mente

124 4946 203 5002 lite
229 4954 481 5021 militare,
517 4956 658 5027 quia
688 4957 901 5011 milites
949 4974 983 5011 a
1013 4958 1128 5012 Deo
1160 4957 1602 5023 constituuntur,
1636 4964 1701 5013 ut
1782 4959 1839 5005 et
1860 4952 2017 5006 vultu
2058 4952 2473 5021 eleemosynam
2521 4950 2846 5020 impendere
2870 4955 3085 5023 satago,
3115 4952 3249 5008 dum
3279 4971 3378 5010 oro

122 5035 177 5089 ab
200 5040 270 5094 eis
303 5044 500 5114 patriae
532 5043 644 5099 sibi
671 5046 985 5100 commissae
1016 5051 1301 5101 tueantur.
1779 5058 1881 5113 pro
1911 5041 2636 5112 persequentibus,apparet
2664 5038 2931 5110 utiquein
2948 5040 3037 5094 his
3062 5047 3120 5096 et
3148 5043 3372 5112 talibus,

175 5128 369 5185 Reddite
396 5149 528 5201 ergo
552 5135 813 5187 omnibus
841 5136 1041 5199 debita,
1066 5135 1123 5189 id
1144 5140 1568 5189 estconsuetum
1595 5135 1695 5190 ob-
1779 5130 1908 5201 quia
1936 5130 2107 5201 diligo
2139 5131 2460 5200 proximum
2495 5145 2505 5179 :
2541 5134 2600 5181 et
2652 5128 2786 5182 dum
2837 5129 3009 5201 diligo
3037 5132 3375 5202 proximum,

123 5216 379 5285 sequium;
412 5220 566 5274 sicut
598 5221 872 5275 Dominus
902 5222 982 5276 ait
1012 5241 1023 5275 :
1054 5225 1269 5277 Reddite
1297 5240 1415 5291 qua:
1430 5229 1561 5277 sunt
1593 5225 1695 5279 0.2-
1777 5219 2010 5273 ostendo
2031 5234 2119 5271 me
2146 5217 2379 5287 diligere
2404 5221 2461 5269 et
2482 5216 2844 5286 Deum,cujus
2876 5220 3155 5275 mandatis
3169 5221 3381 5279 obtem-

124 5306 239 5355 saris
265 5305 479 5373 σίδαν-ἰ,
508 5314 561 5361 et
593 5324 712 5375 qua
729 5314 863 5363 sunt
890 5311 990 5363 Dei
1018 5312 1121 5364 Deo
1153 5312 1369 5372 (Matth.
1396 5316 1567 5379 XXII):
1606 5315 1700 5365 cui
1781 5325 1932 5379 pero.
1971 5308 2087 5362 Hoc
2117 5307 2265 5359 enim
2300 5306 2629 5359 mandatum
2662 5305 2933 5362 habemus
2961 5325 2994 5363 a
3022 5309 3160 5372 Deo.
3192 5317 3256 5367 ut
3282 5314 3379 5385 qui

128 5390 621 5460 tributum,debetis
651 5398 906 5463 reddere,
929 5398 1146 5451 reddite
1171 5398 1222 5452 ei
1256 5400 1701 5464 tributum,sicut
1781 5397 1968 5466 diligit
1990 5395 2188 5461 Deum,
2211 5395 2411 5465 diligat
2435 5394 2748 5465 proximum
2776 5413 2941 5451 suum
2966 5416 2980 5464 ;
3014 5400 3148 5469 quia
3175 5418 3276 5471 per
3299 5402 3381 5456 di-

126 5480 171 5527 ει
193 5476 302 5547 ipse
326 5482 605 5537 Conditor
632 5501 811 5555 prose
838 5492 894 5538 et
925 5486 1090 5539 Petro
1120 5485 1447 5540 didrachma
1480 5489 1694 5555 (Matth.
1781 5486 2074 5539 lectionem
2110 5483 2344 5552 proximi
2361 5484 2686 5555 pervenitur
2714 5485 2784 5538 ad
2812 5485 3163 5541 dilectionem
3195 5489 3381 5554 Dei,et

127 5568 257 5630 ιω).
278 5568 574 5628 Tributum
606 5572 745 5628 dicit
772 5590 806 5627 a
832 5573 1092 5641 tribunis,
1120 5580 1176 5629 et
1194 5573 1405 5630 tribuni
1435 5591 1469 5630 a
1492 5574 1695 5631 tribus.
1781 5590 1882 5647 per
1909 5572 2271 5628 dilectionem
2304 5572 2406 5628 Dei
2438 5573 2508 5628 ad
2539 5574 2779 5645 proximi
2809 5574 3164 5631 dilectionem
3183 5591 3382 5648 perve-
