3936 6164
383 309 495 369 483

845 312 1228 370 HAYMONIS
1258 313 1748 371 HALBERSTAT.
1780 314 1985 371 EPISG

2069 315 2198 369 Ῥθ.
2233 314 2420 372 PARS
2449 317 2495 371 Ι.
2528 340 2594 363 -ί-
2624 318 2998 376 ῢΟΜΜΕΝΤ.
3029 318 3216 376 BIBL.

2871 226 2903 247 ιο

3557 323 3663 382 484

378 440 830 505 nitus-Quamvis
851 443 1001 496 enim
1027 443 1250 497 dilectio
1275 443 1378 497 Dei
1399 444 1582 513 major
1598 443 1673 496 sit
1686 442 1983 513 dignitate,
2006 442 2320 511 Acognitio
2365 448 2572 497 sanctas
2610 443 2923 503 Trinitatis.
2972 448 3032 499 et
3076 444 3341 514 splendor
3366 445 3660 510 virtutum,

382 537 577 585 tamen
611 530 835 585 dilectio
866 531 1099 601 proximi
1135 531 1285 601 prior
1305 532 1413 585 erit
1442 537 1494 584 in
1527 532 1985 601 operatione.()ui

381 621 535 672 enim
564 634 677 672 non
698 620 885 685 diligit
906 622 1142 685 fratrem
1157 619 1537 688 suum,inquit
1554 621 1984 686 Joannes,quem

380 708 546 771 videt,
585 707 774 770 Deum,
816 722 976 774 quem
1026 723 1135 759 non.
1166 709 1322 767 videt,
1356 709 1623 774 quomodo
1651 712 1817 775 potest
1845 709 1982 760 dili-

378 810 504 861 gere
529 800 553 845 γ
591 796 645 859 (Ι
662 796 821 846 Joan.
856 792 1365 862 iv.)Intelligamus
1407 802 1462 848 et
1506 812 1604 865 per
1643 795 1978 865 proximum,

379 881 542 935 illum
576 881 995 934 Samaritanum
1040 883 1134 951 qui
1188 884 1322 936 fecit
1368 884 1807 937 misericordiam
1853 898 1980 936 cum

380 969 572 1023 saucio
599 970 889 1022 vulnerato
918 986 955 1023 a
982 970 1309 1031 latronibus,
1344 972 1397 1024 id
1431 977 1518 1025 est
1546 972 1852 1037 Christum,
1886 973 1982 1041 qui

379 1057 543 1111 nobis
564 1058 746 1112 factus
766 1065 852 1112 est
876 1059 1159 1129 proximus
1181 1077 1281 1130 per
1309 1061 1749 1130 assumptionem
1775 1060 1976 1115 carnis.

382 1147 527 1217 Ergo
548 1147 643 1217 qui
688 1147 839 1200 hunc
869 1147 1071 1216 diligit,
1107 1148 1284 1217 legem
1315 1148 1605 1201 charitatis
1629 1148 1901 1219 adimplet
1927 1154 1983 1201 et

384 1236 567 1306 legem
589 1235 924 1306 Moysi,quia
939 1236 1077 1289 nihil
1099 1244 1295 1290 contra
1317 1239 1660 1291 voluntatem
1687 1239 1807 1306 eius
1826 1237 1976 1291 facit.

382 1328 451 1382 Et
479 1331 529 1381 si
556 1329 701 1395 quod
715 1334 789 1380 est
811 1330 974 1381 aliud
996 1329 1626 1393 mandatum,subaudis
1653 1336 1856 1400 praeter
1872 1329 1982 1383 ista

386 1432 509 1485 quae
530 1416 1075 1478 enumeravimus,de
1092 1416 1368 1470 adulterio
1382 1417 1973 1483 videlicet,liomicidio,

383 1503 774 1563 fornicatione,
808 1504 944 1557 falso
971 1505 1313 1565 testimonio.
1344 1513 1401 1559 et
1427 1506 1891 1576 concupiscentia,
1923 1506 1982 1558 in

383 1594 482 1646 hoc
503 1594 681 1651 verba,
717 1592 771 1646 id
801 1598 888 1646 est
914 1592 1210 1646 dilectione
1257 1594 1486 1657 Christi,
1522 1597 1899 1656 instauratur,
1926 1593 1982 1647 id

383 1685 473 1734 est
500 1679 1027 1749 redintegratur,vel
1051 1681 1424 1752 adimpletur:
1446 1683 1647 1748 Diliges
1660 1686 1985 1749 proximum

386 1773 550 1821 tuum
576 1771 717 1821 sicut
746 1772 995 1837 teipsum.

457 1859 689 1911 Dilectio
703 1860 954 1924 prum'mi
983 1861 1198 1911 malum
1230 1875 1341 1912 non
1356 1864 1633 1926 operatur.
1652 1860 1776 1913 Non
1804 1859 1983 1912 solum

388 1961 501 2000 non
537 1952 824 2016 operatur,
875 1964 1064 2001 verum
1096 1948 1263 2001 etiam
1296 1948 1506 2001 malum
1538 1963 1649 2001 non
1681 1948 1890 2016 cogitat
1917 1948 1986 2000 de

386 2035 660 2105 proximo.
697 2037 986 2090 Plenitudo
1013 2052 1138 2101 ergo
1170 2040 1319 2102 legis,
1345 2035 1598 2089 Mosaicae
1624 2043 1793 2105 atque
1807 2037 1986 2089 Evand

384 2122 539 2193 gelii,
571 2125 788 2187 dilectio
813 2130 889 2177 est
923 2124 1021 2177 Dei
1052 2132 1109 2177 et
1154 2125 1411 2194 proximi.
1463 2126 1568 2180 Ubi
1604 2125 1851 2178 charitas
1877 2130 1979 2188 est,

387 2211 518 2279 quid
543 2216 628 2263 est
653 2212 798 2280 quod
823 2212 997 2281 possit
1010 2212 1231 2277 deesse;
1264 2219 1322 2266 et
1350 2214 1439 2267 ubi
1464 2213 1709 2267 charitas
1736 2230 1848 2266 non
1878 2219 1983 2278 est,-

389 2298 519 2369 quid
552 2305 736 2369 potest
752 2299 1016 2368 prodesse
1037 2300 1061 2352 ?
1082 2301 1435 2371 QuaprOpter
1453 2302 1768 2372 appetenda
1786 2308 1873 2354 est
1899 2300 1984 2354 di-

387 2387 553 2441 lectio
584 2387 682 2440 Dei
713 2394 770 2441 et
819 2388 1077 2456 proximi,
1119 2394 1175 2442 et
1205 2390 1440 2444 summis
1482 2390 1690 2443 viribus
1718 2389 1982 2444 tenenda.

388 2475 532 2529 Nam
563 2475 785 2529 dilectio
807 2475 1012 2529 dicitur
1027 2493 1092 2528 eo
1113 2478 1258 2547 quod
1290 2478 1430 2531 duos
1456 2478 1608 2547 liget,
1635 2480 1814 2533 Deum
1839 2479 1987 2532 vide-

385 2564 517 2618 licet
541 2571 600 2618 et
620 2564 901 2619 hominem
924 2566 1248 2635 conjungat,
1276 2567 1361 2619 vel
1384 2584 1842 2638 unumquemque
1862 2584 1985 2638 pro-

387 2652 603 2707 ximum
632 2666 757 2707 cum
785 2654 915 2707 alio.

458 2743 569 2796 Hoc
595 2743 841 2808 scientes,
875 2748 1010 2811 quia
1040 2745 1177 2798 hora
1204 2751 1280 2797 est
1291 2730 1417 2813 jam
1449 2761 1544 2798 nos
1564 2748 1628 2799 de
1648 2762 1837 2799 somno
1863 2763 1984 2800 sucr-

387 2847 530 2898 gere.
557 2830 681 2885 Mos
698 2838 785 2886 est
801 2849 974 2887 sacra)
987 2833 1309 2903 Scriptum,
1337 2834 1530 2887 horam
1555 2834 1863 2906 saepissime
1884 2852 1984 2906 pro

387 2925 642 2990 tempore
672 2937 900 2990 ponere,
934 2922 1080 2975 sicut
1107 2928 1165 2975 et
1188 2923 1357 2976 diem.
1404 2922 1539 2984 Quae
1571 2929 1656 2977 est
1697 2940 1830 2993 ergo
1877 2924 1986 2977 ista

388 3006 548 3071 hora,
575 3008 645 3061 de
675 3025 793 3078 qua:
822 3011 1124 3079 Apostolus
1162 3010 1452 3079 loquitur?
1482 3012 1727 3081 Tempus
1756 3019 1843 3066 est
1872 3029 1982 3067 non

2066 530 2328 597 quoniam
2350 531 2484 584 dum
2507 538 2808 586 transeunt.
2821 530 3068 600 quotidie
3091 549 3189 601 per
3216 541 3450 587 mortem
3473 550 3668 603 corpo-

2064 618 2143 671 ris
2162 618 2512 673 aluerumnis
2556 620 2727 689 huius
2759 621 2968 680 saeculi,
2995 620 3049 674 in
3069 620 3246 675 lucem
3273 638 3529 692 supernae
3557 623 3671 675 cla-

2064 706 2251 760 ritatis
2271 708 2648 777 colliguntur;
2676 710 2756 762 vel
2771 708 2964 771 etiam,
2994 725 3092 778 per
3119 718 3337 764 noctem
3368 727 3670 780 possumus

2064 795 2377 865 intelligere
2418 813 2583 850 omne
2620 797 2866 866 spatium
2912 797 3202 867 praesentis
3230 797 3354 852 vitae
3394 815 3571 869 usque
3594 798 3669 852 ad

2064 884 2234 937 finem
2265 884 2475 938 seculi.
2508 886 2617 939 Per
2653 885 2800 939 diem
2824 901 2973 945 vero,
2997 886 3167 941 vitam
3193 892 3479 950 uernam,
3506 887 3671 955 cujus

2064 972 2337 1026 claritatis
2365 974 2785 1043 comparatione
2811 974 2927 1027 vita
2952 990 3193 1043 presens
3223 991 3337 1029 non
3361 974 3672 1044 incongrua

2063 1076 2171 1113 nox
2198 1060 2529 1130 appellatur.
2563 1061 2698 1131 quia
2726 1062 2840 1115 vita
2866 1079 3108 1132 praesens
3133 1079 3358 1132 semper
3384 1063 3441 1117 in
3472 1063 3673 1117 dolore

2063 1157 2320 1203 versatur
2338 1159 2397 1202 et
2416 1149 2667 1206 tristitia.
2698 1166 2815 1204 non
2839 1149 3047 1205 habens
3081 1151 3510 1221 perpetuitatem
3539 1150 3674 1204 :illa

2061 1254 2192 1291 vero
2209 1237 2431 1307 gaudiis
2458 1238 2580 1292 sine
2603 1240 2713 1293 fine
2746 1238 3028 1293 mansuris
3057 1240 3293 1295 ﬂorebit.
3329 1241 3466 1294 nihil
3489 1240 3669 1293 tristi-

2063 1328 2154 1381 tiae
2182 1327 2513 1390 admittens;
2545 1345 2668 1398 quia
2689 1336 2824 1382 tunc
2848 1329 3168 1398 plenissime
3194 1328 3669 1392 manifestabitur,

2063 1431 2188 1468 cum
2218 1415 2483 1469 Dominus
2503 1414 2572 1468 de
2595 1416 2806 1482 judicio
2826 1415 2883 1469 in
2913 1432 3151 1484 regnum
3180 1416 3487 1470 transierit.
3517 1415 3669 1485 Ergo

2066 1503 2198 1573 quia
2231 1504 2350 1572 jam
2379 1504 2812 1573 appmpinquat,
2848 1505 3188 1572 Abjiciamus
3216 1520 3378 1571 opera
3418 1506 3673 1558 tenebra-

2068 1592 2280 1653 γυνη,ἱά
2309 1592 2769 1657 εθιειὰυιῐθγὶιιηι,
2796 1592 3177 1656 homicidium,
3211 1591 3663 1658 fornicationem,

2069 1685 2126 1733 et
2147 1687 2349 1733 caetera
2376 1682 2531 1743 talia,
2574 1698 2696 1750 quae
2727 1698 2761 1734 a
2801 1697 2974 1750 regno
3003 1682 3270 1734 caelorum
3299 1686 3585 1751 separant,
3616 1686 3676 1734 et

2011 1770 2139 1847 Bad
2170 1768 2431 1822 tenebras
2485 1776 2786 1840 perpetuas
2831 1775 3184 1839 operatorem
3213 1786 3379 1823 suum
3410 1770 3669 1824 trahunt.

2068 1858 2203 1921 Quae
2240 1858 2408 1910 etiam
2444 1858 2643 1911 merito
2673 1874 2844 1927 opera
2878 1858 3240 1913 tenebrarum
3279 1864 3566 1917 vocantur.
3602 1874 3671 1912 eo

2069 1946 2216 2016 quod
2247 1946 2305 1999 in
2324 1946 2571 2000 tenebris
2593 1947 2935 2016 permaxima
2946 1953 3328 2001 exerceantur.
3332 1947 3495 2016 juxta
3515 1946 3670 2016 quod

2070 2036 2342 2089 Dominus
2366 2035 2902 2098 manifestat,dicens
2920 2053 2930 2087 :
2956 2036 3148 2090 Omnis
3165 2039 3263 2102 qui
3283 2035 3413 2088 facit
3431 2035 3665 2098 malum,

2069 2125 2181 2178 odit
2217 2127 2390 2177 lucem
2436 2124 2617 2193 (Joan.
2662 2136 2769 2190 Ill).
2811 2124 2877 2176 Et
2933 2124 3249 2177 induamur
3285 2139 3451 2178 arma
3498 2127 3660 2178 lucis.

2067 2213 2238 2265 Arma
2263 2213 2404 2266 lucis
2431 2218 2563 2266 sunt
2582 2212 2737 2272 ﬁdes,
2764 2228 2910 2281 spes,
2934 2212 3201 2275 Charitas,
3226 2227 3351 2281 pax,
3372 2211 3664 2281 patientia,

2069 2307 2127 2355 et
2147 2308 2361 2354 materie
2382 2301 2768 2369 virtutesque;
2799 2316 2898 2353 nos
2921 2300 2987 2355 ad
3020 2300 3201 2355 lucem
3233 2306 3455 2355 aeternas
3482 2299 3670 2354 beati-

2068 2389 2281 2449 tudinis
2294 2390 2622 2459 perducunt;
2645 2406 2768 2458 qure
2788 2404 2898 2443 non
2913 2388 3196 2442 immerito
3208 2404 3367 2442 arma
3382 2388 3671 2457 appellan-

2063 2483 2176 2539 tur,
2207 2478 2340 2548 quia
2360 2493 2462 2530 nos
2488 2477 2795 2531 defendunt
2810 2476 2879 2529 ab
2900 2475 3261 2546 improbitate
3292 2476 3666 2545 malignorum

2066 2564 2704 2636 spirituum.Abjicimus
2724 2582 2858 2634 ergo
2875 2581 3044 2634 opera
3057 2564 3669 2633 tenebrarum,quando

2068 2655 2447 2725 exspoliamnr
2462 2654 2697 2707 vitiis.et
2724 2654 3016 2708 induimur
3034 2654 3179 2706 virtu
3210 2652 3333 2706 ibus
3362 2652 3670 2707 lnduamur

2067 2743 2242 2814 igitur
2271 2759 2427 2796 arma
2473 2743 2631 2805 lucis,
2663 2742 2767 2796 hoc
2797 2749 2900 2802 est,
2931 2742 3178 2811 undique
3211 2741 3539 2795 muniamus
3563 2756 3664 2795 nos

2068 2831 2327 2885 omnibus
2357 2830 2673 2894 virtutibus,
2698 2838 2763 2884 ut
2790 2830 2967 2883 simus
2992 2830 3230 2901 protecti
3258 2836 3315 2884 et
3338 2829 3444 2883 tuti
3468 2836 3666 2883 contra

2067 2921 2300 2973 adversa
2323 2918 2549 2973 diaboli.
2598 2918 2670 2973 Et
2711 2918 2992 2988 quomodo
3038 2918 3343 2972 debeamus
3379 2917 3477 2971 illa
3504 2933 3667 2971 arma

2069 3009 2224 3062 indui
2241 3015 2299 3063 et
2320 3008 2407 3062 his
2434 3007 2733 3062 virtutibus
2760 3007 3037 3073 exornari,
3070 3006 3371 3076 Apostolus
3388 3006 3660 3075 declarat,

388 3070 547 3164 legis,
594 3070 710 3148 sed-
732 3070 1072 3167 Evangelia!)
1125 3070 1556 3167 praedicationis.
1592 3070 1676 3154 vel
1729 3070 2048 3155 videlicetC
2071 3098 2409 3152 subnectens
2438 3114 2453 3151 τ

389 3187 544 3248 aetas,
570 3182 810 3253 ﬁnisque
838 3186 1041 3246 saeculi,
1086 3185 1139 3238 in
1173 3202 1282 3255 qua
1323 3204 1519 3240 sumus
1552 3188 1670 3257 jam
1702 3189 1884 3258 positi,
1917 3190 1987 3242 de

393 3286 505 3340 quo
528 3271 675 3324 idem
707 3274 1008 3343 Apostolus
1036 3274 1177 3329 alias
1212 3274 1385 3328 dicit:
1430 3277 1555 3328 Ecce
1594 3293 1745 3330 nunc
1778 3285 1986 3342 tempus

391 3361 714 3426 acceptabile
741 3364 819 3427 (II
844 3363 964 3417 Cor.
995 3365 1089 3429 τι).
1125 3363 1275 3416 Dicit
1293 3365 1594 3433 Apostolus
1636 3364 1907 3418 Romanis
1931 3371 1988 3419 et

393 3446 654 3501 omnibus
681 3450 1059 3512 credentibus,
1105 3453 1273 3506 etiam
1322 3454 1559 3507 necdum
1609 3454 1981 3508 credentibus.

391 3536 510 3589 Hoc
530 3537 788 3603 scientes,
829 3539 1111 3610 inquiens,
1142 3541 1197 3594 id
1228 3548 1332 3603 est,
1357 3543 1462 3595 hoc
1494 3542 1702 3595 scimus
1724 3544 1981 3607 scientes,

392 3625 525 3695 quia
546 3626 680 3680 hora
704 3634 790 3682 est
801 3629 915 3683 sive
932 3631 1293 3699 tempus-jam
1311 3646 1413 3682 nos
1432 3631 1500 3683 de
1522 3646 1717 3683 somno
1750 3630 1986 3700 pigritiae

390 3718 448 3766 et
467 3714 692 3769 desidia:
721 3732 971 3786 surgere,
999 3718 1067 3770 de
1084 3734 1279 3770 somno
1312 3733 1533 3786 quoque
1562 3717 1910 3771 infidelitatis
1932 3722 1990 3771 et

389 3802 651 3856 vitiorum
684 3814 854 3874 atque
883 3805 1231 3875 ignorantiae.
1269 3807 1348 3859 De
1378 3806 1482 3858 hoc
1512 3822 1708 3859 somno
1739 3806 1990 3876 praecipit

392 3889 560 3945 etiam
593 3909 695 3967 nos
722 3893 1001 3963 Propheta
1024 3893 1352 3965 expergisci,
1377 3894 1566 3948 dicens
1599 3912 1610 3945 :
1645 3894 1988 3961 Expergisci-

389 3983 555 4041 mini,
590 3980 733 4035 ebrii
751 3984 904 4051 (λαοί.
941 3987 1000 4049 ι).
1032 3983 1101 4037 Et
1119 4000 1293 4053 quare
1319 3983 1472 4047 dicit,
1499 3984 1617 4053 jam
1649 3988 1874 4053 tempus
1904 3988 1992 4037 est

390 4070 654 4139 surgere?
682 4070 782 4124 Ille
809 4070 1007 4141 surgit,
1033 4071 1124 4140 qui
1158 4070 1402 4149 jacebat,
1429 4077 1488 4125 et
1515 4088 1614 4124 nos
1644 4070 1689 4123 si
1719 4071 1986 4125 hactenus

387 4157 671 4226 jacuimus
688 4159 742 4210 in
775 4158 941 4219 vitiis,
965 4169 1021 4212 et
1038 4167 1264 4229 torpore
1286 4159 1567 4219 vitiorum,
1596 4175 1895 4227 surgamus
1913 4159 1985 4211 ad

334 4276 346 4282 τ
390 4242 537 4298 bona
566 4261 735 4314 opera
760 4246 995 4314 agenda.
1030 4252 1087 4298 et
1117 4246 1435 4299 laboremus
1457 4246 1688 4299 viriliter
1706 4247 1984 4301 studiose-

393 4348 519 4402 que.
552 4333 779 4386 Poterat
823 4334 1026 4401 aliquis
1053 4333 1295 4402 objicere
1335 4335 1510 4387 Paulo
1544 4352 1555 4386 :
1592 4336 1706 4388 Cur
1736 4334 1986 4405 praecipis

390 4434 499 4473 nos
517 4420 637 4490 jam
668 4420 737 4473 de
776 4436 972 4473 somno
1014 4422 1285 4490 surgere?
1323 4423 1403 4475 Ad
1458 4424 1573 4476 haec
1609 4422 1702 4476 ille
1744 4423 1985 4477 reddens

392 4524 639 4567 causam.
656 4509 819 4563 Nunc
847 4512 1014 4568 enim,
1037 4509 1238 4580 inquit,
1267 4514 1579 4579 propiorest
1602 4517 1792 4565 nostra
1811 4516 1982 4574 satus.

391 4614 560 4667 quam
575 4615 701 4652 cum
717 4599 1153 4662 credimusQuae
1175 4605 1262 4653 est
1282 4600 1385 4653 ista
1400 4600 1578 4654 salus?
1598 4600 1727 4654 Vita
1752 4607 1981 4665 aeterna,

390 4689 662 4759 gaudium
684 4687 805 4742 sine
851 4689 963 4741 fine
1007 4704 1358 4751 mansurum,
1386 4688 1672 4742 beatitudo
1716 4697 1987 4761 perpetua

394 4793 561 4846 quam
589 4776 693 4831 soli
743 4777 906 4831 electi
944 4793 1070 4831 cum
1106 4777 1320 4846 angelis
1350 4777 1659 4847 possessuri
1695 4784 1843 4839 sunt,
1878 4779 1987 4831 ista

391 4864 681 4920 beatitudo
704 4871 762 4920 et
791 4867 944 4920 salus
996 4873 1205 4921 aeterna
1251 4865 1479 4936 propior
1515 4872 1600 4919 est
1641 4867 1804 4920 modo
1831 4866 1991 4921 nobis

395 4968 563 5022 quam
591 4969 659 5006 eo
686 4962 940 5027 tempore
963 4956 1185 5025 quando
1201 4954 1835 5024 credidimus,quoniam
1856 4956 1990 5009 dum

393 5038 525 5091 ﬁnis
545 5039 739 5092 mundi
760 5041 939 5109 magis
956 5056 1020 5093 ac
1035 5040 1213 5110 magis
1224 5040 1656 5111 appropinquat,
1677 5041 1790 5095 vita
1803 5040 1997 5097 futura-

396 5132 459 5180 et
475 5127 626 5181 salus
654 5132 865 5181 mterna
894 5129 1072 5198 magis
1100 5146 1165 5182 ac
1195 5131 1373 5199 magis
1400 5130 1646 5183 festinat.

468 5214 590 5268 Noa-
608 5218 899 5283 przecessit.
914 5218 1026 5267 dies
1045 5222 1229 5269 autem
1241 5220 1724 5285 appropinquavit.
1758 5218 1877 5272 Nox
1907 5224 1992 5272 est

394 5302 614 5358 edacitas
642 5302 1119 5365 infidelitatismox
1138 5311 1223 5357 est
1243 5305 1694 5373 ignorantiamox
1716 5312 1801 5360 est
1820 5307 1989 5361 etiam

395 5392 743 5446 conversatio
773 5392 1069 5446 tenebrosa
1096 5393 1152 5446 in
1182 5394 1437 5463 peccatis.
1469 5396 1583 5448 Ista
1608 5411 1712 5449 nox
1744 5396 1994 5465 quotidie

395 5480 661 5554 praeedit
690 5480 747 5534 in
777 5481 987 5543 electis,
1019 5488 1076 5536 et
1103 5482 1170 5535 ad
1207 5482 1377 5536 vitam
1415 5490 1682 5539 eternam
1713 5485 1995 5555 prmdesti-

397 5570 987 5646 natisappropinquat
1018 5572 1161 5643 dies,
1186 5572 1526 5635 illuminant)
1556 5573 1814 5633 videlicet
1839 5575 1993 5644 ﬁdei,

2138 3187 2229 3242 Sic
2281 3186 2335 3239 id
2368 3192 2472 3250 est,
2503 3186 2602 3240 tali
2631 3186 2793 3240 modo
2822 3185 3118 3241 induimini
3148 3202 3306 3239 arma
3324 3184 3487 3250 lucis,
3518 3190 3575 3237 ut
3608 3187 3669 3238 in

2068 3276 2287 3337 d1’e,hoc
2304 3281 2389 3328 est
2413 3275 2471 3328 in
2497 3274 2754 3328 claritate
2771 3274 3278 3335 virtutum,honeste
3302 3276 3666 3326 ambulemus.

2070 3363 2176 3433 Qui
2205 3364 2261 3417 in
2284 3364 2374 3417 die
2404 3363 2674 3421 ambulat.
2709 3363 2940 3416 honeste
2968 3361 3239 3423 ambulat,
3275 3362 3408 3431 quia
3439 3378 3551 3416 non
3582 3360 3668 3415 of-

2068 3452 2247 3505 fendit
2283 3452 2480 3522 pedem
2507 3468 2668 3505 suum
2697 3450 2766 3504 ad
2798 3450 3061 3520 lapidem,
3087 3466 3196 3503 non
3223 3450 3392 3513 cadit,
3424 3466 3538 3504 non
3561 3450 3671 3505 im-

2069 3540 2267 3610 pingit,
2310 3540 2456 3593 sicut
2481 3540 2573 3593 ille
2599 3540 2691 3609 qui
2722 3540 2778 3592 in
2810 3545 2973 3591 nocte
3002 3534 3272 3592 ambulat.
3306 3538 3420 3592 Nos
3448 3544 3661 3597 autem,

2070 3629 2377 3682 secundum
2411 3629 2515 3681 hoc
2546 3628 2817 3682 monitum
2871 3626 3144 3696 Apostoli,
3197 3627 3428 3681 honeste
3462 3633 3521 3679 et
3552 3626 3675 3679 sine

2070 3719 2374 3771 offensione
2402 3717 2531 3770 fidei
2551 3726 2607 3770 et
2624 3717 2819 3784 gratiae
2842 3716 2959 3769 sive
2989 3715 3237 3768 scientiae
3262 3714 3558 3768 ambulare
3574 3715 3671 3768 de-

2070 3805 2291 3860 bemus.
2332 3807 2452 3859 Νοη
2473 3809 2535 3858 in
2562 3806 3060 3858 comessationibus.
3096 3802 3440 3857 Comessatio
3466 3803 3674 3858 dicitur

2071 3912 2279 3949 mensas
2308 3894 2554 3949 collatio.
2586 3895 2700 3947 sive
2748 3908 2954 3946 mensae
2996 3893 3313 3947 alternatio.
3350 3892 3491 3946 Sunt
3522 3891 3671 3946 enim

2071 3983 2317 4038 convivia
2343 3999 2466 4053 quae
2486 3982 2843 4036 celebrantur
2861 3980 3267 4041 alternatim,et
3286 3988 3673 4050 praeparantur

2071 4090 2106 4126 a
2134 4073 2299 4126 sociis
2330 4088 2429 4142 per
2457 4071 2580 4124 dies
2606 4076 2664 4123 et
2689 4069 2847 4123 vices.
2890 4070 3034 4123 Sunt
3055 4069 3225 4122 etiam
3256 4069 3369 4123 alia
3396 4069 3669 4131 convivia,

2068 4178 2191 4231 quae
2217 4177 2281 4214 ex
2311 4159 2705 4213 communione
2734 4166 3140 4228 prteparantur,
3170 4157 3393 4227 quando
3415 4173 3565 4211 unus
3586 4157 3669 4211 af-

2067 4249 2178 4302 fert
2208 4265 2428 4319 panem,
2460 4248 2606 4301 alius
2632 4262 2847 4303 omnes.
2881 4246 3025 4300 alius
3068 4244 3278 4306 vinum,
3324 4252 3494 4314 atque
3524 4245 3669 4299 alius

2061 4338 2241 4407 aliud.
2266 4342 2324 4390 et
2352 4336 2557 4390 idcirco
2586 4334 3042 4394 comessationes,
3060 4334 3166 4389 hcc
3192 4338 3296 4398 est,
3329 4349 3539 4388 mensa
3561 4333 3671 4388 col-

2064 4418 2308 4480 lationes
2340 4425 2716 4496 appellantur.
2759 4423 3047 4477 Vocantur
3077 4438 3299 4492 quoque
3326 4422 3535 4479 eaedem
3574 4439 3668 4478 co-

2070 4513 2435 4568 messationes
2466 4512 2652 4584 turpia
2673 4517 2733 4565 et
2755 4512 3053 4566 inhonesta
3070 4509 3336 4571 convivia,
3362 4510 3496 4580 quia
3527 4510 3671 4565 sicut

2068 4620 2263 4657 omnes
2310 4602 2551 4673 propriis
2594 4600 2732 4655 cibis
2778 4606 3017 4655 utuntur
3053 4605 3112 4654 et
3156 4598 3566 4663 communibus,
3595 4599 3673 4653 ita

2068 4692 2239 4746 etiam
2272 4708 2375 4760 pro
2404 4690 2567 4744 libitu
2589 4705 2692 4743 suo
2720 4688 3104 4758 unusquisque
3127 4686 3399 4756 quidquid
3428 4686 3676 4742 scurrili-

2067 4781 2204 4835 tatis
2230 4785 2285 4833 et
2311 4778 2613 4833 otiositatis
2638 4776 2744 4830 sibi
2776 4777 2959 4847 placet
2976 4775 3244 4845 loquitur.
3270 4777 3394 4830 Non
3413 4778 3472 4829 in
3504 4779 3670 4830 ebrie—

2077 4871 2301 4923 tatibus.
2345 4866 2533 4921 Briam
2564 4882 2770 4936 genere
2807 4864 3116 4921 masculino
3159 4862 3397 4918 dicimus
3443 4863 3670 4917 calicem

2073 4962 2266 5027 aptum
2303 4955 2598 5026 potationi.
2622 4970 2659 5008 a
2680 4970 2790 5024 quo
2819 4952 3025 5008 dicitur
3043 4951 3301 5013 ebrietas,
3337 4957 3564 5022 quaeest
3590 4951 3668 5005 ni-

2076 5045 2190 5097 mia
2218 5044 2429 5114 potatio
2461 5043 2598 5097 vini.
2638 5043 2757 5096 Non
2788 5044 2851 5096 in
2881 5042 3171 5094 cubilibus.
3198 5038 3416 5095 Cubilla
3449 5039 3667 5111 proprie

2074 5141 2207 5187 sunt
2228 5133 2356 5187 lecti
2381 5132 2496 5186 sive
2524 5133 2701 5186 lustra
2732 5130 2978 5183 ferarum
3006 5128 3152 5182 dicta
3196 5144 3228 5182 a
3270 5128 3429 5182 taedis
3453 5128 3666 5182 cubita-

2075 5222 2341 5276 tionibus.
2377 5220 2577 5291 quibus
2601 5219 2991 5273 assimilantur
3017 5217 3144 5272 lecti
3174 5217 3395 5273 illorum
3418 5216 3513 5287 qui
3543 5232 3665 5271 cum

2074 5308 2459 5363 meretricibus
2482 5309 2541 5362 in
2570 5307 2936 5377 lupanaribus
2950 5312 3153 5360 coeunt
3176 5310 3252 5357 :et
3283 5305 3667 5370 impudicitiis.

2075 5397 2434 5468 Impudicitia
2466 5403 2552 5450 est
2587 5394 2983 5450 inverecundis
3024 5399 3083 5448 et
3122 5392 3530 5461 irreligiositas,
3558 5391 3667 5445 sive

2075 5487 2259 5559 turpis
2285 5494 2455 5557 atque
2483 5483 2884 5539 iri-sticnabilis
2911 5481 3472 5537 coitus.Generaliter
3488 5479 3669 5533 omnis

2076 5576 2335 5646 libido,et
2360 5573 2797 5644 incontinentis,
2824 5572 2913 5627 vel
2932 5566 3665 5641 inimnnditiﬁimpudicitia
