1925 3084
76 164 115 196 485

390 159 580 187 EXPOSITJO
596 160 635 187 IN
649 159 727 188 EPP.
745 161 774 187 S.
790 159 909 188 PAULI.
925 172 960 181 -—
975 159 1014 187 IN
1030 158 1141 187 EPIST.
1157 157 1208 186 AD
1219 156 1306 186 ROM.

1616 156 1669 187 48G

74 225 207 262 appellatur.
217 223 378 257 Operatores
389 218 455 248 vero
464 220 971 256 dicunturimpudici.inve-Aintrat.
992 223 1155 255 coinquinat
1174 221 1310 247 hominem
1331 220 1439 253 (Matth.
1462 220 1527 253 xv);
1549 222 1578 246 et
1601 220 1670 247 illud

73 269 171 298 recundi,
186 271 259 300 atque
274 266 432 299 irreligiosi.
447 267 504 292 Non
520 268 551 291 in
565 268 744 292 rontrntione.
761 267 832 292 Con-

73 313 179 341 tentio-st
187 311 321 338 altercatio
328 310 383 336 sive
391 310 586 339 controversia.
596 319 657 345 quae
668 311 831 345 plerumque

73 367 96 385 ex
109 355 282 392 quaestionibus
297 354 503 389 Srripturarum
520 355 591 380 solet
603 355 680 384 oriri.
693 358 724 381 ut
739 355 832 380 viden-

70 401 165 435 turquis
173 399 267 433 aliquid
279 399 422 433 sapientiae
434 399 546 426 habere.
559 399 625 425 dum
637 399 723 425 alium
739 399 834 425 vicerit

72 454 109 472 sua
122 444 269 479 pulsutioue,
287 447 315 469 et.
331 443 450 469 maxime
466 451 497 469 ex
522 451 551 469 re
576 443 679 469 nullius
703 443 834 469 utilitatis

69 489 176 516 nascitur.
190 488 248 514 ideo
259 495 320 513 vero
331 487 444 513 vitanda
456 491 507 517 est.
520 487 585 520 quia
602 487 688 513 rixam
706 491 831 521 generat,

71 534 97 560 de
108 541 153 567 qua
167 531 281 567 procedit
295 532 400 560 odium.
415 537 442 558 et
457 532 491 557 de
506 531 569 557 odio
582 532 734 557 enormitas
751 531 831 557 muli:

69 577 250 603 aemulatione.
257 574 406 601 {Emulatio
414 576 503 601 varias
510 574 831 609 habetsigniﬁcationes:

70 621 187 654 Signiﬁcat
200 619 269 646 enim
286 619 469 645 imitationem
493 619 628 653 signiﬁcat
644 619 778 645 studium.
796 619 834 645 si-

67 665 159 699 gniﬁcat
172 667 196 690 et
210 663 349 693 invidiam.
363 671 418 698 qua
429 664 491 697 quis
504 663 619 689 alterius
634 663 767 689 felicitate
781 666 836 689 tor-

68 713 157 743 quetur,
168 707 233 734 utin
249 708 299 734 hoc
315 708 383 734 loco.
398 708 475 735 Unde
486 711 513 734 et
528 708 645 734 tumulus
659 707 761 734 dicitur
775 707 837 733 imi-

68 756 131 782 tator,
147 752 241 778 dicitur
254 751 396 778 studiosus
412 755 440 778 et
454 752 572 778 invidus.

93 797 135 823 Sed
144 797 294 822 induimini
306 797 453 822 Dominum
465 797 555 822 .lesum
567 797 717 822 Christum.
733 796 837 822 Sensus

66 849 89 867 ex
99 839 273 875 superioribus
288 840 388 873 pendet
410 840 455 866 ubi
472 840 596 875 prarcipit
609 840 648 866 sic
666 840 743 866 indui
759 848 837 865 arma

872 266 996 300 Apestoli
1015 275 1020 292 :
1039 266 1139 292 Omnia
1154 265 1261 290 munda
1277 265 1388 291 mundis
1400 265 1464 293 (Tit.
1481 268 1498 297 Ι)
1513 273 1518 290 :
1536 267 1564 290 et
1576 264 1604 290 in
1620 265 1670 291 Ge-

873 313 931 338 nesi
947 322 952 337 :
977 313 1044 338 Vidit
1061 312 1128 338 Deus
1143 314 1241 337 cum-ta
1256 319 1314 344 quae
1329 312 1440 343 fecerat,
1457 313 1480 336 et
1496 313 1576 336 erant
1594 311 1671 336 t‘a/(IC

875 357 943 382 bona
954 357 1028 388 (Gen.
1051 363 1081 381 ιδ.
1098 355 1151 386 Qui
1167 355 1261 381 taliter
1274 358 1339 380 sunt
1355 355 1427 381 lirmi
1445 354 1471 380 in
1489 355 1551 383 ﬁde.
1570 355 1673 390 debent

874 408 1016 426 assumeie
1032 400 1059 425 in
1083 400 1211 425 alfectum
1228 399 1374 425 charitatis
1393 402 1419 425 et
1442 398 1469 425 in
1494 399 1672 425 dilectionem

874 453 953 471 suam
969 444 1105 470 Judaeum.
1123 444 1168 478 qui
1191 446 1270 478 putat
1294 443 1405 469 suillam
1430 451 1552 474 carnem,
1570 443 1673 478 lepori-

875 497 950 520 nam,
963 488 1157 522 anguillinam.
1168 487 1339 513 immundam
1354 495 1423 513 esse.
1436 491 1463 513 et
1476 491 1577 514 caetera
1587 496 1603 513 ει
1614 487 1673 522 qui-

875 533 925 559 bus
937 533 978 558 lex
992 532 1127 567 prohibet,
1141 534 1169 557 et
1180 540 1240 565 quae
1254 531 1299 557 ille.
1309 535 1374 557 ante
1387 526 1580 564 gratiam‘ﬁdei
1593 531 1673 566 quasi

875 576 1044 604 communia.
1055 576 1080 602 id
1093 579 1135 602 est
1149 575 1261 607 munda,
1271 575 1390 601 dicebat.
1404 576 1490 601 Istum
1501 579 1595 602 tamen
1606 583 1674 610 prte-

875 621 942 656 cipit
956 620 1106 655 Apostolus
1122 627 1265 645 assumere
1281 619 1308 645 in
1322 619 1508 645 dilectionem.
1522 620 1674 653 Assumite,

876 666 976 700 inquit.
995 665 1074 691 illum
1090 664 1174 690 talem
1194 663 1319 689 Judaeum
1341 664 1369 689 in
1387 664 1515 689 affectum
1531 664 1675 690 charitatis

876 715 904 736 et
920 709 1005 736 nolite
1020 708 1174 743 dijurlicare
1191 708 1268 734 illum
1292 707 1319 733 in
1335 707 1551 741 cogitationibus
1565 708 1674 737 vestris.

877 761 967 788 neque
979 752 1154 779 contendatis
1166 760 1227 778 cum
1245 751 1301 783 ill_o,
1315 751 1378 777 licet
1389 752 1518 786 quaedam
1532 751 1678 778 immunda

878 802 979 833 putans
995 797 1065 823 nolit
1078 796 1257 822 manducare.

913 843 992 868 Altus
1007 842 1081 867 enim
1096 841 1180 866 credit
1196 849 1222 866 se
1239 841 1408 866 manducare
1423 842 1527 866 omnia.
1545 840 1632 872 Alius,
1650 840 1678 866 id

63 885 126 914 lucis.
139 888 166 910 ut
180 885 204 910 in
219 884 263 910 die
280 884 396 910 honeste
411 884 603 910 ambulemus:
620 884 721 913 Nolite.
734 884 834 918 inquit,
845 876 868 905 Β
877 890 920 912 est
929 886 1051 920 gentilis,
1063 886 1160 911 ﬁrmus
1173 885 1201 910 in
1216 885 1279 911 ﬁde.
1292 884 1381 910 credit
1393 884 1486 910 omnia
1501 885 1605 910 munda
1617 892 1678 910 esse

64 929 192 959 ambulare.
212 928 238 954 id
255 932 299 955 est.
315 928 404 955 vivere
419 929 447 954 in
463 929 712 955 comessationibus
726 932 754 955 et
771 929 836 954 reli-

63 974 111 1008 quis
120 973 192 1001 vitiis.
201 973 246 999 sed
259 972 409 999 induimini
422 973 568 999 Dominum
575 972 672 999 Jesum
683 973 835 999 Christum.

64 1018 104 1043 Sed
118 1018 223 1052 quaestio
234 1017 335 1047 oritur,
347 1017 486 1051 quomodo
503 1018 642 1051 possimus
652 1017 767 1043 induere
781 1017 837 1043 Do-

62 1062 147 1088 minum
162 1062 252 1088 Jesum
270 1061 425 1092 Christum,
442 1062 487 1096 qui
505 1062 717 1096 quadragesimo
733 1061 776 1087 die
795 1069 839 1087 re-

63 1106 220 1132 surrectionis
226 1114 284 1132 sum
293 1106 428 1132 ccelorum
435 1106 612 1132 altitudinem
622 1106 785 1140 penetravit.
795 1105 838 1131 ubi

61 1150 139 1176 sedere
146 1158 214 1176 nunc
222 1150 351 1176 creditur
358 1150 385 1176 in
398 1150 571 1185 plenitudine
582 1154 704 1184 paternae
714 1150 842 1184 majesta-

62 1194 103 1220 tis?
115 1194 234 1221 Christus
245 1203 314 1229 ergo
332 1194 390 1229 ipse.
401 1199 444 1220 est
453 1195 600 1229 sapientia,
614 1194 673 1229 ipse
684 1198 725 1221 est
735 1194 842 1220 instan-

63 1238 98 1266 tia.
111 1238 163 1272 ipse
184 1242 226 1265 est
242 1247 305 1273 pax.
323 1242 350 1265 et
367 1238 480 1272 reliquae
497 1239 613 1265 virtutes
628 1239 656 1265 in
677 1239 737 1273 ipso
753 1242 818 1265 sunt
835 1248 840 1264 :

63 1282 182 1309 Christum
196 1283 291 1317 itaque
306 1282 404 1309 induit.
420 1283 465 1317 qui
478 1291 575 1309 omnes
587 1283 702 1309 virtutes
712 1291 781 1317 quas
792 1283 844 1309 scit

61 1326 82 1352 in
95 1327 135 1353 illo
145 1335 211 1355 esse.
225 1327 395 1362 inquantum
408 1327 480 1353 valet
490 1336 552 1353 cum
569 1328 616 1353 Dei
631 1328 770 1361 adjutorio
782 1327 843 1353 illas

62 1371 256 1405 assumitjuxta
269 1371 344 1406 quod
360 1372 429 1398 alias
440 1372 590 1406 Apostolus
602 1372 684 1398 dicit:
702 1372 845 1406 Quotquot

62 1416 84 1441 in
91 1416 187 1442 Christo
195 1417 333 1449 baptizati
341 1418 413 1446 estis,
424 1416 564 1442 Ulu'ivttlm
575 1417 706 1442 indzu'stls
716 1416 774 1446 (Gal
793 1416 841 1449 in);

60 1458 81 1484 id
94 1463 137 1488 est.
148 1468 243 1486 omnes
260 1461 381 1486 virtutes
391 1463 457 1486 tunc
471 1460 601 1486 induistis
614 1469 619 1486 :
631 1461 695 1495 quia
707 1460 743 1486 ab
757 1460 845 1487 omni-

879 930 989 956 mundis
1021 929 1188 964 hominibus.
1214 930 1267 962 Qui
1285 932 1377 955 autem
1399 930 1529 961 inﬁrmus
1549 931 1595 960 est,
1618 930 1679 954 olus

880 974 1155 1000 manducetJudmus
1169 973 1215 1007 qui
1227 974 1356 999 inﬁrmus
1366 973 1394 999 in
1408 973 1472 1003 ﬁde.
1486 973 1531 1007 qui
1544 972 1678 1007 quasdam

880 1027 978 1045 carnes
986 1018 1174 1047 abominatur.
1183 1019 1248 1043 ιίυιη
1258 1026 1313 1043 non
1322 1018 1380 1043 vult
1390 1025 1437 1043 eos
1444 1017 1599 1046 comedere.
1608 1017 1678 1049 olus,

881 1063 908 1089 id
917 1067 958 1089 est
964 1063 1079 1089 herbam
1089 1063 1275 1092 liortorum,et
1283 1061 1416 1096 quidquid
1429 1061 1506 1087 cordi
1513 1062 1571 1095 ejus
1579 1062 1679 1095 placet,

882 1108 935 1134 hoc
945 1110 1038 1133 sumat
1055 1107 1095 1133 Tu
1108 1111 1202 1132 autem
1214 1106 1269 1132 noli
1283 1106 1360 1132 illum
1374 1106 1537 1140 dijudicare.
1547 1106 1599 1131 Per
1610 1105 1682 1136 olus,

883 1151 975 1178 omnia
987 1158 1092 1185 genera
1100 1150 1248 1176 herbarum
1256 1150 1450 1184 designantur.
1463 1153 1529 1184 apta
1539 1149 1685 1176 comestio-

885 1198 923 1222 ni.
935 1196 1005 1222 Dicit
1013 1195 1111 1222 beatus
1122 1195 1308 1229 Hieronymus
1332 1194 1384 1228 Qui
1394 1194 1521 1220 inﬁrmus
1528 1197 1571 1221 est
1579 1194 1685 1228 impetu

885 1241 1018 1272 libidinis,
1033 1239 1171 1266 abstineat
1183 1247 1199 1265 a
1212 1239 1342 1265 carnibus
1355 1242 1383 1265 et
1399 1239 1470 1267 vino.
1484 1239 1584 1273 quibus
1600 1238 1685 1265 libido

885 1285 1031 1315 excitatur,
1055 1287 1083 1310 et
1112 1284 1173 1310 olus
1201 1283 1357 1309 manducet.
1375 1283 1402 1309 id
1417 1286 1459 1309 est
1476 1283 1541 1308 viles
1562 1283 1638 1309 cibos
1658 1285 1686 1309 et

885 1328 1091 1364 aridoslquibus
1099 1328 1225 1354 frenatUr
1233 1331 1261 1354 et
1270 1327 1684 1361 restringiturﬂuxuslibidinis)

886 1374 967 1400 edere
978 1373 1076 1399 discat.
1089 1372 1251 1399 Crassitudo
1262 1372 1334 1398 enim
1346 1372 1481 1400 carnium.
1501 1375 1528 1397 et
1549 1371 1686 1397 deliciosae

886 1418 983 1453 epulae,
1001 1421 1151 1451 provocant
1166 1424 1279 1442 carnem
1295 1416 1419 1450 corporis
1435 1415 1468 1441 ad
1485 1415 1638 1441 libidinem.

923 1463 957 1492 ls.
969 1462 994 1488 Id
1003 1464 1045 1488 est
1051 1461 1227 1496 gentilis,qm’
1236 1461 1383 1486 mandarat
1394 1459 1584 1486 indiderenter
1590 1467 1689 1486 omnes

62 1502 102 1529 bus
115 1505 228 1538 peccatis
245 1505 377 1531 mundati
393 1505 468 1531 estis.
485 1505 620 1533 Similiter
634 1509 662 1531 et
677 1505 704 1531 in
721 1505 772 1531 hoc
787 1505 844 1531 loco
885 1506 970 1538 cibOs,
989 1514 1043 1532 non
1060 1506 1271 1531 manducanth
1296 1504 1422 1531 Judaeum
1439 1512 1494 1530 non
1517 1506 1639 1538 spernat,
1659 1503 1689 1530 in

59 1547 253 1583 intelligendum
280 1553 327 1576 est.
351 1559 357 1575 :
388 1550 548 1581 lnduimini,
573 1550 673 1584 inquit,
696 1550 843 1576 Dominum
856 1550 982 1581 Canimo
996 1558 1057 1581 suo,
1080 1549 1158 1584 quasi
1176 1549 1267 1575 minus
1279 1549 1405 1583 justum;
1423 1551 1447 1574 et
1464 1550 1514 1581 qui
1529 1556 1583 1574 non
1607 1555 1689 1574 man-

60 1591 137 1619 Jesum
153 1594 310 1626 Christum,
326 1593 353 1620 id
375 1597 417 1620 est
439 1602 536 1620 omnes
554 1594 671 1620 virtutes
686 1602 756 1628 quas
770 1593 846 1620 scitis
890 1597 972 1621 dum!
985 1595 1087 1624 omnia,
1102 1597 1133 1620 ut
1144 1594 1266 1624 Judaeus.
1279 1594 1491 1619 manducantem
1505 1592 1606 1622 omnia,
1621 1598 1689 1627 gen-

59 1636 81 1663 in
97 1637 149 1671 ipso
170 1646 240 1665 esse.
266 1641 299 1664 ut
317 1638 378 1673 ipse
394 1638 429 1664 sit
445 1638 529 1664 decus
544 1642 628 1673 atque
650 1641 847 1664 ornamentum
890 1639 967 1666 tilem
981 1639 1117 1668 videlicet,
1132 1638 1297 1671 nonjudi'rct
1309 1645 1399 1672 neque
1412 1637 1597 1672 reprehendat
1610 1636 1691 1671 quasi

61 1686 173 1708 vestrum.
190 1683 221 1709 Et
238 1684 337 1709 carnis
353 1690 450 1708 cui‘am
466 1691 498 1708 ne
513 1684 631 1715 [rccrilts
645 1684 675 1708 in
694 1683 845 1708 desideriis.
890 1692 969 1709 reum
981 1686 1009 1709 et
1021 1687 1202 1718 peccatorem.
1214 1682 1353 1716 Utrosque
1365 1682 1448 1710 enim.
1459 1682 1569 1708 Judzeos
1583 1686 1611 1708 et
1621 1689 1692 1716 gen-

58 1725 108 1752 Non
125 1727 171 1759 ait,
188 1727 391 1754 necessitatem
407 1727 498 1753 carnis
513 1735 547 1753 ne
562 1727 702 1755 feceritis:
719 1727 782 1761 quia
799 1735 848 1753 ne-
892 1728 964 1755 tiles.
976 1727 1092 1753 alternis
1104 1726 1516 1753 instruitsententiis.Potestet
1528 1725 1693 1759 spiritaliter

59 1777 121 1797 casse
138 1775 179 1797 est
198 1775 230 1797 ut
257 1771 474 1802 manducemus,
502 1770 640 1802 bibamus,
665 1772 847 1800 dormiamus,
891 1772 1007 1806 intelligi
1020 1772 1171 1798 secundum
1187 1771 1298 1797 beatum
1309 1770 1492 1805 Gregorium:
1509 1770 1561 1801 Qui
1578 1769 1695 1795 mandu-

58 1815 199 1842 vestiamur.
211 1816 270 1842 Hoc
281 1816 354 1850 quia
365 1815 552 1842 necessarium
564 1819 616 1842 est.
626 1824 680 1842 non
694 1815 849 1850 prohibuit;
892 1820 946 1846 cat,
963 1816 1062 1851 inquit,
1080 1816 1107 1841 id
1132 1819 1174 1841 est
1190 1815 1236 1849 qui
1254 1814 1415 1840 meditando
1436 1817 1464 1841 et
1484 1813 1632 1840 scrutando
1648 1820 1693 1839 sa-

59 1859 96 1885 sed
106 1860 191 1886 carnis
201 1868 303 1886 curam
319 1860 348 1886 in
363 1860 517 1889 desideriis.
531 1860 555 1886 id
574 1865 616 1886 est
627 1861 742 1892 malum,
756 1864 852 1895 utpote

57 1902 220 1933 adutterium.
251 1904 415 1939 crapulam,
443 1904 619 1937 ebrietatem,
641 1913 722 1931 usum
742 1913 853 1940 quoque

58 1945 203 1975 balnearum
217 1949 295 1975 ultra
309 1957 395 1983 quam
408 1949 544 1983 expediat.
557 1953 585 1976 et
595 1953 694 1976 caetera
707 1958 767 1984 qua:
778 1949 852 1975 desi-

58 1990 123 2018 derat
142 1994 247 2020 misera
270 2002 355 2023 caro,
373 2001 406 2019 ne.
422 1994 572 2028 perﬁciatis
586 1994 642 2025 ait;
659 1998 687 2020 et
704 2002 757 2019 non
773 1993 851 2025 dixit,

58 2035 90 2062 Ne
96 2038 227 2071 cogitetis.
237 2038 381 2073 quoniam
391 2038 562 2072 impossibile
572 2042 614 2065 est
624 2046 732 2064 cessare
744 2038 854 2072 penitus

57 2081 235 2116 acogitalione
246 2082 484 2109 delectationum.
495 2083 546 2109 Sed
559 2083 609 2109 hoc
619 2082 852 2109 considerandum

57 2125 111 2159 quin
120 2127 191 2160 quod
205 2127 360 2162 prohibuit
373 2127 400 2153 in
411 2127 556 2153 desideriis
567 2128 702 2154 concessit
716 2127 744 2153 in
758 2135 852 2153 neces-

57 2168 179 2198 sitatibas.
196 2171 375 2198 Adhibenda
391 2175 433 2198 est
447 2171 550 2198 etenim
572 2180 638 2198 cura
657 2172 732 2198 carni
754 2172 782 2198 in
805 2179 854 2197 ne—

57 2215 218 2242 cessitatibus
235 2226 241 2242 :
257 2216 289 2242 in
307 2216 420 2242 deliciis
436 2224 499 2242 vero
513 2222 538 2242 el
556 2216 665 2243 luxuria
679 2220 763 2251 atque
779 2215 856 2243 omni

57 2260 280 2295 concupiscentia,
297 2260 416 2295 penitus
433 2261 612 2287 excludenda.

353 2331 469 2358 CAPUT
489 2331 560 2358 XIV.

86 2393 227 2426 Iri/irinum
244 2397 351 2421 autem
367 2395 398 2420 in
411 2395 462 2427 ﬁde
476 2395 615 2425 (insumite,
630 2394 764 2421 subaudis
779 2394 807 2421 in
820 2394 858 2421 af-

57 2435 117 2464 fectu
125 2439 286 2471 charitatis,
293 2441 392 2465 nonin.
400 2439 642 2472 disceptationibus
648 2441 857 2472 cogitationum;

56 2480 76 2506 id
86 2486 132 2514 est,
142 2492 196 2510 non
205 2484 235 2510 in
245 2482 506 2517 dijudicationibus
516 2482 573 2509 sive
583 2483 611 2509 in
622 2483 857 2510 contentionibus.

56 2524 174 2554 Inﬁrmus
185 2532 229 2555 est
245 2529 274 2554 in
289 2528 361 2558 ﬁde,
374 2527 420 2562 qui
434 2527 462 2553 in
473 2528 565 2562 aliqua
575 2532 653 2562 parte
665 2528 727 2554 ﬁdei
740 2528 857 2560 dubitat,

56 2577 98 2596 nec
106 2572 189 2599 credit
207 2572 344 2607 perfecte
359 2571 429 2597 sicut
442 2572 609 2598 credendum
621 2575 672 2598 est.
686 2572 808 2598 lnﬁdelis
818 2576 860 2598 est

57 2616 114 2643 toto.
126 2616 172 2649 qui
188 2616 261 2642 nillil
280 2616 353 2642 ﬁdei
370 2615 460 2641 habet
476 2615 585 2642 Firmus
599 2619 692 2642 autem
708 2616 790 2642 estin
808 2616 860 2642 ﬁde

56 2658 174 2688 existens.
195 2661 243 2695 qui
263 2661 294 2686 in
313 2668 350 2686 ea
369 2660 435 2686 nihil
453 2660 572 2686 dubitat.
591 2661 661 2694 Ergo
677 2660 804 2686 infirmus
820 2663 861 2686 est

57 2701 80 2727 in
99 2703 149 2729 fide
168 2705 290 2731 Judaus
308 2704 363 2739 qui
385 2704 492 2730 naviter
507 2705 540 2730 ad
558 2705 641 2731 ﬁnem
663 2705 784 2732 veniens.
806 2712 862 2731 non

56 2749 127 2779 putat
144 2756 244 2776 omnes
260 2749 348 2776 cibos
366 2749 497 2781 mundos;
515 2749 613 2775 ﬁrmus
629 2757 692 2775 vero
707 2749 735 2775 in
753 2749 805 2775 ﬁde
820 2752 863 2775 est

57 2791 170 2826 gentilis,
181 2793 232 2828 qui
254 2794 336 2821 illud
360 2797 451 2820 servat
462 2793 608 2829 Evangelii
620 2801 625 2818 :
638 2794 701 2821 Non
710 2794 782 2827 quod
792 2795 825 2821 in
835 2802 862 2820 os

894 1869 968 1887 cram
979 1860 1150 1895 Scripturam
1160 1862 1307 1894 penetrare
1316 1859 1455 1885 valet.non
1467 1858 1692 1888 manducantem,

894 1905 923 1931 id
937 1908 979 1931 cst
998 1905 1075 1931 illum
1093 1903 1138 1938 qui
1159 1911 1212 1929 non
1230 1903 1302 1929 valet
1317 1909 1473 1937 penetrare.
1491 1911 1544 1928 non
1560 1901 1695 1936 despiciat

895 1957 985 1984 neque
1006 1952 1129 1981 spernat.
1145 1948 1264 1974 Econtra
1281 1947 1327 1982 qui
1350 1955 1405 1973 non
1429 1947 1588 1976 manducat,
1609 1945 1636 1972 id
1653 1948 1695 1971 est

895 1994 941 2028 qui
958 2001 1012 2019 non
1026 1993 1157 2026 intelligit
1172 2000 1222 2018 nec
1233 1992 1304 2021 valet
1317 1993 1463 2025 penetrare
1476 1990 1695 2025 profunditatem

895 2039 1051 2065 divinarum
1069 2036 1285 2071 Scripturarum.
1304 2036 1382 2061 illum
1399 2035 1446 2069 qui
1461 2034 1594 2068 intelligit
1607 2038 1636 2060 et
1650 2042 1696 2060 sa-

896 2084 974 2118 piens
985 2087 1036 2111 est,
1048 2090 1101 2109 non
1112 2082 1257 2108 contristet
1273 2089 1361 2115 neque
1375 2079 1527 2115 despiciat:
1540 2080 1609 2106 Deus
1621 2081 1696 2106 enim

896 2129 989 2155 illum.
1006 2126 1140 2153 subaudis
1153 2126 1288 2161 gentilem
1305 2125 1519 2151 manducantem
1535 2124 1640 2151 omnia.
1656 2132 1698 2150 as-

864 2191 888 2219 D
897 2174 1014 2206 sumpsit
1027 2172 1061 2198 ad
1077 2171 1160 2197 ﬁdem
1173 2178 1251 2211 suam
1267 2177 1349 2204 quem
1363 2169 1483 2204 perfecte
1498 2169 1602 2201 docuit,
1614 2172 1645 2195 ut
1659 2168 1698 2195 nit

898 2220 978 2252 putet
992 2216 1168 2242 immundum
1185 2209 1245 2241 esse
1261 2214 1372 2241 mundis
1388 2213 1556 2240 hominibus.

936 2262 975 2288 Tu
987 2262 1049 2295 quis
1059 2269 1085 2286 rs
1096 2260 1262 2294 quz‘judicas
1272 2260 1398 2285 alienum
1408 2266 1516 2284 scrtum
1526 2260 1537 2283 φ
1548 2258 1580 2284 Et
1589 2260 1631 2284 est
1639 2265 1699 2284 sen-

898 2315 946 2333 sus
959 2316 964 2332 :
975 2306 1002 2333 Si
1015 2304 1311 2339 Deusillumgcntilem
1322 2302 1513 2337 assumpsitad
1525 2302 1607 2328 ﬁdem
1618 2309 1697 2328 suam

899 2354 931 2378 ut
947 2350 1039 2377 omnia
1056 2349 1213 2376 manducet.
1231 2351 1260 2374 tu
1278 2347 1340 2382 quis
1355 2356 1393 2376 es.
1406 2347 1452 2381 qui
1469 2347 1545 2373 illum
1562 2346 1596 2372 de
1609 2353 1699 2371 come-

900 2396 989 2422 stione
999 2403 1046 2421 sua
1058 2392 1257 2427 reprehendis?
1271 2392 1366 2418 Potest
1380 2394 1473 2416 tamen
1485 2394 1512 2416 et
1523 2390 1580 2416 haec
1591 2392 1699 2416 senten-

900 2440 939 2466 tia
951 2440 985 2466 ad
996 2439 1122 2465 Judaeum
1137 2438 1164 2464 in
1179 2437 1232 2463 ﬁde
1242 2440 1416 2469 assumptum
1429 2434 1536 2465 referri,
1547 2434 1699 2460 secundum

901 2484 973 2519 quod
985 2483 1131 2518 sequentia
1143 2481 1322 2508 manifestam
1333 2481 1364 2505 ut
1373 2479 1496 2505 dicatur:
1511 2479 1583 2505 Deus
1594 2485 1702 2505 assum-

901 2528 956 2563 psit
969 2527 1095 2554 Judaeum
1110 2526 1143 2552 ad
1161 2526 1241 2551 ﬁdem
1258 2531 1347 2551 suam.
1365 2523 1429 2550 licet
1443 2523 1489 2549 ille
1504 2523 1630 2558 quaedam
1648 2523 1701 2549 im-

903 2572 1007 2598 munda
1020 2571 1109 2597 adhuc
1125 2573 1202 2604 putet
1212 2572 1239 2595 et
1252 2567 1367 2601 reiii-iat,
1385 2571 1415 2594 tu
1431 2567 1492 2602 quis
1504 2576 1542 2597 es,
1560 2575 1575 2593 ο
1588 2567 1702 2602 gentilis

903 2615 1001 2646 ﬁdelis,
1019 2614 1066 2649 qui
1084 2613 1194 2648 juilicas
1209 2612 1330 2638 alienum
1354 2619 1465 2638 servum
1482 2620 1487 2637 :
1504 2611 1631 2638 Judaeum
1647 2611 1702 2637 sci-

905 2661 968 2686 licet
992 2666 1100 2685 Servum
1121 2657 1223 2684 (ἳὶιγὶςιι
1241 2665 1289 2691 per
1305 2656 1408 2682 fidem?
1427 2656 1481 2682 Suo
1503 2657 1618 2682 [)rmz/no
1636 2658 1698 2687 stut,

904 2703 1037 2731 subaudis
1050 2703 1071 2728 si
1089 2701 1228 2731 perfectus
1247 2706 1288 2727 est
1304 2701 1330 2726 in
1348 2701 1410 2731 ﬁde,
1428 2704 1476 2726 aut
1495 2701 1566 2725 cadit
1584 2699 1701 2725 Domino

903 2757 964 2781 sun,
981 2748 1003 2774 si
1025 2748 1052 2773 in
1075 2755 1109 2773 ea
1129 2746 1249 2773 dubitat.
1269 2746 1385 2772 Domino
1402 2754 1451 2771 suo
1471 2747 1526 2771 stat
1539 2743 1659 2772 Judaaus.
1677 2742 1702 2769 si

903 2792 1042 2828 perfectus
1066 2793 1118 2826 est,
1142 2793 1171 2818 et.
1189 2791 1213 2818 si
1232 2790 1327 2818 omnia
1345 2789 1433 2817 credit
1451 2788 1566 2823 mundi,
1587 2784 1656 2824 ςαίκ
1670 2785 1704 2814 iit
