3936 6164
425 329 529 389 487

892 330 1271 386 HAYMONIS
1301 331 1791 387 HALBERSTAT.
1825 331 2050 386 EPISC.
2083 332 2242 389 OPP.
2274 328 2460 388 PARS
2488 333 2533 387 Ι.
2571 362 2635 373 -
2669 331 3041 387 COMMENT.
3074 332 3253 387 DIBL.

3593 329 3691 388 488

421 456 530 510 fide
558 454 782 511 Domini
813 454 900 510 sui
942 459 1072 509 stat.
1113 455 1166 507 εἰ
1213 459 1400 509 autem
1439 454 1606 518 cadit,
1643 471 1754 508 non
1784 454 2083 514 credensA
2102 470 2271 509 sensu
2296 454 2561 508 abundet.
2580 453 2714 518 Qui:
2740 469 2943 523 magna
2961 454 3224 525 intelligit
3244 459 3300 508 et
3313 453 3589 517 sublimis,
3607 452 3696 507 οδε

423 545 612 598 omnia
634 545 862 605 munda,
889 561 1000 597 non
1025 543 1125 598 tibi
1147 544 1315 603 cadit,
1341 560 1373 596 o
1399 542 1646 613 gentilis,
1673 543 1767 612 qui
1792 560 1902 596 non
1931 560 2025 614 po-

421 640 507 689 tes
536 652 665 689 eum
712 634 979 696 relevare,
1011 633 1106 686 sed
1151 649 1252 688 suo
1289 632 1527 686 Domino
1574 649 1737 702 quem
1770 632 2018 694 offendit,

420 724 516 795 qui
549 730 744 794 potens
772 728 858 775 est
883 738 1009 775 eum
1036 721 1250 789 erigere
1277 726 1335 774 et
1363 720 1603 774 solidare
1635 720 1691 773 in
1718 720 1845 773 ﬁde.
1876 721 2021 775 Nam

419 813 618 866 cadere
654 816 852 882 sponte
890 826 1205 881 possumus,
1251 809 1348 863 sed
1395 825 1645 878 surgere,
1692 808 1799 861 nisi
1831 824 1865 860 a
1905 809 2019 861 Deo

417 902 720 970 erigamur,
755 900 1071 969 nequimus.
1103 898 1281 953 Stabit
1306 904 1512 958 autem,
1541 897 1597 950 id
1636 902 1738 961 est,
1773 897 2021 967 perficie-

417 994 513 1043 tur
562 993 619 1041 et
663 986 981 1039 stabilietur
1024 985 1081 1039 in
1127 984 1257 1038 ﬁde.
1293 985 1518 1048 Quare?
1546 986 1737 1037 Potens
1765 990 1840 1037 est
1868 988 2017 1037 enim

416 1077 585 1142 Deus,
610 1075 700 1129 cui
730 1074 949 1140 cecidit,
976 1078 1216 1127 statuere
1246 1076 1431 1135 illum,
1462 1077 1518 1125 et
1546 1072 1603 1125 in
1626 1078 1779 1125 recta
1801 1072 1908 1125 ﬁde
1927 1073 2019 1125 ﬁr-

415 1181 591 1219 mare.
622 1162 790 1217 Verbi
819 1163 1040 1234 gratia:
1082 1161 1226 1215 venit
1256 1161 1419 1215 modo
1450 1161 1676 1214 Judzeus
1704 1160 1770 1214 ad
1807 1160 2017 1231 baptis-

416 1270 593 1320 mum,
618 1253 826 1307 transit
850 1252 917 1305 ad
951 1250 1195 1321 gratiam
1226 1249 1528 1319 Evangelii,
1558 1265 1846 1319 nunquam
1872 1255 2020 1302 com;

414 1343 533 1398 edit
559 1357 783 1395 carnem
811 1340 1055 1401 suillam,
1082 1345 1182 1391 aut
1205 1338 1535 1407 anguillam,
1562 1354 1743 1407 neque
1770 1354 2020 1407 nauprte-

416 1432 566 1487 dam.
592 1429 835 1483 abstinet
860 1428 1042 1481 adhuc
1075 1427 1232 1497 quasi
1249 1444 1281 1480 a
1305 1443 1473 1480 carne
1502 1426 1811 1487 immunda,
1835 1426 2018 1480 adhuc

417 1519 667 1572 novellus
696 1515 1048 1571 Christianus
1079 1522 1183 1569 est.
1219 1515 1321 1569 Hic
1367 1514 1515 1579 talis,
1548 1515 1680 1568 dum
1713 1531 1814 1584 per
1848 1514 2016 1568 inter-

419 1608 562 1661 valla
587 1614 902 1676 temporum
928 1603 1224 1675 perfectius
1250 1605 1522 1667 eruditur,
1548 1604 1679 1656 dum
1706 1603 1843 1655 dicit
1869 1602 2017 1672 quod

417 1696 558 1749 nihil
577 1695 651 1748 sit
671 1694 1047 1755 immundum,
1062 1692 1206 1764 quod
1232 1709 1266 1746 a
1286 1692 1545 1746 ﬁdelibus
1560 1709 1686 1745 cum
1702 1692 2014 1762 gratiarum

2102 549 2283 597 servet
2312 545 2427 608 illa,
2457 550 2515 596 et
2544 543 2792 596 abundet
2818 542 2978 596 bonis
3007 542 3299 613 operibus;
3326 551 3383 596 et
3407 544 3498 614 qui
3525 543 3695 596 subli-

2103 631 2214 685 mia
2243 633 2558 686 divinorum
2590 638 3070 685 sacramentorum
3120 647 3324 685 arcana
3352 649 3548 702 capere
3590 648 3698 685 non

2100 720 2266 781 valet,
2297 736 2363 773 ea
2406 737 2527 790 qua:
2567 720 2837 773 veraciter
2870 720 3049 773 credit
3075 726 3133 773 et
3159 719 3439 789 intelligit,
3471 720 3699 774 humili-

2100 813 2190 862 ter
2226 815 2283 862 et
2317 809 2513 863 devote
2551 808 2788 862 Domino
2825 808 3137 871 serviendo,
3178 808 3484 879 adimpleat
3518 808 3701 863 abun-

2100 897 2285 951 dando
2319 897 2478 951 bonis
2507 896 2787 968 operibus.
2822 898 2884 951 In
2912 913 3014 950 suo
3045 913 3212 951 sensu
3240 897 3561 951 abundabat
3591 898 3699 968 Cy-

2101 984 2351 1055 prianus,
2372 986 2596 1055 quando
2621 986 2796 1040 semel
2825 984 3114 1055 mergebat
3131 985 3187 1038 in
3212 985 3548 1056 baptismate
3570 998 3699 1056 par-

2098 1074 2287 1140 vulos;
2322 1073 2456 1143 quia
2483 1074 2635 1144 quod
2665 1073 3030 1143 intelligebat,
3055 1074 3302 1128 studiose
3328 1073 3698 1144 adimplebat,

2097 1160 2260 1216 bonis
2281 1161 2545 1232 operibus
2566 1162 2923 1229 abundando,
2948 1162 3079 1215 licet
3108 1162 3167 1216 in
3187 1162 3289 1216 hoc
3312 1162 3457 1215 facto
3479 1162 3703 1216 nescius

2098 1248 2466 1321 delinqueret.
2517 1251 2625 1304 Sed
2682 1250 2813 1320 quia
2858 1249 3019 1304 bonis
3053 1249 3314 1321 operibus
3351 1249 3700 1315 abundabat,

2100 1344 2289 1408 postea
2312 1344 2601 1409 correptus
2621 1355 2653 1392 a
2679 1339 2934 1401 Domino,
2958 1337 3262 1392 abundavit
3288 1338 3474 1392 altiori
3507 1354 3701 1404 sensu,

2099 1432 2188 1480 ter
2213 1427 2336 1480 illos
2363 1427 2685 1497 mergendo.
2710 1428 2834 1481 Non
2865 1432 2951 1480 est
2979 1443 3113 1497 ergo
3141 1427 3212 1481 de
3241 1427 3500 1481 heretico
3532 1427 3702 1481 intel-

2099 1515 2405 1584 ligendum,
2448 1522 2547 1569 aut
2587 1516 2656 1569 de
2688 1532 2860 1586 prava
2896 1516 3169 1579 doctrina,
3211 1522 3273 1569 ut
3310 1516 3703 1587 unusquisque

2099 1605 2278 1674 magis
2312 1621 2379 1659 ac
2410 1604 2588 1675 magis
2616 1604 2864 1658 abundet
2893 1605 2951 1657 in
2979 1621 3167 1659 errore
3196 1621 3318 1658 suo.

2171 1694 2277 1759 Qui
2298 1696 2444 1760 sapit
2480 1695 2646 1757 diem,
2681 1692 2736 1746 id
2775 1698 2878 1757 est,
2913 1693 3008 1762 qui
3040 1692 3198 1762 eligit
3240 1709 3340 1763 per
3367 1709 3537 1747 omne
3564 1696 3708 1748 tem-

416 1784 635 1838 actione
663 1783 927 1845 sumitur,
963 1799 1087 1835 ecce
1115 1782 1387 1835 statuitur
1432 1799 1466 1834 a
1516 1782 1630 1835 Deo
1678 1788 1736 1835 et
1780 1782 2019 1836 Domino
2040 1768 2083 1828 Β
2103 1796 2207 1850 pus
2234 1779 2650 1845 abstinendum,
2674 1784 2906 1835 Domino
2924 1786 3087 1850 sapit,
3110 1782 3165 1834 id
3192 1787 3281 1835 est
3309 1782 3548 1836 Domino
3580 1800 3712 1838 con-

416 1888 520 1928 suo
553 1872 643 1926 cui
672 1871 872 1925 cecidit
910 1876 1116 1942 putans
1154 1870 1367 1940 aliquid
1399 1869 1773 1935 immundum,
1806 1886 1932 1923 ecce
1960 1870 2018 1923 in

416 1962 527 2016 ﬁde
553 1962 829 2015 ﬁrmatur.

488 2052 631 2105 Nam
663 2052 813 2105 alius
832 2050 1055 2118 judicat
1081 2049 1228 2102 diem
1257 2050 1405 2101 inter
1432 2049 1598 2101 diem.
1644 2046 1748 2101 Ille
1778 2046 2016 2115 judicat,

2102 1869 2289 1929 sentit.
2326 1869 2457 1940 quia
2482 1871 2668 1940 placet
2691 1870 2769 1923 illi
2801 1871 2925 1940 ejus
2953 1870 3310 1924 abstinentia.
3345 1871 3558 1925 Aliter:
3603 1872 3710 1936 Qui

2101 1957 2250 2026 sapit
2269 1957 2439 2023 diem,
2463 1959 2520 2012 id
2544 1964 2648 2015 est.
2678 1959 2770 2029 qui
2787 1958 3004 2028 judicat
3025 1965 3369 2029 peccatorem
3395 1976 3495 2030 per
3526 1960 3710 2030 paeni-

2099 2046 2334 2101 tentiam
2361 2063 2521 2117 posse
2555 2047 2778 2109 salvari,
2804 2064 2906 2102 nec
2942 2048 3204 2118 desperat
3236 2048 3305 2101 de
3328 2049 3509 2103 salute
3531 2049 3710 2115 illius,

414 2141 473 2194 id
505 2146 592 2194 est
618 2138 904 2203 discernit,
938 2143 996 2191 et
1024 2136 1397 2191 differentiam
1442 2136 1577 2189 facit
1603 2136 1753 2190 inter
1788 2135 1938 2189 diem
1966 2140 2023 2189 et
2104 2134 2340 2189 Domino
2359 2134 2525 2205 sapit.
2550 2134 2604 2188 id
2627 2135 2982 2199 est,Domino
2995 2136 3299 2189 concordat
3318 2136 3374 2189 in
3393 2137 3496 2189 hac
3521 2144 3708 2208 parte,

416 2229 587 2293 diem,
610 2228 705 2299 qui
737 2226 971 2281 alternis
999 2225 1197 2280 diebus
1228 2242 1260 2279 a
1292 2241 1461 2279 carne
1487 2225 1573 2278 vel
1603 2227 1729 2278 vino
1755 2223 2016 2289 abstinet,

416 2317 651 2372 alternis
672 2333 785 2370 non
802 2315 1059 2370 abstinet.
1081 2314 1229 2368 verbi
1245 2313 1455 2384 gratia:
1487 2314 1629 2367 Sunt
1649 2312 1813 2366 modo
1835 2312 2017 2375 multi,

419 2406 516 2478 qui
561 2407 622 2461 in
668 2405 931 2468 secunda,
967 2409 1025 2457 et
1054 2408 1274 2473 quarta,
1306 2407 1365 2455 et
1406 2411 1560 2455 sexta
1604 2400 1745 2454 feria
1782 2417 1816 2454 a
1852 2416 2019 2454 carne

421 2501 478 2549 et
507 2496 634 2549 vino
677 2493 965 2548 abstinent
1001 2511 1011 2544 :
1042 2491 1229 2549 tertia,
1262 2489 1478 2560 quinta,
1513 2496 1571 2543 et
1599 2488 1839 2559 septima
1865 2505 2017 2541 com-

420 2585 598 2639 edunt
620 2599 865 2639 carnem,
891 2587 948 2635 et
961 2578 1383 2648 vinoindigent;
1407 2579 1808 2645 aliusjudicat.
1828 2577 1888 2631 Id
1911 2581 2014 2642 est,

418 2672 672 2728 decernit
696 2681 751 2725 et
780 2670 939 2740 eligit
966 2685 1179 2723 omnem
1206 2670 1373 2729 diem,
1398 2666 1453 2719 in
1478 2665 1816 2720 abstinentia
1835 2665 2018 2719 carnis

416 2762 503 2816 vel
528 2760 661 2821 vini,
685 2759 828 2814 sicut
859 2758 1125 2822 eremitae,
1164 2762 1221 2810 et
1250 2754 1415 2809 multi
1442 2755 1863 2808 monachorum.
1898 2754 2019 2808 Ali-

416 2855 535 2906 ter:
558 2849 718 2904 Diem
749 2848 898 2902 inter
928 2847 1075 2900 diem
1103 2845 1339 2915 judicat,
1371 2843 1467 2914 qui
1498 2844 1766 2914 quasdam
1798 2849 2019 2897 senten-

416 2939 526 3014 tias
553 2938 773 2993 Veteris
803 2942 858 2990 et
889 2935 1027 2990 Novi
1054 2933 1398 2988 Testamenti
1428 2932 1711 3001 intelligit,
1745 2932 2014 3003 quasdam

2104 2223 2199 2292 qui
2230 2228 2549 2294 peccatores
2580 2240 2688 2277 non
2719 2224 2909 2278 statim
2941 2224 3104 2295 punit
3123 2232 3188 2278 ut
3209 2231 3453 2295 peccant.
3484 2227 3590 2279 sed
3626 2244 3711 2281 ex-

2102 2317 2321 2381 spectat
2365 2313 2435 2366 ad
2484 2312 2891 2383 paenitentiam.
2934 2314 3077 2383 Ergo
3116 2314 3213 2384 qui
3251 2330 3361 2367 non
3398 2315 3626 2384 judicat
3659 2323 3716 2371 et

2100 2400 2333 2454 damnat
2355 2408 2724 2471 peccatorem,
2750 2403 2846 2455 sed
2868 2402 3045 2456 credit
3073 2402 3229 2456 illum
3256 2402 3407 2456 omni
3429 2403 3521 2456 die
3543 2421 3712 2475 posse

2098 2489 2289 2544 venire
2332 2490 2402 2543 ad
2432 2490 2650 2543 veniam
2683 2506 2784 2560 per
2828 2490 3049 2543 Domini
3095 2491 3558 2555 misericordiam,
3600 2493 3710 2546 Do-

2101 2578 2254 2632 mino
2283 2577 2450 2648 sapit,
2502 2577 2635 2647 quia
2673 2594 2799 2630 cum
2844 2577 3080 2631 Domino
3127 2594 3238 2632 non
3267 2580 3570 2633 concordat
3616 2579 3710 2651 qui

2101 2665 2247 2719 dixit
2269 2681 2281 2715 :
2309 2668 2373 2719 In
2401 2682 2728 2734 quacunque
2750 2667 2839 2719 die
2857 2671 3105 2733 peccator
3122 2682 3410 2721 conversus
3428 2671 3615 2735 fuerit
3637 2671 3711 2721 ad

2102 2771 2203 2816 me,
2234 2754 2777 2816 salvabitur.(Ezech.
2812 2757 3020 2822 χχχιιι).
3071 2755 3215 2809 Dum
3258 2772 3390 2825 ergo
3442 2764 3712 2825 peccator

2100 2860 2210 2897 non
2244 2844 2527 2914 desperat.
2566 2859 2693 2897 cum
2742 2844 2982 2897 Domino
3020 2844 3186 2914 sapit,
3222 2845 3316 2914 qui
3348 2851 3707 2914 peccatorem

2101 2938 2401 3003 exspectat,
2435 2936 2490 2985 et
2527 2948 2654 2985 eum
2700 2932 2796 3002 qui
2840 2932 3005 2986 hodie
3033 2932 3254 2986 videtur
3281 2932 3547 3002 injustas,
3583 2933 3709 2988 fieri

415 3032 712 3098 penetrare
741 3041 852 3077 non
883 3024 1046 3077 valet.
1080 3023 1316 3076 Omnem
1364 3028 1551 3075 autem
1601 3020 1751 3073 diem
1777 3020 2012 3090 judicat.
2038 3090 2072 3098 _
2100 3037 2261 3091 posse
2275 3022 2489 3091 justum
2514 3036 2625 3074 non
2646 3020 2926 3090 desperat,
2947 3037 3074 3075 cum
3097 3021 3332 3075 Domino
3354 3021 3631 3092 intelligit
3653 3027 3711 3076 et

417 3090 510 3185 qui
543 3131 608 3168 ex
638 3114 858 3182 integro
879 3112 1054 3165 Vctus
1077 3116 1135 3165 et
1160 3112 1375 3164 Novum
1397 3110 1821 3164 Testamentum
1852 3090 2074 3162 intel-C
2097 3090 2421 3165 concordat.
2471 3110 2535 3163 Et
2572 3113 2672 3178 qui
2708 3112 3030 3173 manducat,
3070 3109 3338 3164 subaudis
3390 3090 3589 3164 omnia
3643 3122 3707 3167 ut

414 3202 716 3272 ligit.~Non
745 3200 1026 3254 immerito
1069 3215 1202 3270 ergo
1233 3215 1390 3255 sacra
1422 3199 1711 3270 Scriptura
1739 3214 1840 3269 per
1866 3198 2014 3251 diem

413 3291 766 3362 intelligitur,
817 3288 948 3360 quia
999 3288 1145 3342 sicut
1180 3287 1495 3358 ignorantia
1537 3292 1623 3341 est
1656 3287 1894 3351 caecitas,
1934 3287 2016 3340 ita

415 3380 660 3452 cognitio
703 3385 908 3433 sanctae
953 3376 1246 3432 Trinitatis
1289 3392 1410 3446 quae
1439 3376 1498 3429 in
1524 3376 1715 3429 Veteri
1758 3379 1815 3428 et
1860 3375 2012 3428 Novo

412 3470 774 3524 Testamento
795 3467 1133 3527 continetur,
1152 3466 1244 3519 lux
1263 3470 1320 3518 et
1342 3463 1681 3518 illuminatio
1701 3462 1884 3517 cordis
1903 3468 2007 3516 cst.

411 3558 599 3613 Tertio
622 3557 785 3611 modo
809 3556 954 3610 diem
978 3555 1126 3608 inter
1154 3554 1300 3607 diem
1317 3553 1552 3623 judicat.
1576 3552 1673 3622 qui
1696 3557 1912 3605 tantum
1942 3551 2011 3605 de

410 3651 671 3719 praesenti
697 3645 977 3701 examinat
1009 3649 1066 3697 et
1115 3642 1406 3713 dijudicat,
1439 3641 1596 3694 verbi
1640 3640 1825 3707 gratia
1860 3658 1870 3692 :
1912 3640 2013 3694 Vi-

409 3736 504 3790 det
532 3736 657 3806 quis
684 3734 969 3788 hominem
1002 3731 1142 3785 bene
1186 3731 1485 3784 facientem
1515 3730 1599 3782 vel
1632 3730 1798 3783 male.
1833 3729 2009 3793 Quem

409 3824 589 3878 cernit
610 3822 769 3876 bonis
790 3820 1050 3891 operibus
1071 3819 1371 3883 intentum,
1391 3817 1613 3887 judicat
1632 3833 1760 3871 eum
1782 3823 2014 3889 propter

2094 3198 2340 3269 gentilis,
2377 3200 2605 3251 Domino
2636 3200 2957 3261 manducat,
2991 3204 3222 3267 prapter
3249 3198 3351 3252 hoc
3388 3197 3699 3254 subditur:

2101 3287 2320 3341 Gratias
2347 3289 2497 3340 enim
2525 3289 2642 3354 agit
2674 3288 2795 3350 Deo,
2826 3286 3103 3348 videlicet,
3138 3287 3272 3356 quia
3299 3286 3487 3340 omnia
3516 3288 3707 3343 credit

2097 3391 2219 3429 esse
2248 3375 2476 3437 munda,
2509 3380 2566 3429 et
2592 3375 2781 3429 omnia
2811 3375 2945 3429 licet
2973 3374 3024 3429 ei
3053 3375 3237 3431 edere.
3273 3375 3511 3429 Domino
3542 3378 3704 3431 enim

2095 3463 2415 3523 manducat,
2441 3463 2536 3533 qui
2566 3463 2635 3517 de
2664 3465 2942 3535 perceptis
2969 3464 3041 3517 ab
3070 3481 3135 3518 eo
3166 3464 3450 3520 beneﬁciis
3479 3468 3706 3534 gratias

2094 3551 2284 3604 refert.
2302 3552 2364 3605 Et
2381 3554 2481 3619 qui
2500 3569 2610 3605 non
2628 3555 2927 3606 manducat
2944 3552 3151 3616 omnia,
3171 3553 3316 3607 sicut
3333 3554 3580 3619 Judaeus,
3600 3556 3707 3609 sci-

2096 3639 2225 3694 licet
2246 3640 2430 3694 minus
2442 3640 2624 3695 adhuc
2645 3641 2922 3711 perfectus
2936 3641 2993 3694 in
3014 3642 3142 3707 ﬁde,
3160 3643 3393 3696 Domino
3412 3659 3523 3695 non.
3546 3660 3708 3698 man-

2094 3730 2261 3782 ducat
2290 3744 2308 3782 :
2340 3730 2444 3783 hoc
2473 3734 2576 3794 est,
2607 3729 2883 3783 Dominus
2913 3730 3170 3791 abstinet,
3209 3731 3340 3801 quia
3369 3747 3471 3801 pro
3502 3749 3705 3786 amore

2094 3818 2494 3888 omnipotentis
2548 3817 2668 3878 Dei,
2701 3817 2989 3872 abstinens
3031 3824 3116 3873 est
3159 3835 3192 3872 a
3243 3819 3399 3877 Cibis.
3430 3836 3464 3873 a
3493 3821 3706 3891 quibus

402 3912 682 3983 justitiam
727 3915 1059 3981 praesentem
1104 3907 1332 3972 bonum,
1367 3912 1424 3959 et
1462 3923 1629 3975 quem
1671 3906 1821 3960 videt
1850 3906 2011 3961 malis
2092 3906 2213 3976 ipse
2236 3907 2500 3978 praecepit
2520 3906 2911 3961 abstinendum
2937 3925 3075 3962 esse.
3101 3913 3160 3961 ct
3188 3908 3401 3977 gratias
3421 3908 3542 3978 agit
3561 3909 3702 3975 Deo,

409 3998 668 4071 operibus
698 3999 973 4063 deditum,
998 3996 1216 4066 judicat
1259 4010 1386 4049 eum
1417 4000 1649 4066 propter
1677 3994 2007 4065 injustitiam
2092 4011 2194 4064 pro
2224 4011 2289 4048 eo
2318 3996 2465 4066 quod
2497 3995 2651 4050 dedit
2689 3996 2771 4049 illi
2812 3995 3072 4051 virtutem
3103 3995 3473 4060 abstinentize,
3510 4004 3569 4055 et
3597 4015 3705 4053 no-

407 4105 564 4144 suam
589 4089 822 4142 malum.
847 4087 903 4141 Si
930 4092 1119 4139 autem
1142 4085 1236 4138 ille
1257 4083 1350 4155 qui
1375 4084 1541 4138 hodie
1564 4083 1743 4138 bonus
1764 4090 1868 4149 est,
1887 4100 2011 4139 cras
2092 4083 2276 4137 titiam
2304 4100 2405 4154 per
2433 4085 2614 4154 legem
2636 4101 2671 4137 a
2691 4083 2894 4155 quidus
2914 4084 3195 4139 abstinere
3223 4084 3470 4139 deberet.
3490 4086 3708 4141 Notan-

405 4180 616 4233 malum
641 4177 854 4240 fecerit,
882 4175 1100 4244 judicat
1138 4174 1293 4227 illum
1333 4173 1545 4226 malum
1572 4191 1694 4227 esse
1723 4168 1886 4243 quem
1916 4190 2012 4227 an-
2093 4173 2226 4226 dum
2257 4179 2444 4227 autem
2476 4173 2545 4227 ab
2572 4178 2811 4243 utroque
2837 4174 3151 4244 gratiarum
3192 4174 3470 4228 actionem
3504 4175 3705 4229 referri

405 4270 500 4317 tea
522 4264 868 4321 laudaverat,
892 4267 949 4315 et
976 4261 1023 4314 si
1054 4261 1150 4313 ille
1179 4261 1277 4330 qui
1307 4260 1472 4314 hodie
1501 4262 1681 4315 malus
1711 4266 1814 4326 est,
1842 4260 2009 4314 decli-
2092 4261 2592 4332 omnipotentiDeo
2611 4280 2621 4314 :
2643 4261 2883 4316 Gentilis
2898 4263 3047 4316 enim
3063 4262 3305 4333 gratiam
3322 4262 3707 4334 refertillipro

406 4351 627 4404 naverit
653 4367 687 4402 a
718 4349 879 4402 malis
906 4355 964 4402 et
992 4364 1131 4418 pura
1165 4354 1355 4401 mente
1380 4349 1495 4401 Deo
1519 4349 1726 4401 servire
1756 4350 2005 4419 coeperit,
2027 4403 2072 4422 ἢ
2091 4349 2350 4405 libertate
2380 4350 2636 4405 vescendi
2665 4350 2855 4404 omnia
2882 4370 2894 4418 ;
2926 4350 3157 4405 Judaeus
3187 4367 3317 4404 vero
3362 4367 3463 4422 pro
3512 4350 3705 4406 fructu

399 4434 620 4503 judicat
641 4450 769 4487 eum
788 4403 1011 4501 justuni
1024 4450 1035 4497 ;
1061 4431 1166 4485 iste
1192 4432 1322 4484 talis
1339 4432 1488 4485 diem
1518 4432 1667 4486 inter
1689 4403 2008 4502 diem.judi-'
2027 4403 2074 4461 Β
2093 4403 2466 4505 abstinentiaz,
2497 4403 2637 4493 licet
2673 4403 2730 4492 in
2760 4403 3203 4510 parte—qua
3231 4403 3478 4493 abstinet
3514 4441 3707 4496 minus

404 4527 514 4587 cat,
539 4522 669 4591 quia
690 4520 995 4575 secundum
1017 4519 1344 4573 varietatem
1371 4520 1639 4590 temporis
1663 4525 1720 4573 et
1741 4520 2010 4575 mutatio-
2091 4528 2371 4598 perfectus
2401 4528 2493 4583 sit.

403 4627 531 4665 nem
554 4610 697 4674 vitae,
723 4613 906 4663 mutat
920 4608 1197 4679 judicium
1226 4624 1339 4663 sum
1362 4609 1653 4663 sententia).
1688 4609 1795 4673 Qui
1819 4616 2007 4664 autem

2158 4617 2326 4671 Nemo
2338 4620 2487 4671 enim
2506 4622 2759 4671 nostrum
2773 4620 2880 4671 sibi
2893 4621 3047 4683 ririt,
3064 4623 3111 4671 et
3135 4634 3292 4671 nemo
3304 4621 3413 4671 sibi
3427 4622 3698 4672 moritur.

396 4698 615 4769 judicat
643 4713 867 4751 omnem
891 4696 1059 4760 diem,
1094 4697 1245 4751 Deus
1266 4697 1623 4767 omnipotens
1651 4697 2006 4768 intelligitur,
2092 4704 2210 4757 Hoc
2230 4704 2600 4775 spiritualiter
2618 4705 2976 4774 intelligitur,
3004 4706 3256 4775 quamvis
3276 4711 3334 4759 et
3353 4706 3421 4759 ad
3445 4706 3702 4761 litteram

403 4786 499 4858 qui
523 4786 676 4840 novit
700 4786 882 4857 qualis
903 4785 1140 4857 quisque
1156 4785 1228 4840 Sit
1246 4785 1301 4839 in
1322 4787 1599 4856 Praesenti.
1621 4786 1677 4841 in
1699 4788 2003 4858 praaterito,
2091 4793 2268 4862 possit
2295 4792 2435 4846 dici:
2461 4793 2659 4847 Nullus
2681 4793 2828 4847 enim
2854 4798 3107 4846 nostrum
3130 4793 3233 4847 sibi
3253 4793 3403 4853 vivit.
3423 4794 3561 4865 quia
3582 4812 3700 4849 non

401 4880 459 4928 et
485 4875 541 4928 in
570 4874 758 4929 futuro
783 4891 795 4929 :
829 4875 963 4945 quia
990 4874 1179 4929 omnia
1211 4880 1344 4929 sunt
1381 4875 1431 4929 ei
1459 4877 1775 4947 przesentia,
1804 4882 1862 4931 et
1888 4878 2008 4948 ipse
2090 4880 2258 4935 habet
2278 4897 2312 4934 a
2330 4898 2389 4935 se
2410 4882 2610 4949 vitam;
2635 4886 2693 4936 et
2712 4882 2901 4936 nullus
2919 4880 3023 4935 sibi
3043 4882 3301 4942 moritur,
3319 4883 3454 4953 quia
3469 4900 3582 4937 non
3600 4884 3703 4937 ba-

405 4968 592 5034 potest
621 4980 748 5017 eum
780 4963 873 5033 qui
904 4963 1070 5018 hodie
1110 4964 1242 5018 fecit
1270 4964 1501 5029 malum,
1543 4983 1665 5020 cras
1692 4965 1878 5020 facere
1908 4965 2006 5020 bo-
2089 4968 2182 5023 bet
2213 4969 2271 5022 in
2300 4975 2579 5040 potestate
2605 4971 2827 5042 quando
2856 4970 3020 5031 vivat.
3052 4975 3111 5024 et
3139 4970 3365 5040 quando
3394 4972 3696 5026 moriatur.

401 5065 555 5102 num.
580 5050 1003 5118 Uunusquisquc
1028 5054 1091 5104 in
1116 5068 1214 5105 suo
1241 5068 1403 5106 sensu
1427 5055 1686 5106 abundet.
1720 5054 1845 5107 Non
1874 5053 2009 5107 dicit
2092 5057 2199 5111 Sed
2219 5058 2354 5112 dum
2380 5059 2519 5114 dixit
2542 5073 2553 5107 :
2582 5060 2760 5114 Nemo
2786 5064 3064 5123 nostrum,
3086 5058 3142 5112 id
3173 5064 3258 5113 est
3288 5059 3541 5113 ﬁdelium
3568 5076 3704 5131 per-

399 5136 702 5190 indicativo
743 5137 911 5191 modo
939 5136 1207 5199 abundat,
1241 5140 1337 5193 sed
1366 5139 1694 5211 imperativo
1724 5140 1998 5197 abundet.
2090 5146 2384 5211 fectorum,
2425 5148 2495 5201 ad
2536 5135 2793 5203 altiorem
2833 5153 3087 5202 nostrum
3128 5147 3388 5201 excitavit
3425 5164 3691 5207 sensum.

400 5227 472 5307 Et
498 5231 584 5279 est
632 5242 829 5279 sensus
859 5244 871 5278 :
908 5226 1226 5280 Secundum
1258 5230 1404 5298 quod
1454 5229 1755 5302 unicuique
1791 5230 2006 5285 homini
2090 5234 2345 5290 Christus
2384 5237 2656 5291 Dominus
2710 5242 2904 5291 noster
2952 5236 3125 5291 semel
3172 5241 3428 5291 mortuus
3465 5244 3553 5291 est
3588 5254 3697 5307 pro

398 5332 723 5369 concessum
748 5321 834 5370 est
862 5316 1194 5387 intelligere,
1220 5317 1469 5373 abundet
1490 5320 1547 5374 in
1568 5338 1669 5376 suo
1691 5320 1920 5389 judicio,
1946 5320 2003 5375 id
2087 5327 2333 5391 peccato,
2378 5326 2511 5393 quia
2567 5326 2784 5380 nullum
2839 5324 2971 5379 fecit
3017 5331 3324 5395 peccatum,
3367 5330 3425 5380 et
3460 5342 3563 5381 nos
3612 5328 3694 5381 ad

399 5412 505 5469 est,
548 5405 644 5476 qui
674 5405 941 5475 intelligit
972 5423 1004 5459 a
1032 5422 1201 5461 carne
1230 5407 1644 5493 abstinendum,
1676 5410 1955 5465 abstineat
1985 5428 1997 5463 :

400 5501 457 5549 et
485 5494 580 5565 qui
612 5510 722 5548 non
754 5494 1035 5563 intelligit,
1070 5496 1127 5550 id
1158 5501 1263 5564 est,
1286 5500 1380 5569 qui
1411 5517 1524 5555 non
1549 5502 1667 5556 vult
1694 5500 1996 5567 abstinere,

398 5587 498 5640 aut
522 5599 633 5639 non
656 5589 859 5656 potest,
876 5585 1152 5641 comedat.
1170 5586 1382 5643 Aliter:
1408 5590 1804 5664 Unusquisque
1820 5590 1876 5646 in
1897 5606 1999 5645 suo

2086 5411 2402 5481 exemplum
2429 5415 2625 5468 mortis
2647 5416 2768 5485 ejus
2788 5415 2961 5468 semel
2992 5413 3197 5467 mortui
3218 5430 3415 5468 sumus
3437 5420 3689 5485 peccato,

2085 5500 2311 5570 purgati
2342 5501 2412 5555 ab
2441 5503 2701 5557 omnibus
2728 5502 2946 5557 delictis
2996 5501 3054 5555 in
3082 5500 3441 5572 baptismate,
3471 5503 3695 5558 redem-

2083 5590 2167 5660 pti
2196 5588 2405 5644 Christi
2436 5593 2730 5663 sanguine.
2755 5593 2879 5647 Non
2910 5606 3044 5662 ergo
3074 5589 3235 5645 nobis
3258 5591 3532 5648 morimur
3558 5607 3692 5662 pec-
