3850 6168
177 310 260 366 489
820 301 1213 360 EXPOSITIO
1241 306 1320 359 IN
1351 306 1506 360 EPP.
1542 307 1599 360 S.
1632 306 1874 361 PAULI.
1909 337 1973 347 —
2005 307 2085 361 IN
2119 306 2345 364 EPIST.
2376 308 2649 364 ADROM:
3272 310 3379 381 490

174 439 270 489 cato
288 433 337 486 in
360 422 698 499 baptismate,
719 428 818 482 sed
834 428 1076 494 Christo,
1116 428 1251 482 dum
1279 444 1393 483 non
1424 430 1483 483 in
1510 432 1765 489 nostraA
1788 430 1941 495 mali,
1966 430 2196 501 perfecti
2218 436 2275 485 et
2296 430 2624 502 imperfecti,
2652 432 2894 502 gentiles
2921 436 2981 487 et
3007 432 3384 497 Judaei,stabi-

175 525 399 595 potestate
422 516 757 571 ablutionem
788 516 1205 587 consequimur,
1249 517 1347 570 sed
1377 535 1479 588 per
1498 519 1708 589 passio-
1788 536 1912 573 mus
1931 525 2060 573 ante
2078 521 2330 573 tribunal
2353 521 2577 574 Christi.
2596 520 2866 575 Tribunal
2887 520 3143 575 estsedes
3156 520 3382 590 judicia,

171 628 271 667 nem
290 616 339 663 et
360 604 702 676 baptismum,
735 610 905 676 atque
922 622 1021 676 per
1040 605 1205 658 fidem
1232 606 1384 659 illius
1402 606 1703 662 abluimur.
1790 608 2146 678 quaeincelso
2166 608 2289 662 loco
2318 608 2644 673 collocatur,
2680 625 2790 679 quo
2824 610 2997 678 judex
3026 626 3093 663 ex
3122 609 3385 664 omnibus

173 692 643 758 Etncmosibivivit,
670 693 938 747 subaudis
960 694 1280 761 virtutibus,
1315 696 1411 750 sed
1458 696 1702 763 Christo,
1788 696 1964 766 possit
2010 696 2201 761 videri,
2266 702 2323 749 et
2354 696 2471 767 ipse
2507 704 2834 751 accusantes
2886 704 2942 751 et
2997 702 3291 753 accusatus
3321 714 3389 752 ex

169 786 244 857 qui
260 798 514 851 resurgens
542 798 578 835 a
610 786 868 848 mortuis,
886 787 1014 851 jam
1048 800 1158 836 non
1181 787 1598 846 moritur,mors
1620 787 1708 838 itti
1788 785 2058 839 eminenti
2086 787 2207 839 loco
2237 786 2416 856 possit
2442 785 2672 843 intueri.
2715 786 2800 840 Ita
2831 790 2889 840 et
2931 787 3204 841 Dominus
3223 788 3388 842 Jesus

171 878 291 929 ultra
310 887 410 926 non
432 871 813 923 dominabitur
838 873 1005 938 (Rom.
1051 873 1154 938 v1).
1184 872 1268 925 Ad
1318 873 1475 942 cujus
1522 889 1708 927 exem-
1788 873 1948 943 quasi
1976 873 2036 926 in
2060 872 2329 927 tribunali
2357 874 2591 939 sedebit,
2625 874 2758 945 quia
2778 880 2835 928 et
2861 874 2931 927 ab
2953 873 3214 928 omnibus
3244 873 3390 928 vide-

165 963 309 1035 plum,
343 964 624 1031 postquam
679 958 749 1012 de
803 958 957 1012 fonte
1006 958 1361 1030 baptismatis
1402 960 1703 1031 surgimus,
1787 960 1957 1025 bitur,
1991 968 2049 1015 et
2076 961 2146 1014 ab
2166 962 2288 1032 ipso
2314 963 2937 1018 omniumconscientiae
2958 969 3016 1017 et
3032 979 3212 1018 causa:
3238 963 3391 1033 diju-

167 1050 281 1106 mori
304 1046 560 1120 peccando
617 1046 937 1101 nullatenus
993 1047 1283 1102 debemus.
1334 1049 1475 1102 Mori
1515 1054 1705 1103 autem
1788 1049 2127 1103 dicabuntur
2152 1050 2460 1120 aptissime,
2485 1058 2543 1103 et
2564 1057 2650 1105 est
2674 1068 2871 1106 sensus
2902 1070 2913 1104 :
2948 1051 3061 1106 Vos
3082 1050 3179 1122 qui
3192 1051 3264 1105 ad
3299 1050 3390 1105 in-

163 1137 396 1210 peccando
414 1134 548 1187 dixit
573 1150 584 1185 :
611 1134 741 1204 quia
758 1134 949 1187 anima
970 1151 1093 1205 quae
1105 1135 1417 1205 peccaverit
1435 1136 1555 1206 ipsa
1584 1152 1706 1191 mo—
1792 1138 1962 1191 vicem
1986 1138 2185 1192 fratres
2194 1139 2480 1207 judicatis,
2508 1146 2783 1209 quantum
2804 1140 2862 1194 in
2879 1140 3034 1195 vobis
3057 1146 3143 1194 est
3162 1140 3278 1195 Deo
3293 1155 3392 1194 au-

165 1227 329 1281 rietur.
1398 1288 1401 1291 _
1790 1226 1947 1281 fertis
1976 1244 2134 1281 suam
2164 1228 2472 1297 potentiam
2490 1273 2502 1284 .

218 1316 321 1371 Sive
344 1316 483 1367 enim
509 1315 769 1378 vivimus,
793 1312 1097 1365 virtutibus
1140 1317 1197 1365 et
1247 1313 1358 1366 vita
1405 1313 1705 1383 spirituali,
1862 1314 2147 1384 Scriptum
2167 1322 2243 1369 est
2268 1319 2418 1369 enim
2443 1335 2458 1368 :
2502 1318 2623 1369 Vivo
2643 1333 2752 1383 ego,
2785 1317 2921 1370 dicit
2949 1318 3238 1371 Dominus.
3271 1317 3389 1371 Hoc

162 1405 353 1458 Domino
377 1403 649 1455 vicimus:
679 1400 809 1470 quia
838 1398 1172 1454 abstinendo
1223 1416 1258 1453 a
1308 1401 1549 1471 peccatis
1587 1406 1714 1472 post
1794 1404 2019 1474 preprie
2045 1405 2433 1473 juramentum
2464 1404 2565 1458 Dei
2589 1410 2674 1457 est
2701 1405 2759 1457 in
2792 1404 2982 1458 Veteri
3014 1405 3394 1467 Testamento,

164 1490 475 1561 baptismum,
508 1489 795 1559 exemplar
822 1488 1251 1542 resurrectionis
1303 1491 1425 1559 ejus
1475 1489 1716 1543 attendi-
1797 1493 1843 1545 si
1866 1492 1975 1546 dici
2013 1492 2096 1546 fas
2124 1498 2229 1557 est,
2255 1492 2399 1545 sicut
2437 1494 2615 1546 Amen
2642 1492 2701 1546 in
2721 1493 2892 1546 Novo.
2935 1492 3063 1562 Ipse
3093 1493 3241 1546 enim
3266 1509 3397 1564 pro-

161 1595 275 1644 mus,
296 1583 578 1649 postquam
610 1576 729 1647 ipse
748 1577 867 1647 jam
897 1593 1010 1630 non
1043 1577 1300 1642 moritur,
1336 1582 1616 1648 quatenus
1643 1577 1715 1631 ad
1797 1582 1917 1651 prie
1942 1581 2074 1635 vivit
2102 1587 2160 1635 et
2194 1581 2308 1634 vita
2336 1586 2442 1649 est,
2473 1581 2606 1651 quia
2631 1580 2838 1634 mutari
2864 1597 2975 1635 non
3007 1586 3213 1652 potest,
3239 1582 3401 1652 cujus

160 1667 321 1721 calum
338 1666 537 1737 pariter
555 1682 686 1719 cum
704 1665 801 1718 illo
820 1665 1188 1719 ascendamus
1216 1684 1228 1729 ;
1272 1669 1382 1719 sive
1412 1670 1709 1732 morimur,
1731 1736 1768 1740 _
1796 1669 2217 1740 comparatione
2242 1674 2526 1723 mortuum
2543 1675 2629 1722 est
2658 1668 2931 1739 quidquid
2956 1669 3165 1723 mutari
3193 1675 3398 1740 potest,

160 1736 385 1811 subaudis
398 1759 626 1826 peccato
642 1761 893 1825 tempore
912 1753 1286 1825 baptismatis,
1336 1758 1568 1812 Domino
1597 1772 1715 1808 mo-
1729 1736 1778 1795 B
1802 1736 2066 1828 quoniam
2099 1758 2257 1811 nulla
2274 1763 2538 1811 creatura
2567 1764 2653 1811 est
2674 1736 2865 1827 quaee
2892 1774 2953 1811 se
3006 1758 3177 1813 habet
3194 1736 3397 1812 vitam.

161 1847 342 1898 rimur:
372 1844 497 1914 quia
514 1848 579 1897 ut
594 1843 649 1896 ei
669 1843 1009 1913 placeamus,
1033 1843 1105 1895 ad
1124 1841 1546 1897 similitudinem
1569 1843 1718 1897 illius
1803 1848 2077 1913 Quoniam
2106 1847 2251 1899 mihi
2277 1850 2525 1915 ﬂectetur
2552 1862 2710 1899 omne
2736 1862 2900 1913 genu,
2925 1851 2974 1899 et
2994 1849 3175 1901 omnis
3205 1849 3404 1914 lingua

158 1933 232 2004 qui
256 1949 526 2003 nunquam
551 1932 825 2003 peccavit,
856 1948 958 2001 per
983 1930 1149 1984 fidem
1184 1937 1241 1986 et
1270 1931 1713 2002 redemptionem
1801 1935 2149 2001 conﬁtebitur
2176 1935 2300 1987 Deo.
2319 1933 2610 1998 Quomodo
2623 1950 2759 2003 ergo
2780 1933 2984 2002 angeli,
3010 1933 3106 2004 qui
3125 1940 3259 1988 sunt
3285 1935 3402 2005 spi-

159 2021 403 2092 sanguinis
431 2021 552 2090 ejus
579 2019 654 2073 ab
675 2019 1042 2090 originalibus
1065 2026 1122 2074 et
1150 2020 1463 2074 actualibus
1478 2021 1719 2091 peccatis
1802 2023 1962 2086 ritus,
1993 2025 2222 2076 flectant
2251 2023 2368 2077 Deo
2419 2022 2612 2092 genu?
2651 2023 2759 2076 Per
2806 2023 3100 2077 ﬂexionem
3153 2039 3403 2093 genuum

157 2110 201 2163 in
224 2109 536 2180 baptismate
585 2108 948 2163 mundamur.
1002 2108 1124 2162 Sire
1156 2124 1281 2175 ergo
1323 2111 1580 2173 vivimus,
1612 2112 1721 2162 sive
1801 2111 2207 2181 subjectionem
2237 2110 2507 2165 debemus
2555 2111 2887 2181 intelligere,
2930 2112 3083 2181 quia
3108 2111 3166 2165 in
3190 2110 3404 2182 judicio

158 2201 413 2263 morimur,
437 2199 899 2262 Dominisumus,
922 2196 1189 2251 subaudis
1215 2197 1381 2259 servi,
1403 2196 1536 2267 quia
1560 2196 1615 2249 in
1629 2214 1724 2267 po-
1803 2199 1992 2252 omnia
2013 2198 2238 2253 Christo
2265 2198 2594 2253 subdentur.
2629 2199 2910 2253 Flectetur
2930 2214 3064 2269 ergo
3092 2200 3210 2254 Deo
3238 2215 3405 2257 omne

158 2292 324 2341 testate
368 2286 517 2340 illius
564 2285 947 2339 consistimus.
1004 2286 1248 2339 Possunt
1293 2285 1410 2339 haec
1450 2284 1619 2338 verba
1652 2302 1717 2338 ex
1799 2303 1969 2357 genu.
2004 2288 2137 2341 dum
2166 2287 2350 2341 omnis
2375 2292 2635 2340 creatura
2688 2287 3021 2357 subjicietur
3064 2287 3163 2342 illi.
3209 2288 3406 2344 Omnis

156 2380 424 2445 martyrum
451 2390 700 2445 persona
728 2373 965 2443 intelligi
996 2373 1146 2427 dicta
1175 2379 1232 2427 et
1256 2373 1505 2427 omnium
1536 2373 1721 2444 perfe-
1803 2392 2025 2445 quoque
2044 2376 2240 2445 lingua
2267 2376 2561 2429 hominum
2590 2375 2950 2429 confitebitur
2977 2376 3111 2439 Deo.
3135 2375 3269 2430 dum
3291 2377 3410 2431 lau-

158 2468 356 2527 ctorum,
389 2463 483 2533 qui
512 2479 634 2517 non
661 2461 767 2515 sibi
796 2463 1007 2527 vivunt,
1042 2462 1174 2532 quia
1219 2478 1329 2515 non
1373 2462 1719 2516 voluntatem
1804 2463 1961 2517 dabit
1976 2464 2153 2517 Deum
2174 2462 2400 2516 Patrem
2425 2479 2524 2532 per
2540 2462 2765 2527 Filium,
2799 2463 2947 2533 quod
2966 2464 3037 2517 de
3057 2463 3248 2517 electis
3277 2469 3407 2518 tan-

155 2568 283 2605 suam
305 2556 557 2622 quaerunt
574 2550 913 2621 adimplere,
935 2551 1031 2605 sed
1052 2551 1296 2613 Domini,
1312 2551 1443 2604 dum
1468 2568 1569 2621 per
1582 2551 1723 2604 dile-
1803 2558 1925 2606 tum
1956 2550 2216 2605 sentitur.
2236 2551 2286 2604 Ν
2292 2567 2381 2603 am
2398 2550 2664 2621 deimpiis
2675 2550 2881 2604 dicitur
2901 2550 3183 2621 quia,1Von
3204 2557 3279 2606 est
3296 2570 3406 2622 spe-

157 2642 357 2695 ctionem
378 2641 523 2712 quod
545 2640 679 2695 aliis
691 2640 933 2710 expedit,
956 2638 1185 2693 faciunt.
1211 2639 1370 2703 Quod
1401 2644 1591 2693 autem
1612 2656 1722 2692 non
1806 2644 1949 2694 ciosa
1973 2643 2092 2693 laus
2112 2642 2175 2693 in
2196 2655 2287 2692 ore
2323 2641 2623 2706 peccatoris
2647 2640 2804 2703 (Eccl.
2831 2645 2935 2701 xv).
2963 2639 3163 2709 Angeli
3217 2652 3406 2696 autem

155 2728 237 2782 sibi
262 2730 572 2783 moriuntur
601 2735 791 2782 morte
832 2726 1150 2797 temporali,
1208 2727 1267 2780 in
1321 2743 1433 2797 qua
1469 2726 1574 2780 sibi
1612 2744 1725 2780 non
1808 2745 1873 2783 eo
1903 2728 2067 2781 modo
2099 2728 2191 2797 qui
2221 2732 2355 2780 sunt
2382 2725 2715 2796 incorporei,
2745 2726 2976 2780 laudant
3007 2736 3064 2781 et
3098 2728 3410 2783 laudabunt

158 2818 498 2871 conceduntur
523 2833 715 2887 neque
766 2816 1180 2886 relinquuntur,
1212 2815 1308 2869 sed
1336 2832 1370 2869 a
1419 2817 1533 2870 Deo
1563 2833 1722 2870 assu-
1806 2816 2005 2869 Deum.
2043 2816 2159 2868 Vox
2184 2815 2333 2869 enim
2355 2815 2684 2885 angelorum
2729 2815 2787 2868 in
2827 2816 3050 2869 laudem
3100 2818 3405 2889 Creatoris,

157 2912 383 2973 muntur;
415 2923 514 2960 seu
546 2906 729 2959 etiam
756 2903 861 2958 sibi
879 2920 990 2958 non
1018 2905 1337 2958 moriuntur
1356 2910 1535 2958 morte
1566 2904 1727 2975 spiri-
1807 2905 1927 2975 ipse
1952 2909 2039 2957 est
2067 2903 2363 2957 admiratio
2393 2902 2604 2957 intimae
2635 2903 3141 2975 contemplationis.
3428 2908 3437 2919 ⁴

157 2994 254 3059 tali,
280 2995 513 3065 peccatis
550 2993 838 3059 videlicet,
864 2993 1066 3063 quibus
1103 2994 1442 3058 moriuntur,
1467 2994 1601 3047 dum
1629 3010 1728 3063 per
1744 3044 1784 3065 η
1877 2995 2067 3061 Itaque
2083 2995 2463 3059 unusquisque
2484 2997 2737 3045 nostrum
2749 3008 2850 3060 pro
2861 3009 2913 3045 se
2932 2996 3210 3048 rationem
3226 2996 3411 3050 reddet

168 3044 510 3065 νηητννηνη
565 3044 838 3059 «nr—-7.
872 3044 1062 3063 γημ-
1974 3044 2055 3061 .777
2150 3044 2155 3045 7
2241 3044 2259 3059 ι
2340 3044 2385 3059 7.
2510 3044 2513 3045 7
2562 3044 2565 3045 7
2726 3044 2764 3060 7.

158 3082 388 3153 Spiritum
436 3091 705 3139 sanctum
763 3089 821 3138 et
883 3099 1087 3153 aquam
1139 3088 1561 3152 regenerantur,
1621 3044 1786 3136 hocC
1812 3080 2364 3137 Deo.Etestsensus:
2392 3079 2438 3133 Ο
2479 3080 2657 3134 Judmi
2676 3085 2733 3134 et
2752 3080 3014 3150 gentiles,
3047 3082 3143 3152 qui
3172 3099 3274 3137 nos
3286 3085 3409 3154 jam

159 3178 316 3241 aperte
342 3173 620 3239 innuitur,
642 3173 778 3244 quia
808 3188 920 3226 non
950 3170 1155 3226 debent
1184 3170 1297 3224 otio
1346 3176 1589 3241 torpere,
1630 3171 1729 3225 sed
1809 3170 2043 3224 invicem
2057 3168 2550 3239 judicatis,curDei
2564 3169 2837 3239 judicium
2853 3174 3036 3225 vestro
3042 3171 3254 3241 judicio
3273 3189 3411 3244 prm-

157 3260 230 3314 Dei
248 3266 298 3315 et
316 3263 553 3333 proximi
587 3261 897 3316 dilectione
936 3277 1159 3330 semper
1188 3259 1419 3313 fervere.
1451 3260 1729 3329 Martyres
1808 3258 2030 3324 venitis,
2063 3265 2117 3311 et
2148 3258 2270 3327 ejus
2299 3262 2634 3328 potestatem
2649 3265 2922 3329 quantum
2944 3258 3003 3313 in
3023 3260 3177 3315 vobis
3204 3266 3309 3327 est,
3331 3268 3412 3317 te-

159 3364 345 3420 quoque
364 3368 474 3405 non
504 3349 1041 3410 ‘sibimoriebantur,
1065 3348 1161 3402 sed
1183 3347 1440 3413 Domino,
1462 3348 1593 3418 quia
1616 3364 1729 3401 non
1810 3364 1963 3401 mere
1988 3346 2274 3417 usurpatis
2298 3345 2322 3399 ‘?
2342 3345 2466 3400 Hoc
2487 3345 2640 3400 vobis
2660 3347 2917 3414 sufﬁciat,
2943 3348 3091 3419 quod
3110 3350 3412 3420 unusquis-

150 3444 345 3509 propter
383 3457 545 3495 suam
570 3439 861 3494 malitiam
890 3436 1329 3508 perimebantur,
1374 3436 1471 3490 sed
1508 3453 1607 3507 pro
1628 3435 1730 3490 Dei
1812 3453 1919 3507 que
1949 3452 2049 3506 pro
2070 3452 2129 3489 se
2156 3434 2431 3489 rationem
2454 3440 2541 3488 est
2566 3434 2909 3500 redditurus,
2936 3453 3050 3490 non
3076 3438 3259 3492 solum
3281 3454 3410 3509 ope-

151 3528 316 3581 notitia
343 3534 398 3583 et
424 3529 792 3583 confessione
843 3526 994 3591 ﬁdei,
1028 3525 1248 3580 dicente
1282 3525 1402 3596 ipso
1440 3525 1678 3579 Domino
1713 3543 1725 3579 :
1812 3542 1935 3579 rum
1958 3529 2015 3577 et
2040 3539 2385 3587 sermonum,
2418 3523 2517 3576 sed
2533 3523 2701 3576 etiam
2733 3524 3159 3594 cogitationum.

151 3613 275 3668 Beati
290 3620 438 3671 eritis
466 3634 600 3672 cum
633 3618 899 3685 ejecerint
927 3631 1127 3668 nomen
1184 3620 1424 3668 restrum
1453 3619 1728 3681 tanquam
1878 3616 2005 3668 Non
2033 3628 2158 3679 ergo
2185 3614 2432 3679 amplius
2481 3613 2716 3664 invicem
2761 3613 3098 3679 judicemus,
3133 3611 3407 3668 subaudis

150 3706 327 3758 malum
349 3711 578 3775 propter
609 3707 829 3759 Filium
863 3705 1103 3757 hominis
1129 3702 1272 3775 (Luc.
1300 3703 1400 3771 γι).
1809 3718 1934 3754 cum
1952 3700 2202 3753 futurum
2230 3699 2326 3752 Dei
2350 3694 2623 3767 judicium
2652 3698 2883 3752 minime
2910 3700 3253 3769 ignoramus.
3286 3701 3406 3755 Hoc

207 3792 261 3845 In
280 3794 370 3847 hoc
394 3797 549 3848 enim
599 3794 865 3849 Christus
894 3797 1150 3845 mortuus
1192 3797 1287 3857 est,
1322 3797 1369 3844 et
1398 3791 1725 3855 resurrexit,
1811 3788 2015 3843 dicitur
2043 3787 2112 3839 de
2138 3786 2388 3850 occultis,
2416 3802 2525 3839 non
2547 3785 2617 3838 de
2646 3786 2886 3857 apertis;
2922 3789 3014 3841 sed
3045 3789 3143 3842 hoc
3155 3790 3406 3857 judicate

149 3880 216 3931 vel
238 3888 404 3936 morte
432 3883 650 3948 carnis,
685 3881 776 3934 vel
800 3886 982 3935 morte
1009 3879 1241 3950 peccati,
1278 3879 1412 3950 quia
1440 3893 1729 3948 nunquam
1812 3879 2010 3945 magis,
2035 3892 2101 3929 ne
2116 3877 2337 3942 ponatis
2359 3876 2744 3939 o/l'endicutum
2762 3876 3035 3940 [ratriret
3052 3879 3399 3942 scandalum,

150 3970 375 4037 peccavit,
399 3977 461 4025 ut
488 3977 542 4025 et
572 3974 842 4025 vivorum
873 3974 920 4021 et
951 3973 1301 4021 mortuorum
1328 3966 1731 4031 dmninetmyid
1813 3965 1868 4018 id
1900 3970 2003 4027 est,
2035 3963 2140 4016 hoc
2163 3961 2405 4015 maxime
2432 3968 2643 4023 cavete,
2675 3967 2733 4015 et
2759 3962 2939 4031 magis
2989 3964 3291 4032 decernite,
3332 3982 3403 4020 ne

149 4062 216 4110 est
235 4064 293 4112 ut
309 4076 499 4114 eorum
533 4059 894 4124 dominetur,
929 4056 1025 4127 qui
1046 4057 1238 4110 vivunt
1259 4057 1376 4127 jam
1408 4053 1729 4118 virtutibus,
1816 4053 1940 4124 quis
1961 4058 2143 4105 vestro
2162 4049 2311 4103 malo
2334 4047 2517 4112 verbo,
2547 4054 2646 4102 aut
2670 4065 2928 4119 perverso
2957 4052 3210 4123 exemplo
3240 4069 3403 4107 scan-

147 4146 297 4214 gratia
325 4148 423 4202 Dei
446 4148 638 4202 abluti
667 4165 707 4201 a
728 4146 991 4217 peccatis,
1018 4151 1076 4199 et
1100 4145 1325 4199 illorum
1359 4144 1454 4214 qui
1476 4141 1726 4213 quotidie
1807 4142 2079 4199 dalizetur
2107 4144 2165 4192 et
2189 4138 2540 4206 offendatur;
2564 4139 2651 4192 vel
2680 4139 2785 4192 hoc
2816 4139 3067 4207 statuite,
3114 4157 3185 4195 ne
3234 4158 3405 4198 causa

148 4236 430 4291 moriuntur
457 4242 727 4309 peccato,
762 4236 833 4288 ad
863 4236 968 4288 hoc
1001 4241 1065 4289 ut
1115 4234 1304 4288 vivant
1330 4232 1589 4287 similiter
1609 4230 1727 4284 vir-
1808 4229 2118 4286 carnalium
2135 4226 2388 4280 ciborum
2411 4226 2771 4282 offensionem
2793 4227 3060 4284 fratribus
3076 4229 3402 4304 minusper-

149 4323 341 4390 tutibus,
373 4326 433 4379 in
458 4326 730 4381 novitate
757 4323 882 4377 vita:
907 4322 1262 4377 ambulando.
1806 4318 1966 4374 fectis
1986 4314 2285 4387 generetis.

207 4413 272 4466 Tu
295 4421 501 4481 autem,
535 4415 769 4479 Judaae,
807 4414 946 4480 quid
995 4414 1219 4481 judicas
1244 4413 1482 4478 fratrem
1513 4414 1673 4461 tuum
1707 4390 1793 4459 ?D
1879 4407 2001 4462 Scio
2021 4409 2069 4458 et
2090 4405 2298 4471 conﬁdo
2316 4406 2375 4456 in
2395 4404 2938 4474 DominoJesu,quia
2954 4407 3101 4461 nihil
3120 4424 3409 4464 commune

150 4501 378 4566 gentilem
428 4504 891 4557 manducantem
944 4500 1151 4555 omnia.
1209 4500 1323 4555 Aut
1366 4501 1447 4562 tu,
1479 4495 1726 4567 gentilis,
1804 4499 2097 4565 peripsum
2119 4492 2685 4546 creatumestJudaei
2728 4493 2880 4548 cibos
2909 4511 2975 4548 ex
3003 4495 3127 4566 lege
3146 4496 3252 4550 sibi
3278 4513 3409 4568 per-

150 4604 289 4655 quare
310 4597 543 4661 spernis,
570 4598 633 4647 et
658 4590 929 4661 despicis,
961 4591 1197 4657 fratrem
1240 4593 1399 4641 tuum
1422 4592 1445 4638 ?
1471 4584 1730 4639 Judazum
1812 4580 2684 4639 missosdicebanttantummodo
2702 4582 2959 4649 mundos,
3003 4583 3204 4653 quibus
3217 4589 3407 4638 autem

142 4675 386 4735 infirmum
404 4682 597 4736 adhuc
627 4681 692 4735 in
718 4679 853 4745 fide,
878 4684 934 4733 et
953 4677 1235 4732 nolentem
1265 4675 1600 4729 manducare
1617 4690 1732 4727 om-
1811 4678 2009 4745 gentes
2031 4670 2407 4725 communiter
2424 4669 2747 4727 utebantur.
2770 4687 3113 4734 communes,
3139 4670 3195 4724 id
3226 4676 3311 4724 est
3349 4671 3408 4724 in

144 4764 233 4834 nia,
249 4786 360 4825 cum
380 4772 533 4827 idem
556 4770 790 4826 Paulus
821 4767 955 4822 alibi
991 4767 1171 4821 dicat:
1205 4767 1434 4820 Nescitis
1465 4768 1599 4832 quia
1624 4780 1731 4816 an-
1814 4761 2024 4815 mundo
2056 4758 2433 4830 appellabant,
2465 4758 2611 4812 sicut
2642 4764 2699 4811 et
2739 4758 2939 4812 Petrus
2966 4758 3082 4811 ait:
3111 4758 3410 4812 Commune

145 4856 685 4925 gelosjudicabimus,
727 4861 941 4926 quanto
983 4858 1161 4923 magis
1205 4854 1495 4907 sacularia
1528 4853 1579 4919 (Ι
1607 4852 1728 4905 Cor.
1814 4867 1925 4904 non
1942 4850 2280 4902 manducavi
2296 4849 2436 4917 (Act.
2459 4845 2669 4914 xxv),id
2686 4850 2771 4899 est
2789 4845 3307 4900 immundum.Inde
3336 4846 3415 4901 di-

146 4943 225 5011 Vl);
252 4951 302 5001 et
327 4947 531 5004 iterum
566 4948 700 5020 ipse
728 4944 1076 5016 judicando:
1128 4944 1236 5010 Qui
1277 4944 1416 4995 talia
1444 4945 1619 5009 agunt
1648 4956 1734 4993 re-
1816 4937 1894 4991 cit
1921 4936 2222 5008 Apostolus
2256 4953 2267 4987 :
2297 4934 2442 4995 Scio,
2477 4935 2756 5003 inquiens,
2803 4938 2861 4987 et
2890 4933 3054 4988 credo
3082 4934 3140 4988 in
3173 4934 3414 4990 Domino

148 5047 288 5095 gnum
312 5037 405 5090 Dei
433 5055 548 5091 non
582 5039 1002 5103 consequentur
1037 5031 1173 5099 (Gal.
1219 5034 1297 5099 v),
1339 5046 1439 5084 cur
1480 5029 1573 5082 hic
1603 5044 1734 5098 pro-
1817 5027 1972 5093 Jesu,
2002 5024 2115 5079 sive
2144 5040 2244 5094 per
2263 5022 2562 5076 Dominum
2589 5022 2799 5087 Jesum,
2822 5022 2917 5093 qui
2948 5022 3087 5077 mihi
3106 5023 3213 5078 hoc
3232 5025 3417 5080 mani-

151 5116 276 5177 hibet
300 5140 366 5179 ne
382 5125 727 5196 judicemus
745 5122 775 5174 ?
809 5120 1107 5175 Sciendum
1140 5119 1286 5191 quod
1312 5118 1381 5172 de
1395 5116 1739 5189 apertisrca-
1818 5112 2060 5175 testavit,
2086 5112 2218 5183 quia
2247 5128 2347 5182 per
2375 5111 2561 5180 ipsum
2590 5109 2728 5163 nihil
2757 5116 2844 5165 est
2871 5111 3227 5168 immundum
3258 5130 3419 5169 crea-

150 5207 271 5264 tibus
288 5212 458 5268 libera
475 5218 751 5286 potestas
776 5208 939 5263 nobis
952 5207 1240 5279 judicandi
1268 5205 1609 5268 conceditur,
1632 5204 1740 5258 sic-
1819 5208 1965 5266 tum,
1999 5200 2096 5255 sed
2122 5200 2311 5253 omnia
2341 5197 2550 5251 munda
2568 5197 2638 5251 ab
2654 5214 2720 5253 eo
2752 5198 2900 5253 facta
2929 5207 3081 5263 sunt,
3114 5203 3261 5257 sicut
3282 5204 3421 5259 scri-

153 5301 203 5349 ut
223 5296 284 5352 de
308 5299 635 5368 homicidio,
670 5296 962 5354 adulterio
990 5295 1234 5367 publico,
1259 5301 1429 5364 atque
1459 5294 1627 5347 furto.
1661 5292 1743 5346 De
1824 5296 1982 5362 ptum
2030 5294 2149 5344 est:
2192 5289 2327 5341 Vidit
2373 5288 2513 5340 Deus
2564 5292 2763 5341 cuncta
2791 5306 2909 5364 qua
2930 5292 3151 5357 fecerat,
3181 5297 3230 5346 et
3261 5297 3424 5347 erant

156 5388 351 5442 occultis
364 5407 493 5444 vero
512 5407 647 5461 qua:
671 5390 929 5459 possunt
946 5384 1091 5439 bono
1123 5388 1180 5437 et
1206 5382 1352 5464 malo
1382 5381 1569 5435 animo
1599 5380 1740 5446 ﬁeri,
1826 5380 1981 5434 ralde
2012 5379 2150 5431 bona
2181 5376 2322 5433 (Gen.
2355 5375 2411 5442 1).
2460 5376 2588 5429 Nisi
2642 5379 2712 5443 ei,
2766 5378 2909 5432 forte
2957 5379 3167 5445 Judaeo,
3192 5381 3277 5434 vel
3312 5381 3423 5435 alio

157 5468 469 5534 interdicitur
518 5477 697 5534 nobis
755 5475 1036 5546 judicare,
1070 5472 1200 5544 quia
1240 5472 1440 5526 horum
1466 5469 1745 5541 judicium
1827 5465 2073 5531 cuilibet,
2094 5467 2194 5533 qui
2219 5466 2500 5519 existimat
2518 5465 2747 5536 aliquod
2767 5466 3098 5522 alimentum
3113 5485 3420 5534 commune,

159 5560 251 5618 Deo
275 5572 357 5622 est
375 5567 826 5624 reservandum.
871 5563 1080 5619 Omnes
1124 5563 1296 5628 enim,
1325 5559 1383 5614 id
1428 5564 1515 5615 est
1539 5557 1670 5613 boni
1691 5562 1749 5612 et
1830 5554 1896 5612 id
1924 5560 2010 5609 est
2039 5551 2413 5620 immundum,
2445 5568 2573 5621 esse,
2598 5555 2689 5608 illi
2713 5570 2999 5611 commune
3033 5561 3128 5624 est,
3161 5556 3295 5627 quia
3319 5555 3427 5611 im-

374 5667 655 5733 PATBOL.
706 5661 963 5729 CXVII.
3110 5648 3188 5712 16
