3936 6164
515 308 617 392 iéi
930 320 1310 384 HAYMONIS
1348 302 1838 378 HALBERSTAT.
1882 306 2106 372 EPISC.

2149 306 2307 369 opp.
2354 286 2538 368 PARS
2578 304 2621 368 1.
2665 344 2733 358 —
2771 298 3145 373 'coMMEnr.
3186 319 3369 373 BIBL.
3648 300 3728 374 49*:

515 437 788 515 mundum
814 444 1033 511 videtur
1062 454 1113 507 ei
1140 444 1246 505 hoc
1268 438 1577 504 secundum
1600 445 1722 515 ejus
1743 440 2109 508 se'nsum,‘non
2128 432 2172 503 Ᾱ
2194 446 2316 510 Quae
2338 438 2418 492 aed
2441 438 2866 494 aediﬁcationem
2888 446 3139 495 nostram
3163 440 3465 495 etfratrum
3478 434 3726 510 pertinent.

512 534 822 617 Secundum
846 534 1046 607 Deum,
1080 542 1174 613 qui
1200 537 1386 593 omnia
1415 535 1546 591 fecit.
1574 534 1801 587 munda.

584 639 647 695 Si
675 640 821 692 enim
848 624 1071 702 propter
1096 631 1297 691 cibum,
1331 641 1495 696 quem
1518 622 1610 676 ille
1636 620 1987 675 immundum
2008 635 2107 689 pu-

2188 534 2249 580 ut
2274 527 2439 580 verbo
2472 534 2528 579 et
2547 530 2818 599 exemplo,
2852 531 3117 601 omnique
3146 530 3557 584 conversatione
3582 536 3732 583 nostra

2188 615 2497 668 aediﬁcetur
2527 617 2581 668 in
2616 616 2773 669 nobis
2803 618 3074 688 templum
3106 616 3209 672 Dei
3240 604 3591 687 aediﬁcatione
3632 614 3732 671 ﬁdei

510 732 614 792 tat,
645 732 703 801 et
726 732 789 778 tu
814 698 1015 777 suades
1050 719 1101 772 ei
1131 724 1194 772 ut
1225 715 1497 777 comedat,
1526 709 1892 765 contristatur
1931 702 2106 761 frater
2186 704 2484 801 custodita,
2509 711 2572 758 ut
2598 707 2800 759 fratres
2826 706 3007 761 adhuc
3040 707 3251 760 inﬁrmi
3301 708 3358 760 in
3389 698 3496 760 ﬁde
3537 723 3624 776 per
3652 710 3729 759 nos

508 797 901 875 tuus,.luda2us
929 807 1186 860 inﬁrmus
1206 802 1389 855 adhuc
1420 797 1679 859 inﬁdelis,
1716 800 1841 865 jam
1884 813 1987 849 non
2020 812 2102 847 se-

506 902 753 957 cundum
773 882 1100 952 charitotem
1123 882 1465 968 ambulas,id
1490 892 1574 940 est
1603 888 1713 939 nOn
1735 881 1905 937 habes
1925 882 2103 937 chari-

504 978 679 1051 tatem
708 1006 720 1040 :
744 985 875 1057 quia
894 999 1004 1038 non
1037 972 1224 1050 diligis
1244 979 1476 1051 fratrem
1496 982 1655 1029 tuum
1684 973 1826 1027 sicut
1857 979 1931 1025 te.
1974 974 2101 1026 Noli

502 1078 616 1131 cibo
639 1081 731 1129 tuo
761 1077 929 1127 illum
956 1058 1196 1141 perdere,
1222 1060 1407 1121 dando
1438 1064 1783 1118 occasionem
1808 1060 2096 1115 offenden-

498 1146 557 1219 di
587 1169 643 1218 et
674 1146 1103 1219 scandalizandi,
1133 1171 1233 1223 pro
1263 1171 1368 1223 quo
1422 1152 1669 1207 Christus
1716 1155 1967 1203 mortuus
1998 1156 2090 1202 est.

495 1254 653 1308 Tunc
676 1249 825 1305 enim
848 1248 1007 1301 illum
1030 1244 1236 1316 perdis,
1256 1258 1382 1295 cum
1404 1239 1655 1293 animum
1678 1238 1825 1290 illius
1856 1238 2091 1290 scanda-

495 1322 665 1397 lizas:
694 1337 826 1409 quia
846 1333 1079 1389 offendit
1099 1332 1298 1397 Deum,
1331 1324 1467 1383 dum
1506 1334 1703 1381 contra
1729 1332 1785 1379 te
1808 1325 2089 1393 irascitur,

493 1429 591 1501 qui
616 1445 675 1481 es
698 1414 985 1498 proximus
1013 1422 1155 1490 ejus.

562 1518 686 1573 Νοη
707 1532 833 1584 ergo
866 1506 1266 1579 blasphemetur
1309 1508 1509 1560 bonum
1561 1510 1833 1557 nostrum.
1868 1504 2086 1557 Bonum

488 1590 583 1662 hic
606 1588 693 1659 vel
723 1593 1057 1658 charitatem
1074 1613 1371 1671 possumus
1390 1593 1725 1663 intelligere.
1754 1592 1885 1662 quia
1914 1589 2083 1645 debe-

485 1678 614 1749 mus
636 1688 951 1763 proximum
996 1684 1261 1757 diligere;
1299 1684 1377 1737 vel
1427 1684 1613 1744 ﬁdem,
1648 1700 1759 1752 qua
1803 1681 2082 1735 credimus

484 1766 677 1845 omnia
693 1797 815 1835 esse
834 1778 1065 1841 munda,
1089 1782 1145 1829 et
1167 1791 1278 1845 qua
1296 1767 1566 1826 habemus
1586 1766 1903 1825 libertatem
1918 1787 2077 1823 man-

480 1856 723 1939 ducandi
739 1867 947 1939 omnia.
967 1866 1092 1919 Non
1105 1879 1237 1933 ergo
1257 1850 1680 1931 blasphematur
1692 1875 1873 1929 neque
1890 1874 2081 1927 repre-

478 1934 763 2015 hendatur
789 1934 1034 2010 Charitas
1062 1958 1274 2014 nostra,
1316 1954 1381 2003 ut
1434 1949 1656 2001 inﬁrmo
1693 1946 1855 1999 fratri
1886 1946 2078 1999 Judan

475 2063 591 2102 non
620 2040 948 2101 exhibeatur
966 2034 1052 2093 vel
1076 2055 1189 2093 non
1217 2032 1636 2106 blaSphemetur
1690 2033 1828 2087 ﬁdes
1878 2038 1936 2085 et
1963 2049 2079 2086 cre-

475 2112 701 2201 dulitas,
725 2148 838 2202 qua
856 2118 1175 2183 libertatem
1190 2125 1506 2196 accepimus
1524 2121 2070 2177 comedendiomnia.

2184 793 2546 847 azdilicentur.

2255 919 2385 972 Noti
2406 925 2627 986 propter
2657 936 2832 973 escam
2860 922 3136 974 destruere
3165 936 3298 987 opus
3323 922 3436 974 Dei.
3493 919 3632 988 Opus
3654 918 3734 972 Dei

2180 1006 2517 1076 intelligitur
2540 1008 2708 1061 homo
2736 1024 2968 1077 corpore
3010 1015 3067 1062 et
3113 1010 3303 1063 anima
3329 1025 3363 1061 a
3410 1008 3528 1061 Deo
3572 1008 3733 1061 factus.

2179 1094 2334 1148 Istud
2366 1112 2506 1165 opus
2538 1104 2672 1149 tunc
2702 1096 3017 1150 destruitur
3064 1098 3285 1167 quando
3341 1097 3731 1160 scandalizatur,

2178 1183 2307 1253 quia
2331 1184 2661 1237 iracundum
2679 1185 2935 1247 efﬁcitur,
2953 1186 3098 1254 quod
3114 1186 3340 1238 omnino
3355 1187 3468 1239 Deo
3489 1185 3733 1255 displicet.

2176 1270 2329 1340 Opus
2350 1272 2449 1325 Dei
2480 1272 2647 1324 etiam
2680 1271 3016 1340 intelligitur
3033 1272 3295 1337 Charitas,
3321 1289 3489 1342 quam
3536 1273 3667 1326 Deus
3689 1273 3732 1325 in

2172 1359 2333 1413 nobis
2356 1368 2641 1429 operatur,
2675 1361 2759 1414 vel
2790 1377 2891 1430 per
2911 1375 3081 1432 quam
3110 1378 3249 1431 opus
3278 1366 3536 1414 nostrum
3568 1360 3641 1413 illi
3667 1360 3733 1413 of-

2168 1448 2370 1509 fertur,
2400 1466 2523 1518 quae
2552 1456 2687 1503 tunc
2739 1450 3069 1515 destruitur,
3122 1466 3248 1503 cum
3290 1450 3466 1503 frater
3515 1465 3555 1502 a
3601 1450 3732 1502 nobis

2167 1538 2592 1592 scandalizatur.
2619 1542 2821 1593 Omnia
2837 1542 3057 1607 quidem
3078 1539 3345 1592 alimenta
3366 1555 3398 1591 a
3416 1539 3534 1592 Deo
3556 1524 3729 1603 creata,

2165 1642 2266 1696 per
2284 1644 2342 1679 se
2356 1634 2411 1680 et
2426 1628 2485 1680 in
2508 1644 2610 1682 sua
2627 1636 2847 1693 natura,
2874 1629 3087 1681 munda
3114 1632 3244 1679 sunt
3263 1644 3278 1689 ;
3310 1629 3398 1680 sed
3440 1629 3649 1680 malum
3671 1634 3731 1680 est

2101 1739 2146 1815 Β
2166 1716 2383 1768 lio-mini
2393 1716 2608 1784 gentili,
2629 1719 2727 1783 qui
2751 1732 2850 1784 per
2887 1718 3281 1782 o/fendicutum
3309 1717 3628 1813 manducat.
3648 1716 3734 1815 Qui

2165 1809 2351 1856 autem
2381 1804 2509 1858 ideo
2540 1805 2844 1858 manducat
2870 1805 3255 1858 indifferenter
3304 1804 3514 1868 omnia,
3564 1809 3624 1857 ut
3646 1805 3735 1857 fra-

2162 1897 2305 1945 trem
2338 1909 2501 1946 suum
2531 1894 2785 1947 Judaeum
2817 1893 3149 1955 scandalizet
3174 1893 3461 1947 inﬁrmum
3490 1893 3665 1947 adhuc
3686 1893 3735 1947 in

2160 1980 2290 2046 ﬁde,
2322 1981 2546 2051 culpam
2572 1981 2786 2051 peccati
2808 1987 2862 2033 et
2893 1980 3209 2035 offendiculi
3232 1979 3338 2033 sibi
3366 1981 3623 2034 attrahit.

2229 2106 2439 2157 Bonum
2462 2110 2557 2169 est,
2579 2102 2741 2167 tibi,o
2760 2106 3127 2174 gentilis,non
3148 2108 3488 2159 manducare
3509 2122 3732 2169 carnem,

474 2196 632 2279 i‘unc
650 2193 1076 2291 blasphematur
1097 2193 1561 2277 libertas—nostra,
1586 2210 1808 2282 quando
1821 2209 2073 2279 cogimus
2155 2198 2204 2293 ξι
2227 2208 2339 2293 ηυνξ
2355 2194 2757 2293 ὺῑρενευίηωνξ»
2774 2210 2944 2293 ζιξὮῖξε
2957 2193 3328 2293 ῧῖίίιυξάέεξίθη
3362 2198 3423 2293 ι’ΐξ
3451 2211 3562 2293 (1υρ
3581 2197 3734 2293 fidi?"

469 2330 566 2368 eos
589 2312 686 2383 qui
712 2280 922 2379 aliquid
952 2303 1305 2359 immundum
1337 2306 1558 2372 putant,
1596 2280 1883 2353 hobiscum
1915 2315 2070 2351 com-
2155 2287 2284 2333 tuus
2311 2280 2537 2334 Judaeus
2566 2283 3010 2347 scandalizatur,
3033 2287 3132 2335 aut
3160 2285 3510 2349 inﬁrmatur,
3538 2284 3597 2336 in
3622 2283 3729 2335 ﬁde.

472 2369 639 2467 ederb
659 2400 766 2471 ipsi
788 2369 1201 2469 quodhorrent.
1245 2369 1415 2445 Nobis
1447 2391 1555 2442 ista
1603 2369 1833 2441 libertas
1858 2386 2066 2440 bonum
2151 2369 2701 2471 IDﬁl‘Hfaturin‘fide,
2725 2369 2860 2424 dum
2884 2372 3098 2471 ‘suades
3129 2371 3211 2424 illi
3238 2372 3580 2471 iit-comedat
3604 2371 3732 2471 cibos

470 2498 575 2557 est,
602 2490 735 2562 quia
762 2489 951 2541 omnia
981 2483 1191 2538 munda
1222 2487 1353 2535 sunt
1384 2477 1608 2533 mundis
1628 2472 1966 2530 hominibus.
2004 2474 2071 2529 Et

472 2584 635 2639 erant
650 2577 840 2631 omnia
875 2572 1035 2627 valde
1063 2572 1231 2632 bona,
1256 2568 1466 2621 bonum
1499 2572 1582 2619 est
1614 2563 1913 2634 Scripturae
1934 2580 2070 2616 con-

460 2666 702 2724 cordari.
744 2644 869 2719 Noli
894 2667 1082 2716 tamen
1110 2674 1308 2728 cogere
1336 2655 1589 2710 Judmum
1619 2650 1688 2706 ad
1733 2651 2071 2705 manducan-

463 2730 597 2824 dum
618 2734 723 2809 hoc
743 2752 891 2824 quod
912 2748 1144 2821 spernit,
1174 2740 1269 2799 sed
1312 2760 1495 2814 neque
1524 2741 1784 2797 comedas
1812 2738 1947 2794 illud
1979 2756 2067 2793 co-

463 2822 588 2899 ram
621 2861 705 2906 eo,
731 2822 803 2896 ne
833 2826 931 2894 tua
962 2826 1191 2891 libertas
1222 2830 1641 2904 blasphemetur
1668 2826 1738 2882 ab
1768 2828 1883 2882 illo.

531 2934 655 2989 Non
671 2936 745 2985 est
767 2933 915 2983 enim
937 2941 1171 2994 regnum
1191 2926 1288 2977 Dei
1315 2938 1448 2985 esca,
1479 2926 1526 2973 et
1568 2922 1745 2987 potus,
1779 2908 1869 2969 sed
1889 2920 2060 2985 justi-

464 3002 563 3089 tia,
587 3026 634 3074 et
651 3022 847 3091 pugnet
869 3016 1141 3083 gaudium
1164 3015 1225 3064 in
1247 3011 1464 3077 Spiritu
1487 3013 1693 3060 sancto.
1720 3005 1788 3060 Et
1818 3010 1904 3091 est
1930 3023 2059 3058 sen-

463 3086 561 3167 sus
588 3125 600 3163 :
635 3086 882 3162 Stultum
909 3103 1047 3158 satis
1091 3106 1174 3155 est
1222 3097 1290 3152 de
1336 3114 1450 3151 non
1481 3086 1887 3150 manducandis
1915 3100 1971 3148 et
1991 3094 2060 3148 de

460 3172 868 3254 manducandis
898 3208 1001 3246 nos
1030 3189 1336 3259 disputare,
1370 3184 1439 3240 de
1470 3183 1558 3238 his
1575 3184 1827 3239 videlicet
1852 3184 1973 3254 qua:
2002 3184 2059 3236 in

457 3303 634 3361 regno
656 3284 925 3338 caelorum
956 3296 1069 3333 non
1093 3284 1259 3331 erunt
1314 3272 1627 3330 necessaria
1661 3286 1671 3320 ε
1699 3290 1823 3327 cum
1873 3272 2061 3342 potius

460 3358 763 3437 debeamus
787 3371 855 3426 de
870 3368 1092 3441 justitia
1121 3358 1178 3421 et
1207 3382 1340 3437 pace
1374 3371 1431 3419 et
1452 3362 1659 3435 gaudio
1680 3361 1919 3432 spiritali
1949 3367 2060 3413 tra-

459 3466 631 3522 ctare.
684 3448 913 3519 lustitia
967 3459 1074 3513 erit
1123 3457 1181 3511 in
1236 3472 1408 3525 regno
1459 3453 1747 3511 caelorum,
1789 3451 1922 3521 quia
1960 3450 2055 3520 qui

394 3588 399 3592 ·
458 3556 625 3610 modo
648 3552 883 3625 justitiaa
912 3565 1083 3620 opera
1108 3551 1385 3607 exercent,
1417 3542 1499 3595 illi
1542 3536 1834 3595 intrabunt
1884 3539 1941 3591 in
1962 3556 2053 3592 re-

455 3660 629 3716 gnum
652 3642 938 3719 caelorum.
973 3638 1087 3690 Pax
1118 3635 1227 3688 erit
1254 3631 1329 3686 ibi
1360 3637 1416 3685 et
1442 3629 1713 3719 gaudium
1744 3627 1802 3680 in
1840 3627 2054 3696 Spiritu

460 3739 672 3793 sancto,
697 3718 752 3784 id
785 3736 869 3783 est
899 3727 981 3780 illi
1010 3725 1104 3795 qui
1136 3723 1300 3776 modo
1350 3737 1449 3792 per
1496 3718 1764 3789 Spiritum
1798 3722 2054 3769 sanctum

458 3802 762 3876 illuminati
783 3832 975 3888 pacem
1007 3818 1315 3868 sectantur.
1369 3815 1425 3861 et
1474 3805 1682 3877 gaudia
1721 3804 1914 3875 patriae
1952 3820 2056 3856 coe-

458 3910 615 3966 lestis
639 3913 758 3962 toto
784 3906 909 3960 nisu
940 3899 1143 3958 mentis
1174 3902 1452 3972 quaerunt,
1482 3892 1793 3965 gaudentes
1822 3893 1879 3946 in
1911 3910 2054 3962 pree-

459 3996 604 4067 senti
634 3998 704 4052 de
724 3991 1007 4067 spirituali
1058 3989 1265 4063 gaudio
1305 3992 1363 4041 et
1413 4002 1510 4055 spe
1567 3983 1760 4055 patriae
1790 3982 2049 4047 caelestis.

456 4064 637 4144 Aliter
668 4105 680 4138 :
713 4063 940 4139 iustitia
959 4081 1017 4134 in
1037 4080 1132 4132 illo
1149 4093 1320 4146 regno
1351 4075 1477 4138 erit,
1499 4074 1632 4143 quia
1660 4071 1846 4125 nullus
1875 4068 1951 4124 ibi
1977 4068 2054 4124 al-

456 4176 562 4232 teri
594 4173 831 4229 nocebit.
866 4148 986 4223 Erit
1014 4167 1089 4220 ibi
1116 4182 1240 4235 pax,
1290 4154 1346 4216 id
1404 4168 1489 4216 est
1537 4162 1701 4230 plena
1730 4158 2046 4224 concordia,

462 4279 630 4334 quam
651 4259 939 4314 habebunt
966 4238 1125 4308 electi
1151 4269 1276 4306 cum
1312 4254 1420 4306 Deo
1450 4256 1507 4301 et
1522 4247 1765 4334 angelis:
1801 4246 2050 4334 eritgau-

2154 2474 2293 2526 quos
2322 2457 2642 2512 immundos
2696 2475 2816 2512 esse
2866 2460 3135 2528 deputat:
3171 2461 3254 2512 vel
3287 2460 3419 2513 dum
3451 2461 3729 2514 contristas

2153 2562 2283 2599 eum
2314 2563 2377 2598 ex
2400 2545 2524 2612 hoc,
2547 2547 2693 2616 quod
2720 2546 2776 2599 in
2803 2548 3102 2617 prmsentia
3129 2546 3459 2602 illius'cibos
3504 2548 3730 2604 comedis

2154 2651 2292 2703 quos
2320 2634 2413 2687 ille
2444 2634 2823 2688 abominatur.
2848 2635 3187 2689 Manducare
3216 2652 3439 2690 carnem
3470 2644 3529 2691 et
3557 2638 3728 2691 bibere

2153 2723 2363 2786 vinum,
2394 2739 2496 2776 nec
2522 2722 2729 2777 bonum
2758 2728 2862 2785 est.
2896 2740 2999 2777 nec
3057 2724 3288 2789 malum,
3317 2725 3413 2779 sed
3470 2727 3725 2780 medium.

2152 2810 2424 2865 Similiter
2443 2827 2556 2865 non
2577 2811 2916 2865 manducare
2950 2830 3173 2867 carnem
3206 2818 3263 2867 et
3297 2830 3407 2867 non
3443 2813 3631 2869 bibere
3656 2814 3729 2868 vi-

2147 2912 2305 2963 num,
2333 2898 2582 2974 medium
2613 2908 2698 2953 est
2730 2916 2741 2949 :
2775 2898 2903 2970 quia
2958 2901 3119 2954 multi
3180 2905 3313 2955 sunt
3350 2901 3443 2955 isti
3474 2903 3565 2973 qui
3592 2919 3729 2957 com-

2144 2987 2321 3041 edunt
2355 3004 2580 3041 carnem
2612 2995 2668 3041 et
2695 2987 2895 3042 bibunt
2921 2989 3111 3042 vinum
3165 3006 3291 3043 cum
3316 2991 3634 3045 sobrietate.
3663 2976 3727 3044 Et

2076 3063 2119 3125 Ο
2143 3076 2305 3130 multi
2337 3084 2467 3131 sunt
2488 3093 2831 3146 paganorum
2856 3088 3023 3147 atque
3053 3079 3443 3133 hmreticorum
3476 3080 3729 3133 maxime-

2145 3183 2253 3236 que
2277 3166 2718 3236 hypocritarum,
2742 3166 2834 3236 qui
2856 3183 2969 3220 non
3008 3167 3351 3221 mahducant
3386 3185 3607 3223 carnem
3636 3185 3726 3223 ne-

2145 3271 2252 3324 que
2284 3252 2483 3309 bibunt
2504 3256 2713 3321 vinum;
2744 3262 2801 3308 et
2829 3262 3020 3309 tamen
3050 3273 3162 3309 non
3194 3257 3318 3309 ideo
3333 3257 3722 3325 justiﬁcantur.

2142 3341 2351 3396 Tamen
2384 3343 2583 3398 melius
2614 3348 2698 3397 est
2726 3341 3009 3397 abstinere
3047 3360 3080 3397 a
3102 3344 3417 3399 carnalibus
3446 3352 3503 3400 et
3528 3348 3651 3401 vino
3672 3348 3725 3401 in

2140 3433 2438 3501 praesentia
2469 3433 2646 3486 Judaei
2673 3432 2970 3495 credentis,
3023 3449 3187 3503 quam
3244 3433 3304 3487 in
3361 3436 3547 3505 aliquo
3574 3437 3724 3489 illum

2138 3521 2534 3574 scandalizare.
2576 3520 2765 3575 Potest
2798 3526 2853 3576 et
2881 3524 3226 3593 generaliter
3257 3524 3326 3578 de
3351 3524 3605 3578 omnibus
3641 3526 3723 3578 in-

2136 3609 2311 3678 telligi
2335 3609 2430 3679 qui
2456 3626 2624 3663 causa
2641 3609 2992 3664 abstinentiae
3010 3612 3091 3665 vel
3099 3612 3444 3682 jejuniorum
3467 3613 3724 3667 scandali-

2135 3703 2265 3751 zant
2292 3699 2563 3767 plurimos
2592 3718 2602 3752 :
2637 3700 2721 3753 vel
2751 3706 2901 3753 certe
2930 3701 3026 3770 qui
3055 3717 3228 3754 causa
3247 3702 3562 3771 gulositatis
3587 3721 3600 3764 ;
3629 3704 3722 3754 aut

2140 3784 2308 3837 etiam
2340 3784 2434 3856 qui
2459 3786 2697 3857 simplici
2746 3787 2934 3841 animo
2969 3786 3164 3843 diebus
3212 3790 3443 3860 privatis
3474 3789 3720 3843 carnibus

2141 3882 2439 3928 vescuntur
2471 3893 2481 3928 :
2549 3876 2697 3928 unde
2736 3875 2993 3945 plurimis
3037 3877 3399 3932 offensionem
3438 3882 3720 3949 generant,

2136 3959 2345 4025 bonum
2376 3969 2523 4016 esset
2552 3980 2665 4017 non
2693 3964 3003 4029 comedere,
3036 3964 3169 4034 quia
3196 3966 3384 4020 minus
3430 3973 3586 4021 caute
3620 3966 3722 4019 hoc

2134 4057 2431 4121 peragunt.

2210 4158 2288 4210 Tu
2310 4161 2471 4224 ﬁdem
2494 4159 2651 4213 habes
2668 4166 2691 4213 Ρ
2708 4178 2870 4230 penes
2897 4168 3243 4234 temetipsum
3269 4165 3423 4229 habe,
3465 4171 3511 4219 et
3539 4180 3715 4219 coram

2132 4248 2254 4299 Deo.
2280 4248 2403 4300 Non
2424 4247 2492 4301 de
2514 4240 2620 4302 ﬁde
2642 4258 2848 4305 sanctae
2876 4252 3167 4307 Trinitatis
3194 4253 3282 4307 hic
3318 4254 3581 4325 loquitur,
3622 4252 3717 4307 Sed

460 4324 616 4406 dium
646 4345 925 4402 ineﬁabile
954 4343 1023 4397 de
1050 4340 1259 4394 visione
1288 4335 1687 4407 omnipotentis
1724 4324 1841 4390 Dei.
1872 4334 1937 4389 In
1964 4330 2052 4388 his
2071 4334 2205 4393 Dde
2222 4336 2329 4389 ﬁde
2360 4352 2470 4405 qua
2488 4338 2968 4394 credimusomnia
2993 4359 3112 4395 esse
3143 4342 3370 4403 munda,
3390 4324 3546 4413 juxta
3574 4340 3713 4413 quod

458 4452 791 4512 quocunque
819 4432 985 4486 modo
1015 4419 1332 4502 possumus,
1361 4425 1628 4481 debemus
1657 4419 1795 4478 alios
1842 4422 2052 4477 imitari

457 4535 516 4585 et
542 4541 827 4599 superare.
940 4584 945 4587 _

525 4620 633 4688 Qui
656 4618 808 4670 enim
838 4606 900 4667 in
932 4612 1028 4665 hoc
1048 4608 1213 4686 servit
1247 4607 1478 4667 Christo,
1517 4604 1571 4658 id
1603 4608 1686 4658 est
1718 4605 1773 4657 in
1801 4601 2042 4673 justitia,

450 4717 507 4766 et
522 4725 679 4780 pace,
702 4701 978 4776 etgaudio
999 4697 1236 4772 spiritali
1268 4696 1323 4750 in
1352 4695 1536 4765 gratia
1574 4693 1815 4763 Spiritus
1843 4690 2038 4780 sancti,

450 4778 618 4872 quem
639 4811 739 4867 per
762 4794 865 4847 has
885 4790 1119 4844 virtutes
1138 4785 1309 4840 habet
1326 4783 1726 4872 habitatorem,
1741 4778 2040 4872 placetDeo,

445 4864 495 4943 οῖ
516 4864 780 4955 probatus
810 4885 883 4934 est
916 4878 1251 4937 hominibus,
1275 4876 1443 4943 atque
1463 4866 1761 4955 laudabilis
1792 4864 2040 4955 etilaude

443 4950 666 5044 dignus,
694 4970 827 5040 quia
840 4966 1142 5023 nonsolum
1177 4962 1291 5016 Deo
1316 4961 1519 5031 placet,
1545 4957 1642 5012 sed
1663 4952 1832 5009 etiam
1857 4950 2037 5008 homi-

439 5061 608 5118 nibus
621 5104 633 5116 .
990 5122 993 5127 _

512 5153 704 5218 Itaque
732 5162 849 5215 quae
871 5147 1026 5212 pacis
1045 5145 1177 5196 sunt
1204 5144 1489 5200 sectemur,
1525 5135 1581 5189 id
1610 5138 1695 5189 'est
1723 5150 1845 5205 qua:
1873 5152 2033 5187 amo-

437 5256 560 5296 rem
591 5237 901 5291 fraternum
928 5234 1276 5290 conservant,
1329 5227 1629 5305 diligenter
1681 5230 1737 5277 et
1790 5223 2037 5276 studiose

438 5341 778 5400 quaeramus.
796 5322 941 5375 sicut
971 5335 1141 5390 supra
1161 5318 1228 5371 de
1253 5314 1637 5386 hospitalitate
1663 5312 1873 5365 dictum
1901 5319 1985 5365 est
2015 5327 2029 5366 :

431 5412 893 5487 Hospitalitatem
906 5409 1259 5484 sectantes.et
1271 5420 1387 5483 qua:
1398 5404 1625 5468 aediﬁcat
1634 5404 1776 5453 ionis
1789 5416 1850 5453 su
1860 5405 1916 5453 nt
1925 5402 2033 5464 ,ἰη-

424 5510 599 5561 vicem
623 5500 1019 5571 custodiamus,
1033 5496 1138 5571 hoc
1149 5499 1269 5569 est,
1288 5492 1634 5571 deponamus
1655 5505 1878 5544 omnem
1903 5504 2031 5573 con-

426 5578 740 5651 tentionem
765 5587 837 5645 de
863 5568 925 5642 re
946 5568 1160 5641 nullius
1219 5568 1495 5646 utilitatis,
1541 5584 1599 5633 et
1644 5568 2027 5633 custodiamus

2134 4440 2306 4494 supra
2325 4424 2584 4479 diximus.
2607 4428 2885 4482 Gentilem
2903 4426 3237 4500 alloquitur:
3284 4431 3329 4486 Ο
3357 4433 3598 4502 gentilis,
3621 4431 3714 4482 ha-

2131 4512 2229 4565 bes
2261 4512 2425 4566 ﬁdem
2454 4531 2622 4583 penes
2651 4517 3035 4587 temetipsum,
3069 4519 3125 4572 id
3147 4520 3233 4573 est
3263 4520 3442 4573 credis
3471 4516 3525 4573 in
3554 4518 3712 4573 corde

2129 4608 2225 4655 tuo
2256 4600 2447 4655 omnia
2473 4620 2594 4657 esse
2617 4605 2845 4671 munda,
2874 4613 2927 4660 et
2958 4606 3028 4659 ad
3062 4607 3511 4662 manducandum
3529 4606 3669 4661 licita
3693 4623 3706 4656 :

2125 4688 2269 4744 habe
2296 4690 2444 4743 illam
2470 4709 2655 4746 coram
2681 4694 2794 4747 Deo
2826 4695 2880 4747 in
2911 4695 3094 4755 corde,
3117 4712 3229 4750 non
3261 4696 3317 4750 in
3350 4697 3710 4752 ostentatione

2123 4778 2418 4832 verborum
2452 4782 2816 4850 etjactantia,
2850 4799 2920 4836 ne
2950 4783 3120 4837 alium
3157 4784 3705 4849 scandalizes,dicens

2121 4873 2178 4921 te
2208 4867 2413 4921 habere
2439 4876 2769 4939 potestatem
2795 4871 2985 4925 omnia
3012 4872 3360 4927 comedendi.

2191 4960 2405 5018 Beatus,
2430 4958 2617 5012 estille
2644 4959 2889 5028 gentilis,
2914 4964 3012 5029 qui
3036 4976 3147 5013 non
3164 4962 3407 5029 judicat,
3430 4979 3604 5034 neque
3623 4975 3704 5013 re-

2117 5046 2435 5116 prehendit,
2458 5047 3120 5116 semetz’psum.subaudis,
3139 5050 3270 5120 quia
3298 5051 3526 5105 fratrem
3545 5063 3705 5104 suum

2119 5122 2373 5188 Judaeum
2400 5151 2511 5189 non
2530 5135 2945 5199 scandalizavit,
2964 5140 3025 5191 in
3055 5155 3112 5191 eo
3138 5141 3284 5206 quod
3306 5136 3497 5207 probat
3521 5134 3702 5193 omnia

2120 5240 2239 5276 esse
2265 5222 2493 5277 munda.
2514 5222 2721 5278 Beatus
2753 5225 2960 5278 dicitur
2986 5226 3178 5279 essein
3210 5227 3314 5281 hac
3342 5234 3499 5298 parte
3523 5226 3699 5298 genti-

2116 5311 2205 5375 lis,
2240 5314 2401 5382 cujus
2438 5313 2779 5367 conscientia
2810 5329 2922 5367 non
2974 5313 3334 5385 reprehendit
3380 5317 3531 5371 illum
3559 5308 3697 5387 quod

2113 5400 2347 5455 fratrem
2404 5419 2566 5455 suum
2611 5398 2865 5457 Judaeum
2914 5402 3388 5471 scandali'zaverit,
3447 5410 3509 5459 ut
3544 5388 3695 5458 illum

2112 5496 2339 5559 cogeret
2363 5490 2433 5543 ad
2457 5488 2906 5543 manducandum
2939 5508 3135 5545 carnes
3176 5510 3315 5564 quas
3341 5493 3431 5547 ille
3469 5480 3696 5545 detesta-

2112 5576 2295 5649 batur,
2330 5578 2429 5634 sed
2456 5580 2640 5652 neque
2667 5578 2728 5636 in
2746 5574 3048 5653 praesentia
3072 5578 3225 5641 illius
3268 5578 3565 5640 comederit
3590 5568 3691 5635 au-
