3936 6164
462 290 566 350 495

874 293 1253 349 HAYMONIS
1292 291 1782 347 HALBERSTAT.
1827 290 2053 346 EPISC.
2095 290 2255 346 OPP.
2295 292 2480 348 PARS
2517 293 2563 347 Ι.
2606 321 2671 333 -
2711 291 3088 350 COMMENT.
3129 295 3314 351 BIBL.

3609 302 3701 358 496

458 418 551 472 tiae
572 417 695 487 ejus
719 415 1032 472 imitatores
1051 416 1304 481 existere,
1330 415 1577 470 dicentes
1600 431 1728 468 cum
1748 413 1873 469 illo:
1896 414 2390 482 SicutAinvicem,
2420 419 2564 470 sicut
2600 422 2649 470 et
2686 416 2936 472 Christus
2971 424 3203 487 suscepit
3239 438 3328 475 vos
3364 426 3429 476 in
3465 424 3705 478 honorem

458 508 693 561 Domino
721 509 955 574 placuit,
986 510 1067 559 ita
1095 508 1305 573 factum
1338 510 1412 558 est
1435 523 1451 567 ;
1502 507 1573 557 sit
1604 519 1803 557 nomen
1828 504 2053 557 Domini

459 596 801 649 benedictum
842 595 975 663 (Job.
1023 595 1110 663 II).
1151 594 1309 647 Talia
1364 598 1421 647 et
1458 592 1546 646 his
1597 592 1805 646 similia
1858 592 2052 646 sedulo

458 684 649 738 animo
675 683 1041 748 revolventes,
1073 683 1340 737 debemus
1383 698 1539 752 spem
1584 682 1804 734 ﬁrmam
1836 686 2049 747 tenere,

458 777 840 845 exspectantes
867 772 1077 842 gaudia
1106 772 1424 825 futurorum
1448 770 1743 824 bonorum.

524 864 666 917 Deus
693 867 880 915 autem
904 863 1185 929 patientia;
1212 866 1261 913 et
1290 862 1478 913 solatii
1513 860 1598 912 det
1634 859 1778 912 vobis
1808 859 2049 927 idipsum

451 968 639 1018 sapere
651 955 713 1005 in
724 950 1373 1004 alterutrumsecundum
1384 950 1569 1001 Jesum
1584 946 2049 1003 ChristumMore

451 1041 903 1113 patriarcharum
930 1039 1028 1092 dat
1067 1037 1233 1091 modo
1275 1021 1718 1091 benedictionem
1747 1036 2047 1106 Apostolus

452 1131 740 1186 Romanis.
773 1128 942 1183 Verbi
971 1127 1159 1198 gratia
1193 1144 1204 1179 :
1240 1126 1395 1180 Sicut
1422 1126 1579 1180 Isaac
1604 1125 1889 1179 benedixit
1916 1125 2047 1179 ﬁliis

448 1221 567 1275 suis
595 1221 742 1274 Esau
779 1223 836 1272 et
862 1216 1051 1281 Jacob,
1084 1220 1143 1269 et
1168 1214 1524 1285 postmodum
1553 1213 1723 1268 Jacob
1751 1213 2046 1268 duodecim

447 1308 834 1381 patriarchas;
885 1312 942 1359 et
986 1303 1210 1373 Moyses
1252 1303 1544 1357 duodecim
1583 1303 1763 1356 tribus
1801 1303 2043 1358 ﬁliorum

444 1398 641 1453 Israel.
683 1396 839 1450 Sicut
876 1399 1062 1448 autem
1096 1392 1303 1446 dicitur
1329 1392 1480 1445 Deus
1511 1391 1763 1461 justitiae,
1796 1408 1863 1445 eo
1895 1392 2044 1462 quod

443 1486 566 1557 ipse
588 1483 868 1555 justitiam
898 1482 1113 1536 tribuat
1137 1479 1398 1534 omnibus
1425 1480 1520 1549 qui
1558 1483 1850 1533 merentur
1870 1480 2042 1549 justi-

443 1573 622 1639 ﬁcari,
672 1577 728 1627 et
763 1573 820 1625 in
860 1571 1085 1624 illorum
1124 1567 1384 1623 cordibus
1420 1568 1675 1621 habitet:
1719 1568 1798 1622 sic
1835 1569 2042 1623 dicitur

2134 501 2249 553 Dei.
2294 500 2385 554 Ad
2415 517 2481 554 ea
2512 518 2634 572 quae
2663 503 2831 572 paulo
2858 505 3117 574 superius
3144 504 3283 560 dixit
3309 508 3619 577 Apostolus,
3646 510 3708 564 de

2133 587 2374 642 inﬁrmis
2403 589 2586 643 adhuc
2631 590 2899 646 fratribus
2929 592 2988 645 in
3018 593 3128 647 ﬁde
3167 594 3425 665 loquens,
3470 602 3526 651 et
3570 597 3715 653 diffe-

2133 676 2320 730 rentia
2346 676 2600 731 ciborum
2643 695 2782 748 quos
2818 681 3083 751 praecepit
3123 682 3330 753 suscipi
3372 684 3432 737 in
3469 684 3713 740 allectum

2133 764 2424 819 charitatis
2452 782 2575 819 cum
2626 767 3057 838 tranquillitate,
3089 769 3351 841 inquiens
3383 790 3395 824 :
3437 772 3715 830 Inﬁrmum

2133 858 2323 908 autem
2352 854 2411 907 in
2440 854 2550 908 ﬁde
2573 856 2863 923 assumite,
2886 856 3175 927 pertinent
3202 859 3313 914 ista
3332 862 3645 931 praesentia,
3666 867 3716 917 et

2132 947 2219 996 est
2245 958 2443 997 sensus
2473 961 2485 997 :
2515 943 2754 1015 Propter
2781 944 2887 999 hoc
2914 946 3052 1000 talia
3079 946 3203 1001 dico
3231 953 3296 1002 ut
3323 950 3639 1020 suscipiatis
3663 950 3716 1006 in

2128 1030 2420 1086 charitatis
2459 1032 2722 1087 affectum
2764 1032 2968 1089 fratres
3013 1035 3199 1090 adhuc
3224 1037 3479 1093 inﬁrmos
3507 1038 3568 1093 in
3593 1038 3711 1106 ﬁde,

2128 1134 2310 1190 neque
2339 1121 2727 1176 scandalizetis
2764 1138 2860 1177 eos
2904 1124 3205 1179 suadentes
3231 1125 3311 1180 eis
3337 1132 3402 1180 ut
3427 1128 3717 1185 comedant

2126 1207 2278 1262 cibos
2306 1225 2446 1279 quos
2474 1210 2581 1281 ipsi
2609 1211 2963 1267 detestantur
2989 1213 3150 1283 quasi
3177 1214 3522 1281 immundos,
3554 1221 3609 1269 et
3642 1216 3715 1271 ita

2125 1297 2391 1367 suscipite
2450 1298 2575 1352 illos
2627 1316 2753 1354 cum
2806 1300 3099 1367 charitate,
3157 1301 3306 1357 sicut
3354 1307 3411 1357 et
3466 1304 3716 1360 Christus

2125 1387 2374 1457 suscepit
2403 1404 2497 1441 vos
2524 1388 2596 1441 ad
2626 1389 2793 1443 ﬁdem
2822 1405 2985 1443 suam
3009 1390 3070 1444 in
3093 1390 3364 1445 honorem
3393 1392 3493 1446 Dei
3518 1393 3713 1459 Patris,

2123 1480 2189 1529 ut
2216 1476 2365 1531 Deus
2405 1476 2576 1530 Pater
2616 1477 2880 1532 laudetur
2906 1494 3008 1549 per
3048 1495 3163 1533 vos.
3196 1479 3254 1534 Si
3300 1496 3433 1551 ergo
3464 1481 3715 1536 Christus

2121 1563 2386 1634 dignatus
2423 1571 2510 1619 est
2554 1566 2803 1637 recipere
2834 1567 2906 1621 ad
2948 1567 3116 1621 ﬁdem
3156 1584 3315 1622 suam
3344 1569 3573 1624 Judaaos
3602 1570 3715 1624 bla-

440 1664 593 1719 Deus
622 1660 928 1733 patientiae,
960 1658 1092 1730 quia
1121 1658 1241 1728 ipse
1269 1656 1466 1711 tribuit
1494 1656 1843 1727 patientiam,
1877 1663 1936 1711 et
1978 1657 2096 1733 in_
2119 1654 2526 1723 sphematores,
2566 1659 2624 1708 et
2658 1671 2755 1708 vos
2799 1655 3039 1726 gentiles
3076 1656 3421 1722 idololatras,
3455 1658 3717 1730 omnique

436 1726 666 1807 illorum
694 1726 953 1803 cordibus
975 1726 1217 1811 habitat,
1249 1745 1345 1816 qui
1370 1726 1519 1799 inter
1544 1746 1778 1800 adversa
1813 1746 2036 1816 patien-
2055 1726 2103 1787 Β
2120 1742 2479 1797 immunditia
2499 1744 2762 1813 repletos,
2782 1749 2952 1815 atque
2973 1761 3007 1798 a
3027 1746 3341 1816 cognitione
3362 1745 3467 1801 Dei
3486 1726 3716 1814 alienos,

437 1841 578 1894 tiam
607 1843 850 1893 servant.
885 1836 1158 1891 Similiter
1185 1834 1392 1888 dicitur
1420 1839 1478 1888 et
1503 1836 1652 1888 Deus
1681 1835 1883 1901 solatii,
1904 1836 2036 1907 quia

436 1930 557 2001 ipse
585 1928 847 1982 solatium
878 1929 1108 1997 praestat
1133 1924 1195 1977 in
1229 1940 1289 1978 se
1318 1923 1747 1991 conﬁdentibus,
1774 1930 1945 1995 atque
1973 1925 2033 1979 in

434 2018 661 2072 illorum
681 2014 942 2070 cordibus
960 2013 1216 2067 habitare
1240 2013 1506 2083 dignatur
1526 2013 1623 2083 qui
1639 2012 1766 2066 aliis
1786 2015 2036 2068 consola-

433 2107 646 2161 tionem
676 2104 1001 2176 impendere
1030 2104 1259 2158 student
1292 2124 1303 2158 :
1335 2102 1422 2155 vel
1455 2101 1551 2171 qui
1582 2101 1640 2155 in
1670 2101 1908 2156 aliorum
1939 2120 2034 2174 pa-

432 2195 631 2250 tientia
675 2193 1116 2249 consolationem
1156 2191 1458 2261 accipiunt,
1502 2190 1562 2244 in
1599 2191 2033 2247 adversitatibus

431 2283 742 2340 constituti.
775 2284 924 2337 Deus
953 2286 1166 2343 autem,
1195 2279 1398 2349 inquit,
1429 2278 1711 2349 patientiae
1736 2284 1794 2333 et
1822 2280 2028 2347 solatii,

431 2374 528 2428 det
567 2369 721 2427 vobis
762 2372 1010 2442 idipsum
1038 2384 1237 2439 sapere
1280 2368 1338 2421 in
1367 2366 1722 2433 alterutrum,
1752 2374 1817 2422 ut
1852 2385 2031 2423 unum

429 2462 687 2517 sentiatis
716 2461 785 2515 de
816 2460 945 2525 ﬁde,
978 2475 1096 2529 spe,
1137 2461 1195 2511 et
1231 2455 1507 2510 charitate
1543 2474 1553 2508 :
1598 2461 1657 2510 et
1693 2458 1843 2528 quod
1883 2474 2030 2513 unus

429 2552 627 2617 credit,
660 2552 766 2605 hoc
793 2552 982 2620 speret
1008 2547 1182 2601 alium
1214 2545 1464 2610 credere,
1497 2549 1555 2599 et
1579 2545 1728 2616 quod
1756 2546 1817 2600 in
1848 2563 1908 2600 se
1944 2552 2032 2601 est

427 2640 581 2707 boni,
612 2641 719 2695 hoc
747 2639 806 2692 in
836 2638 967 2699 alio,
994 2636 1081 2690 vel
1108 2635 1358 2706 idipsum
1390 2634 1487 2687 det
1520 2633 1675 2687 vobis
1708 2651 1933 2705 sapere;
1967 2642 2032 2691 ut

427 2730 575 2785 sicut
594 2728 700 2783 sibi
719 2727 1125 2797 unusquisque,
1151 2724 1230 2778 sic
1250 2723 1502 2794 proximo
1522 2722 1673 2786 velit,
1697 2723 1755 2777 id
1774 2729 1861 2778 est
1879 2725 2029 2795 quod

426 2819 535 2873 sibi
564 2819 683 2873 vult
716 2816 957 2881 evenire,
988 2816 1094 2867 hoc
1123 2817 1279 2884 optet
1308 2811 1561 2883 proximo
1603 2828 1704 2866 suo
1729 2830 1742 2879 ;
1791 2817 1850 2866 et
1884 2814 2029 2869 sicut

426 2909 614 2979 diligit
640 2908 819 2969 illum,
843 2905 923 2959 ita
951 2904 1148 2958 credat
1172 2918 1233 2955 se
1262 2900 1417 2971 diligi
1444 2899 1513 2954 ab
1539 2900 1654 2954 illo.
1681 2901 1751 2954 Et
1769 2900 1910 2957 bene
1934 2903 2029 2957 ad-

424 2998 587 3062 didit,
612 2994 924 3050 secundum
951 2994 1143 3046 Jesum
1173 2990 1480 3057 Christum,
1510 2989 1568 3043 id
1598 2994 1684 3043 est
1717 2992 2025 3046 secundum

2123 1832 2302 1886 multo
2348 1832 2527 1902 magis
2558 1848 2661 1886 nos
2707 1832 2977 1888 debemus
3016 1850 3131 1888 non
3166 1834 3454 1907 despicere
3486 1837 3717 1892 fratrem

2115 1926 2371 1975 nostrum
2403 1921 2691 1976 inﬁrmum
2718 1921 2791 1975 in-
2826 1922 2954 1988 ﬁde,
2989 1939 3171 1994 neque
3202 1923 3262 1978 in
3287 1924 3479 1995 aliquo
3512 1926 3718 1980 contri-

2115 2015 2265 2063 stare
2288 2015 2389 2064 aut
2415 2010 2814 2075 scandalizare,
2836 2011 2935 2066 sed
2956 2012 3143 2082 potius
3162 2012 3221 2066 in
3250 2014 3520 2068 affectum
3547 2014 3719 2069 chari-

2112 2098 2246 2151 tatis
2286 2098 2555 2153 debemus
2602 2104 2731 2153 eum
2780 2099 3061 2170 colligere.
3107 2099 3242 2156 Ideo
3280 2118 3413 2172 ergo
3442 2102 3591 2158 dicit
3624 2119 3721 2158 nos

2113 2193 2400 2259 susceptos
2429 2188 2488 2242 in
2506 2188 2778 2243 honorem
2798 2189 2900 2243 Dei
2920 2188 3126 2255 Patris,
3156 2196 3219 2244 ut
3243 2191 3392 2245 Deus
3419 2192 3599 2247 Pater
3624 2209 3718 2264 per

2112 2293 2216 2331 nos
2236 2281 2293 2330 et
2317 2292 2416 2347 per
2438 2276 2589 2331 bona
2605 2286 2800 2331 nostra
2818 2294 2989 2349 opera
3007 2278 3352 2348 gloriﬁcetur
3370 2285 3428 2333 et
3453 2280 3720 2336 laudetur

2113 2382 2242 2420 cum
2268 2365 2410 2419 Filio
2452 2382 2573 2431 suo,
2605 2367 2702 2437 qui
2743 2366 2883 2420 dixit
2910 2366 2969 2421 in
3005 2366 3311 2437 Evangelia
3341 2368 3639 2440 discipulis
3666 2374 3720 2424 et

2113 2453 2375 2531 omnibus
2396 2454 2455 2507 in
2474 2470 2534 2508 se
2553 2455 2852 2509 credituris
2878 2455 2996 2511 :Sic
3014 2458 3189 2510 luceat
3215 2459 3319 2510 tua:
3330 2462 3515 2512 vestra
3534 2474 3719 2512 coram

2114 2543 2449 2608 hominibus,
2466 2548 2527 2596 ut
2543 2544 2767 2598 videant
2786 2560 2949 2611 opera
2968 2549 3149 2598 vestra
3170 2546 3329 2611 bona,
3343 2552 3393 2599 et
3405 2549 3717 2613 gloriﬁcent

2111 2634 2335 2686 Patrem
2361 2638 2625 2697 vestrum,
2658 2637 2758 2701 qui
2782 2636 2846 2686 in
2866 2636 3009 2687 cretis
3038 2638 3113 2687 est
3142 2634 3359 2703 (Matth.
3394 2635 3472 2704 v).

2181 2722 2312 2775 Dico
2341 2724 2492 2775 enim
2514 2724 2701 2775 Jesum
2730 2722 3015 2777 Christum
3043 2725 3373 2776 ministrum
3400 2725 3579 2791 fuisse
3608 2727 3717 2777 cir-

2113 2812 2465 2864 cumcisionis
2487 2814 2714 2877 propter
2741 2813 3026 2864 veritatem
3062 2812 3172 2878 Dei,
3198 2814 3273 2866 ad
3299 2813 3719 2879 conﬁrmandus

2105 2900 2500 2967 promissiones
2508 2903 2763 2966 patrum.
2781 2898 3145 2954 Circumcisio
3165 2899 3222 2954 in
3238 2899 3342 2955 hoc
3362 2901 3487 2955 loco
3504 2900 3717 2972 duplici

2109 2986 2482 3057 intelligentia
2529 2986 2702 3058 accipi
2748 2993 2951 3059 potest,
3003 2987 3260 3042 videlicet
3304 2993 3423 3042 tam
3471 2989 3718 3043 carnalis

425 3084 576 3156 quod
603 3084 862 3138 voluntas
885 3085 973 3134 est
997 3081 1024 3133 J
1031 3095 1130 3133 esu
1159 3076 1388 3143 Christi,
1417 3078 1551 3148 quia
1580 3078 1745 3132 multi
1775 3080 2029 3134 sentiunt
2047 3076 2089 3101 υ
2109 3092 2279 3148 quam
2305 3076 2592 3147 spiritalis,
2616 3076 2883 3146 quoniam
2906 3076 3199 3148 utriusque
3224 3076 3483 3132 minister
3503 3077 3720 3133 exstitit

422 3189 600 3228 unum
647 3176 705 3226 et
750 3170 1013 3224 videntur
1058 3184 1117 3221 se
1164 3165 1417 3236 diligere,
1449 3167 1547 3220 sed
1577 3183 1690 3221 non
1718 3168 2027 3223 secundum
2108 3166 2382 3219 Dominus
2415 3165 2473 3219 in
2520 3182 2580 3219 se
2636 3165 3012 3237 suscipiendo,
3045 3170 3103 3220 et
3155 3166 3281 3220 aliis
3316 3165 3718 3224 ministrando.

423 3263 616 3317 Jesum
636 3258 947 3315 Christum.
975 3255 1149 3310 Verbi
1176 3255 1395 3326 gratia:
1422 3255 1569 3309 sicut
1597 3260 1731 3311 sunt
1758 3257 2020 3324 haeretici,
2108 3253 2566 3309 Circumcisionis
2593 3254 2743 3308 enim
2766 3255 3008 3309 carnalis
3038 3254 3296 3310 minister
3322 3255 3560 3322 exstitit,
3588 3256 3725 3327 quia

425 3351 523 3423 qui
545 3366 658 3404 non
677 3348 931 3403 sentiunt
958 3345 1017 3399 in
1042 3362 1101 3399 se
1127 3360 1365 3409 errores,
1384 3344 1531 3415 quod
1554 3345 1687 3399 etin
1705 3345 1827 3399 aliis
1852 3346 2025 3401 haere-
2107 3346 2410 3414 antequam
2434 3342 2651 3397 veniret
2668 3343 2728 3397 in
2749 3343 3023 3398 mundum
3043 3360 3145 3414 per
3158 3342 3579 3399 Incarnationis
3602 3361 3723 3416 my-

424 3440 549 3495 ticis
576 3458 588 3493 :
617 3442 675 3493 et
702 3438 848 3492 sicut
875 3439 1007 3490 sunt
1049 3434 1149 3500 illi,
1184 3432 1280 3504 qui
1308 3449 1422 3488 non
1459 3449 1630 3487 causa
1674 3434 1885 3488 amoris
1921 3436 2026 3490 Dei
2107 3431 2363 3495 sterium,
2394 3431 2512 3503 ipse
2552 3432 2648 3502 qui
2696 3437 2783 3487 est
2823 3431 3071 3486 Verbum
3119 3432 3322 3496 Patris,
3370 3432 3724 3488 ministravit

423 3529 669 3599 diligunt
692 3527 851 3591 alios,
878 3525 976 3579 sed
1000 3528 1231 3595 propter
1248 3521 1522 3577 beneﬁcia
1538 3522 1873 3592 temporalia
1901 3540 2023 3594 quae
2105 3519 2262 3574 illam
2304 3521 2489 3576 dando
2517 3526 2575 3576 et
2606 3521 2976 3593 praecipiendo
3014 3526 3079 3576 ut
3125 3521 3545 3586 observaretur,
3580 3523 3719 3595 quia

422 3616 495 3673 ab
518 3617 630 3672 illis
650 3620 898 3688 captant,
927 3613 1014 3668 vel
1040 3613 1172 3684 quia
1191 3612 1253 3667 in
1283 3610 1502 3665 malitia
1528 3610 1872 3666 concordant
1893 3628 2023 3667 cum
2103 3607 2224 3678 ipse
2244 3609 2341 3679 qui
2369 3608 2707 3679 loquebatur
2728 3627 2830 3680 per
2848 3611 3113 3681 angelum
3143 3610 3215 3665 ad
3244 3616 3467 3665 sanctos
3495 3617 3718 3683 patres,

421 3707 523 3762 eis,
2104 3695 2251 3750 sicut
2278 3697 2336 3750 in
2365 3696 2521 3752 libris
2551 3699 2893 3769 propheticis
2941 3700 3248 3770 sepissime
3291 3700 3719 3758 manifestatur.

499 3797 561 3850 Ut
586 3795 901 3857 unanimes,
930 3791 988 3845 id
1009 3794 1097 3846 est
1114 3806 1227 3844 uno
1247 3788 1555 3851 intellectu,
1578 3792 1749 3860 atque
1768 3806 1882 3844 uno
1897 3806 2026 3844 con-
2106 3784 2204 3839 ubi
2232 3784 2437 3841 dicitur
2462 3804 2473 3839 :
2505 3786 2601 3853 Os,
2636 3787 2751 3842 sive
2779 3787 3008 3843 verbum
3049 3788 3274 3843 Domini
3311 3789 3566 3845 locutum
3609 3795 3717 3856 est,

424 3900 613 3947 sensu,
643 3882 729 3937 vel
756 3898 871 3937 una
900 3880 1030 3943 ﬁde,
1060 3884 1109 3933 et
1140 3894 1251 3931 uno
1282 3892 1404 3941 ore,
1444 3877 1501 3930 id
1540 3884 1627 3932 est
1663 3894 1777 3932 una
1804 3879 2023 3933 confes-
2104 3873 2332 3929 veniens
2375 3875 2435 3929 in
2471 3892 2640 3930 carne
2679 3876 2852 3930 etiam
2884 3876 3143 3931 minister
3174 3876 3385 3931 exstitit
3411 3878 3723 3933 circumci-

423 3973 601 4040 sione,
635 3971 1003 4039 honori-ﬁcetis
1032 3971 1205 4023 Deum
1236 3972 1284 4019 et
1312 3967 1533 4019 Patrem
1575 3968 1802 4020 Domini
1846 3971 2026 4022 nostri
2107 3963 2450 4035 sionis,quia
2468 3964 2622 4018 illam
2643 3964 2701 4018 in
2721 3966 3022 4036 semetipso
3044 3965 3309 4036 suscepit,
3330 3982 3440 4020 non
3461 3972 3528 4021 ut
3546 3967 3714 4021 illam

422 4065 549 4117 Jesu
562 4061 769 4117 Christi
776 4059 944 4114 .Deus
956 4057 1310 4127 omnipotens
1324 4054 1686 4118 Pater,Pater
1696 4060 1783 4108 est
1796 4055 2025 4110 Domini
2106 4052 2436 4123 praeciperet
2453 4052 2663 4107 servari
2682 4058 2741 4107 et
2760 4053 3031 4108 custodiri
3048 4059 3176 4125 post
3194 4070 3359 4109 suum
3377 4054 3718 4122 adventum,

422 4150 602 4205 nostri
641 4149 776 4203 Jesu
813 4145 1042 4210 Christi,
1072 4149 1192 4197 tam
1238 4142 1546 4196 secundum
1576 4143 1927 4196 divinitatem
1964 4144 2024 4198 in
2107 4141 2205 4195 sed
2231 4146 2298 4195 ut
2324 4142 2648 4196 ostenderet
2692 4142 2876 4213 legem
2914 4148 3167 4198 sanctam
3206 4160 3348 4210 esse,
3372 4144 3615 4214 justam,
3661 4151 3722 4200 et

424 4236 744 4309 quagenuit
756 4236 913 4289 illum
930 4236 1272 4286 coaeternum
1290 4229 1397 4283 sibi
1415 4236 1473 4283 et
1486 4230 2023 4286 consubstantialem
2105 4227 2331 4283 bonam.
2363 4230 2507 4284 Nam
2538 4230 2770 4286 mittens
2793 4231 3076 4302 apostolos
3104 4232 3376 4287 Dominus
3400 4233 3474 4287 ad
3504 4233 3722 4304 praedi-

424 4331 557 4379 ante
584 4323 774 4378 omnia
815 4320 1034 4383 saecula,
1068 4335 1236 4389 quam
1277 4317 1583 4372 secundum
1613 4319 2021 4376 humanitatem
2042 4318 2344 4413 Dcandum
2382 4335 2494 4373 non
2532 4319 2672 4373 dixit
2705 4338 2717 4373 :
2752 4320 2855 4387 Ite,
2887 4320 3187 4391 praedicata
3223 4320 3720 4378 circumcisionem

426 4428 540 4484 qua
566 4411 776 4466 creavit
801 4409 961 4463 illum
990 4409 1049 4462 in
1078 4408 1190 4461 ﬁne
1215 4412 1535 4478 temporum
1566 4408 1624 4462 in
1652 4413 1813 4463 utero
1850 4410 2023 4482 virgi-
2042 4406 2081 4413 ⁷
2106 4406 2437 4460 servandam
2467 4406 2726 4463 omnibus
2764 4409 3046 4479 gentibus,
3079 4410 3179 4464 sed
3211 4427 3223 4462 :
3266 4408 3375 4476 Ite,
3410 4413 3722 4480 pradicate

424 4501 562 4555 nali.
595 4500 744 4555 Deus
765 4514 895 4553 vero
922 4501 1009 4551 est
1035 4495 1387 4551 solummodo
1413 4496 1656 4551 hominis
1686 4499 1960 4571 assumpti
1988 4516 2025 4554 θ,
2104 4496 2468 4563 Evangelium
2497 4501 2654 4552 omni
2678 4504 2944 4552 creatura.u
2965 4500 3158 4566 (Marc.
3181 4499 3314 4569 xvx),
3340 4505 3399 4554 et
3427 4499 3722 4572 baptizata

424 4588 629 4656 Verbo,
652 4588 757 4643 hoc
787 4592 874 4643 est
901 4585 1208 4641 secundum
1241 4584 1693 4655 humanitatem;
1729 4588 1875 4641 unde
1902 4587 2022 4658 ipse
2104 4584 2163 4638 in
2202 4584 2429 4639 nomine
2468 4586 2674 4652 Patris,
2716 4592 2774 4641 et
2809 4587 2953 4654 Filii,
2986 4592 3045 4642 et
3075 4587 3319 4660 Spiritus
3355 4590 3555 4645 sancti.
3593 4590 3724 4646 Hoc

422 4678 564 4734 dixit
590 4677 783 4733 Mariae
815 4680 944 4749 post
986 4672 1415 4730 resurrectionis
1450 4673 1689 4743 gloriam
1724 4694 1736 4728 :
1792 4676 1925 4728 Vade
1951 4676 2026 4729 ad
2107 4672 2334 4743 quidem
2382 4673 2451 4727 de
2501 4674 2924 4730 circumcisione
2965 4676 3178 4730 carnali
3226 4676 3440 4731 dictum
3468 4682 3573 4743 est,
3610 4678 3723 4733 sed

425 4770 631 4837 fratres
649 4784 810 4833 meos,
841 4770 898 4820 et
921 4765 1011 4819 dic
1032 4764 1113 4819 eis
1131 4786 1143 4818 :
1160 4764 1399 4818 Ascendo
1422 4764 1497 4817 ad
1514 4764 1737 4817 Patrem
1765 4780 1951 4818 meum
1975 4770 2025 4819 et
2106 4761 2330 4830 melius,
2360 4761 2417 4815 id
2443 4766 2530 4816 est
2558 4763 2745 4817 altiori
2770 4780 2941 4819 sensu
2977 4764 3047 4818 de
3077 4763 3499 4820 circumcisione
3536 4766 3723 4836 spiri-

424 4859 646 4912 Patrem
660 4861 920 4911 vestrum,
932 4853 1105 4906 Deum
1121 4864 1305 4902 meum
1322 4853 1371 4901 et
1388 4849 1561 4902 Deum
1575 4854 1816 4903 vestrum
1837 4850 2019 4917 (Joan.

422 4945 537 5015 xx).
560 4945 738 5008 Quem
767 4948 901 4998 tunc
917 4941 1296 5012 gloriﬁcamus
1316 4936 1432 4991 sive
1452 4937 1772 5005 laudamus,
1800 4940 2023 5010 quando

426 5034 549 5104 ejus
569 5032 733 5085 ﬁdem
756 5030 1191 5085 sincerissimam
1214 5031 1474 5082 tenentes
1493 5025 1552 5080 in
1572 5027 1739 5081 corde
1759 5029 2025 5099 omnique

2105 4848 2204 4902 tali
2227 4848 2674 4921 intelligendum,
2696 4852 2755 4906 id
2785 4857 2872 4907 est
2890 4851 2960 4907 de
2978 4852 3163 4924 gratia
3184 4851 3557 4924 baptismatis.
3586 4854 3725 4908 Cir-

2107 4937 2375 4993 cumcisio
2395 4938 2663 5010 spiritalis
2683 4957 2807 5011 quae
2824 4941 2944 4995 est?
2969 4940 3312 5012 Exspoliatio
3331 4942 3529 5013 utique
3550 4942 3727 4997 vitio-

2107 5043 2235 5080 rum
2265 5044 2387 5098 quze
2413 5029 2479 5082 ﬁt
2514 5046 2614 5099 per
2641 5028 3003 5101 baptismum,
3025 5030 3187 5101 cujus
3212 5029 3471 5085 minister
3490 5031 3728 5085 exstitit

425 5120 737 5178 intellectu.
766 5118 1100 5173 conﬁtemur
1136 5132 1264 5171 eum
1313 5131 1409 5170 ore
1449 5131 1640 5170 verum
1668 5117 1849 5172 Deum
1879 5135 2022 5185 esse,
2106 5114 2228 5187 ipse
2249 5116 2520 5198 Dominus
2538 5117 2600 5171 in
2620 5134 2681 5172 se
2700 5118 3056 5189 suscipiendo
3069 5124 3127 5173 et
3140 5118 3266 5173 aliis
3285 5118 3491 5174 dando.
3514 5119 3731 5174 Susce-

426 5216 486 5264 et
509 5209 678 5263 ﬁdem
704 5224 873 5279 quam
894 5206 1165 5261 habemus
1190 5203 1351 5258 bonis
1375 5203 1638 5275 operibus
1666 5221 2021 5275 exornamus,
2108 5205 2194 5275 pit
2216 5204 2363 5258 enim
2385 5203 2727 5276 baptismum
2753 5206 2976 5277 quando
2996 5204 3312 5276 baptizatus
3332 5211 3420 5261 est
3438 5223 3474 5260 a
3491 5208 3731 5262 Joanne

419 5301 586 5371 juxta
626 5297 773 5369 quod
803 5297 927 5368 ipsa
954 5294 1179 5349 Veritas
1205 5293 1489 5356 admonet,
1525 5294 1716 5349 dicens
1745 5314 1761 5348 :
1805 5296 2028 5350 Videant
2111 5292 2394 5364 Baptista;
2420 5293 2761 5349 ministravit
2774 5300 2963 5349 autem
2983 5295 3364 5366 postmodum,
3380 5294 3513 5366 quia
3529 5294 3736 5366 bapti-

425 5403 590 5458 opera
615 5392 795 5441 vestra
818 5388 977 5452 bona,
1000 5390 1050 5439 et
1072 5385 1379 5453 gloriﬁcent
1403 5383 1620 5438 Patrem
1640 5389 1905 5452 oestrum,
1927 5387 2028 5454 qui
2107 5382 2254 5435 zavit
2269 5383 2573 5453 apostolos,
2590 5383 2842 5455 aliosque
2861 5384 2934 5438 ad
2958 5400 3018 5439 se
3037 5399 3140 5455 per
3159 5384 3327 5438 ﬁdem
3353 5383 3729 5450 accedentes,

425 5481 491 5533 in
521 5479 663 5533 costis
694 5480 767 5530 est
798 5475 1010 5543 (Matth.
1044 5476 1117 5543 v).
2099 5471 2260 5542 juxta
2292 5472 2441 5543 quod
2473 5472 2835 5543 Evangelium
2860 5478 3076 5541 narrat,
3113 5472 3303 5528 dicens
3328 5492 3341 5528 :
3374 5472 3517 5536 Quia
3540 5471 3574 5525 Ι
3577 5488 3731 5527 esus

491 5570 721 5636 Propter
748 5564 911 5634 quod,
941 5561 1211 5621 subaudis
1252 5561 1421 5618 decus
1472 5561 1721 5629 honoris,
1761 5564 2022 5633 suscipite
2105 5560 2420 5633 baptizabat
2438 5560 2766 5633 etdiscipuli
2780 5562 3167 5634 ejus.Mittens
3180 5561 3734 5635 quoqueApostolos
