3850 6168
147 320 230 377 497

804 311 1186 368 EXPOSITIO
1218 313 1296 369 IN
1328 313 1484 373 EPP.
1517 312 1577 372 S.
1609 309 1848 367 PAULI.
1884 341 1949 352 —
1980 311 2060 367 IN
2089 311 2313 368 EPIST.
2344 312 2442 367 AD
2470 311 2645 367 ROM.

3252 308 3360 368 498

145 443 199 497 ad
228 436 599 512 pradicationis
635 436 882 492 ofﬁcium
910 453 1010 508 per
1034 432 1412 508 quadriﬁduni
1460 436 1978 502 orbem,Anomini
1997 442 2095 493 tuo
2143 437 2399 505 cantabo,
2433 438 2491 493 id
2546 441 2633 490 est
2685 451 2892 491 nomen
2945 435 3185 491 Deitatis
3240 441 3353 493 tua:

146 529 304 586 indixit
326 526 411 588 eis,
440 525 625 580 dicens
650 544 662 579 :
692 528 790 592 Ite,
821 526 996 580 docete
1023 542 1210 580 omnes
1259 532 1461 593 gentes,
1499 528 1677 593 bapti-

142 623 291 674 zantes
300 632 372 670 eos
383 617 441 668 in
454 618 676 669 nomine
695 619 904 669 sanctae
921 614 1215 669 Trinitatis
1232 615 1673 685 (Matth.xxvm).

141 709 252 763 Ecce
273 702 525 776 quomodo
542 703 652 758 fuit
675 703 948 758 Dominus
978 705 1008 758 J
1013 720 1143 758 esus
1166 703 1424 758 minister
1443 703 1678 757 circum-

139 794 320 852 cisionis
343 790 623 863 spiritalis.
659 791 971 847 Possumus
992 792 1163 846 etiam
1199 798 1257 847 et
1279 794 1380 847 hoc
1403 792 1678 847 veraciter

141 885 303 949 dicere,
332 881 452 952 quia
473 880 725 952 quotidie
746 881 1109 936 administrat
1136 882 1256 953 ipse
1291 882 1547 936 eamdem
1567 880 1678 935 cir-

138 970 473 1029 cumcisionem
517 970 852 1025 dimittendo
890 976 1119 1042 peccata
1188 971 1246 1025 in
1315 971 1671 1041 baptismate.

138 1051 451 1119 Ministerium
482 1059 691 1113 etenim
719 1059 975 1130 tingendi
1012 1076 1247 1131 corpora
1273 1059 1509 1113 tradidit
1558 1059 1675 1113 suis

137 1148 365 1214 ﬁdelibus,
390 1152 725 1219 potestatem
746 1148 1066 1202 dimittendi
1087 1153 1315 1219 peccata
1330 1148 1435 1202 sibi
1451 1147 1676 1219 proprie

137 1237 412 1300 reservavit,
441 1236 586 1291 sicut
603 1235 855 1292 Joannes
883 1253 1195 1308 praecursor
1222 1238 1344 1308 ejus
1365 1238 1434 1292 de
1459 1253 1525 1292 eo
1540 1237 1676 1291 dicit

135 1326 307 1383 turbis:
334 1327 439 1393 Ipse
467 1341 559 1379 vos
578 1327 877 1394 baptizabit
905 1330 970 1380 in
1008 1326 1228 1394 Spiritu
1255 1332 1449 1381 sancto
1469 1332 1527 1381 et
1546 1326 1667 1396 igni

136 1416 311 1485 (Matth.
339 1418 437 1482 In).
468 1415 540 1469 Et
567 1414 773 1469 iterum
801 1434 812 1469 :
850 1416 978 1483 Ego,
1002 1414 1187 1486 inquit
1206 1416 1671 1478 Joannes,nescie-

135 1505 231 1558 bam
264 1520 375 1556 eum
402 1503 550 1574 quod
608 1503 713 1557 sibi
762 1508 910 1558 esset
957 1508 1282 1558 servaturus
1338 1508 1671 1575 potestatem

131 1591 415 1663 baptizandi,
447 1591 705 1663 nullique
746 1593 1077 1658 traditurus,
1124 1594 1216 1646 sed
1251 1596 1352 1661 qui
1392 1596 1547 1646 misit
1588 1609 1671 1646 me

133 1683 377 1750 baptizare,
398 1683 495 1735 ille
514 1682 662 1735 mihi
687 1682 832 1735 dixit
850 1700 866 1734 :
886 1681 1066 1750 Super
1085 1697 1245 1750 quem
1276 1683 1480 1735 videris
1495 1681 1672 1750 Spiri-

1762 526 2023 580 laudabo.

1828 615 1895 669 Et
1918 618 2126 669 iterum
2147 616 2283 669 dicit
2313 615 2606 686 Scriptura
2630 614 2689 669 in
2732 614 3168 669 Deuteronomio
3200 632 3212 668 :
3251 616 3354 670 L2-

1762 706 1983 765 tamini,
2014 709 2212 770 gentes,
2247 720 2375 758 cum
2410 698 2562 772 plebe
2622 708 2758 772 ejus.
2791 703 3012 774 Moyses
3068 702 3356 773 legislator

1758 791 2063 845 extendens
2088 792 2312 846 oculum
2343 792 2649 863 prophetia:
2677 791 2748 845 ad
2781 796 3005 862 tempus
3047 791 3356 846 vocationis

1756 880 2035 951 gentium,
2071 880 2380 951 alloquitur
2407 898 2501 935 eas
2525 880 2801 936 hortando
2828 885 2894 935 ut
2920 879 3148 934 laudent
3170 879 3355 934 Deum

1757 969 1983 1024 Patrem
2012 986 2139 1024 cum
2161 969 2322 1041 plebe
2340 971 2677 1025 Israelitica:
2706 987 2829 1041 qua:
2857 969 2993 1024 olim
3033 968 3192 1040 plebs
3232 969 3354 1039 ejus

1758 1059 1879 1112 sola
1900 1074 1966 1113 ex
1984 1058 2243 1113 omnibus
2271 1058 2532 1130 gentibus
2563 1059 2866 1113 vocabatur
2889 1073 2901 1107 :
2933 1059 2979 1114 Ο
2998 1064 3197 1129 gentes
3227 1074 3351 1111 cre-

1757 1147 1953 1201 dentes
1983 1150 2041 1201 in
2058 1148 2260 1202 Filium
2290 1148 2409 1209 Dei,
2444 1164 2545 1218 per
2563 1149 2723 1217 cujus
2743 1146 3061 1218 passionem
3086 1145 3221 1200 estis
3258 1162 3352 1200 re—

1757 1236 2079 1307 demptae,et
2098 1253 2198 1307 per
2214 1237 2375 1306 cujus
2385 1235 2727 1306 baptismum
2748 1235 3031 1289 mundata;
3050 1239 3108 1288 et
3118 1234 3353 1305 expiatas

1752 1325 1887 1379 estis
1915 1324 1985 1378 ab
2014 1324 2274 1379 omnibus
2304 1324 2569 1396 peccatis,
2597 1324 2877 1377 sociantes
2907 1340 3003 1377 vos
3045 1323 3104 1377 in
3144 1323 3349 1378 affectu

1751 1413 2043 1467 charitatis
2072 1412 2424 1467 credentibus
2468 1429 2535 1466 ex
2581 1412 2776 1480 Israel,
2832 1411 3101 1466 laetemini
3154 1412 3353 1467 laetitia

1752 1502 2012 1573 spiritali.

1822 1591 1891 1644 Et
1909 1593 2116 1644 iterum
2147 1609 2163 1643 :
2196 1592 2459 1655 Laudate,
2492 1604 2675 1642 omnes
2701 1588 3211 1656 gentes,Dominum
3243 1607 3259 1641 :
3299 1595 3351 1644 et

1753 1682 2102 1746 magniﬁcate
2133 1696 2279 1746 eum,
2312 1694 2498 1731 omnes
2508 1676 2945 1746 populi.Chorus
2964 1677 3351 1747 apostolorum

131 1775 223 1823 tum
245 1770 632 1824 descendentem
663 1776 710 1824 et
739 1777 1053 1826 manentem
1092 1786 1256 1840 super
1283 1786 1430 1835 eum,
1458 1772 1549 1825 hic
1596 1776 1671 1825 est
1693 1791 1739 1850 B
1755 1768 2062 1838 alloquitur
2082 1766 2499 1822 multitudinem
2511 1765 2765 1836 gentium
2788 1764 2859 1818 ad
2880 1764 3049 1818 ﬁdem
3072 1765 3280 1819 Christi
3291 1771 3351 1819 et

131 1862 207 1926 qui
230 1860 447 1927 baptizat
485 1860 675 1928 (Joan.
705 1860 765 1929 ι).
805 1860 1075 1931 Apostolo
1119 1860 1338 1915 dicente
1384 1859 1673 1914 Christum

128 1948 278 2001 Jesum
303 1947 617 2002 ministrum
632 1947 804 2003 fuisse
820 1948 1259 2003 circumcisionis
1287 1949 1556 2020 spiritalis
1580 1965 1675 2019 po-

129 2034 441 2107 terataliquis
459 2036 514 2090 ei
543 2035 833 2108 objicere:
893 2038 1035 2093 Cum
1099 2039 1179 2094 rei
1226 2037 1413 2108 gratia
1459 2037 1676 2092 exstitit

127 2124 217 2195 ipse
240 2124 477 2179 minister
514 2126 959 2181 circumcisionis
985 2127 1010 2180 ?
1038 2126 1123 2180 Ad
1164 2127 1283 2182 haec
1330 2126 1632 2198 Apostolus
1658 2144 1670 2179 :

128 2212 320 2284 Propter
343 2214 655 2280 veritatem,
686 2212 889 2286 inquit,
935 2215 1037 2270 Dei
1094 2216 1299 2281 Patris,
1359 2215 1429 2269 ad
1472 2215 1673 2269 conﬁr-

126 2302 317 2357 mandas
345 2304 744 2374 promissiones
772 2310 1017 2376 patrum,
1050 2304 1107 2357 id
1129 2308 1216 2358 est
1232 2308 1298 2358 ut
1314 2304 1674 2357 conﬁrmaret

126 2389 243 2445 Deus
263 2391 417 2446 Pater
442 2393 850 2464 promissiones
870 2410 1025 2458 suas,
1053 2409 1193 2464 quas
1224 2393 1445 2446 locutus
1480 2397 1566 2446 est
1600 2392 1673 2446 ad

125 2483 302 2534 sanctos
321 2486 503 2551 patres
533 2481 608 2536 de
627 2482 810 2536 salute
836 2482 1113 2552 gentium,
1145 2481 1335 2535 dicens
1381 2479 1619 2535 Abrahae
1654 2499 1667 2535 :

125 2567 358 2624 Insem-ine
379 2575 468 2624 tuo
490 2572 882 2625 benedicentur
900 2587 1085 2626 omnes
1117 2575 1298 2638 gentes
1323 2570 1468 2638 (Gen.
1502 2573 1668 2638 xxvi),

122 2654 211 2710 sive
224 2662 278 2712 ut
288 2674 443 2713 verax
457 2665 761 2731 appareret
773 2658 1101 2731 complenda
1114 2658 1512 2731 promissiones
1528 2674 1670 2730 quas

119 2750 269 2813 patres
293 2749 670 2818 promiserant
698 2749 768 2802 de
794 2750 975 2803 salute
999 2748 1273 2819 gentium,
1306 2752 1365 2802 et
1384 2764 1508 2818 quas
1532 2764 1669 2818 prae-

118 2831 329 2890 dixerant
352 2837 419 2891 de
435 2838 640 2892 eadem
662 2838 1085 2893 circumcisione
1106 2836 1495 2908 spiritali.Nisi
1516 2836 1667 2890 enim

114 2936 193 2991 per
206 2925 420 2997 gratiam
437 2927 804 2999 baptismatis
818 2928 1228 2983 mundarentur
1240 2926 1479 2997 gentiles
1493 2930 1550 2980 et
1569 2941 1670 2996 per

116 3010 247 3066 ﬁdem
271 3014 483 3070 Domini
514 3016 1210 3088 Salvatoris,nequaquam
1238 3016 1298 3069 in
1331 3014 1661 3069 ﬁliationem

111 3098 303 3157 Abrahae
327 3106 655 3171 transirent,
690 3121 1046 3177 nequaquam
1067 3105 1236 3160 etiam
1258 3109 1407 3159 esset
1423 3104 1664 3174 comple-

114 3192 208 3242 tum
230 3193 363 3262 quod
389 3193 526 3249 dicit
558 3195 787 3266 Moyses
821 3196 993 3261 (Deut.
1025 3199 1182 3264 xxx):
1234 3195 1299 3249 In
1346 3192 1662 3247 novissimis

111 3274 267 3333 diebus
283 3285 635 3337 circumcidet
658 3285 926 3337 Dominus
936 3300 1028 3337 cor
1041 3289 1221 3349 tuum,
1241 3287 1299 3336 et
1313 3298 1426 3336 non
1435 3297 1663 3335 carnem

110 3370 250 3433 tuam,
274 3369 323 3423 id
351 3378 434 3425 est
468 3371 778 3427 mundabit
804 3371 944 3426 illud
997 3371 1067 3425 ab
1096 3372 1429 3426 inﬁdelitate
1477 3370 1665 3425 omni-

110 3448 281 3525 busque
303 3460 541 3529 peccatis
580 3476 685 3530 per
709 3459 1052 3530 baptismum
1078 3477 1089 3514 :
1121 3459 1260 3513 illud
1289 3475 1511 3530 quoque
1536 3459 1666 3513 Eze-

1680 3065 1724 3126 C

109 3540 264 3598 chielis
308 3549 619 3619 prophetae,
667 3548 907 3603 dicentis
939 3566 953 3602 :
997 3549 1293 3615 E/I‘undam
1348 3564 1513 3616 super
1574 3564 1663 3600 vos

106 3645 275 3697 aqvam
298 3640 573 3693 mundam
607 3638 831 3709 (Ezech.
879 3641 1090 3707 xxxvi),
1148 3653 1355 3710 aquam
1405 3636 1666 3692 videlicet

110 3716 427 3790 baptismatis.

160 3899 318 3956 Gentes
342 3910 532 3959 autem
555 3920 727 3974 super
749 3904 1277 3972 misericordiam,id
1303 3908 1390 3958 est
1407 3903 1477 3957 de
1496 3902 1662 3956 mise-

108 3984 321 4058 ricordia,
386 3994 669 4048 honorare
718 3995 912 4061 Deum,
954 3993 1222 4049 subaudis
1260 3992 1484 4057 debent,
1529 3991 1662 4063 quia

105 4077 377 4141 gratis.sine
394 4082 528 4137 ullis
542 4082 763 4138 meritis
782 4083 1069 4155 praeceden
1076 4082 1430 4148 tibus,vocati
1445 4086 1579 4136 sunt
1593 4083 1664 4136 ad

105 4160 252 4233 ﬁdem,
277 4171 567 4244 gratisque
599 4179 938 4245 acceperunt
982 4173 1371 4228 remissionem
1406 4170 1659 4226 omnium

103 4261 407 4319 peccatorum
447 4278 556 4332 per
613 4262 925 4333 spiritalem
981 4261 1508 4328 circumcisionem;
1558 4277 1660 4332 per

103 4342 302 4408 gratiam
335 4348 603 4406 videlicet
647 4351 1024 4423 baptismatis,
1056 4368 1169 4406 non
1221 4368 1323 4422 per
1372 4350 1660 4406 circumci-

1755 1855 2017 1927 baptismi
2044 1857 2288 1926 gratiam
2343 1858 2815 1920 concurrentem;
2868 1858 2926 1908 et
2977 1854 3229 1925 praecipit
3284 1858 3352 1909 ut

1755 1945 1949 1999 laudes
1994 1946 2307 2015 gratiarum
2349 1944 2598 1998 referant
2632 1942 2873 1996 Domino
2930 1942 3115 2002 corde.
3142 1958 3259 2008 ore,
3291 1948 3349 1997 et

1755 2050 1937 2106 opere
1958 2051 1971 2088 :
1996 2035 2158 2105 cujus
2176 2033 2363 2106 gratia
2390 2038 2525 2087 sunt
2547 2032 2852 2102 redemptae
2885 2050 2898 2097 ;
2922 2032 3083 2101 cujus
3132 2032 3349 2087 miseri-

1753 2123 1943 2177 cordia
1956 2122 2027 2176 ab
2047 2123 2308 2177 omnibus
2330 2108 2580 2177 reatibus
2602 2125 2737 2175 sunt
2752 2118 3079 2191 expiatzeln
3098 2120 3203 2175 hoc
3218 2137 3349 2176 vero

1754 2212 1902 2282 quod
1918 2210 2109 2267 subdit
2131 2229 2143 2263 :
2169 2209 2527 2280 Magniﬁcate
2548 2223 2902 2273 eum,omnes
2912 2206 3351 2277 populi,Judeeos

1755 2301 2016 2355 hortatur
2044 2304 2110 2353 ut
2133 2299 2420 2369 gaudeant
2443 2298 2513 2351 de
2540 2296 2723 2350 salute
2745 2295 3021 2366 gentium,
3052 2295 3344 2366 inquiens:

1755 2390 1825 2444 Et
1841 2405 1956 2453 vos,
1985 2404 2180 2442 omnes
2210 2387 2423 2458 populi,
2455 2385 2513 2439 id
2542 2390 2629 2439 est
2655 2401 2850 2439 omnes
2892 2384 3091 2448 Judaei,
3124 2385 3349 2456 magni-

1755 2479 1919 2532 ﬁcate
1946 2474 2210 2543 Deum,id
2227 2482 2314 2530 est
2330 2491 2597 2545 magnum
2619 2474 2920 2545 praedicata
2938 2478 3168 2546 propter
3193 2474 3349 2529 salu-

1752 2572 1867 2621 tem
1888 2567 2128 2621 fratrum
2157 2570 2471 2619 vestrorum
2489 2563 2789 2633 gentilium
2828 2567 2886 2615 et
2913 2567 3144 2633 propter
3156 2563 3350 2618 inetl'a-

1751 2655 1886 2710 bilia
1902 2654 2188 2725 magnalia
2201 2670 2325 2725 quae
2352 2652 2508 2706 vobis
2540 2651 2782 2705 contulit
2805 2650 3048 2705 adiebus
3071 2652 3342 2722 antiquis:

1750 2744 2056 2799 referentes
2079 2741 2350 2812 gentibus
2387 2744 2599 2811 quanta
2626 2744 2685 2793 et
2703 2739 2890 2810 qualia
2916 2738 3071 2792 vobis
3094 2737 3347 2795 libentis-

1748 2831 1888 2886 sime
1918 2831 2195 2902 praestitit.

1817 2922 1884 2975 Et
1913 2936 2111 2974 rursus
2137 2921 2313 2974 Isaias
2334 2922 2415 2973 ait
2442 2920 2568 2976 Usa.
2603 2920 2675 2985 x1)
2701 2936 2717 2971 :
2742 2918 2867 2972 Erit
2882 2919 3049 2971 radia-
3076 2920 3216 2973 Jesse
3246 2936 3265 2982 ;
3295 2925 3348 2974 et

1750 3012 1849 3079 qui
1862 3014 2113 3078 exsurget
2138 3025 2319 3077 regere
2337 3013 2516 3075 gentes
2543 3026 2559 3060 :
2587 3010 2651 3060 in
2669 3023 2797 3061 eum
2821 3011 3001 3074 gentes
3024 3009 3344 3074 sperabunt.

1744 3100 1898 3153 Jesse
1918 3097 2037 3169 ipse
2067 3102 2153 3151 est
2191 3095 2323 3161 Isai,
2357 3101 2518 3167 pater
2540 3095 2716 3150 David
2736 3095 2904 3165 regis,
2929 3095 2998 3149 de
3026 3096 3187 3166 cujus
3217 3112 3346 3166 pro-

1745 3186 1903 3259 sapia
1929 3192 2087 3241 ortus
2112 3191 2200 3241 est
2218 3185 2475 3240 Christus
2496 3184 2807 3239 secundum
2834 3200 3060 3238 carnem
3082 3200 3184 3255 per
3218 3185 3344 3239 Ma-

1745 3277 1891 3330 riam
1920 3275 2214 3346 virginem.
2246 3275 2363 3329 Hoc
2390 3273 2539 3345 quod
2591 3272 2754 3327 dicit:
2799 3273 2922 3327 Erit
2960 3272 3121 3327 radix
3165 3274 3344 3340 Jesse,

1747 3363 2049 3435 dupliciter
2074 3362 2312 3433 intelligi
2336 3366 2523 3434 potest
2550 3362 2655 3415 hoc
2683 3361 2851 3416 modo
2875 3379 2887 3414 :
2922 3360 3085 3416 Jesse
3108 3362 3230 3433 ipse
3258 3366 3347 3416 est

1746 3454 1922 3520 radix,
1951 3453 2127 3508 David
2152 3469 2282 3507 vero
2312 3452 2461 3507 ﬁlius
2485 3452 2607 3521 ejus
2635 3450 2754 3522 ipse
2792 3456 2879 3505 est
2924 3451 3113 3505 arbor:
3164 3452 3345 3506 Maria

1744 3542 1918 3613 virgo,
1951 3542 2075 3614 ipsa
2103 3547 2188 3596 est
2224 3557 2417 3595 ramus
2475 3539 2729 3610 ejusdem
2769 3538 3016 3594 arboris:
3069 3540 3173 3593 ﬂos
3209 3556 3341 3594 vero

1743 3632 1888 3685 rami
1917 3632 2101 3697 istius,
2129 3628 2512 3700 Christus,qui
2539 3628 2673 3682 dicit
2696 3627 2768 3681 ad
2788 3626 3091 3681 Ecclesiam
3109 3627 3169 3681 in
3189 3628 3339 3682 Can-

1742 3720 1869 3775 ticis
1897 3720 2243 3775 canticorum
2268 3736 2279 3771 :
2304 3718 2414 3786 Ego
2466 3720 2564 3787 ﬂos
2594 3719 2779 3784 campi
2821 3716 3005 3782 (Cant.
3039 3729 3124 3786 II).
3158 3717 3343 3773 Radix

1743 3826 1877 3881 ergo
1905 3810 2074 3880 hujus
2112 3807 2346 3874 ﬂosculi,
2374 3807 2434 3861 id
2454 3811 2541 3861 est
2571 3805 2799 3871 Christi,
2830 3804 2867 3859 J
2871 3822 2993 3860 esse
3044 3804 3169 3873 fuit,
3206 3806 3337 3877 quia

1741 3899 1887 3953 sicut
1913 3900 2016 3953 ﬂos
2046 3915 2112 3952 ex
2138 3896 2325 3952 radice
2353 3895 2570 3950 arboris
2598 3895 3011 3966 processionem
3041 3894 3228 3961 habet,
3257 3896 3340 3950 ita

1742 3993 1799 4045 et
1825 3988 2084 4043 Christus
2110 3986 2419 4041 secundum
2452 4000 2679 4038 carnem
2734 4000 2800 4038 ex
2852 3985 3007 4038 Jesse
3059 3984 3337 4054 originem

1739 4076 2135 4132 traxit.Altiori
2150 4081 2341 4129 autem
2379 4074 2687 4137 intellectu,
2720 4072 2879 4126 radix
2901 4073 2930 4127 J
2935 4089 3058 4127 esse
3077 4072 3333 4128 Christus

1740 4172 1844 4233 est,
1867 4165 2115 4221 Verbum
2145 4164 2355 4219 scilicet
2381 4162 2484 4217 Dei
2515 4161 2720 4227 Patris,
2756 4162 2902 4233 quod
2943 4161 3092 4216 inter
3136 4167 3340 4219 caetera

1740 4272 1863 4326 qua:
1883 4254 2113 4320 creavit,
2144 4254 2172 4308 J
2177 4269 2300 4307 esse
2320 4265 2543 4322 quoque
2571 4254 2793 4303 creator
2817 4249 3032 4304 exstitit
3059 4264 3072 4298 :
3135 4251 3339 4306 Omnia

1739 4346 1890 4398 enim
1920 4360 2013 4414 per
2045 4346 2230 4411 ipsum
2259 4342 2408 4408 facta
2437 4343 2590 4404 sunt,
2620 4344 2670 4392 et
2692 4341 2810 4392 sine
2837 4341 2953 4407 ipso
3000 4339 3213 4407 factum
3260 4344 3338 4393 est

104 4428 275 4487 sionem
302 4440 590 4494 carnalem
618 4459 629 4493 :
666 4442 771 4496 Cui
798 4440 949 4495 enim
994 4440 1120 4511 plus
1157 4441 1487 4506 dimittitur,
1530 4440 1656 4511 plus
1673 4424 1724 4483 D
1745 4434 1891 4488 nihil
1916 4435 2102 4504 (Joan.
2127 4437 2186 4501 ι).
2211 4430 2319 4495 Qui
2349 4446 2482 4500 ergo
2510 4428 2821 4483 secundum
2840 4443 3068 4482 carnem
3098 4444 3165 4483 ex
3183 4429 3338 4483 Jesse

105 4516 219 4572 debet
238 4524 456 4594 diligere
477 4529 922 4598 (Luc.vn).Sicut
944 4533 1212 4598 scriptum
1233 4534 1309 4583 est
1332 4547 1347 4581 :
1369 4531 1662 4598 Propterea

102 4611 347 4674 conﬁtebor
373 4619 476 4671 tibi
504 4621 574 4672 in
604 4619 880 4686 gentibus,
933 4619 1176 4685 Domine,
1208 4624 1257 4672 et
1303 4621 1526 4672 nomini
1572 4624 1664 4672 tuo

104 4700 307 4753 cantabo.
341 4701 655 4760 Psalmista
685 4706 936 4777 loquitur
984 4723 1049 4760 ex
1088 4722 1328 4777 persona
1356 4706 1484 4760 Filii
1538 4705 1660 4772 Dei,

100 4777 193 4835 Deo
224 4786 367 4845 Patri
392 4796 621 4864 gratias
641 4795 951 4862 referentis,
1003 4801 1236 4866 propter
1282 4795 1661 4849 obedientiam

99 4873 309 4936 gentium
329 4880 396 4934 ad
420 4883 598 4937 ﬁdem
625 4882 1288 4950 venientium.Quomodo
1308 4901 1446 4955 ergo
1465 4884 1659 4938 laudat

97 4962 141 5053 vi
159 4962 411 5030 gloriﬁcat
436 4972 627 5026 Filius
655 4973 832 5027 Deum
864 4974 1213 5044 Patrem,qui
1240 4974 1470 5044 aequalis
1495 4979 1582 5027 est
1605 4974 1658 5027 ei

171 5055 406 5112 omnibus
425 5060 450 5112 ?
480 5059 553 5115 In
585 5061 852 5132 gentibus
872 5063 1069 5132 utique
1092 5062 1447 5117 credentibus
1465 5063 1661 5117 laudat

95 5134 240 5194 illum.
262 5144 726 5220 Quandocunque
757 5151 906 5205 enim
929 5156 1126 5222 gentes
1155 5152 1389 5205 laudant
1415 5156 1472 5205 et
1482 5152 1658 5222 glori-

95 5224 232 5283 ﬁcant
253 5233 423 5291 Deum
464 5239 920 5305 Patrem,Filius
949 5240 1052 5295 Dei
1104 5240 1297 5295 laudat
1343 5240 1501 5294 illum
1557 5257 1659 5312 per

94 5326 171 5368 ora
202 5326 251 5374 et
291 5341 459 5395 opera
503 5329 789 5399 gentium,
829 5330 989 5399 cujus
1026 5329 1299 5400 sanguine
1355 5329 1656 5400 redemptae

95 5412 216 5459 sunt.
242 5410 476 5485 Ideoque
501 5418 651 5471 dicit
674 5436 685 5471 :
707 5419 1180 5489 PrOpterea,quia
1198 5419 1431 5489 populos
1454 5420 1658 5481 multos

95 5498 139 5546 et
157 5505 333 5566 gentes
362 5505 500 5558 mihi
527 5506 848 5577 subjugasti
879 5525 979 5579 per
995 5508 1184 5573 ﬁdem,
1208 5507 1515 5561 confitebor
1531 5507 1652 5573 tibi,

93 5580 295 5643 Domine
320 5598 501 5661 pater,
524 5601 586 5648 et
621 5595 943 5663 gloriﬁcabo
966 5603 1022 5651 te
1049 5613 1151 5667 per
1171 5596 1323 5668 ipsas
1348 5602 1566 5667 gentes,
1600 5604 1657 5650 et

1743 4523 2018 4593 originem
2038 4521 2216 4587 duxit,
2246 4520 2367 4591 ipse
2393 4535 2615 4590 quoque
2645 4519 2953 4573 secundum
2986 4517 3338 4573 divinitatem

1743 4612 1903 4667 radix
1930 4617 1988 4667 et
2028 4617 2247 4666 creator
2283 4610 2439 4664 Jesse
2464 4607 2692 4662 exstitit.
2730 4606 2891 4661 Jesse
2930 4607 3338 4678 interpretatur

1745 4700 1838 4755 Est
1858 4701 2021 4754 mihi.
2055 4700 2171 4766 Est,
2204 4698 2436 4753 verbum
2464 4696 2875 4751 substantivum
2896 4700 2999 4750 est.
3025 4695 3185 4758 Quod
3204 4710 3335 4749 vero

1743 4788 1984 4844 dicitur:
2008 4789 2130 4843 Erit
2151 4788 2331 4854 radix,
2363 4787 2624 4841 similiter
2665 4784 2791 4849 erit,
2827 4782 2897 4837 ab
2930 4783 3125 4836 eodem
3166 4782 3335 4838 verbo

1741 4878 2091 4933 substantive
2120 4878 2289 4939 venit,
2320 4883 2377 4931 et
2405 4875 2634 4947 ponitur
2661 4889 2763 4943 pro
2810 4871 2999 4925 futuro
3054 4876 3326 4942 tempore.

1741 4968 2072 5038 Quicunque
2092 4983 2225 5037 ergo
2251 4965 2310 5020 in
2331 4981 2461 5019 eum
2482 4961 2677 5027 credit,
2704 4960 2799 5031 qui
2827 4960 2967 5013 dixit
2986 4960 3058 5014 ad
3080 4959 3333 5030 Moysen:

1743 5060 1850 5125 Qui
1868 5062 1961 5117 est,
1988 5060 2140 5111 misit
2167 5072 2251 5108 me
2269 5056 2342 5107 ad
2370 5069 2458 5106 vos
2499 5051 2684 5119 (Exod.
2739 5053 2846 5118 In),
2917 5048 3013 5103 ille
3066 5049 3340 5104 veraciter

1740 5152 1928 5218 potest
1955 5145 2141 5200 dicere
2166 5162 2177 5196 :
2205 5144 2299 5197 Est
2328 5140 2485 5205 mihi,
2519 5139 2576 5192 id
2605 5143 2692 5192 est
2719 5138 2884 5192 credo
2943 5138 3002 5192 in
3059 5154 3191 5193 eum
3243 5139 3341 5210 qui

1741 5252 1963 5308 semper
1988 5240 2093 5297 est,
2117 5239 2175 5287 et
2205 5232 2322 5302 ipse
2350 5235 2437 5284 est
2454 5228 2593 5282 mihi
2612 5228 2762 5283 Deus
2778 5233 2836 5281 et
2854 5227 2979 5281 erit.
3017 5228 3128 5282 Sed
3164 5229 3340 5299 quaeri

1742 5331 1948 5397 potest,
1976 5338 2150 5394 quare
2180 5318 2383 5373 dixerit
2417 5318 2730 5389 Propheta:
2765 5316 2883 5371 Erit
2913 5317 3070 5371 radix
3087 5318 3262 5384 Jesse,
3283 5323 3341 5372 et

1746 5432 1859 5468 non
1893 5412 2079 5485 potius
2108 5430 2119 5462 ε
2156 5410 2265 5463 erit
2302 5408 2458 5461 radix
2492 5408 2634 5461 Booz
2673 5407 2756 5459 vel
2790 5405 2965 5469 Obed,
2998 5420 3127 5459 cum
3153 5412 3210 5459 et
3235 5405 3340 5476 ipsi

1738 5504 1878 5574 justi
1905 5500 2237 5563 exstiterint,
2270 5505 2326 5551 et
2348 5504 2535 5569 patres
2564 5495 2675 5549 Isai
2699 5496 2723 5547 ?
2747 5494 2830 5547 Ad
2862 5494 3010 5564 quod
3041 5494 3337 5547 dicendum

1743 5598 1849 5662 est,
1873 5592 1999 5654 ideo
2019 5589 2223 5651 dixisse
2253 5587 2594 5659 Prophetam
2617 5602 2629 5641 :
2654 5583 2780 5643 Erit
2792 5583 2949 5637 radix
2971 5583 3208 5648 Jesse,et
3225 5595 3339 5634 non
