3936 6164
488 288 599 351 499

974 289 1352 349 HAYMQNIS
1382 292 1869 355 HALBERSTAT.
1906 298 2137 357 EPISG.
2169 297 2327 356 OPB.
2361 298 2545 356 PARS
2570 298 2596 355 Ι
2625 327 2692 340 -—
2722 297 3098 357 COMMENT.
3129 298 3303 354 BIBL.

488 418 647 476 radix
676 418 821 474 Boos
848 417 933 474 vel
962 418 1139 485 Obed,
1170 425 1237 474 ut
1262 421 1586 477 ostenderet
1604 424 1908 481 Dominum
1930 426 2086 481 Chri-
2105 427 2155 485 Α
2173 425 2283 479 mei
2303 424 2639 494 complerem
2656 423 2716 478 in
2727 425 3369 496 gentibusﬁanctiﬁcans
3387 431 3700 499 “anguium

490 512 641 561 stum
660 508 688 561 J
694 524 850 561 esum
873 509 941 563 de
957 508 1225 580 progenie
1247 510 1423 579 regali
1442 512 1613 564 etiam
1637 515 1945 569 secundum
1968 532 2087 569 car-

489 613 617 651 nem
649 596 1004 663 descendere,
1038 598 1132 669 qui
1159 604 1291 653 ante
1335 600 1539 669 singula
1559 602 1784 669 genitus
1812 609 1900 657 est
1918 621 1950 657 a
1972 605 2085 659 Deo

492 685 677 750 Batre,
710 686 862 756 Rege
890 690 1107 757 regum,
1142 691 1199 741 et
1243 686 1480 741 Domino
1514 689 1944 753 dominantium.
1976 694 2087 747 No-

489 773 837 843 tandumque
863 774 996 844 quia
1017 775 1167 845 quod
1189 774 1363 830 dixit:
1398 775 1519 848 Erit
1554 777 1715 832 radix
1753 777 1935 839 Jesse,
1982 780 2100 834 sub"

489 860 658 917 verbo
684 862 859 917 futuri
870 863 1139 933 temporis
1151 863 1482 933 loquens,ad
1503 865 1853 921 nativitatem
1876 868 2086 929 Christi

489 949 800 1019 humanam
830 951 1090 1021 respexit,
1123 968 1246 1022 quae
1276 952 1460 1009 adhuc
1487 953 1678 1010 futura
1713 962 1837 1009 erat
1860 957 2085 1026 quando

490 1038 601 1094 ista
619 1039 894 1109 praedixit.
919 1040 1151 1095 Dicatur
1181 1040 1372 1110 itaque
1399 1042 1501 1096 hoc
1534 1032 1698 1099 modo
1728 1056 1741 1093 :
1774 1042 1899 1098 Erit
1931 1046 2088 1100 Jesse

488 1127 647 1183 radix
675 1128 885 1183 Christi
914 1129 1219 1200 secundum
1248 1129 1682 1201 humanitatem,
1706 1138 1763 1186 et
1786 1134 1903 1202 ipse
1924 1134 2087 1188 Chri-

490 1222 613 1273 stus
645 1217 741 1289 qui
767 1224 1030 1286 exsurget
1062 1218 1339 1271 nascendo
1370 1235 1468 1287 per
1496 1219 2088 1291 vii'ginern,velamor-

489 1306 608 1360 tuis
628 1305 971 1374 resurgendo
995 1322 1187 1374 regere
1206 1313 1422 1374 gentes,
1464 1307 1519 1360 in
1548 1323 1613 1377 eo
1650 1314 1849 1376 gentes
1892 1325 2087 1378 spera-

492 1394 654 1450 bunt.
688 1394 944 1448 Christus
974 1394 1145 1463 igitur
1166 1393 1305 1463 regit
1328 1402 1382 1449 et
1399 1394 1676 1462 gubernat
1703 1405 1917 1464 gentes.
1948 1398 2005 1453 in
2027 1413 2088 1451 se

494 1483 804 1542 credentes,
825 1490 882 1535 et
908 1482 1027 1549 ipse
1050 1483 1298 1535 defendit
1315 1483 1438 1535 illas
1455 1483 1524 1535 ab
1546 1484 1762 1537 insidiis
1779 1491 1835 1537 et
1852 1485 2085 1542 infesta-

495 1570 744 1626 tionibus
800 1570 1137 1625 daenmnum.
1188 1571 1552 1641 omniumque
1617 1572 2087 1639 adversariorum,

497 1659 762 1729 quoniam
797 1659 899 1729 ipsi
926 1659 981 1713 in
1004 1676 1068 1713 eo
1095 1667 1343 1729 sperant.

2168 514 2283 573 Dei,
2314 513 2371 567 id
2396 518 2483 567 est
2508 518 2763 567 sanctum
2785 529 2908 567 esse
2955 514 3355 581 demonstrans,
3394 518 3700 588 praedicando

2169 600 2309 659 illud
2341 601 2462 655 sine
2491 617 2681 659 errore
2700 607 2758 656 et
2799 602 3107 667 mendacio,
3156 610 3442 675 sancteque
3484 606 3699 673 vivendo,

2170 693 2228 743 et
2248 689 2534 744 miraculis
2548 690 2821 745 virtutum
2837 691 3438 762 testiﬁcandogloriam
3457 694 3703 765 propriam

2170 793 2283 832 non
2314 777 2635 848 quaerendo.
2663 794 2847 848 neque
2869 795 2969 849 pro
2998 779 3169 835 lucris
3213 780 3587 852 temporalibus
3612 782 3707 836 haec

2171 871 2228 919 et
2251 866 2460 930 omnia,
2483 867 2581 921 sed
2611 884 2711 936 pro
2734 867 3186 924 remuneratione
3211 874 3423 924 aeternae
3444 870 3555 940 vitae
3571 886 3709 938 agen-

2170 953 2388 1010 do.Ille
2418 956 2731 1027 sanctificat
2752 956 3133 1025 Evangelium,
3183 958 3297 1012 sive
3348 964 3584 1013 sanctum
3627 959 3707 1013 de-

2171 1050 2466 1103 monstrat.
2494 1045 2586 1113 qui
2610 1044 2822 1117 absque
2850 1061 3041 1099 errare
3073 1050 3129 1101 et
3145 1046 3426 1102 mendacio
3454 1046 3579 1101 illud
3596 1062 3710 1117 pra:-

2170 1132 2402 1203 dicat,et
2430 1132 2576 1201 quod
2603 1132 2868 1201 praedicat
2890 1133 3309 1193 ore.conﬁrmat
3330 1132 3614 1206 miraculis:
3635 1149 3714 1187 ex-

2171 1227 2334 1277 ornat
2354 1225 2548 1277 sancta
2576 1221 3016 1295 conversatione,
3046 1228 3103 1279 et
3126 1221 3222 1291 qui
3253 1238 3361 1277 non
3387 1222 3569 1292 quierit
3581 1236 3714 1277 suam

2171 1307 2410 1365 laudem.
2444 1307 2540 1367 sed
2576 1308 2701 1371 Dei;
2736 1313 2796 1363 ut
2823 1313 2921 1374 ﬁat
2941 1311 3139 1364 oblatio
3164 1312 3408 1375 gentium
3433 1308 3716 1375 accepta,id

2171 1403 2274 1454 est.
2304 1403 2368 1455 ut
2393 1402 2590 1465 gentes
2614 1397 2940 1471 oderantur,
2970 1399 3081 1457 Deo
3108 1415 3207 1467 per
3236 1414 3323 1457 me
3362 1398 3415 1457 in
3443 1397 3715 1469 gratiarum

2173 1484 2493 1546 actione,et
2521 1484 2595 1538 sit
2622 1484 2741 1555 ipsa
2790 1486 2997 1543 oblatio
3036 1486 3290 1543 amabilis
3336 1486 3405 1547 ei.
3451 1491 3497 1543 el
3541 1487 3718 1543 sancti-

2175 1576 2336 1640 ﬁcata
2361 1590 2458 1642 per
2488 1573 2850 1643 baptismum,
2885 1592 2983 1645 per
3005 1575 3317 1649 passionem
3343 1573 3558 1635 Christi.
3575 1580 3723 1648 θερει-

2177 1663 2365 1725 ﬁdem,
2398 1666 2461 1715 in
2490 1662 2704 1730 Spiritu
2726 1669 2931 1731 sancto,
2957 1663 3012 1723 id
3037 1670 3123 1721 est
3152 1679 3253 1732 per
3268 1662 3499 1731 gratiam
3521 1660 3723 1731 Spiritus

568 1749 708 1801 [deus
737 1754 921 1801 autem
953 1751 1065 1814 spei
1094 1751 1297 1815 repleat
1316 1766 1405 1805 vos
1434 1753 1590 1805 omni
1634 1752 1841 1817 gaudio
1881 1756 1928 1804 el
1966 1768 2094 1821 pace
2116 1735 2376 1823 ﬁsancti.
2403 1751 2735 1809 Pontiﬁcum
2773 1758 2860 1811 est
2879 1752 3168 1811 doctrinm,
3202 1750 3593 1821 praedicationis
3614 1764 3725 1818 opes

497 1838 562 1903 in
585 1837 865 1905 credendo.
902 1836 977 1889 Ex
1008 1836 1110 1890 hoc
1157 1837 1304 1907 quod
1335 1836 1509 1895 huius
1555 1840 1829 1909 propheta
1852 1840 1995 1897 dixit
2024 1841 2093 1895 de

497 1924 721 1980 Christo
755 1938 767 1971 =
791 1924 855 1979 In
885 1941 949 1977 eo
968 1932 1164 1993 gentes
1183 1925 1507 1995 sperabunt,
1536 1930 1775 1999 sumpsit
1798 1930 2096 2001 Apostolus

501 2013 850 2068 occasionem
891 2021 954 2068 ut
984 2014 1197 2068 diceret
1247 2015 1357 2071 illis
1410 2016 1553 2073 hanc
1602 2016 2041 2087 benedictionem
2078 2036 2090 2070 :

497 2102 649 2158 Deus
668 2107 857 2158 autem
888 2102 1027 2172 spei,
1061 2103 1154 2172 qui
1176 2103 1371 2161 tribuit
1398 2121 1554 2173 spem
1584 2106 1901 2162 futurorum
1927 2106 2095 2161 bono-

498 2205 625 2245 rum
656 2190 711 2245 in
745 2205 804 2244 se
833 2190 1429 2262 credentibus,repleat
1457 2209 1554 2247 vos
1582 2194 1733 2249 omni
1759 2194 1965 2263 gaudio
1979 2194 2094 2264 spi-

500 2279 656 2334 ritali
684 2285 742 2351 et
768 2296 919 2349 pace.
963 2279 1019 2334 id
1042 2286 1129 2347 est
1153 2281 1468 2339 concordia.
1500 2298 1692 2339 amore
1738 2284 1985 2339 fraterno
2036 2284 2094 2340 in

499 2384 563 2423 se
586 2370 863 2441 credendo
887 2388 900 2434 ;
932 2369 1223 2425 credentes
1251 2370 1311 2425 in
1335 2386 1462 2425 eum
1497 2371 1593 2440 qui
1617 2388 1709 2426 vos
1739 2389 1838 2442 per
1862 2373 2093 2441 sangui-

500 2474 629 2513 nem
660 2476 824 2514 suum
855 2460 1170 2530 paciﬁcavit
1185 2460 1295 2529 Deo
1315 2460 1618 2527 Patri,sitis
1633 2468 1689 2517 et
1710 2462 1816 2531 ipsi
1857 2462 2094 2519 invicem

504 2548 805 2603 concordes
825 2556 882 2617 et
910 2549 1147 2619 paciﬁci,
1179 2549 1275 2619 qui
1322 2549 1594 2605 hactenus
1633 2550 1819 2605 fuistis
1860 2551 2099 2608 invicem

501 2638 955 2707 dissidenteszut
980 2640 1270 2692 abundetis
1310 2642 1367 2691 in
1409 2654 1497 2706 spe
1542 2645 1591 2694 ct
1619 2644 1824 2711 rirlute
1851 2640 2098 2707 Spiritus

502 2731 700 2787 sancti.
724 2727 782 2781 id
811 2732 898 2780 est
916 2732 981 2781 ut
1003 2744 1104 2797 per
1122 2727 1385 2796 virtutem
1408 2727 1649 2800 Spiritus
1668 2728 2098 2798 sancti,plenam

502 2816 760 2871 habeatis
776 2832 933 2886 spem
955 2823 1177 2870 aeternae
1199 2816 1932 2887 remunerationis.ejusque
1950 2818 2098 2872 dono

503 2911 676 2977 atque
702 2905 910 2960 auxilio
965 2904 1259 2963 sublevati.
1302 2904 1570 2962 virtutem
1607 2906 1781 2962 totius
1829 2906 2099 2963 bonitatis

506 2996 743 3066 adipisci
770 2994 1118 3061 mereamini.

2179 1857 2299 1894 ram
2325 1839 2481 1903 dare,
2508 1845 2564 1897 et
2591 1839 2815 1899 illorum
2870 1846 2957 1899 est
3005 1840 3338 1901 sacrificium
3393 1839 3576 1901 oll‘erre
3610 1836 3719 1899 Deo.

2180 1930 2322 2003 Nam
2345 1928 2491 1989 sicut
2520 1928 2574 1990 in
2598 1928 2786 1991 Veteri
2809 1929 3169 1990 Testamento
3192 1927 3433 1999 pontich
3452 1927 3555 1987 sive
3573 1940 3721 1987 sacer

2180 2019 2280 2075 dos
2310 2019 2549 2077 hostiam
2573 2025 2632 2077 et
2660 2017 2998 2081 oblationem
3035 2036 3204 2089 quam
3230 2017 3489 2091 offerebat
3511 2018 3724 2077 Hecate.

2180 2107 2333 2166 diose
2363 2106 2692 2176 providebat
2718 2112 2781 2169 ut
2804 2107 3016 2177 absque
3046 2108 3264 2167 macula
3294 2114 3455 2171 esset,
3479 2106 3553 2161 ita
3575 2111 3622 2159 et
3647 2103 3724 2173 qui

2180 2195 2541 2264 Evangelium
2567 2195 2906 2255 annuntiant
2932 2196 3222 2265 providere
3259 2193 3461 2255 debent
3478 2200 3553 2256 ut,
3575 2205 3724 2260 neque

2179 2284 2237 2339 in
2268 2283 2681 2354 praedicatione,
2713 2300 2895 2354 neque
2924 2284 2981 2345 in
2996 2283 3274 2361 doctrina,
3300 2297 3396 2345 seu
3419 2279 3719 2359 magisterio,

2179 2372 2366 2442 aliqua
2388 2372 2551 2441 culpa
2576 2378 2859 2433 nascatur,
2892 2380 2958 2433 ut
2984 2372 3063 2427 sic
3083 2372 3194 2426 illae
3223 2372 3416 2427 hostiae
3459 2371 3565 2431 Deo
3593 2372 3725 2435 erant

2179 2467 2437 2531 acceptae.
2466 2462 2546 2521 ita
2571 2462 2684 2522 sint
2711 2467 2769 2527 et
2791 2461 3077 2523 auditores
3104 2461 3328 2523 illorum
3354 2461 3412 2521 in
3438 2456 3724 2521 sacriﬁcium

2180 2551 2282 2607 Dei
2302 2556 2679 2613 transeuntes,
2712 2549 3003 2617 imitantes
3027 2550 3134 2620 ipsi
3172 2549 3556 2620 praedicatores
3592 2560 3723 2614 egre-

2180 2641 2336 2715 gium
2385 2640 2673 2701 doctorem
2715 2645 2773 2695 et
2812 2639 3150 2715 magistrum
3186 2638 3460 2715 gentium,
3501 2635 3587 2705 qui
3625 2632 3725 2696 illos

2183 2745 2322 2799 quos
2345 2729 2460 2782 Deo
2490 2743 2592 2785 sua
2619 2727 3012 2798 praedicatione
3070 2733 3129 2789 et
3189 2726 3497 2789 ministeria
3536 2724 3590 2797 in
3638 2721 3725 2781 ﬁde

2183 2816 2482 2881 obtulerat,
2514 2817 2745 2887 optabat
2768 2823 2832 2881 ut
2861 2816 2981 2873 sine
3012 2817 3234 2879 macula
3259 2813 3523 2885 gravioris
3547 2808 3725 2883 peccati

2181 2911 2579 2976 permanentes
2599 2906 2811 2975 accepti
2842 2910 3031 2969 essent
3066 2906 3205 2968 Dec.

2251 2996 2429 3053 Habeo
2462 2997 2641 3060 igitur
2667 2996 3399 3064 gloriam,praeparatam,in
3421 2990 3725 3052 Chrislqlciu

578 3084 768 3152 Cereus
794 3100 919 3137 sum
945 3084 1365 3150 autemfralrcs
1391 3086 1518 3149 mei,
1543 3089 1591 3138 et
1610 3100 1702 3151 ego
1723 3087 1833 3152 ipse
1850 3086 1916 3139 de
1934 3087 2096 3150 vobis,
2117 3087 2161 3149 Ο
2184 3084 2256 3139 ad
2290 3084 2495 3161 Peum;
2522 3098 2587 3139 ac
2612 3082 2657 3148 si
2687 3082 2932 3147 diceret:
2974 3082 3083 3145 P-er
3108 3082 3347 3140 virtutes
3378 3098 3495 3151 quae
3536 3082 3651 3137 sunt
3681 3075 3727 3137 in

505 3175 771 3243 quoniam
793 3174 951 3240 pleni
971 3175 1096 3227 estis
1123 3173 1419 3226 dilectione
1438 3173 1538 3225 Dei
1556 3177 1605 3225 et
1628 3177 2098 3242 prorimi,replcti

503 3264 663 3317 omni
678 3263 931 3323 scientia,
953 3263 1034 3314 ita
1063 3265 1125 3312 ut
1144 3261 1364 3327 possitis
1391 3262 1733 3331 alterutrum
1769 3278 2007 3329 munere,
2039 3262 2095 3318 id

502 3356 589 3406 est
614 3350 848 3420 invicem
875 3365 969 3403 vos
999 3348 1276 3419 castigare
1312 3353 1371 3401 et
1395 3348 1697 3418 corripere.
1728 3350 2011 3406 Perfectos
2038 3351 2097 3405 in

505 3439 617 3494 ﬁde
640 3438 844 3493 blande
870 3437 1194 3507 alloquitur.

570 3530 855 3583 Audacius
881 3530 1068 3581 autem
1095 3530 1294 3595 scripsi
1317 3530 1481 3593 uobis,
1497 3528 2095 3601 fratres,arparte.Au—

502 3618 718 3679 dacius,
739 3617 873 3671 licet
898 3616 974 3671 sit
993 3616 1405 3687 comparativus
1432 3614 1661 3685 gradus,
1690 3615 1748 3671 in
1775 3614 1878 3672 hoc
1904 3622 2096 3672 tamen

499 3708 623 3761 loco
652 3723 754 3776 pro
774 3700 1008 3775 positivo
1035 3705 1283 3775 ponitur,
1316 3704 1465 3774 quod
1485 3710 1570 3766 est
1607 3703 1892 3762 audacten
1925 3704 1981 3761 id
2010 3710 2098 3762 est

502 3811 632 3864 cum
688 3793 923 3849 audacia
968 3799 1028 3846 et
1071 3793 1390 3849 securitate.
1449 3790 1695 3863 Ideoque
1746 3792 1981 3868 addidit.
2030 3809 2095 3869 ex

501 3887 683 3955 parte,
713 3881 847 3952 quia
881 3881 1063 3936 multa
1089 3880 1300 3954 sciebat
1327 3881 1447 3951 ipse
1473 3881 1532 3937 in
1576 3882 1762 3946 corde,
1808 3899 1931 3952 quae
1984 3898 2096 3941 non

397 4016 400 4018 η
499 3970 822 4044 proferebat
852 3987 969 4035 ore,
1002 3976 1059 4024 et
1088 3988 1213 4041 qua:
1233 3970 1315 4027 illi
1346 3986 1458 4026 non
1486 3976 1749 4042 poterant
1783 3987 2003 4041 capere,
2032 3987 2097 4029 ex

503 4060 707 4133 quibus
731 4066 949 4131 partem
974 4060 1253 4116 scribebat
1271 4060 1351 4115 eis
1369 4079 1383 4126 ;
1410 4061 1497 4115 vel
1518 4060 1688 4118 etiam
1710 4060 1915 4117 idcirco
1935 4060 2092 4125 dixit,

502 4167 569 4206 ex
597 4155 777 4221 parte,
809 4150 941 4221 quia
964 4151 1083 4220 jam
1109 4150 1366 4218 legerant
1392 4149 1499 4218 ipsi
1519 4150 1786 4218 epistolas
1808 4150 2098 4218 ejus,un

500 4238 627 4292 aliis
658 4238 904 4291 ecclesiis
936 4237 1346 4303 destinaverat;
1379 4243 1437 4290 et
1461 4252 1582 4307 quae
1613 4236 1687 4292 ibi
1711 4252 1822 4293 non
1843 4238 2099 4305 legerant

503 4343 570 4380 ex
595 4330 774 4395 parte,
796 4326 854 4378 in
880 4325 985 4378 hac
1015 4324 1222 4379 interre
1246 4324 1480 4379 studuit.
1522 4324 1681 4380 Unde
1710 4330 1767 4380 et
1794 4324 2053 4383 subditur
2080 4342 2092 4377 :

2179 3172 2404 3233 Christo
2450 3172 2585 3236 Jesu
2615 3188 2756 3247 quas
2806 3188 2909 3241 ego
2940 3172 3270 3241 amplector,
3299 3170 3471 3235 habeo
3522 3165 3726 3245 glqriam

2177 3266 2547 3332 praeparatam
2569 3260 2791 3325 mihi.et
2809 3261 3077 3325 honorem
3102 3260 3408 3327 maximum
3427 3256 3566 3329 apud.
3583 3256 3729 3317 Deum

2179 3345 2407 3413 Patreni
2416 3391 2428 3402 .

2251 3438 2376 3500 Non
2417 3440 2569 3499 enim
2595 3438 2765 3503 audeo
2790 3438 3011 3505 aliquid
3047 3439 3203 3504 loqui
3237 3452 3449 3507 eorum,
3479 3431 3729 3509 verbui'uin

2179 3543 2298 3593 qua
2312 3542 2412 3595 per
2434 3543 2517 3581 me
2546 3542 2656 3580 non
2685 3528 2851 3603 efﬁcit
2881 3526 3149 3591 Christus,
3204 3523 3372 3593 verbo
3415 3530 3470 3588 et
3506 3520 3662 3601 factis,
3685 3514 3729 3577 id

2179 3622 2284 3681 est,
2334 3631 2447 3675 non
2484 3615 2664 3677 audeo
2692 3615 2803 3683 alia
2834 3614 2991 3684 loqui
3026 3620 3083 3679 et
3136 3614 3460 3684 praedicare,
3496 3609 3594 3673 nisi
3633 3619 3733 3681 quae

2180 3705 2435 3759 Christus
2464 3704 2703 3773 inspirat
2754 3703 2892 3756 mihi
2947 3702 3003 3755 in
3062 3703 3251 3755 corde.
3306 3699 3576 3770 Quidquid
3611 3694 3733 3769 enim

2177 3792 2815 3864 operabatur,quidquid
2839 3790 3384 3861 loquebatur,totum
3405 3788 3639 3843 Christus
3654 3797 3735 3853 per

2177 3897 2307 3941 cum
2329 3880 2605 3945 efﬁciebat
2632 3880 2779 3947 sicut
2822 3880 2943 3950 ipse
2996 3880 3142 3945 alias
3198 3878 3384 3943 dicit:
3432 3881 3517 3943 An
3564 3872 3735 3940 caperi-

2177 3975 2431 4035 nwntum
2459 3972 2707 4037 quaeritis
2747 3972 2860 4037 eius
2889 3973 2985 4037 qui
3015 3972 3078 4022 in
3110 3983 3192 4020 me
3232 3970 3484 4036 loquitur
3525 3963 3733 4031 Curium

2184 4060 2261 4127 (Π
2312 4059 2432 4123 θρνο
2490 4058 2643 4123 Χιιυῒ
2692 4060 2760 4123 Ili
2816 4058 3179 4125 obedientiam
3220 4059 3473 4124 gentium
3512 4050 3660 4121 verbo
3693 4050 3738 4115 et

2179 4146 2341 4212 factis
2373 4147 2513 4214 :hoc
2533 4152 2619 4207 est
2644 4146 2848 4214 idcirco
2877 4146 3024 4215 insto
3055 4161 3159 4215 ego
3195 4143 3370 4213 verbo
3424 4136 3733 4213 priedicatie-

2178 4236 2286 4300 nis,
2317 4241 2374 4303 et
2394 4236 2556 4303 tactis
2590 4235 3080 4304 miraculorummt
3104 4222 3307 4313 gentes
3321 4231 3576 4302 obediant
3589 4228 3737 4297 Evan-

2174 4325 2342 4394 gelio.

508 4416 795 4481 Tanquam
809 4416 871 4467 in
892 4415 1220 4466 memoriam
1239 4414 1383 4466 vobis
1404 4412 1958 4479 reducens.subaudis
1974 4395 2162 4483 jamD.
2249 4418 2317 4475 In
2348 4418 2553 4480 virtute
2603 4418 2893 4482 signorum
2926 4418 2975 4468 et
3010 4413 3423 4483 prodigiorum,
3474 4413 3534 4477 in
3568 4406 3737 4473 vim!“

499 4502 703 4572 legisse
731 4517 857 4555 mea
875 4500 1025 4556 dicta
1047 4501 1107 4555 in
1118 4500 1452 4574 quibusdam
1474 4501 1725 4571 epistolis
1744 4504 1881 4561 meis
1906 4516 1917 4549 ε
1946 4503 2097 4573 quod

496 4592 614 4647 tale
639 4596 743 4653 est,
772 4590 886 4662 acsi
910 4590 1039 4644 aliis
1081 4589 1261 4645 verbis
1299 4590 1509 4645 diceret
1540 4605 1550 4638 :
1600 4591 1747 4647 Dum
1787 4592 1982 4653 reduxi
2025 4592 2096 4646 ad

499 4680 829 4746 memoriam
862 4680 1062 4750 legisse
1089 4696 1184 4734 vos
1204 4680 1321 4749 jam
1342 4697 1465 4735 mea
1481 4679 1923 4751 dicta,pauciora
1941 4679 2097 4737 vobis

502 4770 718 4841 scripsi,
740 4774 799 4825 et
823 4769 930 4825 hoc
950 4775 1177 4838 propter
1199 4771 1446 4835 gratiam
1477 4786 1594 4837 qua:
1617 4770 1748 4827 data
1776 4775 1848 4829 est
1879 4771 2024 4825 mihi
2059 4786 2095 4829 α

498 4862 622 4921 Deo,
648 4863 834 4931 utsim
868 4862 1128 4915 minister
1149 4860 1275 4930 Jesu
1307 4858 1513 4914 Christi
1535 4860 1802 4924 gentibus.
1841 4858 2096 4919 Gratiam

498 4947 588 5003 hic
616 4947 864 5017 appellat
881 4947 1238 5019 sapientiam.
1268 4962 1437 5016 quam
1467 4963 1579 5017 prae
1594 4946 1855 5017 omnibus
1875 4953 2097 5017 aposto-

496 5035 567 5089 lis
590 5035 841 5104 accipere
870 5036 1095 5101 meruit,
1137 5040 1202 5089 ut
1228 5034 1425 5091 beatus
1459 5036 1806 5105 Augustinus
1831 5035 2094 5095 dicit.Po-

496 5129 612 5193 test
641 5129 699 5178 et
724 5123 794 5178 de
823 5123 1135 5179 ministerio
1157 5124 1506 5193 apostolatus
1562 5124 1819 5194 intelligi,
1862 5125 2009 5194 quod
2039 5127 2091 5180 ei

496 5210 675 5283 gratis
710 5226 746 5265 a
801 5208 920 5265 Deo
968 5210 1234 5266 collatum
1288 5219 1391 5269 est.
1425 5212 1634 5287 Scripsi
1684 5213 1857 5277 vobis,
1884 5214 2086 5283 inquit,

494 5314 674 5371 pauca
695 5315 761 5353 ex
786 5298 1060 5370 pluribus,
1092 5316 1215 5370 quae
1240 5300 1297 5357 in
1326 5301 1493 5356 corde
1532 5318 1655 5357 meo
1681 5304 1845 5361 firma
1879 5302 2092 5361 haben-

492 5396 590 5443 tur
605 5394 833 5457 propter
856 5388 1097 5458 gratiam
1130 5390 1437 5459 sapientiae,
1470 5407 1592 5460 quae
1623 5391 1760 5447 mihi
1785 5408 1820 5445 a
1856 5392 2091 5453 Domino

491 5476 563 5533 ad
593 5476 697 5533 hoc
725 5476 859 5532 data
888 5484 991 5538 est,
1018 5482 1080 5532 ut
1106 5477 1262 5533 illam
1285 5494 1386 5548 pro
1415 5480 1723 5549 capacitate
1768 5481 2091 5541 auditorum

488 5566 896 5640 expenderem;
928 5565 1044 5621 sive
1075 5568 1249 5622 etiam
1271 5573 1335 5623 ut
1345 5567 1725 5627 ministerium
1741 5573 2091 5642 apostolatus

2179 4506 2422 4571 Spiritus
2446 4503 2828 4573 sancti.Signa
2854 4502 3211 4572 appellantur
3240 4502 3438 4571 multis
3456 4499 3512 4555 in
3540 4490 3736 4564 ιοείεςίη

2178 4593 2380 4663 quibus
2406 4610 2533 4657 cum
2565 4594 2639 4649 sit
2667 4592 2879 4663 aliquid
2924 4592 3203 4658 mirabile.
3242 4591 3525 4659 indicatur
3552 4595 3738 4657 quoque

2177 4698 2277 4752 per
2306 4698 2373 4745 ea
2401 4682 2615 4752 aliquid
2643 4680 3070 4747 futurum.sicut
3088 4680 3148 4745 in
3161 4680 3458 4746 sanatione
3479 4676 3569 4739 lilii
3588 4666 3737 4740 reguli

2179 4777 2464 4835 ostensum
2498 4776 2598 4833 est.
2629 4758 2871 4837 Domino
2901 4769 3156 4827 dicente:
3188 4770 3319 4833 Nisi
3344 4772 3505 4835 signa
3522 4770 3567 4821 et
3582 4758 3736 4831 prodi-

2177 4861 2271 4925 gia
2300 4861 2575 4923 videritis,
2614 4874 2726 4912 non
2754 4859 2977 4925 creditis
3007 4859 3183 4923 (Joan.
3220 4864 3324 4923 Ivi.
3361 4859 3464 4924 Per.
3490 4855 3587 4913 hoc
3611 4847 3732 4917 quin).

2179 4947 2326 5017 quod
2356 4947 2471 5013 viso
2499 4947 2769 5015 miraculo
2794 4945 3053 5014 sanitatis
3075 4946 3134 4998 in
3154 4945 3270 5015 filio
3300 4945 3472 5013 illius,
3506 4930 3735 5011 perpauci

2174 5022 2547 5099 crediderunt;
2574 5042 2733 5107 pater
2758 5035 3016 5101 videlicet
3043 5034 3195 5101 illius
3224 5050 3355 5111 cum
3386 5032 3517 5099 suis,
3549 5022 3735 5111 signifi-

2173 5124 2405 5179 cabatur
2424 5125 2573 5193 quod
2600 5124 2852 5195 paucitas
2879 5123 3201 5199 ludaeorum
3230 5109 3514 5189 creditura
3534 5119 3667 5179 esset
3690 5109 3737 5173 ill

2173 5214 2372 5279 Deum.
2402 5214 2540 5279 Ecce
2569 5215 2795 5283 signum
2822 5212 2968 5283 quod
3000 5211 3379 5282 utrumquein
3415 5226 3476 5276 se
3502 5204 3736 5271 sentin“.

2176 5303 2442 5373 quiddam
2481 5303 2696 5367 scilicet
2734 5301 3012 5365 miraculi,
3057 5307 3113 5357 et
3154 5300 3420 5371 quiddam
3475 5291 3653 5363 futuri.
3680 5288 3740 5351 ᾼί

2174 5409 2303 5446 vero
2334 5392 2591 5463 prodigia
2619 5392 2885 5451 dicuntur
2914 5390 3073 5461 quasi
3105 5388 3419 5460 porodigia.
3451 5386 3533 5449 vel
3582 5391 3740 5452 perro-

2173 5480 2438 5542 dicentia,
2480 5497 2543 5535 eo
2572 5481 2720 5551 quod
2750 5479 2963 5551 aliquid
3001 5479 3058 5532 in
3087 5479 3338 5551 futurum
3380 5463 3739 5541 tantummodo

2172 5570 2490 5638 ostendant,
2521 5570 2683 5651 quasi
2715 5570 2893 5655 digito
2914 5567 3282 5637 ostendendo.
3305 5565 3481 5635 Signa
3497 5566 3672 5645 satam
3694 5554 3737 5621 βξ
