3936 6164
471 248 575 321 503
886 248 1265 306 HAYMONIS
1303 249 1791 306 HALBERSTAT.
1834 250 2059 306 EPISC.
2101 250 2259 305 OPP.
2299 250 2484 306 PARS
2524 252 2567 306 Ι.
2616 281 2680 292 -
2719 250 3090 309 COMMENT.
3131 255 3307 312 BIBL.
3599 259 3686 318 504

473 378 599 430 erat
617 374 677 429 in
700 375 834 441 ﬁde,
864 375 923 429 in
949 374 1241 440 charitate,
1277 380 1335 430 et
1370 375 1430 429 in
1459 376 1677 430 caeteris
1708 375 1873 430 rebus
1904 375 2261 448 spiri-Aquo
2290 376 2538 444 negotio.
2572 376 2687 430 sive
2735 394 2801 431 ex
2851 379 3209 448 oppressione
3238 379 3482 444 aliorum,
3520 382 3620 435 sive
3642 398 3699 436 ex

474 463 703 528 talibus,
734 481 835 519 suo
866 465 1110 519 adventu
1141 465 1438 536 supplevit.
2155 464 2494 533 praediorum
2521 466 2602 518 vel
2630 465 3036 536 mancipiorum
3077 467 3307 531 ratione,
3340 468 3562 522 Romam
3587 485 3698 523 con-

550 553 770 608 Obsecro
799 569 924 620 ergo
949 570 1055 614 vos,
1083 555 1290 620 fratres
1338 554 1589 613 Romani,
1644 569 1742 622 per
1770 555 2072 607 Dominum
2154 551 2435 611 currebat,
2467 553 2564 607 ubi
2594 559 2717 607 erat
2736 554 3063 625 imperator,
3111 560 3167 609 et
3184 556 3397 625 judices
3422 573 3698 611 causarum.

475 643 685 701 Jesum,
704 647 755 695 et
771 657 869 710 per
887 642 1215 695 clm-ritatem
1239 643 1484 709 Spiritus
1496 645 1691 705 sancti,
1710 658 1810 712 per
1827 641 2075 696 dilectio—
2157 640 2350 694 Potuit
2380 658 2512 711 ergo
2541 642 2664 696 ﬁeri
2690 647 2755 697 ut
2798 643 3003 697 Phoebe
3044 649 3300 698 matrona
3328 643 3395 698 ob
3422 644 3704 715 hujusmodi

477 744 609 783 nem
631 744 795 799 quam
826 728 1038 783 debetis
1066 729 1272 784 habere
1299 746 1431 800 erga
1455 731 1632 784 Deum
1658 736 1715 783 et
1734 731 2071 801 proximum,
2157 745 2381 783 causam
2405 734 2539 784 tunc
2553 730 2840 786 deveniret
2871 733 3105 786 Romam
3130 750 3143 799 ;
3175 739 3502 804 quaprOpter
3526 750 3704 803 praece-

480 831 603 886 quae
621 831 723 887 per
743 815 1015 887 Spiritum
1037 823 1295 871 sanctum
1310 818 1497 883 datur,
1522 817 1803 885 ﬁdelibus,
1827 824 1887 871 ut
1910 819 2076 885 adju-
2158 817 2242 888 pit
2265 818 2468 873 Paulus
2500 819 2875 886 credentibus,
2910 826 2976 874 ut
3003 821 3055 874 ei
3082 821 3141 874 in
3165 820 3319 875 omni
3346 821 3555 892 negotio
3576 821 3706 875 auxi-

478 907 614 958 retis
638 920 724 957 me
751 907 814 958 in
841 906 1187 959 orationibus
1205 908 1398 959 vestris
1421 907 1495 959 ad
1522 907 1716 968 Deum,
1736 906 1792 960 id
1823 912 1908 960 est
1928 905 2077 977 apud
2158 907 2298 960 lium
2330 907 2561 973 ferrent,
2591 909 2703 963 sive
2731 910 2789 963 in
2820 909 3084 976 vestibus,
3108 910 3223 964 sive
3244 910 3302 964 in
3334 910 3494 976 victu,
3522 910 3598 963 vel
3623 910 3711 964 ali-

479 992 681 1054 Deum,
714 997 779 1045 ut
807 994 1008 1046 liberer
1030 995 1100 1047 ab
1130 996 1568 1063 inﬁdelibus,qui
1585 996 2078 1059 suntinJudza,et
2161 1013 2271 1066 quo
2290 996 2538 1051 subsidio
2568 999 2884 1068 temporali.
2940 998 3259 1070 Redditque
3302 1008 3527 1053 oausam
3566 1013 3712 1068 quare

482 1082 728 1148 obsequii
753 1084 881 1142 mei,
910 1081 968 1135 id
997 1086 1083 1135 est
1110 1082 1408 1136 ministerii
1437 1083 1523 1136 vel
1561 1082 1889 1136 obedientiee
1918 1099 2076 1149 meae,
2159 1084 2296 1138 talia
2324 1085 2627 1159 praecipiat.
2683 1087 2900 1140 Etenim
2930 1091 3039 1155 ipse
3087 1100 3300 1154 quoque
3335 1089 3527 1149 astitit,
3571 1086 3621 1139 id
3644 1090 3715 1139 est

482 1171 685 1224 oblatio
704 1175 919 1239 accepta
944 1173 1044 1237 ﬁat
1080 1173 1145 1223 in
1179 1173 1485 1224 Jerusalem
1514 1175 1738 1235 sanctis,
1772 1177 1833 1225 ut
1862 1176 2081 1225 veniam
2165 1172 2505 1226 ministravit
2525 1179 2695 1245 atque
2732 1175 3001 1229 auxilium
3030 1174 3267 1245 praebuit
3296 1176 3498 1237 multis,
3525 1179 3569 1226 et
3595 1174 3716 1226 mihi

481 1259 557 1312 ad
574 1275 663 1312 vos
688 1261 750 1312 in
768 1259 972 1326 gaudio
982 1274 1083 1325 per
1108 1262 1445 1312 voluntatem
1462 1261 1575 1323 Dei,
1603 1265 1653 1313 et
1678 1262 1978 1327 refrigerer
1996 1277 2083 1313 vo-
2166 1264 2290 1328 ipsi.

487 1347 715 1400 biscum.
746 1347 849 1400 Ille
870 1346 1073 1416 quaerit
1098 1347 1441 1416 refrigerari,
1468 1348 1563 1417 qui
1583 1348 1771 1402 calore
1802 1348 1936 1402 solis
1974 1349 2087 1402 uri-
2236 1350 2485 1405 Salutate
2514 1353 2763 1405 Priscam
2796 1357 2844 1405 et
2874 1354 3137 1420 Aquilam
3177 1353 3455 1420 adjutores
3506 1366 3635 1403 meos
3665 1351 3717 1402 in

484 1439 600 1499 tur,
630 1434 715 1488 vel
745 1434 841 1505 qui
870 1434 1175 1504 pugnando
1204 1441 1261 1489 et
1288 1436 1553 1489 luctando
1577 1437 1767 1493 caleﬁt
1786 1442 1957 1507 atque
1978 1437 2083 1490 las-
2167 1439 2381 1492 Christo
2400 1441 2546 1504 Jesu,
2577 1439 2635 1492 in
2681 1440 3078 1511 praedicatione
3105 1440 3363 1494 videlicet
3390 1443 3446 1493 et
3472 1438 3585 1492 aliis
3605 1452 3715 1508 ope-

486 1526 664 1597 satur.
697 1521 769 1576 Et
790 1520 989 1576 beatus
1014 1523 1315 1593 Apostolus
1336 1524 1555 1578 fortiter
1572 1525 1860 1595 pugnabat
1886 1532 2081 1580 contra
2165 1527 2339 1593 ribus,
2365 1531 2465 1595 qui
2489 1544 2590 1596 pro
2620 1533 2819 1583 ani-ma
2850 1546 2988 1592 mea,
3036 1530 3093 1583 id
3123 1535 3212 1584 est
3238 1546 3339 1600 pro
3379 1529 3491 1583 vita
3535 1545 3645 1583 mea
3667 1533 3720 1581 ut

485 1609 865 1681 philosophos,
888 1615 1084 1664 contra
1102 1611 1342 1678 Iudaeos,
1376 1620 1569 1666 contra
1593 1613 1902 1679 hereticos,
1926 1614 2082 1669 ideo-
2167 1616 2323 1685 illam
2351 1622 2658 1681 servarent,
2710 1634 2839 1671 suas
2876 1621 3104 1683 cervices
3144 1621 3558 1687 supposuerunt,
3603 1615 3720 1688 peri-

489 1713 598 1768 que
621 1697 979 1753 desiderabat
1005 1700 1077 1753 ad
1106 1705 1331 1771 tempus
1360 1706 1477 1754 tam
1519 1718 1751 1773 corpore
1781 1720 1946 1773 quam
1973 1704 2083 1774 spi-
2102 1705 2352 1780 Bculose
2382 1711 2747 1776 opponentes.
2784 1705 2971 1760 Prisca
2997 1707 3121 1777 ipsa
3159 1711 3247 1760 est
3272 1722 3394 1777 quae
3418 1710 3474 1760 et
3507 1704 3721 1759 Priscilla

488 1783 605 1839 ritu
631 1786 1004 1856 requiescere.
1050 1788 1210 1842 Unde
1244 1789 1366 1859 ipse
1393 1789 1530 1844 dicit
1557 1791 1801 1861 quodam
1829 1793 1950 1846 loco
1976 1812 1986 1846 :
2020 1793 2085 1848 Si
2164 1794 2481 1865 appellatur
2528 1793 2586 1848 in
2633 1794 2867 1849 Actibus
2897 1795 3307 1865 apostolorum,
3331 1800 3389 1849 et
3416 1801 3531 1848 erat
3560 1793 3722 1848 Judaza

489 1872 562 1925 ad
592 1873 785 1926 bestias
811 1878 1061 1941 pugnavi
1072 1875 1272 1943 Ephesi
1293 1878 1339 1945 (Ι
1368 1879 1489 1932 Cor.
1512 1882 1617 1946 xv).
1644 1878 1869 1933 Bestius
1888 1880 2083 1951 appel-
2162 1899 2389 1953 genere,
2413 1899 2553 1936 uxor
2580 1883 2795 1953 Aquilae
2841 1882 3038 1948 Judaei,
3070 1884 3166 1954 qui
3196 1883 3437 1954 quodam
3479 1890 3716 1952 tempore,

486 1959 569 2013 lat
596 1960 943 2032 philisophos
968 1968 1027 2017 et
1050 1963 1360 2018 haereticos.
1408 1966 1540 2019 Ideo
1570 1972 1758 2021 autem
1796 1968 2082 2037 exorabat,
2167 1972 2481 2027 dumJudzei
2495 1973 2705 2027 vellent
2725 1972 3385 2042 Apostoluminterﬁcere
3403 1971 3545 2042 apud
3564 1969 3722 2025 Corin-

488 2054 556 2102 ut
571 2049 811 2103 Romani
827 2050 944 2104 suis
959 2050 1306 2105 orationibus
1328 2053 1378 2106 ei
1399 2054 1761 2111 subvenirent
1777 2057 1911 2127 quia
1928 2058 2089 2111 time—
2169 2061 2351 2126 thum,
2379 2061 2473 2115 isti
2494 2078 2554 2115 se
2585 2061 2644 2114 in
2674 2061 2860 2115 medio
2891 2067 3278 2132 opposuerunt
3305 2066 3363 2115 et
3389 2060 3722 2114 liberaverunt

488 2135 587 2190 bat
612 2139 1029 2209 comprehendi,
1079 2140 1213 2194 dum
1255 2141 1470 2196 veniret
1509 2144 1976 2216 Hierosolymam,
2019 2146 2088 2199 ab
2171 2166 2318 2204 eum.
2356 2150 2509 2204 Unde
2539 2155 2595 2203 et
2623 2148 2816 2204 subdit
2845 2167 2857 2201 :
2889 2140 3088 2218 quibus
3118 2167 3231 2204 non
3260 2152 3405 2204 solus
3431 2165 3518 2215 ego
3545 2147 3717 2201 Paulus

489 2224 813 2280 inﬁdelibus
839 2227 1064 2292 Iudaeis,
1086 2233 1142 2283 et
1166 2231 1380 2284 retrudi
1400 2231 1455 2285 in
1478 2234 1870 2296 carcerem,ve1
1889 2235 2083 2297 occidi,
2169 2242 2383 2306 gratias
2415 2255 2536 2306 ago,
2566 2254 2667 2309 pro
2713 2239 2815 2292 hoc
2859 2238 3027 2304 facto,
3061 2240 3152 2292 sed
3179 2244 3229 2291 et
3280 2243 3482 2292 cuncta
3509 2238 3716 2291 Ecclesia

492 2318 551 2368 et
578 2329 690 2368 non
718 2321 910 2386 posset
932 2332 1114 2387 neque
1134 2319 1343 2372 sanctis
1363 2319 1581 2374 deferre
1606 2337 1843 2376 munera
1863 2330 1920 2376 et
1940 2324 2089 2378 obla-
2168 2331 2436 2395 gentium,
2457 2326 2659 2397 quibus
2681 2343 2816 2397 ergo
2836 2343 3098 2398 praesum,
3125 2326 3260 2397 quia
3290 2343 3391 2398 per
3417 2341 3585 2379 meam
3612 2339 3722 2395 prae-

490 2401 703 2457 tionem
732 2419 913 2469 suam,
947 2421 1130 2477 neque
1172 2408 1530 2479 postmodum
1581 2411 1773 2477 venire
1824 2412 2083 2483 Romam,
2169 2416 2505 2470 dicationem
2538 2416 2608 2469 ad
2640 2416 2811 2470 ﬁdem
2842 2421 3132 2470 venerunt.
3161 2417 3277 2470 Iste
3297 2420 3384 2469 est
3407 2432 3532 2486 ergo
3552 2413 3721 2484 Aquila

492 2489 639 2544 sicut
664 2491 724 2545 in
761 2492 1038 2547 desiderio
1082 2494 1344 2549 habebat.
1370 2497 1511 2550 Hinc
1545 2497 1829 2553 decutitur
1858 2502 2085 2570 pontiﬁ-
2169 2509 2227 2558 et
2254 2503 2505 2558 Priscilla
2531 2519 2671 2556 uxor
2712 2504 2839 2577 ejus
2880 2504 3030 2574 apud
3068 2520 3211 2575 quos
3252 2503 3512 2557 manebat
3549 2501 3721 2556 Paulus

492 2594 621 2633 cum
651 2579 916 2650 superbia
938 2586 997 2635 et
1026 2583 1385 2653 praelatorum
1407 2592 1577 2655 atque
1587 2586 1903 2658 principum
1928 2596 1985 2643 et
1997 2606 2089 2659 po-
2174 2592 2426 2646 Corinthi
2458 2593 2690 2661 positus,
2722 2593 2855 2663 quia
2879 2593 3130 2663 ejusdem
3158 2593 3299 2649 artis
3326 2593 3498 2648 labori
3524 2591 3719 2646 insiste-

490 2668 735 2722 tentium
766 2669 936 2739 hujus
959 2670 1166 2735 saeculi,
1199 2672 1295 2740 qui
1323 2672 1702 2743 dedignantur
1718 2691 1952 2730 exorare
1965 2676 2092 2731 sub-
2171 2680 2326 2745 bant,
2360 2681 2449 2734 cui
2478 2687 2531 2736 et
2575 2682 2781 2735 Paulus
2826 2687 3123 2737 structurae
3150 2682 3408 2737 videlicet
3432 2681 3724 2736 tabernacu-

488 2757 670 2827 jectos
693 2772 845 2819 suos,
875 2764 1154 2827 quatenus
1190 2776 1292 2831 pro
1340 2761 1421 2814 eis
1462 2778 1652 2832 preces
1696 2764 2091 2836 orationesque
2172 2768 2505 2839 lorum,quae
2526 2775 2583 2823 et
2602 2770 3006 2824 scenofactoria
3030 2787 3122 2825 ars
3169 2772 3502 2843 appellatur.
3533 2770 3726 2824 Sutores

491 2844 752 2899 fundant.
795 2844 854 2900 Si
882 2845 1031 2899 enim
1062 2847 1159 2901 ille
1205 2848 1301 2919 qui
1332 2855 1391 2903 et
1421 2852 1711 2921 apostolus
1741 2858 1799 2906 et
1842 2855 2093 2924 pontifex
2173 2857 2382 2910 etenim
2411 2862 2591 2922 erant,
2609 2863 2667 2911 et
2692 2857 2931 2912 suebant
2949 2875 3014 2912 ex
3035 2858 3277 2929 pellibus
3298 2860 3411 2914 sive
3430 2855 3727 2912 linteamini-

495 2939 619 2988 erat
635 2933 2091 3011 omniumgentium,omniquegratiaSpiritussancti
2174 2944 2278 2999 bus
2319 2944 2680 3000 tabernacula
2728 2953 2786 3001 et
2821 2947 3151 3017 papiliones,
3182 2948 3242 3001 in
3275 2947 3475 3018 quibus
3524 2944 3727 2999 maxime

492 3022 763 3092 repletus,
797 3038 909 3077 non
937 3028 1022 3078 est
1043 3024 1381 3094 dedignatus
1410 3028 1682 3083 auxilium
1710 3029 2090 3101 subjectorum
2110 3029 2155 3089 Ο
2179 3034 2439 3089 Saraceni
2487 3034 2759 3098 habitant,
2807 3034 3234 3106 vendebantque
3292 3052 3361 3090 ea
3408 3052 3525 3106 quae
3563 3047 3727 3103 opera-

495 3115 755 3182 expetere
784 3110 844 3165 in
874 3112 1241 3175 orationibus,
1260 3120 1470 3184 quanto
1500 3117 1679 3186 magis
1700 3118 1793 3172 isti
1820 3121 1917 3189 qui
1943 3122 2093 3191 pleni
2175 3122 2400 3188 bantur,
2424 3121 2666 3193 indeque
2694 3122 2971 3177 vivebant.
2999 3124 3078 3178 De
3098 3124 3185 3179 his
3207 3140 3345 3195 ergo
3375 3126 3454 3178 ita
3479 3122 3663 3193 legitur
3682 3120 3729 3172 in

495 3202 629 3253 sunt
654 3199 983 3270 rapacitate,
1001 3200 1284 3271 superbia,
1310 3203 1575 3274 omnique
1595 3206 1812 3260 nefario
1829 3214 1957 3261 actu
1982 3224 2093 3262 non
2174 3210 2407 3265 Actibus
2436 3212 2817 3281 apostolorum
2854 3230 2864 3263 :
2897 3214 3016 3266 Post
3066 3214 3175 3267 hac
3200 3219 3396 3268 autem
3433 3209 3728 3267 descendens

495 3286 704 3342 debent
737 3287 1281 3360 dedignari?ltaque
1299 3289 1607 3346 imitandus
1628 3298 1715 3347 est
1733 3295 1993 3349 omnibus
2012 3297 2094 3350 vi-
2176 3300 2385 3354 Paulus
2423 3302 2492 3354 ab
2522 3301 2769 3366 Athenis,
2800 3304 2946 3355 venit
2976 3303 3311 3358 Corinthum
3338 3305 3470 3369 (Act.
3504 3302 3658 3367 xvm),
3683 3301 3726 3349 et

495 3372 672 3457 ribus-
2175 3389 2401 3443 invento
2429 3388 2505 3441 ibi
2526 3389 2771 3459 quodam
2797 3387 3016 3455 Judaeo,
3050 3391 3281 3445 nomine
3296 3391 3513 3461 Aquila,
3535 3386 3727 3443 Pontico

570 3464 712 3518 Deus
734 3470 920 3519 autem
944 3468 1098 3534 pacis
1131 3470 1359 3522 sitcum
1399 3472 1655 3525 omnibus
1683 3475 1846 3526 vobis.
1891 3476 2091 3529 Amen.
2176 3494 2403 3548 genere,
2451 3478 2546 3549 qui
2595 3494 2776 3548 nuper
2813 3484 3044 3532 venerat
3071 3479 3141 3533 ab
3191 3481 3376 3545 Italia,
3424 3484 3482 3533 et
3514 3472 3729 3549 Priscilla

496 3551 648 3607 Deus
675 3553 826 3623 pacis
854 3553 1192 3624 intelligitur
1223 3562 1418 3612 sancta
1434 3560 1701 3625 Trinitas,
1741 3563 1899 3632 cujus
1930 3564 2097 3618 mise-
2180 3583 2349 3621 uxore
2388 3548 2603 3636 ejus,eo
2636 3567 2785 3637 quod
2804 3567 3160 3638 praecepisset
3174 3569 3442 3623 Claudius
3469 3548 3733 3637 imperator

497 3641 740 3696 ricordia
757 3642 1175 3697 reconciliatum
1191 3651 1278 3699 est
1293 3663 1473 3717 genus
1506 3648 1839 3716 humanum,
1859 3658 1916 3705 et
1938 3654 2098 3723 cujus
2179 3655 2466 3709 discedere
2495 3671 2688 3708 omnes
2727 3656 2948 3709 Iudaeos
2991 3655 3061 3709 ab
3120 3657 3257 3710 urbe
3291 3658 3485 3722 Roma,
3511 3671 3572 3708 eo
3611 3648 3734 3722 quod

500 3730 669 3793 dono,
700 3745 809 3800 pax
841 3735 898 3784 et
935 3733 1235 3788 concordia
1261 3735 1430 3791 datur
1455 3739 1671 3792 cunctis
1711 3740 1985 3797 ﬁdelibus.
2028 3744 2099 3798 Et
2179 3744 2428 3798 seditiosi
2452 3750 2658 3807 essent,
2691 3744 2932 3799 adhaesit
2971 3745 3072 3811 eis,
3095 3750 3151 3799 et
3181 3746 3316 3816 quia
3341 3745 3581 3816 ejusdem
3621 3737 3734 3794 artis

499 3817 638 3872 satis
680 3818 913 3888 pulchre
962 3818 1022 3873 in
1060 3836 1195 3891 pace
1243 3823 1439 3891 ﬁnivit,
1503 3826 1723 3883 duobus
1770 3831 1990 3902 populis
2036 3833 2097 3888 in
2180 3839 2360 3899 erant,
2394 3833 2700 3887 manebant
2729 3833 2787 3887 in
2818 3850 3013 3900 unum,
3060 3840 3118 3887 et
3156 3834 3535 3904 operabantur
3574 3826 3730 3885 simul.

500 3906 853 3961 concordiam
899 3910 1191 3978 revocatis,
1242 3914 1544 3971 ostendens
1573 3917 1708 3987 quia
1757 3936 1870 3973 non
1903 3920 2009 3975 nisi
2040 3924 2098 3976 in
2181 3923 2356 3977 Erant
2380 3923 2530 3976 enim
2559 3923 2805 3976 artiﬁces
2829 3921 3349 3990 tabernaculorum,
3395 3928 3460 3978 ut
3506 3919 3730 3977 diximus,

498 3994 745 4065 paciﬁcis
774 3995 924 4052 Deus
953 3997 1106 4067 pacis
1138 3999 1252 4070 (qui
1280 4018 1473 4072 pacem
1503 4010 1749 4075 praestat)
1792 4009 1967 4078 possit
1995 4010 2097 4063 ha-
2179 4009 2238 4062 id
2258 4015 2344 4063 est
2371 4014 2592 4064 sutores
2615 4015 3014 4081 componentes
3043 4009 3415 4065 tabernacula
3443 4027 3505 4065 ex
3534 4004 3735 4080 pellibus

502 4083 705 4140 bitare.
2181 4112 2281 4151 seu
2304 4098 2536 4151 cortinis
2563 4097 2771 4152 linteis.
2806 4098 2915 4152 Sed
2940 4098 3173 4169 quaestio
3194 4098 3286 4151 hic
3318 4100 3511 4153 oritur.
3545 4096 3667 4150 Cum
3689 4089 3736 4143 in

1111 4228 1346 4284 CAPUT
1392 4231 1519 4285 XVI
2181 4186 2411 4240 Actibus
2440 4188 2822 4257 apostolorum
2851 4187 3072 4276 dicatur
3117 4187 3264 4241 sicut
3312 4188 3479 4258 paulo
3519 4179 3736 4285 superius

2116 4300 2164 4358 Β
2183 4281 2469 4329 ostensum
2489 4282 2593 4343 est,
2617 4275 2779 4347 quod,
2792 4276 2942 4346 apud
2963 4266 3297 4330 Corinthum
3330 4275 3493 4330 simul
3525 4269 3736 4358 hospita.

575 4348 902 4403 Commendo
928 4354 1116 4438 autem
1145 4353 1291 4405 vobis
1318 4354 1542 4409 Phwben
1572 4373 1815 4414 sororem.
1836 4348 2159 4438 nostram,-
2191 4363 2401 4418 bantur
2426 4365 2655 4429 Paulus,
2677 4364 2883 4435 Aquila
2906 4370 2963 4417 et
2989 4364 3197 4425 Prisca,
3232 4380 3408 4434 quare
3439 4363 3495 4418 in
3515 4363 3612 4416 hac
3635 4354 3738 4426 Epi-

502 4451 618 4490 non
645 4451 834 4502 carne,
871 4437 968 4491 sed
997 4454 1348 4495 communem
1369 4441 1426 4496 in
1447 4444 1701 4514 ﬁde,qu.e
1728 4455 1805 4502 est
1848 4454 1907 4506 in
1938 4437 2103 4511 mimi.
2191 4452 2333 4506 stola
2358 4468 2392 4505 a
2437 4453 2707 4507 Corintho
2752 4453 2833 4506 eis
2876 4451 3046 4506 verba
3100 4452 3435 4506 salutatoria
3480 4444 3734 4506 scribebat,

502 4526 669 4578 sterio
684 4524 948 4592 Ecclesia,
970 4543 1090 4594 quae
1107 4533 1183 4581 est
1204 4531 1265 4583 in
1288 4532 1562 4599 Cenchris,
1583 4541 1645 4588 ut
1675 4553 1795 4591 eam
1843 4546 2110 4612 suscipia-
2196 4542 2354 4613 quasi
2385 4542 2576 4595 Romae
2619 4540 2949 4612 degentibus
2978 4540 3002 4594 Τ
3055 4540 3189 4605 Quae
3217 4541 3301 4594 ita
3346 4540 3589 4602 solvitur,
3619 4529 3740 4605 quod

505 4616 576 4668 tis
607 4616 670 4667 in
699 4614 933 4669 Domino
961 4615 1124 4683 digne
1153 4623 1375 4684 sanctis,
1402 4621 1507 4676 hoc
1536 4629 1644 4687 est,
1671 4625 1818 4697 sicut
1847 4634 2107 4688 convenit
2188 4629 2365 4699 pulsis
2421 4628 2627 4687 Judaeis
2684 4630 2749 4682 ex'
2796 4628 2935 4683 urbe
2986 4644 3087 4698 per
3141 4635 3483 4699 praeceptum
3535 4618 3735 4680 Claudii.

501 4702 728 4767 sanctis,
749 4702 882 4769 sive,
907 4707 973 4758 ut
994 4705 1223 4775 quidam
1255 4708 1473 4764 codices
1493 4710 1721 4779 habent,
1744 4715 1911 4786 digne
1942 4721 2097 4787 satis,
2186 4717 2517 4772 Corinthum
2576 4717 2670 4770 isti
2714 4717 2825 4771 duo
2870 4717 3142 4781 venerint,
3203 4731 3511 4787 rursusque
3554 4707 3740 4766 reddita

500 4790 558 4846 id
580 4797 666 4846 est
689 4791 909 4847 abunde
926 4799 981 4848 et
1002 4793 1250 4850 humane
1270 4815 1283 4862 ;
1302 4803 1349 4851 et
1377 4802 1647 4854 assistalis
1667 4806 1735 4865 ei,
1760 4803 1818 4857 id
1840 4813 1925 4860 est
1942 4811 2102 4863 auxi-
2185 4806 2443 4860 libertate
2490 4805 2761 4861 redeundi
2814 4805 2869 4859 in
2916 4810 3096 4858 morte
3130 4805 3387 4871 Caesaris,
3419 4800 3612 4858 reversi
3634 4798 3742 4851 sunt

501 4879 743 4947 liamini,
763 4887 818 4935 et
839 4881 1150 4937 subsidium
1165 4884 1503 4954 praebete,in
1525 4905 1851 4959 quocunque
1868 4900 2099 4965 negotio,
2185 4895 2443 4959 Romam,
2483 4895 2579 4949 ubi
2635 4910 2731 4948 eos
2768 4894 3071 4964 Apostolus
3107 4910 3258 4948 nunc
3294 4894 3521 4948 salutat.
3559 4889 3741 4943 Horum

503 4968 621 5021 sive
641 4972 1352 5040 causa,indigueritvestri,
1374 4975 1585 5030 auxilii.
1614 4978 1887 5043 ,Cenchraa
1906 4990 2104 5053 portus
2187 4983 2360 5038 etiam
2413 4982 2753 5038 domesticos
2809 4990 2867 5037 et
2920 4983 3249 5037 vernaculos
3293 4983 3519 5047 salutat,
3551 4992 3674 5049 quos
3696 4976 3742 5024 et

502 5059 593 5109 est
621 5055 897 5123 Corinthi,
946 5057 1041 5111 ubi
1072 5066 1195 5113 erat
1223 5060 1469 5118 Ecclesia
1498 5065 1772 5127 ﬁdelium,
1804 5070 1894 5123 cui
1935 5073 2104 5126 mini-
2188 5071 2492 5126 Ecclesium
2514 5072 2775 5142 appellat,
2824 5072 3015 5127 dicens
3049 5089 3060 5124 :
3098 5072 3161 5124 Et
3190 5072 3538 5124 domesticam
3580 5074 3740 5118 eorum

512 5142 732 5197 strabat
750 5143 955 5198 Phaabe
977 5147 1326 5204 nobilissima
1353 5159 1612 5208 matrona
1634 5156 1838 5210 victum
1858 5165 1916 5213 et
1932 5162 2103 5215 vesti-
2187 5163 2486 5225 ecclesiam,
2520 5160 2787 5214 subaudis
2815 5160 3020 5216 saluto.

506 5236 787 5301 mentum,
819 5237 1015 5304 utpote
1058 5236 1384 5294 ﬁdelissima
1422 5242 1480 5295 in
1522 5244 1631 5298 ﬁde
1680 5246 1906 5301 Christi.
1956 5249 2102 5320 Ergo
2219 5250 2469 5305 Salutate
2498 5250 3301 5318 Ephaenelumdilectummihi,
3325 5251 3425 5318 qui
3441 5240 3741 5313 estprimiti-

500 5326 638 5376 tunc
669 5325 956 5394 temporis,
1007 5328 1231 5397 quando
1265 5332 1566 5402 Apostolus
1620 5335 1786 5389 istam
1820 5338 2101 5394 scribebat
2183 5355 2280 5392 vus
2293 5340 2536 5393 Ecclesia
2555 5339 2711 5393 Asia.
2729 5338 2832 5392 Hic
2850 5338 3186 5408 Ephaenetus
3202 5338 3420 5391 videtur
3437 5335 3744 5407 primuscre-

502 5408 1079 5480 Epistolam,Romani
1102 5418 1361 5473 omnibus
1380 5421 1643 5490 gentibus
1666 5423 1741 5477 im
1750 5425 2105 5497 perabant,et
2185 5428 2391 5481 didisse
2407 5445 2470 5481 ex
2489 5427 2639 5480 Asia.
2660 5426 2810 5480 unde
2826 5433 2883 5481 et
2899 5427 3247 5498 primitivum
3267 5425 3578 5480 Asiaeillum
3591 5419 3740 5478 vocat;

497 5499 542 5552 si
575 5498 701 5571 quis
726 5498 997 5556 nobilium
1019 5521 1360 5576 praecipuam
1395 5509 1639 5566 habebat
1664 5530 1892 5570 causam
1911 5533 1975 5570 ex
1999 5517 2103 5571 ali-
2187 5518 2301 5570 sive
2332 5517 2466 5587 quia
2493 5515 2709 5590 primus
2737 5516 2989 5575 omnium
3021 5515 3275 5580 credidit,
3307 5531 3406 5569 seu
3444 5512 3605 5568 etiam
3631 5504 3741 5576 quit
