3850 6168
167 311 256 371 505

830 306 1214 364 EXPOSITIO
1244 307 1324 364 IN
1353 308 1510 366 EPP.
1542 308 1602 363 S.
1637 304 1875 362 PAULI.
1908 334 1975 347 —
2004 303 2085 360 IN
2116 302 2345 361 EPIST.
2374 301 2473 357 AD
2500 299 2679 357 ROM.

3286 296 3390 352 506

162 452 350 508 magna:
394 432 675 505 dignitatis
719 438 891 505 atque
942 434 1255 491 nobilitatis
1300 442 1442 491 erat.
1500 433 2216 504 IdcircoAmissarumque
2244 430 2697 494 celebrationem,
2727 432 2855 500 post
2891 425 3174 482 orationes
3200 423 3391 480 osculo

164 533 324 582 autem
351 524 683 578 mentionem
702 523 866 579 istius
890 524 1037 591 fecit,
1069 530 1134 579 ut.
1160 525 1484 580 ostenderet
1504 524 1718 579 nobiles

161 616 306 672 etiam
327 614 390 669 ad
418 613 581 667 ﬁdem
609 614 819 680 venire,
852 630 918 668 ac
953 629 1061 685 per
1086 614 1191 669 hoc
1214 613 1479 669 invitaret
1506 613 1717 684 primos

164 704 511 760 Romanorum
541 702 613 756 ad
640 703 830 757 ﬁdem.

215 791 831 859 SalutateMariam,qu.e
843 793 1087 844 multum
1102 791 1374 844 laboravit
1387 790 1713 857 inDomino,

159 880 372 937 ofﬁcium
399 877 608 932 scilicet
630 878 1044 948 praedicationis
1063 878 1289 933 feminis
1317 879 1405 933 sui
1433 868 1597 933 sexus
1616 880 1720 932 im-

157 966 417 1041 pendendo
444 982 545 1037 per
568 966 782 1020 domos.
809 968 956 1021 Nam
984 967 1042 1021 in
1066 967 1300 1021 ecclesia
1312 983 1425 1022 non
1445 966 1720 1022 docebant

157 1054 529 1118 mulieres,sed
572 1054 676 1108 viri
711 1073 723 1107 :
759 1055 891 1125 quia
915 1054 1036 1126 ipse
1084 1055 1387 1125 Apostolus
1415 1054 1720 1126 prohibue-

132 1150 231 1209 ,rat
254 1145 366 1209 hoc,
396 1142 588 1197 dicens
612 1160 624 1190 :
660 1144 916 1197 Mulieres
943 1146 1007 1198 in
1027 1129 1260 1197 ecclesiis
1281 1149 1493 1198 taceant
1510 1146 1570 1216 (I
1594 1144 1717 1199 Cor.

155 1233 263 1301 xiv).

212 1321 443 1376 Salutate
470 1321 857 1375 Andronicum
884 1326 933 1375 et
959 1323 1213 1381 Juniam,
1245 1328 1501 1390 cognatos
1522 1325 1572 1375 c‘t
1599 1338 1723 1375 con-

154 1412 364 1477 captioos
390 1423 552 1473 meos,
585 1411 686 1476 qui
714 1415 846 1463 sunt
878 1412 1081 1464 nobiles
1128 1414 1191 1465 in
1220 1413 1497 1479 apostolis,
1541 1413 1641 1479 qui
1675 1416 1725 1464 et

159 1502 268 1550 ante
286 1512 365 1549 me
384 1498 621 1563 fuerunt
642 1500 707 1551 in
722 1498 959 1553 Christo.
992 1499 1185 1554 Potest
1197 1499 1319 1553 ﬂeri
1333 1504 1397 1553 ut
1416 1499 1724 1553 secundum

155 1600 351 1641 carnem
363 1584 457 1638 isti
477 1586 701 1655 cognati
716 1585 931 1641 fuerint
949 1588 1219 1659 Apostoli,
1242 1587 1537 1658 Judaeique
1565 1587 1726 1641 simi-

157 1673 267 1727 liter
283 1673 598 1740 existentes,
624 1679 682 1728 et
704 1679 838 1728 sunt
863 1676 1081 1731 exsules
1095 1675 1275 1731 effecti
1305 1674 1548 1748 propriae
1577 1675 1725 1730 sedis

158 1762 218 1850 ob
234 1762 463 1847 gratiam
486 1762 641 1826 ﬁdei,
667 1763 813 1817 sicut
832 1768 891 1818 et
917 1764 1129 1819 Paulus
1166 1766 1389 1836 quando
1418 1765 1725 1835 appellavit
1741 1791 1786 1850 Β

158 1844 425 1904 Caesarem.
434 1850 810 1906 Crediderunt
821 1856 1010 1906 autem
1023 1858 1155 1907 ante
1165 1853 1325 1906 illum
1339 1852 1398 1906 in
1409 1852 1716 1917 Christum,

151 1944 200 1992 et
221 1938 419 1993 nobiles
446 1937 630 1993 habiti
655 1946 790 1994 sunt
816 1941 875 1995 in
905 1941 1195 2012 apostolis,
1216 1941 1274 1995 id
1305 1946 1391 1995 est
1408 1941 1558 2012 apud
1589 1957 1723 2011 apo-

152 2027 297 2081 stolos
315 2026 628 2094 duodecim,
660 2028 730 2083 de
764 2028 967 2099 quibus
995 2036 1052 2083 et
1070 2030 1211 2083 illud
1237 2029 1556 2100 intelligere
1590 2046 1722 2100 pos-

150 2131 338 2180 sumus,
367 2116 514 2186 quod
545 2116 802 2172 fortassis
831 2134 896 2171 ex
922 2117 1034 2171 illis
1089 2119 1449 2189 septuaginta
1502 2115 1722 2171 duobus

154 2203 391 2274 apostolis
415 2204 629 2259 fuerint
659 2211 718 2259 et
740 2206 847 2276 ipsi
874 2206 1111 2261 nobiles.

210 2292 442 2348 Salutate
471 2310 561 2347 eos
592 2296 692 2363 qui
719 2299 852 2348 sunt
876 2311 941 2348 ea:
965 2296 1263 2349 Aristoboli
1280 2294 1577 2349 domonte
1600 2294 1725 2348 Ari-

151 2380 370 2435 stobolus
391 2387 769 2452 congregator
795 2383 1133 2453 intelligitur
1172 2383 1347 2437 fuisse
1384 2383 1625 2437 fratrum
1664 2383 1723 2436 in

155 2466 347 2524 Christo
374 2471 751 2538 credentium,
768 2473 930 2542 cujus
953 2472 1161 2526 factum
1192 2472 1272 2526 sic
1292 2470 1584 2542 probat,ut
1598 2472 1721 2541 ejus

152 2554 421 2627 discipulos
451 2575 558 2613 sua
581 2560 923 2614 salutatione
951 2560 1152 2630 dignos
1172 2560 1361 2613 ducat.

209 2645 441 2700 Salutate
465 2650 750 2715 Appellem
775 2649 1013 2716 probum
1054 2650 1117 2702 in
1148 2648 1384 2702 Christo.
1416 2648 1572 2702 Licet
1607 2647 1727 2718 qui-

154 2733 262 2788 dam
288 2734 493 2790 faciant
524 2752 594 2789 ex
622 2736 727 2790 hoc
770 2737 881 2791 duo
927 2736 1158 2790 nomina
1200 2736 1447 2808 propria,
1480 2736 1728 2791 dicentes

154 2820 496 2881 ita:Salutate
515 2825 776 2895 Apellem
795 2829 851 2879 et
868 2824 1113 2879 Probum
1141 2844 1153 2890 ;
1186 2841 1300 2881 non
1328 2830 1417 2879 est
1439 2824 1599 2889 illud,
1625 2825 1725 2878 sed

154 2925 302 2964 unum
328 2928 534 2966 nomen
557 2916 646 2965 est
660 2912 949 2983 proprium
971 2928 1099 2965 cum
1120 2912 1413 2982 adjectivo.
1447 2912 1720 2976 Salutate,

1797 522 2114 576 dilectionis
2142 520 2452 591 suscipiant
2471 535 2532 573 se
2560 518 2820 572 invicem.

1869 613 2008 678 Rogo
2035 616 2240 674 autem,
2278 626 2388 673 vos,
2448 610 2672 675 fratres,
2722 610 2783 659 ut
2831 606 3116 659 observetis
3170 619 3253 658 eos
3294 603 3394 673 qui

1796 703 2157 755 dissensiones
2204 700 2434 764 faciunt,
2462 699 2521 752 id
2565 705 2671 761 est,
2719 696 2998 751 declinate
3046 694 3117 748 ab
3147 693 3258 748 illis
3295 693 3395 764 qui

1798 789 2109 844 discordias
2148 794 2205 843 et
2240 790 2388 843 rixas
2418 791 2642 841 movent
2658 786 2810 840 inter
2832 801 2949 839 vos.
2984 785 3195 839 Contra
3223 798 3395 855 pseu-

1799 878 2155 949 doapostolos
2184 883 2242 932 et
2264 878 2485 932 Judmos
2505 891 2618 930 non
2647 880 2797 929 recte
2825 873 3117 928 credentes
3142 870 3396 943 loquitur

1797 966 1923 1021 ista.

1873 1056 2260 1124 llujuscemodi
2276 1058 2460 1108 enim:
2480 1052 2747 1108 subaudis
2766 1052 3045 1112 homines,
3076 1049 3397 1122 quidissen—

1803 1145 1989 1199 siones
2018 1147 2298 1215 generant
2324 1143 2474 1196 inter
2502 1158 2599 1196 vos
2618 1140 2979 1196 discurrendo
3028 1140 3097 1195 de
3140 1140 3307 1193 domo
3336 1137 3397 1191 in

1802 1233 2054 1298 domum,
2070 1233 2367 1286 adulantes
2387 1236 2443 1285 et
2463 1230 2761 1284 laudantes
2789 1230 3085 1300 quosdam,
3113 1227 3240 1281 aliis
3265 1242 3396 1280 vero

1802 1322 2182 1386 detrahentes,
2202 1325 2257 1374 et
2284 1319 2630 1373 concitantes
2656 1334 2830 1372 unum
2861 1316 3127 1370 adversus
3153 1314 3398 1369 alterum

1806 1426 1908 1481 per
1925 1409 2323 1473 detractiones,
2347 1423 2460 1461 non
2480 1410 2729 1461 serviunt
2752 1406 2986 1469 Christo,
3010 1405 3101 1457 sed
3143 1419 3241 1457 suo
3266 1418 3401 1456 ven-

1810 1502 1888 1552 tri
1912 1518 1929 1552 :
1962 1499 2096 1569 quia
2122 1498 2249 1552 ideo
2276 1496 2581 1551 adulantur
2604 1494 2749 1560 aliis,
2792 1498 2850 1547 et
2877 1492 3238 1547 detrahentes
3274 1488 3400 1543 aliis

1806 1592 1960 1656 sunt,
1989 1592 2053 1641 ut
2082 1587 2301 1658 possint
2318 1601 2484 1640 suum
2504 1589 2757 1639 ventrem
2788 1582 3024 1653 implere
3048 1595 3061 1630 :
3093 1586 3142 1649 et
3159 1595 3262 1649 per
3277 1579 3403 1632 dul-

1807 1693 1887 1731 ces
1911 1692 2185 1730 sermones
2210 1680 2258 1727 et
2291 1675 2682 1728 benedictiones
2710 1673 2979 1725 seducunt
3029 1670 3196 1724 corda
3238 1670 3401 1721 inno-

1805 1767 2067 1819 centium.
2100 1764 2187 1818 Ad
2216 1763 2339 1828 hoc,
2369 1762 2570 1833 inquit,
2602 1760 2929 1832 praedicant,
2962 1762 3020 1813 et
3055 1758 3249 1812 dulces
3280 1770 3401 1810 ser-

1802 1868 2001 1907 mones
2058 1852 2397 1906 adulationis
2448 1856 2506 1904 et
2548 1848 2953 1905 benedictionis
2981 1845 3292 1918 proferunt,
3333 1848 3401 1898 ut

1802 1940 1972 1995 corda
1994 1940 2332 2012 simplicium
2356 1939 2594 1993 fratrum
2615 1938 2881 1992 seducere
2911 1934 3145 2006 possint,
3167 1938 3225 1988 et
3240 1920 3400 1987 inno-

1802 2029 2046 2084 centiam
2076 2046 2271 2084 eorum
2303 2028 2525 2083 auferre
2552 2027 2793 2081 valeant.

1886 2119 2065 2171 Vestra
2092 2120 2242 2171 enim
2262 2118 2589 2186 obedientia,
2625 2131 2737 2187 qua
2782 2114 3052 2169 obedistis
3099 2111 3399 2182 Evangelio

1803 2206 2093 2260 venientes
2108 2206 2179 2259 ad
2210 2206 2399 2269 fidem,
2422 2208 2486 2258 in
2512 2221 2733 2259 omnem
2782 2207 2961 2258 locum
2989 2208 3185 2257 vestrae
3211 2206 3400 2274 potes-

1805 2294 1941 2349 tatis
1964 2297 2251 2361 divulgata
2280 2299 2387 2357 est;
2420 2293 2527 2347 hoc
2553 2298 2640 2348 est
2668 2293 2818 2364 quod
2848 2292 2907 2346 in
2937 2292 3210 2363 principio
3229 2290 3400 2361 hujus

1806 2383 2069 2455 Epistolas
2089 2382 2230 2437 dixit
2257 2404 2269 2435 :
2296 2382 2519 2438 Gratias
2548 2398 2650 2449 ago
2677 2384 2783 2436 Deo
2825 2397 2961 2444 meo,
2990 2384 3126 2450 quia
3155 2382 3283 2448 ﬁdes
3311 2394 3403 2433 ve-

1803 2477 1923 2525 stra
1942 2474 2332 2525 annuntiatur
2350 2474 2413 2524 in
2435 2474 2694 2525 universo
2723 2471 2933 2523 mundo
2960 2471 3126 2535 (Rom.
3160 2468 3225 2538 Ι).
3252 2468 3403 2525 Gau-

1805 2563 1901 2615 deo
1932 2563 2113 2628 igitur
2134 2563 2195 2613 in
2224 2561 2392 2623 vobis,
2416 2576 2448 2614 o
2476 2558 2891 2629 Romani,quia
2920 2557 3234 2613 credidistis
3258 2556 3405 2611 sicut

1808 2654 1863 2703 et
1895 2665 2017 2719 ego.
2051 2648 2157 2704 Sed
2181 2651 2299 2703 voto
2336 2664 2427 2701 vos
2448 2651 2714 2716 sapientes
2742 2664 2849 2701 esse
2874 2650 2940 2701 in
2960 2648 3113 2709 bono,
3147 2650 3213 2700 ut
3237 2644 3403 2716 quid-

1810 2737 1946 2808 quid
1973 2736 2171 2808 sapitis
2229 2741 2287 2790 et
2326 2735 2656 2806 intelligitis,
2690 2740 2873 2789 totum
2926 2751 3094 2805 opere
3131 2731 3405 2788 studeatis

1807 2826 2073 2896 implere;
2096 2827 2370 2894 simplices
2408 2829 2595 2878 autem
2618 2826 2682 2877 in
2697 2826 2863 2889 malo,
2889 2828 2953 2877 ut
2970 2822 3105 2876 vitia
3128 2827 3185 2876 et
3213 2820 3405 2875 omnia

1809 2928 1932 2983 quae
1962 2912 2114 2966 mala
2169 2916 2302 2966 sunt
2341 2910 2528 2965 vitetis
2558 2917 2613 2965 et
2658 2910 3051 2965 contemnatis.
3086 2909 3280 2963 Simile
3317 2912 3403 2962 est

159 2997 330 3069 inquit,
362 3000 657 3071 Appellem
683 2999 943 3071 probum,
976 3000 1033 3055 id
1058 3006 1146 3055 est
1172 3000 1471 3071 probatum
1507 3000 1567 3054 in
1590 3000 1722 3063 ﬁde,
1745 3060 1782 3072 Α
1805 3000 1912 3055 hoc
1931 3001 2014 3054 illi
2042 3000 2212 3065 dicto,
2245 3000 2394 3072 quod
2422 3001 2493 3054 ad
2541 3000 2862 3055 Corinthios
2918 2997 3131 3063 scribit,
3172 2996 3400 3050 dicens:

154 3060 361 3143 etlaude
379 3060 621 3160 dignum
648 3106 659 3141 :
682 3060 920 3160 probum
933 3060 1143 3143 etenim
1165 3060 1406 3144 dicimus
1427 3060 1785 3159 probatumC
1808 3091 2031 3143 Malitia
2048 3060 2280 3158 parvuli
2292 3094 2503 3154 estote;
2536 3106 2705 3144 sensu
2723 3094 2936 3158 autem,
2965 3060 3196 3159 perfecti
3226 3089 3406 3140 estote

154 3178 201 3228 et
220 3176 570 3232 laudabilem.

207 3265 438 3320 Salutate
456 3283 548 3320 eos
569 3268 672 3334 qui
690 3271 822 3319 sunt
844 3282 909 3319 ea:
945 3266 1196 3320 Narcissi
1224 3267 1400 3319 deum.
1440 3266 1551 3320 Iste
1580 3266 1727 3319 Nar-

152 3354 317 3418 cissus,
337 3355 478 3409 utin
494 3354 628 3409 aliis
648 3353 932 3408 codicibus
947 3354 1253 3421 invenitur,
1286 3353 1584 3425 presbyter
1606 3358 1731 3408 erat
1757 3424 1766 3431 .

152 3449 263 3496 tunc
278 3444 569 3514 temporis.
782 3482 787 3485 -
1222 3454 1223 3463 ‘

206 3530 436 3585 Salutate
460 3532 677 3599 Rufum
696 3533 924 3585 electum
955 3534 1021 3585 in
1048 3532 1311 3593 Domino,
1343 3529 1401 3583 id
1459 3535 1547 3585 est
1602 3546 1730 3601 pro-

152 3625 340 3673 motum
360 3620 428 3674 ad
447 3619 858 3685 sacerdotium,
875 3625 925 3673 et
939 3625 1174 3673 matrem
1212 3624 1329 3688 ejus
1349 3626 1512 3689 atque
1526 3638 1726 3687 meam,

153 3720 236 3774 per
249 3707 605 3778 adoptionem
628 3708 996 3762 amoris.Haec
1015 3707 1220 3762 mulier
1241 3724 1449 3779 magna
1460 3710 1730 3780 religione

153 3793 404 3863 pollebat:
431 3813 562 3867 qua;
592 3795 742 3867 apud
782 3797 1111 3867 Apostolum
1141 3797 1247 3850 hoc
1274 3797 1484 3851 donum
1513 3814 1733 3869 prome-

154 3890 336 3948 ruerat,
367 3891 433 3939 ut
456 3890 649 3939 mater
667 3885 817 3955 apud
846 3885 1007 3939 illum
1035 3890 1349 3939 vocaretur.
1401 3886 1526 3940 Non
1580 3887 1731 3941 enim

153 3972 434 4039 putandum
463 3980 572 4040 est,
604 3973 667 4027 in
687 3973 813 4027 istis
840 3972 1277 4027 salutationibus
1324 3974 1570 4029 inaniter
1606 3975 1728 4029 ﬁeri

152 4074 237 4127 per
249 4060 494 4132 singulos
520 4078 780 4133 quosque
810 4061 991 4115 laudis
1007 4068 1065 4115 et
1093 4061 1449 4116 salutationis
1474 4063 1730 4118 diﬂ'eren-

153 4146 408 4216 tiam.Qui
428 4151 584 4204 enim
609 4150 716 4204 scit
742 4150 876 4221 quia
896 4149 1153 4204 Christus
1178 4150 1430 4221 loquitur
1450 4151 1507 4204 in
1530 4152 1727 4219 Paulo,

153 4243 313 4291 certus
332 4244 415 4293 est.
433 4239 589 4310 quod
612 4255 716 4309 pro
740 4238 866 4293 vita:
888 4238 1259 4303 merito,a1ius
1279 4238 1502 4309 quidem
1524 4239 1732 4309 probus

155 4321 332 4378 dicitur
356 4326 429 4380 ab
453 4344 545 4393 eo,
583 4327 731 4381 alius
756 4328 1143 4390 charissimus,
1176 4328 1321 4382 alius
1374 4327 1635 4383 laborans
1672 4328 1732 4384 in

1811 3180 1864 3244 (Ι
1884 3179 2009 3234 Cor.
2040 3182 2170 3246 xlv);
2195 3195 2260 3233 ac
2287 3178 2335 3232 si
2359 3178 2574 3233 diceret
2591 3176 2713 3231 aliis
2736 3176 2950 3231 verbis:
2978 3177 3198 3231 Bonum
3227 3173 3407 3245 sapite

1808 3265 2084 3331 faciendo,
2117 3267 2331 3321 malum
2361 3267 2619 3337 ignorate
2644 3266 2897 3335 vitando,
2927 3270 2984 3319 et
3011 3265 3092 3319 ita
3145 3264 3206 3318 in
3250 3262 3408 3318 vobis

1808 3354 2135 3426 implebitur
2158 3355 2307 3426 quod
2347 3355 2627 3413 subditur.

1879 3445 2022 3498 Deus
2059 3450 2246 3498 autem
2269 3447 2445 3513 pacis,
2506 3445 2638 3516 quia
2682 3461 2879 3516 pacem
2916 3448 3072 3498 amat
3114 3448 3173 3497 et
3212 3458 3408 3514 pacem

1808 3530 2012 3586 tribuit
2039 3532 2175 3597 suis,
2203 3538 2449 3587 conterat
2492 3533 2763 3589 Satanam
2816 3535 2916 3586 sub
2959 3532 3188 3601 pedibus
3215 3533 3409 3584 vestris

1810 3626 2080 3676 velociter.
2115 3623 2353 3677 Satanas
2378 3623 2435 3677 in
2464 3623 2659 3694 lingua
2685 3627 2879 3678 nostra
2897 3620 3408 3693 interpretaturad-

1812 3712 2109 3767 versarius.
2129 3717 2187 3765 et
2214 3716 2402 3782 potest
2419 3712 2477 3765 in
2495 3712 2601 3766 hoc
2630 3712 2751 3766 loco
2779 3711 3095 3783 significare
3119 3708 3407 3764 diabolum

1813 3805 1870 3853 et
1896 3799 2198 3863 Neronem,
2232 3801 2329 3871 qui
2358 3800 2691 3855 Christianis
2710 3799 3168 3855 adversabantur.
3200 3798 3409 3853 Possu-

1813 3903 1942 3942 mus
1964 3888 2133 3942 etiam
2160 3894 2218 3942 et
2241 3890 2431 3943 omnia
2459 3890 2692 3944 adversa
2714 3905 2815 3961 per
2843 3889 2948 3943 hoc
2960 3905 3162 3944 nomen
3194 3888 3407 3943 intelli-

1808 3992 1942 4046 gere
1962 3993 2085 4047 quae
2107 3976 2310 4031 animae
2337 3977 2592 4031 tendenti
2618 3978 2688 4031 ad
2710 3978 2891 4031 Deum
2940 3977 3212 4032 resistunt
3238 3983 3296 4031 et
3314 3976 3409 4031 ad-

1810 4070 2126 4131 versantur,
2154 4081 2276 4136 quae
2303 4072 2498 4120 exorat
2524 4066 2823 4137 Apostolus
2854 4066 3067 4119 conteri
3105 4070 3163 4119 et
3207 4064 3408 4135 subjici

1812 4154 2077 4226 potestati
2107 4154 2350 4208 illorum.
2382 4154 2533 4209 Deus
2564 4155 2739 4226 pacis.
2768 4154 2857 4209 cui
2883 4170 2989 4226 pax
3021 4155 3225 4226 placet,
3266 4170 3406 4208 con-

1812 4248 1963 4297 terat
1988 4243 2095 4297 hoc
2123 4243 2271 4314 quod
2293 4244 2636 4298 contrarium
2666 4250 2753 4298 est
2781 4244 2924 4315 paci,
2957 4248 3014 4298 et
3031 4244 3409 4298 dissensiones

1815 4338 2098 4402 operatur.
2127 4331 2285 4396 Quod
2332 4338 2521 4387 autem
2552 4333 2705 4399 dicit,
2738 4333 2842 4387 sub
2864 4332 3121 4404 pedibus,
3166 4332 3254 4387 vel
3273 4332 3411 4386 sim-

154 4407 385 4481 Domino,
416 4417 569 4470 alius
598 4416 829 4482 electus,
859 4421 924 4471 ut
951 4417 1042 4471 hic
1072 4416 1248 4471 Rufus
1272 4417 1369 4487 (de
1420 4434 1530 4488 quo
1581 4411 1795 4473 nuncD
1816 4420 2036 4491 pliciter
2061 4420 2447 4491 accipiendum
2471 4428 2557 4477 est
2583 4422 2685 4477 sub
2713 4426 3008 4494 potestate,
3040 4422 3127 4477 vel
3154 4421 3325 4477 etiam
3350 4421 3411 4476 in

156 4513 313 4554 sermo
342 4508 447 4572 est)
476 4504 696 4558 electus
722 4505 779 4558 in
836 4504 1076 4559 Domino
1133 4506 1431 4569 salutatur,
1463 4512 1519 4561 et
1548 4513 1731 4562 mater

154 4584 282 4643 illius
304 4597 486 4645 mater
533 4592 796 4663 Apostoli
853 4592 1081 4662 dicitur,
1111 4610 1282 4658 causa
1315 4610 1549 4649 summa;
1598 4595 1732 4650 dile-

158 4675 345 4732 ctionis.

213 4763 446 4823 Salutate
477 4772 719 4823 invicem
754 4773 817 4823 in
843 4772 1026 4824 osculo
1046 4776 1252 4837 sancto,
1280 4770 1335 4825 id
1363 4772 1523 4825 estin
1544 4772 1763 4827 osculo.

162 4867 257 4907 non
281 4856 423 4919 ﬁcto,
455 4859 545 4911 vel
574 4857 835 4923 subdolo,
870 4859 1024 4929 quali
1068 4860 1256 4913 osculo
1298 4860 1533 4914 tradidit
1560 4861 1733 4915 Judas

158 4940 512 5010 Salvatorem;
549 4947 642 5000 vel
670 4947 823 5017 quali
840 4948 1169 5001 osculantur
1186 4947 1383 5002 incesti
1414 4949 1554 5003 alios
1566 4965 1736 5003 causa

158 5029 531 5102 immunditim,
566 5037 719 5106 quod
765 5037 1016 5090 osculum
1072 5053 1184 5091 non
1236 5044 1452 5091 castum
1482 5043 1731 5105 vocatur,

156 5119 239 5174 sed
260 5122 664 5191 columbinum,
697 5130 755 5178 et
787 5130 875 5178 est
899 5141 1099 5179 sensus
1131 5140 1143 5174 :
1175 5124 1306 5179 Jam
1332 5126 1467 5196 quia
1492 5142 1595 5196 ego
1623 5142 1736 5180 non

157 5222 262 5263 sum
287 5227 557 5281 praesens,
588 5218 657 5266 ut
682 5229 779 5267 vos
800 5214 1013 5284 possim
1063 5230 1258 5268 omnes
1286 5215 1548 5280 osculari,
1581 5231 1738 5270 oscu-

158 5293 326 5353 lamini
346 5317 439 5355 vos
470 5300 733 5365 invicem,
769 5301 881 5355 mei
907 5302 1117 5356 amoris
1136 5319 1326 5367 causa,
1358 5290 1485 5358 cum
1505 5319 1737 5375 accepe-

159 5384 264 5439 ritis
283 5388 418 5442 hanc
445 5390 770 5461 epistolam.
824 5391 901 5445 Ex
954 5390 1059 5445 hoc
1125 5391 1244 5445 loco
1275 5391 1513 5463 aliisque
1536 5393 1739 5447 simili-

160 5467 268 5538 bus,
296 5492 411 5531 mos
439 5478 689 5533 traditus
718 5484 805 5533 est
856 5479 1130 5544 Ecclesiae,
1164 5486 1227 5534 ut
1280 5480 1739 5535 convenientibus

162 5559 329 5617 fideles
354 5565 411 5619 in
440 5566 680 5622 ecclesia
709 5567 779 5622 ad
818 5568 1159 5623 audiendum
1214 5568 1445 5623 verbum
1481 5569 1735 5624 divinum

1809 4508 1964 4562 brevi
1986 4514 2240 4580 tempore
2259 4515 2317 4564 et
2342 4510 2624 4565 velociter.

1883 4595 2109 4651 Salutat
2128 4614 2218 4651 vos
2253 4599 2564 4653 Timotheus
2589 4601 2818 4668 adiutor
2868 4616 3021 4653 meus
3059 4598 3116 4652 in
3147 4598 3411 4669 praedica-

1814 4685 2363 4751 tione,etLucius,et
2384 4689 2569 4749 Jason,
2621 4693 2667 4741 et
2707 4687 3006 4756 Sosipater,
3024 4689 3245 4753 cognati
3274 4686 3405 4739 mei.

1814 4774 2170 4828 Timotheum
2190 4775 2501 4844 adjutorem
2530 4791 2694 4829 suum
2720 4774 2876 4839 dicit,
2914 4790 3219 4844 omnesque
3238 4773 3409 4828 simul

1815 4868 2082 4933 cognatos
2112 4863 2376 4934 appellat.
2408 4863 2478 4917 Et
2504 4863 2727 4933 quidem
2750 4864 2820 4917 de
2847 4863 3141 4917 Timotheo
3157 4861 3411 4934 plenissi-

1818 4968 1907 5005 me
1926 4951 2106 5005 fertur
2127 4952 2185 5005 in
2239 4951 2470 5006 Actibus
2523 4951 2904 5021 apostolorum
2944 4954 3219 5017 (Act.xv1)
3260 4952 3410 5023 quod

1815 5039 1987 5095 fuerit
2004 5056 2069 5093 ex
2083 5039 2323 5105 Derben,
2344 5040 2492 5093 filius
2522 5039 2776 5093 mulieris
2804 5040 2986 5095 viduae
3025 5040 3224 5106 ﬁdelis,
3248 5046 3411 5112 patre

1814 5128 2030 5199 gentili.
2048 5126 2175 5198 Ipse
2200 5144 2421 5198 quoque
2435 5127 2743 5198 Apostolus
2762 5128 2915 5195 dicit,
2943 5130 3092 5201 quod
3113 5136 3413 5201 propterea

1816 5216 2099 5287 rogaverit
2126 5232 2254 5269 eum
2285 5231 2514 5270 manere
2543 5217 2768 5288 Ephesi,
2815 5224 2879 5273 ut
2905 5219 3266 5274 denuntiaret
3284 5221 3411 5291 qui-

1820 5305 2054 5359 busdam
2084 5321 2155 5358 ne
2171 5303 2337 5358 aliter
2354 5304 2641 5370 docerent,
2661 5322 2845 5378 neque
2864 5308 3224 5363 attenderent
3248 5307 3409 5362 fabu-

1819 5395 1889 5448 lis
1918 5400 1975 5448 et
1993 5393 2337 5463 genealogiis
2366 5394 2621 5451 inﬁnitis.
2655 5397 2887 5451 Lucium
2936 5403 3127 5451 autem
3182 5396 3407 5467 quidam

1818 5483 2001 5553 ipsum
2024 5481 2321 5552 perhibent
2334 5484 2539 5539 Lucam
2563 5502 2684 5540 esse
2701 5485 2797 5557 qui
2814 5485 3178 5555 Evangelium
3207 5485 3409 5536 Actus-

1820 5587 1928 5642 que
1955 5571 2338 5641 apostolorum
2384 5574 2623 5645 scripsit.
2670 5574 2875 5629 Beatus
2915 5573 3064 5628 enim
3108 5568 3408 5642 Apostolus
