3936 6164
423 262 526 321 511

879 266 1260 325 HAYMONIS
1285 268 1776 363 HALBERSTAT.
1803 271 2025 328 EPISC.
2061 270 2221 328 OPP.
2262 269 2447 327 PARS
2468 269 2515 326 Ι.
2547 297 2614 309 -
2645 264 3018 324 COMMENT.
3050 263 3235 320 BIBL.

3589 262 3694 319 512

420 388 562 457 ejus,
593 393 652 443 et
675 390 1018 446 ascensionis
1047 392 1118 446 ad
1138 393 1324 459 caelos,
1359 399 1417 448 et
1453 394 1725 450 adventus
1754 396 1905 451 illius
1943 397 2014 451 ad
2031 400 2081 458 Α
2101 397 2452 464 conﬁrmabit
2482 410 2591 459 vos,
2624 393 2677 447 id
2717 397 2804 446 est
2841 368 3128 447 roborabit
3168 389 3227 444 in
3264 404 3367 443 sua
3412 387 3522 443 ﬁde
3538 392 3614 443 -et
3635 388 3697 442 in

416 476 711 546 judicium.
743 477 877 542 Quae
903 480 1227 535 testimonia
1255 482 1515 537 Christus
1539 489 1669 538 ante
1698 486 2018 555 passionem

421 581 585 620 suam
612 566 886 635 praedixit,
919 573 976 623 et
995 570 1268 624 omniain
1295 577 1476 626 morte
1505 588 1607 626 sua
1635 574 2011 639 conﬁrmavit,

420 651 725 709 Videamus
744 672 922 710 unum
941 657 1331 713 testimonium
1361 675 1427 712 ex
1457 661 1667 727 multis,
1693 667 1751 716 et
1772 662 2021 717 conside-

419 756 610 798 remus
631 744 913 814 quomodo
934 745 1074 801 illud
1109 746 1387 817 praedixit,
1415 753 1472 802 et
1501 751 1782 820 quomodo
1808 752 2013 806 conﬁr-

422 832 627 899 mavit;
652 832 817 904 longe
841 839 973 888 ante
994 835 1315 906 passionem
1336 838 1672 907 suam,dixit
1689 839 1976 911 discipulis
1999 857 2011 891 :

420 921 549 975 Ecce
569 923 919 976 ascendimus
939 925 1379 994 Hierosolymam
1408 932 1455 980 et
1480 930 2018 982 consummabuntur

420 1012 612 1063 omnia
639 1027 757 1079 quae
783 1015 990 1079 scripta
1014 1019 1148 1067 sunt
1174 1030 1275 1083 per
1289 1017 1581 1083 prophetas
1600 1016 1664 1069 de
1685 1018 1824 1070 Filio
1845 1018 2018 1070 homi-

420 1100 529 1161 nis,
581 1104 710 1166 etc.,
751 1116 931 1171 usque
982 1101 1116 1155 dum
1164 1102 1262 1167 ait,
1322 1109 1372 1157 et
1426 1105 1513 1157 die
1563 1109 1728 1159 tertia
1771 1111 2014 1173 resurget

422 1186 568 1252 (Luc.
602 1188 784 1252 xvm).
817 1189 907 1243 Sic
922 1190 1129 1256 omnia,
1156 1191 1253 1245 illo
1271 1192 1529 1247 veniente
1546 1194 2011 1265 Hierosolymam,

420 1276 702 1346 completa
725 1284 877 1343 sunt,
902 1278 1033 1349 quia
1053 1280 1296 1334 traditus
1318 1286 1404 1335 est
1414 1282 1695 1353 gentibus,
1724 1284 1905 1338 Pilato
1922 1285 2019 1339 sci-

415 1362 568 1430 licet,
600 1370 657 1419 et
700 1366 973 1422 militibus
1022 1369 1144 1437 ejus
1190 1370 1390 1425 illusus
1434 1378 1541 1439 est,
1580 1373 1813 1438 occisus,
1848 1378 1905 1427 et
1927 1374 2018 1428 die

2101 484 2263 539 bonis
2313 483 2593 556 operibus,
2636 498 2805 551 usque
2846 484 2909 535 in
2949 483 3139 548 ﬁnem.
3178 477 3237 532 id
3278 482 3364 532 est
3405 493 3589 548 usque
3626 476 3698 530 ad

2100 573 2249 627 diem
2278 572 2479 626 mortis
2496 576 2715 635 vestrae,
2738 570 2824 623 vel
2860 584 3041 639 usque
3069 567 3141 621 ad
3169 566 3316 620 diem
3337 566 3556 636 judicii,
3577 567 3699 620 sine

2101 666 2357 718 crimine.
2390 663 2515 716 Non
2544 659 2678 714 dicit
2701 659 2823 712 sine
2850 661 3100 729 peccato,
3130 654 3229 709 sed
3270 655 3391 708 sine
3436 652 3697 720 crimine,

2099 750 2157 805 id
2186 756 2272 806 est
2297 751 2419 805 sine
2448 748 2675 820 capitali
2705 751 2951 818 peccato,
2982 744 3127 816 quod
3152 760 3188 797 a
3216 759 3390 813 regno
3425 742 3700 797 caelorum

2099 844 2341 911 separat.
2367 840 2512 894 Nam
2540 838 2729 892 nullus
2757 836 2926 889 homo
2960 839 3048 888 est
3074 848 3246 904 super
3258 838 3468 885 terram
3489 830 3591 901 qui
3622 830 3701 884 fa-

2099 928 2211 982 ciat
2238 928 2449 983 bonum
2478 931 2536 981 et
2562 941 2676 980 non
2706 929 2916 995 peccet,
2932 928 3031 977 aut
3048 922 3107 975 in
3126 919 3314 986 verbo,
3343 919 3529 973 autin
3551 918 3704 989 cogi-

2098 1016 2331 1070 tatione.
2375 1015 2534 1070 Unde
2578 1020 2636 1069 et
2676 1015 2920 1068 Joannes
2961 1010 3043 1064 ait
3074 1009 3175 1065 :Si
3202 1010 3513 1062 dixerimus
3562 1009 3702 1074 quia

2091 1108 2379 1173 peccatum
2401 1119 2511 1156 non
2541 1101 3066 1167 habemus,nosipsos
3085 1098 3473 1159 seducimus,et
3490 1096 3702 1148 veritas

2097 1196 2161 1247 in
2188 1195 2338 1247 nobis
2360 1209 2472 1245 non
2500 1197 2575 1245 est
2598 1193 2816 1259 (IJoan.
2850 1190 2911 1248 Ι).
2940 1187 3101 1252 Quod
3129 1191 3319 1240 autem
3350 1183 3489 1237 dicit
3522 1200 3536 1235 :
3562 1197 3702 1236 con-

2099 1280 2348 1336 ﬁrmabit
2374 1297 2469 1335 vos
2503 1297 2681 1352 usque
2719 1279 2780 1334 in
2805 1279 2997 1344 ﬁnem,
3040 1277 3147 1331 hoc
3176 1273 3455 1345 exposuit,
3485 1270 3702 1325 subne-

2100 1375 2256 1425 ctens
2289 1388 2302 1423 :
2333 1374 2401 1426 In
2442 1372 2530 1424 die
2558 1371 2824 1424 adventus
2852 1368 3081 1423 Domini
3107 1366 3286 1419 nostri
3312 1364 3439 1416 Jesu
3462 1360 3699 1426 Christi,

418 1452 589 1506 tertia
612 1456 940 1510 resurrexit.
973 1458 1133 1513 Unde
1160 1459 1295 1514 dicit
1323 1462 1621 1531 Apostolus
1646 1480 1657 1516 :
1684 1463 1841 1518 Sicut
1861 1464 2017 1517 testi-
2101 1460 2324 1531 quando
2371 1459 2490 1531 ipse
2537 1459 2722 1513 veniet
2760 1457 2994 1511 reddere
3031 1453 3334 1524 unicuique
3382 1448 3703 1504 secundum

419 1540 673 1596 monium
707 1543 935 1611 Christi,
959 1545 1014 1599 id
1030 1553 1115 1601 est
1135 1549 1914 1619 Evangelium,conﬁrmatum
1932 1558 2019 1607 est
2099 1564 2271 1619 opera
2297 1563 2416 1602 sua.
2441 1548 2577 1602 Duae
2593 1552 2783 1601 autem
2810 1542 3268 1599 suntvocationes
3292 1558 3303 1592 :
3323 1555 3436 1593 una
3466 1542 3559 1591 est
3577 1551 3704 1608 qua:

418 1627 481 1684 in
504 1629 675 1696 vobis,
705 1630 809 1686 hoc
828 1638 931 1700 est,
954 1636 1227 1690 creditum
1261 1644 1347 1691 est
1376 1654 1411 1691 a
1440 1638 1613 1705 vobis,
1648 1646 1706 1693 et
1724 1642 2017 1695 conﬁrma—
2099 1638 2164 1691 ﬁt
2190 1637 2429 1707 singulis
2456 1636 2797 1700 hominibus,
2822 1632 3047 1723 quando
3064 1630 3132 1723 ab
3160 1631 3267 1723 hac
3287 1629 3401 1682 vita
3423 1643 3535 1723 per
3555 1640 3705 1723 mor:

418 1722 541 1771 tum
573 1718 632 1773 in
662 1723 861 1775 vestris
903 1723 1178 1790 cordibus,
1223 1728 1357 1796 quia
1403 1728 1591 1782 omnia
1629 1730 1856 1785 creditis
1885 1748 2079 1816 veraB
2098 1733 2214 1781 tem
2244 1726 2495 1799 corporis
2518 1721 3009 1780 trnnseuntvocati
3028 1718 3363 1816 a_Domino:
3388 1716 3705 1816 altera‘eﬂf

418 1820 541 1861 esse
562 1823 684 1878 qum
702 1809 779 1863 ibi
797 1812 1175 1868 continentur.
1210 1818 1296 1870 Ita
1335 1821 1397 1870 ut
1428 1817 1573 1872 nihil
1609 1820 1757 1873 vobis
1786 1820 1924 1874 desit
1951 1804 2375 1888 inugeneralis
2419 1816 2477 1870 in
2520 1815 2610 1870 die
2631 1813 2850 1905 judicii,
2903 1811 3126 1905 quando
3168 1823 3382 1905 omnes,
3414 1812 3537 1905 tan}

419 1897 547 1949 ulla
562 1901 771 1964 gratia,
803 1899 859 1953 id
890 1905 975 1954 est
1005 1917 1187 1973 neque
1207 1903 1264 1957 in
1286 1905 1413 1970 ﬁde,
1447 1921 1629 1976 neque
1658 1906 1717 1960 in
1737 1907 2012 1973 doctrina,
2097 1922 2267 1977 quam
2295 1905 2448 1971 mali,
2476 1906 2547 1959 ad
2572 1904 2846 1975 judicium
2867 1901 3239 1965 vocabuntur;
3265 1902 3322 1951 et
3349 1911 3493 1966 quos
3511 1897 3579 1947 in
3595 1897 3705 1947 ista

418 2000 602 2055 neque
621 1986 679 2039 in
699 1987 1024 2044 diversitate
1046 1991 1389 2062 linguarum,
1420 2010 1603 2065 neque
1616 1996 1674 2049 in
1685 1996 1892 2051 virtute
1915 2000 2016 2053 mi-
2095 1994 2281 2065 prima
2299 1994 2587 2047 vocatione
2608 1991 2884 2047 invenerit
2904 1991 3053 2044 Deus
3077 1981 3613 2081 omnipotens.
3626 1981 3706 2033 ιδ’

420 2074 762 2129 raculorum.
796 2077 1042 2141 Quaastio
1064 2081 1246 2135 oritur
1272 2082 1331 2136 in
1353 2082 1459 2137 hoc
1487 2084 1608 2138 loco
1637 2102 1649 2136 :
1671 2084 1718 2138 si
1737 2086 2016 2142 Corinthii
2096 2080 2381 2147 bomntes,
2405 2082 2529 2136 illos
2550 2081 2744 2152 utique
2764 2081 2823 2134 in
2847 2077 3093 2133 secunda
3118 2091 3231 2129 non
3255 2069 3476 2127 vocabit
3494 2069 3575 2123 ad
3598 2069 3704 2122 hoc

420 2161 620 2217 divites
634 2170 799 2219 erant
817 2166 948 2220 facti
974 2167 1030 2221 in
1053 2170 1205 2223 omni
1229 2170 1392 2225 verbo
1418 2177 1476 2225 et
1497 2171 1554 2225 in
1584 2174 1738 2227 omni
1761 2175 2011 2243 scientia,

418 2255 477 2305 et
500 2251 548 2305 si
580 2256 738 2308 tanta
764 2255 948 2325 gratia
972 2263 1133 2312 erant
1163 2260 1379 2330 repleti,
1424 2265 1488 2314 ut
1516 2261 1657 2315 nihil
1686 2262 1766 2316 eis
1796 2263 2016 2320 deesset

414 2339 630 2409 gratiae,
655 2341 801 2397 sicut
818 2343 876 2398 in
893 2345 1255 2416 sequentibus
1275 2348 1498 2414 dicitur,
1533 2367 1708 2421 quare
1727 2355 2014 2422 apostolus

414 2428 476 2482 in
522 2428 992 2503 subsequentibus
1028 2435 1200 2505 hujus
1242 2437 1492 2506 epistolae
1537 2439 1672 2493 locis
1701 2440 1852 2496 dicat
1889 2442 2013 2497 illos

417 2518 797 2575 contentiosos
817 2538 958 2589 esse,
983 2528 1041 2578 et
1056 2524 1287 2596 insuper
1304 2525 1495 2593 addat,
1517 2528 1589 2581 ad
1616 2531 2011 2585 verecundiam

412 2613 657 2661 vestram
686 2609 847 2663 dico?
867 2611 1001 2675 Quae
1022 2612 1125 2667 hoc
1149 2614 1314 2668 modo
1343 2616 1579 2670 solvitur
1607 2635 1618 2669 :
1641 2617 1797 2673 Sicut
1818 2619 1875 2673 in
1896 2637 2013 2674 om-

414 2694 579 2751 nibus
601 2698 852 2753 ecclesiis
871 2699 984 2754 duo
1003 2707 1139 2755 sunt
1162 2718 1375 2772 genera
1402 2704 1715 2772 hominum,
1734 2706 2012 2763 bonorum

416 2784 630 2840 scilicet
654 2792 711 2840 et
740 2788 1039 2856 malorum,
1072 2790 1153 2845 ita
1181 2792 1330 2862 apud
1361 2792 1686 2847 Corinthios
1714 2800 1849 2849 tunc
1870 2801 2016 2851 tem-

416 2874 569 2944 poris
583 2880 761 2930 erant.
791 2876 1043 2932 Primum
1075 2896 1227 2950 ergo,
1261 2881 1561 2951 Apostolus
1581 2899 1614 2936 a
1633 2883 1893 2939 laudibus
1912 2902 2017 2939 cm-

417 2961 503 3031 pit
537 2968 595 3016 et
620 2965 931 3033 gratiarum
963 2967 1201 3033 actione,
1234 2970 1525 3041 alloquens
1554 2988 1649 3025 eos
1682 2972 1773 3042 qui
1804 2973 1865 3027 in
1903 2975 2013 3029 ﬁde

2098 2174 2163 2225 ut
2189 2171 2420 2225 damnet
2455 2187 2582 2225 cum
2630 2160 2902 2242 reprdbis,
2946 2166 3044 2238 qui
3088 2162 3336 2220 audituri
3381 2163 3564 2215 sunt:
3602 2159 3699 2219 Ite,

2098 2261 2399 2323 maledicti,
2431 2263 2495 2313 in
2528 2262 2711 2327 ignem
2741 2263 3031 2324 aeternum,
3055 2254 3154 2308 sed
3186 2251 3370 2324 potius
3401 2255 3469 2305 ut
3499 2262 3701 2302 remu-

2095 2355 2257 2403 neret
2278 2365 2401 2403 cum
2435 2348 2644 2414 electis,
2678 2347 2882 2419 quibus
2908 2346 3161 2400 dicturus
3200 2348 3287 2397 est
3317 2359 3328 2395 :
3374 2342 3580 2405 Venite,
3615 2341 3701 2393 be-

2096 2440 2301 2492 nedicti
2328 2440 2511 2491 Patris
2538 2440 2665 2499 mei,
2688 2424 2952 2505 percipite
2982 2449 3217 2501 regnum
3252 2431 3397 2485 vobis
3416 2433 3699 2498 paratum

2093 2529 2162 2581 ab
2191 2530 2405 2595 origine
2429 2528 2633 2580 mundi
2652 2527 2870 2598 (Matth.
2893 2528 3043 2591 xxv).
3065 2524 3131 2578 In
3152 2520 3409 2576 omnibus
3430 2517 3595 2572 enim
3618 2532 3705 2569 ve-

2094 2630 2193 2667 rax
2222 2613 2533 2685 apparebit,
2555 2614 2703 2669 sicut
2730 2612 3025 2684 sequentia
3053 2606 3517 2664 manifestabunt.

2166 2704 2364 2758 Fidelis
2394 2705 2552 2770 Deus,
2590 2718 2690 2772 per
2729 2718 2891 2771 quem
2928 2702 3105 2755 vocati
3144 2701 3270 2752 estis
3298 2700 3362 2750 in
3384 2698 3703 2749 societatem

2098 2793 2232 2846 Filii
2272 2796 2389 2861 ejus
2431 2795 2558 2846 Jesu
2602 2792 2829 2846 Christi.
2872 2789 3077 2844 Fidelis
3106 2789 3275 2842 Pater
3301 2784 3529 2848 dicitur,
3566 2783 3707 2854 quia

2097 2897 2263 2935 verax
2292 2886 2378 2935 est
2406 2891 2463 2935 et
2476 2881 2784 2951 complctor
2812 2879 2899 2933 sui
2927 2877 3222 2932 sermonis.
3246 2873 3514 2929 Promisit
3544 2872 3702 2926 enim

2096 2969 2334 3024 Abrahae
2352 2971 2614 3027 daturum
2636 2986 2695 3024 se
2714 2969 2797 3023 illi
2821 2974 3031 3023 terram
3064 2962 3533 3038 peregrinationis
3556 2978 3699 3027 suae,

418 3049 694 3122 bonisque
723 3054 985 3124 operibus
1027 3058 1256 3127 perfecti
1285 3034 1468 3126 erant,
1499 3034 1850 3116 abundantes
1879 3034 2072 3116 divi-C
2096 3065 2153 3114 et
2182 3059 2329 3130 quod
2359 3060 2418 3113 in
2454 3059 2667 3113 semine
2707 3060 2829 3129 ejus
2858 3034 3250 3151 benedicendaa
3276 3056 3471 3151 essent

419 3136 515 3190 tiis
561 3140 927 3211 spiritalibus,
967 3150 1031 3199 ut
1077 3146 1184 3216 ipsi
1209 3163 1433 3218 semper
1460 3148 1518 3201 in
1550 3148 1750 3202 melius
1779 3152 2014 3219 proﬁce-
2094 3154 2311 3219 gentes,
2341 3148 2399 3202 id
2445 3154 2532 3202 est
2569 3148 2630 3202 in
2661 3148 2903 3212 Christo,
2937 3144 3344 3215 complevitque
3382 3140 3526 3195 illud
3554 3140 3707 3193 sicut

419 3232 567 3293 rent,
608 3229 797 3301 sicque
827 3234 1185 3303 postmodum
1222 3234 1443 3289 fortiter
1479 3237 1648 3307 coepit
1675 3237 2014 3308 redarguere
2096 3238 2263 3291 modo
2295 3234 2868 3291 cernimus.Promisit
2888 3234 3050 3289 nobis
3070 3250 3170 3304 per
3184 3232 3385 3327 Filium
3401 3245 3577 3327 suum

418 3312 545 3370 illos
564 3318 661 3389 qui
689 3319 749 3373 in
777 3321 886 3376 ﬁde
926 3321 1210 3389 errabant,
1243 3324 1731 3397 dissensionesque
1765 3327 2011 3381 semina-
2093 3342 2269 3395 gnum
2299 3327 2593 3393 caelorum;
2629 3341 2796 3378 verax
2832 3322 3127 3395 apparebit
3154 3321 3349 3391 utique
3373 3317 3508 3389 quia
3534 3316 3705 3370 dabit

417 3401 575 3471 bant,
599 3423 754 3463 more
785 3410 1111 3480 peritissimi
1142 3411 1340 3465 medici
1370 3430 1562 3482 agens,
1587 3414 1682 3484 qui
1711 3415 1912 3469 vulnus
1931 3432 2014 3469 se-
2095 3413 2232 3467 illud
2263 3414 2443 3479 nobis,
2476 3414 2521 3467 si
2551 3412 3028 3485 permanserimus
3058 3411 3113 3464 in
3137 3410 3247 3463 ﬁde
3269 3410 3409 3478 ejus.
3445 3405 3704 3460 Societa-

414 3494 659 3550 candum
689 3497 900 3564 videns,
941 3500 1038 3553 sed
1087 3516 1298 3571 aegrum
1342 3501 1602 3555 timidum
1642 3519 1763 3556 esse
1789 3505 2013 3574 conspi-
2093 3508 2209 3556 tem
2229 3503 2657 3569 hic,secundum
2678 3501 3056 3562 Ambrosium,
3085 3497 3499 3552 fraternitatem
3527 3493 3703 3548 debe-

414 3582 587 3650 ciens,
607 3585 703 3640 diu
732 3587 926 3657 palpat
944 3603 1081 3641 sana
1111 3589 1382 3656 membra,
1409 3589 1704 3661 subitoque
1732 3593 2007 3662 percutit:

414 3685 572 3725 more
619 3673 790 3726 etiam
831 3675 1042 3741 arietis,
1096 3676 1191 3746 qui
1228 3677 1474 3747 primum
1503 3678 1798 3734 humiliato
1827 3682 2011 3751 capite

412 3757 641 3825 incedit,
674 3762 772 3815 sed
793 3764 1150 3832 postmodum
1172 3765 1395 3820 fortiter
1414 3767 1559 3821 ferit.
1586 3767 1838 3823 Primum
1857 3770 2008 3823 enim

2094 3607 2235 3655 mus~
2264 3592 2535 3662 accipere.
2567 3590 2793 3655 Fidelis,
2826 3590 3030 3660 inquit,
3064 3588 3213 3642 Deus
3237 3585 3405 3639 Pater
3433 3588 3493 3637 et
3522 3598 3701 3637 verax

2092 3681 2299 3751 est,qui
2317 3680 2474 3734 dabit
2493 3680 2683 3734 omnia
2708 3678 2855 3734 bona
2882 3678 3075 3750 patriae
3100 3675 3359 3738 caelestis,
3390 3689 3494 3743 per
3519 3686 3701 3742 quem

2094 3768 2272 3822 Deum
2303 3769 2526 3823 Patrem
2556 3768 2735 3823 vocati
2776 3768 2912 3822 estis
2941 3767 2999 3821 in
3031 3767 3376 3829 societatem,
3410 3761 3469 3815 id
3507 3766 3603 3815 est
3638 3760 3698 3813 iu

410 3845 662 3902 laudavit.
683 3848 1152 3917 bonos,etdeinde
1165 3856 1442 3926 percussit
1467 3857 2008 3912 malos.Verecundze
2090 3856 2499 3911 fraternitatem
2520 3857 2644 3911 Filii
2670 3859 2792 3928 ejus
2808 3858 2835 3912 ,Ι
2842 3873 2941 3911 esu
2963 3855 3259 3921 Christi,ut
3280 3853 3458 3908 simus
3480 3851 3699 3904 fratres

414 3935 624 3991 etenim
649 3941 1003 4007 mentes,nisi
1032 3942 1241 3998 fuerint
1256 3945 1534 4016 palpando
1551 3947 2009 4017 reprehensaedta
2090 3946 2117 3999 J
2124 3961 2222 3998 esu
2252 3945 2457 3999 Christi
2486 3951 2543 3999 et
2572 3946 2672 3999 ﬁlii
2702 3947 2843 4015 ejus.
2876 3961 2989 3999 non
3014 3961 3114 4016 per
3130 3950 3415 4003 naturam,
3450 3939 3551 3993 sed
3595 3955 3700 4010 per

410 4030 477 4079 ut
503 4042 568 4080 ex
595 4028 721 4082 aliis
747 4029 916 4086 rebus
945 4032 1181 4087 audiant
1210 4034 1435 4104 quodin
1460 4034 1902 4090 consolationem
1921 4053 2011 4089 su-
2090 4034 2471 4104 adoptionem.
2502 4035 2609 4088 Per
2634 4035 2835 4089 Filium
2868 4050 3034 4088 suum
3063 4032 3276 4086 vocavit
3301 4047 3403 4084 nos
3432 4028 3503 4082 ad
3516 4028 3698 4081 ﬁdem

410 4121 590 4182 mant,
605 4133 706 4187 per
724 4118 1163 4191 increpationem
1178 4122 1377 4176 duram
1396 4124 1651 4193 protinus
1664 4124 1734 4177 ad
1751 4124 2011 4195 despera-
2091 4136 2275 4190 suam,
2309 4126 2371 4175 ut
2390 4121 2463 4175 sit
2489 4121 2607 4193 ipse
2632 4121 2796 4176 nobis
2826 4123 3011 4184 Pater,
3046 4127 3103 4175 et
3132 4120 3309 4174 simus
3336 4134 3439 4214 nos
3478 4116 3695 4214 fratres

411 4202 625 4257 tionem
656 4206 883 4261 cadunt.
907 4210 1356 4275 Exspectantibus
1373 4213 1758 4265 reuelationem
1784 4214 2011 4267 Domini
2091 4209 2217 4263 Filii
2248 4210 2728 4282 ejus.Quicunque
2748 4210 2899 4264 enim
2916 4212 2973 4263 in
2989 4210 3170 4263 Deum
3189 4206 3466 4261 veraciter
3483 4203 3693 4268 credit,

411 4293 593 4342 nostri
651 4294 777 4346 Jesu
829 4294 1054 4350 Christi.
1116 4297 1398 4351 Revelatio
1456 4299 1837 4355 manifestatio
1900 4306 2004 4367 est,
2092 4299 2323 4369 ejusque
2344 4299 2617 4353 voluntati
2637 4298 3006 4369 obtemperat,
3030 4297 3149 4368 ipse
3169 4294 3555 4366 utiquefrater
3574 4292 3697 4346 Do—

412 4376 669 4433 Christus
694 4397 827 4452 ergo
858 4383 1023 4437 modo
1057 4384 1417 4440 absconditus
1455 4394 1542 4441 est
1570 4389 2004 4458 quodammodo,
2023 4387 2072 4445 D
2092 4387 2228 4440 mini
2259 4388 2437 4441 nostri
2464 4387 2501 4441 J
2505 4405 2603 4442 esu
2634 4388 2844 4441 Christi
2874 4393 2978 4454 est,
3007 4403 3119 4441 non
3148 4402 3249 4457 per
3269 4389 3556 4448 naturam,
3587 4380 3694 4435 sed

411 4469 468 4519 et
494 4482 608 4521 non
637 4476 887 4541 apparet,
925 4472 1058 4542 quia
1086 4489 1197 4527 non
1224 4474 1447 4530 videtur
1474 4493 1509 4529 a
1528 4476 1687 4530 nobis
1716 4476 1823 4530 nisi
1846 4494 2006 4531 men-

408 4559 488 4609 te.
521 4555 815 4613 Videbitur
834 4565 1025 4614 autem
1053 4561 1111 4615 in
1141 4562 1230 4616 die
1251 4564 1472 4633 judicii,
1502 4565 1725 4634 quando
1750 4582 1810 4619 se
1833 4567 2009 4620 mani-

408 4642 639 4701 festabit
662 4648 923 4703 omnibus
964 4650 1287 4706 hominibus
1315 4659 1430 4707 tam
1467 4654 1659 4708 electis
1710 4671 1879 4725 quam
1918 4672 2008 4709 re-

405 4734 616 4805 probis,
672 4736 819 4792 sicut
861 4738 999 4793 dicit
1050 4740 1359 4811 Scriptura,
1410 4742 1524 4796 imo
1580 4743 1863 4814 Propheta
1907 4761 2009 4815 per

408 4822 756 4895 Scripturam
799 4849 810 4882 :
845 4827 1080 4883 Videbit
1110 4830 1293 4884 omnis
1342 4847 1470 4885 caro
1514 4832 1761 4887 salutare
1794 4832 1917 4899 Dei,
1951 4839 2010 4887 et

409 4915 545 4965 tunc
592 4913 750 4969 dabit
795 4917 987 4971 electis
1036 4919 1277 4989 gloriam
1327 4936 1495 4991 quam
1539 4922 1619 4975 eis
1650 4922 1922 4991 promisit,
1950 4928 2007 4976 et

408 4996 576 5051 vitam
603 5000 724 5055 sine
752 5003 863 5057 ﬁne
893 5022 1218 5061 mansuram
1245 5026 1257 5074 ;
1291 5008 1439 5061 unde
1484 5010 1785 5079 Apostolus
1813 5010 1953 5063 alias
1987 5028 1998 5063 :

407 5085 634 5152 Mortui,
668 5089 870 5160 inquit,
902 5097 1028 5147 estis
1050 5102 1265 5163 peccato
1284 5101 1331 5149 et
1355 5100 1468 5150 vita
1486 5103 1665 5151 vestra
1684 5099 2003 5151 abscondita

406 5177 485 5227 est
512 5189 639 5228 cum
661 5176 875 5231 Christo
902 5182 965 5233 in
995 5181 1120 5235 Deo.
1154 5182 1289 5235 Cum
1326 5189 1516 5238 autem
1557 5186 1806 5240 Christus
1830 5202 2002 5254 appa-

406 5265 586 5315 ruerit
609 5266 725 5317 vita
772 5271 968 5330 vestra,
1014 5273 1146 5323 tunc
1172 5275 1220 5324 et
1247 5288 1336 5325 vos
1370 5275 1704 5341 apparebitis
1733 5291 1860 5328 cum
1886 5278 2002 5343 ipso

403 5353 469 5405 in
496 5354 679 5419 gloria
710 5355 841 5420 (Col.
878 5359 975 5423 ιιι),
1006 5358 1140 5428 quia
1168 5360 1327 5415 eritis
1374 5362 1519 5416 sicut
1568 5363 1754 5433 angeli
1803 5363 1904 5418 Dei
1943 5364 2001 5417 in

403 5438 561 5501 caelo,
595 5445 653 5494 et
683 5442 831 5512 quod
862 5446 1044 5515 majus
1058 5452 1169 5502 "est
1206 5467 1217 5501 :
1253 5450 1473 5505 Similes
1510 5454 1560 5503 ei
1588 5454 1816 5511 erimus,
1864 5468 1999 5520 quo-

400 5532 559 5587 niam
587 5534 891 5588 videbimus
919 5551 1043 5590 eum
1071 5540 1241 5591 sicuti
1267 5544 1341 5592 est
1365 5541 1448 5607 (Il
1478 5542 1640 5595 Joan.
1671 5554 1769 5610 tu).
1819 5543 1927 5607 Qui
1949 5546 1999 5594 et

2089 4492 2190 4546 per
2200 4477 2440 4546 gratiam
2462 4476 2799 4548 adoptionis,
2816 4476 3091 4547 sicutipse
3110 4474 3247 4529 dicit
3261 4474 3319 4527 in
3334 4469 3642 4541 Evangelia
3680 4488 3693 4520 :

2090 4566 2419 4638 Quicunque
2437 4566 2633 4621 fecerit
2651 4570 2989 4621 voluntatem
3000 4567 3182 4619 Patris
3196 4566 3322 4627 mei,
3356 4564 3457 4629 qui
3468 4564 3533 4614 in
3545 4562 3695 4613 certis

2089 4658 2302 4723 est,ipse
2318 4673 2470 4708 meus
2501 4658 2701 4723 frater,
2725 4670 2899 4719 soror,
2932 4660 2978 4708 et
3002 4659 3178 4707 mater
3207 4658 3282 4705 est
3308 4650 3534 4719 (Matth.
3557 4649 3690 4712 vn):

2090 4749 2148 4797 et
2191 4743 2261 4797 ad
2308 4743 2569 4797 mulieres
2617 4749 2745 4814 post
2787 4742 3255 4797 resurrectionem
3288 4758 3300 4793 :
3341 4740 3438 4805 Ite,
3477 4737 3689 4806 inquit,

2088 4836 2345 4887 nuntiate
2373 4834 2651 4900 fratribus
2679 4835 2814 4886 meis
2846 4833 3057 4901 (Matth.
3095 4831 3302 4895 xxvm).

2162 4922 2380 4977 Obsecro
2401 4927 2586 4974 autem
2598 4938 2706 4987 vos,
2711 4923 2934 4989 fratres,
2938 4935 3037 4988 per
3051 4935 3249 4973 nomen
3261 4919 3492 4972 Domini
3503 4918 3692 4969 nostri

2083 5013 2209 5065 Jesu
2237 5012 2462 5077 Christi,
2485 5016 2547 5064 ut
2569 5012 2813 5078 idipsum
2832 5012 3029 5063 dicatis
3046 5024 3250 5072 omnes,
3272 5013 3322 5060 et
3350 5022 3461 5060 non
3481 5008 3599 5058 sint
3625 5007 3689 5056 in

2085 5099 2232 5151 vobis
2250 5098 2569 5151 schismata.
2591 5098 2874 5151 Hactenus
2892 5095 3139 5150 laudavit
3160 5095 3285 5148 illos
3306 5092 3401 5164 qui
3413 5105 3691 5163 perman-

2085 5192 2280 5240 serunt
2298 5186 2573 5240 veraciter
2591 5186 2649 5239 in
2670 5185 3010 5250 ﬁde,amodo
3034 5200 3162 5238 vero
3175 5200 3241 5237 ex
3259 5183 3363 5237 hoc
3387 5182 3508 5235 loco
3538 5178 3692 5233 inci-

2083 5274 2168 5344 pit
2190 5275 2530 5344 redarguere
2567 5275 2712 5339 illos,
2746 5274 2842 5345 qui
2874 5273 3174 5327 divisiones
3200 5272 3350 5343 (quae
3376 5269 3693 5324 schismata

2080 5380 2259 5433 graece
2297 5364 2670 5434 appellantur)
2711 5363 3083 5426 seminabant,
3122 5361 3375 5415 dicentes
3404 5374 3462 5412 se
3490 5356 3689 5427 potius

2083 5452 2227 5506 ﬁlios
2274 5453 2562 5507 hominum
2594 5469 2628 5505 a
2658 5442 2861 5523 quibus
2907 5451 3352 5530 baptizabantur,
3401 5447 3545 5501 sicut
3597 5461 3690 5498 sc-

2082 5541 2315 5611 quentia
2356 5542 2740 5610 manifestant,
2781 5557 2952 5619 quam
2994 5541 3141 5597 ﬁlios
3167 5540 3289 5595 Dei.
3322 5539 3689 5607 Quapropter
