3936 6164
237 252 319 335 51's

882 269 1265 328 EXPOSI'I‘IO
1293 268 1375 324 IN
1408 267 1563 323 EPP.
1597 266 1655 321 S.
1688 264 1925 320 PAULI.
1958 295 2023 305 —
2053 266 2133 321 IN
2162 266 2385 324 EPIST.
2417 270 2443 324 Ι
2468 270 2566 325 AD
2596 271 2760 329 COR.

3365 273 3470 332 514

231 401 342 456 dicit
363 398 433 453 eis
451 396 781 468 Apostolus:
808 395 1053 452 Obsecro
1074 414 1192 462 vos,
1214 397 1436 456 fratres,
1460 409 1562 464 per
1580 407 1786 446 nomen
1803 392 1854 450 A
1870 390 2005 445 dum
2037 396 2139 458 est,
2165 393 2261 447 sed
2292 410 2569 465 suspensa
2587 412 2736 452 voce.
2763 396 3021 451 Christus
3041 397 3283 467 quodam
3304 400 3471 455 modo

232 487 417 546 Domini
436 485 757 548 Salvatoris,
780 502 882 556 per
904 487 1052 556 quod
1072 485 1270 540 salvati
1292 484 1443 543 estis,
1460 487 1521 535 ut
1541 482 1787 551 idipsum

229 577 394 633 dicatis
434 591 645 640 omnes,
697 574 968 628 subaudis
1000 576 1149 645 quod
1199 589 1302 644 ego
1352 571 1464 625 dixi
1507 570 1782 641 superius,

230 667 338 740 quia
359 664 449 719 ﬁlii
489 664 590 718 Dei
624 664 776 723 estis.
817 680 930 718 non
959 663 1207 718 dicentes
1243 679 1339 716 vos
1376 661 1521 715 ﬁlios
1549 659 1786 729 alicujus

227 753 449 818 hominis,
472 752 570 806 sed
590 752 712 806 Dei.
729 752 863 808 Sitis
881 756 1067 804 autem
1089 753 1319 820 perfecti
1333 753 1397 804 in
1417 750 1597 802 eodem
1624 764 1785 802 sensu

227 849 265 896 et
289 845 340 895 in
355 841 528 894 eadem
546 843 797 902 scientia,
822 839 972 910 quod
991 854 1166 892 unum
1188 842 1302 903 est;
1327 836 1383 889 id
1406 835 1567 890 estin
1589 834 1785 889 eodem

222 929 471 984 intellectu
500 932 744 994 manete,
776 943 945 998 quem
975 943 1065 981 me
1095 924 1386 996 accepistis
1418 928 1474 977 et
1499 922 1664 977 dicite
1688 938 1784 977 vos

224 1019 343 1073 filios
369 1033 482 1071 esse
510 1016 633 1084 Dei,
665 1016 813 1071 sicut
838 1015 1106 1070 dicebatis
1133 1014 1356 1085 quando
1377 1030 1411 1067 a
1427 1010 1581 1066 vobis
1601 1011 1783 1065 disce-

223 1108 390 1163 debam
418 1106 603 1161 corde.

277 1197 662 1263 Signiﬁcatum,
695 1194 752 1247 id
782 1198 866 1247 est
894 1194 1133 1247 relatum
1155 1197 1231 1246 est
1259 1195 1410 1247 enim
1430 1191 1574 1245 mihi
1601 1192 1663 1245 de
1693 1208 1779 1245 ro-

221 1288 301 1353 bis,
326 1286 518 1353 fratres
540 1286 671 1346 mei,
696 1284 767 1336 ab
790 1284 876 1337 his
899 1286 1000 1350 qui
1026 1287 1157 1336 sunt
1183 1282 1386 1343 Chloes,
1407 1285 1542 1349 quia
1565 1286 1781 1334 conten-

219 1378 359 1428 tiones
401 1378 532 1427 sunt
574 1375 723 1425 inter
763 1388 872 1426 vos.
904 1372 1103 1426 Chloes
1131 1372 1287 1425 locus
1331 1376 1434 1436 est,
1470 1375 1524 1425 et
1553 1370 1666 1424 tale
1695 1375 1782 1423 est

217 1480 270 1518 ac
296 1463 337 1516 si
363 1462 570 1516 diceret
600 1477 610 1510 :
652 1461 723 1515 ab
762 1461 851 1515 his
889 1462 986 1531 qui
1014 1466 1148 1515 sunt
1183 1459 1517 1526 Antiochiae,
1547 1464 1647 1514 aut
1681 1458 1781 1513 ali-

215 1552 609 1710 (luga:in
637 1657 764 1694 sum
792 1643 977 1702 Pauli,
1002 1637 1269 1693 subaudis
1292 1638 1460 1701 ﬁlius,
1492 1639 1576 1691 vel
1601 1637 1780 1708 bapti-

1869 479 2076 534 dicitur
2124 481 2335 536 divisus
2379 498 2520 547 esse,
2563 485 2788 554 quando
2828 484 3102 539 honorem
3139 490 3197 539 et
3230 486 3471 557 gloriam

1869 569 2010 639 ejus,
2036 586 2203 640 quam
2236 570 2343 624 sibi
2368 572 2597 643 proprie
2629 573 2749 644 ipse
2777 573 3033 640 retinuit,
3052 574 3299 628 haeretici
3325 574 3474 630 inter

1867 674 1928 710 se
1967 659 2262 728 patiuntur
2290 660 2601 715 dividentes
2645 662 2768 731 ejus
2812 662 3168 733 baptismum.
3203 662 3473 718 Similiter

1867 746 2113 802 haeretici
2143 748 2466 803 dividebant
2507 750 2815 815 Christum,
2854 751 3080 821 quando
3110 751 3286 823 aliqui
3315 752 3469 807 dice-

1866 833 2004 890 bant
2029 836 2187 890 illum
2218 853 2411 890 verum
2437 854 2641 909 corpus
2670 855 2782 893 non
2815 838 3099 904 habuisse,
3123 840 3269 894 sicut
3295 840 3472 895 Mani-

1866 924 2002 978 chzei
2036 943 2047 978 :
2087 925 2315 995 quidam
2344 942 2456 979 non
2484 926 2745 981 habuisse
2774 927 3042 994 animam,
3075 932 3140 981 ut
3176 927 3469 998 Apollina-

1865 1013 2032 1078 ristae,
2065 1014 2293 1084 quidam
2326 1014 2603 1069 minorem
2642 1016 2827 1082 Patre,
2859 1023 2925 1071 ut
2968 1016 3155 1070 Arius.
3196 1017 3469 1085 Nunquid

1863 1103 2073 1155 Paulus
2091 1119 2190 1171 pro
2210 1104 2354 1157 vobis
2375 1107 2675 1171 cruciﬁxus
2695 1112 2811 1159 est?
2838 1100 3108 1160 subaudis
3136 1122 3269 1172 non,
3296 1112 3355 1161 et
3383 1111 3471 1161 est

1861 1206 2087 1245 sensus:
2112 1192 2171 1245 in
2192 1192 2345 1246 illius
2366 1193 2592 1247 nomine
2612 1193 2826 1248 debetis
2846 1194 3138 1266 baptizari,
3152 1200 3210 1249 et
3231 1194 3290 1249 in
3312 1195 3465 1250 illius

1860 1278 2199 1349 baptismate
2221 1280 2436 1334 debetis
2458 1281 2685 1335 credere
2704 1298 2803 1335 vos
2823 1299 2987 1352 posse
3007 1282 3229 1348 salvari,
3250 1283 3345 1354 qui
3363 1299 3467 1354 pro

1862 1368 2018 1421 vobis
2050 1369 2345 1423 cruciﬁxus
2373 1376 2475 1423 est.
2507 1372 2617 1424 Aut
2650 1373 2709 1423 in
2741 1375 2963 1425 nomine
2991 1373 3158 1425 Pauli
3199 1373 3468 1440 baptizati

1862 1459 2023 1509 estis?
2065 1456 2167 1510 Hic
2198 1458 2354 1527 ponit
2385 1475 2445 1512 se
2481 1460 2783 1530 Apostolus
2810 1476 2914 1530 pro
2954 1458 3214 1514 omnibus
3241 1460 3374 1526 illis,
3405 1462 3469 1515 in'

1861 1545 2022 1615 cujus
2051 1546 2278 1599 nomine
2307 1563 2366 1601 se
2396 1547 2657 1601 dicebant
2693 1564 2815 1602 esse
2858 1548 3186 1619 baptizatos,
3227 1549 3466 1621 ideoque

1860 1651 1895 1687 a
1921 1651 1982 1689 se
2011 1636 2195 1706 ccepit,
2230 1652 2300 1689 ne
2329 1636 2471 1690 forte
2501 1637 2754 1692 dicerent
2788 1638 2869 1691 illi
2913 1638 3160 1693 haeretici
3193 1658 3204 1692 :
3248 1637 3465 1694 Idcirco

211 1708 362 1785 smate
383 1708 887 1801 baptizatus.Apud
900 1728 1222 1783 Corinthios
1238 1732 1589 1781 emerserant
1607 1726 1780 1780 haere-
1797 1708 1843 1767 Β
1862 1724 2072 1778 Paulus
2100 1725 2237 1778 talia
2264 1726 2525 1796 prohibet
2550 1743 2620 1781 ne
2649 1727 2855 1797 aliquis
2880 1727 3030 1781 dicat
3058 1746 3118 1782 se
3144 1735 3335 1782 nostro
3361 1729 3464 1783 ba-

209 1819 288 1874 tici
311 1824 427 1891 post
452 1819 765 1874 discessum
785 1817 1065 1889 Apostoli;
1098 1817 1340 1871 maxime
1367 1817 1427 1870 hi
1452 1816 1548 1886 qui
1576 1832 1640 1869 ex
1668 1816 1782 1870 cir-

207 1909 517 1962 cumcisione
547 1914 712 1962 erant
739 1907 916 1961 Judaei
947 1907 1255 1970 credentes,
1291 1905 1386 1976 qui
1416 1921 1780 1976 quoscunque

207 1995 533 2068 baptizabant
550 2014 685 2051 suos
705 2014 827 2051 esse
847 1995 1109 2050 dicebant
1132 1995 1297 2061 ﬁlios,
1316 1994 1666 2065 baptizantes
1684 2011 1779 2049 eos

205 2086 252 2140 in
277 2087 491 2141 nomine
520 2104 643 2151 suo,
673 2092 731 2141 et
758 2086 840 2140 illi
868 2087 964 2157 qui
993 2085 1064 2139 ab
1085 2086 1166 2140 eis
1192 2084 1621 2156 baptizabantur
1642 2101 1779 2154 gau-

205 2175 385 2230 debant
410 2193 546 2231 suos
588 2175 861 2247 appellari
899 2175 1043 2228 ﬁlios
1080 2191 1202 2228 esse
1238 2174 1465 2227 illorum
1504 2188 1539 2226 a
1576 2172 1779 2242 quibus

205 2264 439 2336 baptizati
466 2265 731 2331 fuerant;
774 2264 1066 2318 credentes
1094 2279 1244 2328 vero,
1282 2262 1378 2332 qui
1418 2266 1582 2316 erant
1608 2261 1778 2315 ﬁdem

203 2359 251 2407 et
272 2353 578 2408 doctrinam
605 2353 862 2425 Apostoli
886 2357 1164 2416 tenentes,
1190 2350 1480 2405 dicebant:
1514 2352 1623 2417 Ego
1652 2366 1779 2404 sum

205 2441 401 2506 Christi,
446 2443 601 2514 quod
645 2443 841 2513 utique
885 2441 1027 2495 bene
1073 2439 1352 2504 dicebant,
1387 2439 1520 2510 quia
1562 2439 1642 2492 sic
1690 2444 1777 2492 est

201 2530 490 2585 dicendum.
531 2530 805 2587 Similiter
844 2530 1052 2585 factum
1097 2535 1184 2584 est
1225 2528 1468 2600 quodam
1498 2532 1771 2598 tempore,

201 2620 397 2688 quando
412 2625 851 2674 exsurrexerunt
873 2621 1123 2674 Donatus
1144 2623 1200 2672 et
1218 2616 1582 2679 Novatianus,
1606 2618 1776 2671 haere-

197 2706 295 2775 tici,
310 2709 395 2779 qui
416 2725 785 2780 quoscunque
797 2713 1057 2779 poterant
1066 2707 1137 2761 ab
1149 2706 1391 2761 Ecclesia
1404 2705 1774 2777 expellebant,

199 2796 488 2870 iterumque
499 2798 946 2870 rebaptizabant,
966 2802 1022 2851 et
1035 2796 1293 2851 dicebant
1306 2813 1438 2849 suos
1454 2812 1575 2849 esse
1594 2795 1739 2849 ﬁlios
1760 2812 1774 2849 :

197 2889 246 2938 et
274 2886 348 2941 illi
390 2887 723 2959 gaudebant
763 2904 822 2942 se
851 2886 1123 2958 appellari
1154 2885 1474 2939 Donatistas
1507 2889 1565 2938 et
1593 2885 1779 2938 Nova-

198 2974 369 3030 tianos.
397 2977 547 3047 Ergo
576 2976 896 3048 Apostolus,
924 2979 989 3029 ut
1013 2973 1287 3045 comperit
1311 2973 1447 3027 talia
1476 2972 1596 3043 geri
1627 2973 1777 3043 apud

195 3064 509 3129 Corinthios,
545 3065 771 3136 scripsit
797 3065 876 3119 eis
906 3064 1015 3118 ista
1040 3080 1163 3134 quae
1187 3063 1452 3117 dicuntur
1478 3062 1587 3128 hic,
1620 3078 1776 3116 erro-

192 3168 296 3207 rem
322 3155 551 3210 illorum
583 3155 906 3215 ostendens,
945 3153 1045 3207 sed
1082 3152 1312 3207 nomina
1341 3156 1633 3213 auctorum
1663 3138 1776 3205 non

190 3242 428 3311 prodens.
444 3244 656 3299 Maluit
673 3244 824 3297 enim
844 3243 903 3297 in
923 3259 1082 3297 suam
1108 3247 1166 3296 et
1183 3242 1243 3295 in
1262 3242 1501 3297 aliorum
1524 3240 1775 3295 ﬁdelium

191 3329 460 3386 doctorum
488 3349 796 3404 personam
826 3332 936 3386 ista
960 3332 1284 3394 transferre,
1308 3348 1478 3402 quam
1509 3330 1632 3384 illos
1652 3346 1777 3401 pro-

190 3417 323 3487 dere,
348 3438 418 3475 ne
436 3421 755 3476 deteriores
775 3422 1148 3475 efﬁcerentur.
1175 3420 1233 3474 Si
1263 3420 1413 3473 enim
1440 3420 1520 3473 ita
1539 3425 1688 3474 esset
1711 3422 1777 3473 ut

185 3505 257 3560 illi
280 3509 560 3577 volebant,
586 3516 651 3565 ut
669 3526 863 3564 omnes
883 3526 917 3564 a
939 3526 1048 3581 quo
1070 3508 1498 3580 baptizabantur
1516 3508 1663 3563 illius
1684 3525 1773 3563 es-

186 3602 297 3650 sent
311 3598 432 3664 ﬁlii,
450 3599 622 3671 quasi
642 3600 766 3668 ejus
780 3598 1119 3669 baptismate
1132 3596 1416 3667 baptizati,
1436 3603 1574 3667 quot
1588 3601 1775 3651 essent

183 3683 568 3757 baptizatores,
598 3695 685 3742 tot
712 3693 902 3743 essent
944 3686 1302 3758 baptismata,
1336 3702 1462 3740 cum
1492 3702 1670 3740 unum
1699 3687 1774 3740 sit

183 3771 448 3846 baptisma
472 3777 710 3841 Christi,
739 3776 887 3830 sicut
912 3792 1059 3830 unus
1087 3776 1235 3829 Deus
1265 3780 1322 3829 et
1345 3792 1459 3829 una
1487 3775 1645 3829 ﬁdes.
1668 3774 1774 3829 Do-

181 3864 348 3919 minus
375 3867 546 3921 Iesus
580 3864 956 3919 ministerium
988 3864 1214 3935 quidem
1243 3864 1497 3939 tingendi
1541 3880 1775 3934 corpora

180 3950 320 4007 dedit
345 3955 462 4009 suis
486 3953 773 4019 ﬁdelibus,
794 3953 1035 4024 gratiam
1061 3958 1247 4006 autem
1273 3951 1669 4022 baptizandi,id
1691 3956 1777 4005 est

177 4049 389 4109 peccata
433 4042 769 4098 dimittendi
814 4042 955 4096 nulli
999 4041 1218 4105 tribuit,
1260 4041 1354 4095 sed
1400 4040 1507 4094 sibi
1552 4040 1775 4111 proprie

175 4129 414 4199 retinuit,
449 4133 606 4187 sicut
634 4132 879 4186 Joannes
908 4130 1045 4184 dicit
1074 4130 1143 4183 de
1173 4146 1239 4184 eo
1264 4128 1446 4183 turbis
1479 4130 1654 4196 (Joan.
1691 4132 1733 4197 Ι)
1757 4147 1769 4182 :

1861 1813 2126 1883 ptismate
2168 1813 2533 1884 baptizatum,
2567 1820 2623 1869 et
2660 1822 2917 1870 nostrum
2955 1816 3132 1871 ﬁlium
3172 1834 3311 1884 esse,
3345 1816 3464 1889 ipse
3560 1834 3581 1847 ’-

1862 1900 1968 1955 sibi
1997 1902 2253 1956 vendicet
2281 1919 2504 1956 omnem
2533 1904 2825 1957 honorem.

1935 1990 2154 2045 Gratias
2169 2007 2270 2058 ago
2291 1994 2391 2046 Deo
2412 2008 2546 2057 meo,
2565 1994 2708 2061 quod
2729 1996 3005 2046 neminem
3026 1999 3269 2048 vestrum
3290 1995 3464 2062 bapti-

1859 2082 2005 2142 zavi,
2040 2082 2155 2133 nisi
2184 2080 2441 2148 Crispum
2472 2085 2519 2133 et
2551 2081 2766 2141 Caium,
2802 2080 2898 2151 qui
2934 2081 3164 2136 fuerunt
3200 2081 3463 2152 primitiae

1859 2166 2102 2220 Achaiae.
2114 2167 2419 2238 Baptizavit
2434 2168 2657 2238 quidem
2671 2168 2879 2222 Paulus
2894 2173 3164 2239 tanquam
3180 2170 3458 2237 minister,

1860 2270 1972 2308 non
2002 2260 2273 2324 tanquam
2302 2256 2426 2326 ipsa
2451 2262 2701 2329 potestas
2724 2276 2735 2324 ;
2765 2263 2819 2311 et
2848 2256 3052 2311 idcirco
3076 2259 3193 2328 ipse
3214 2260 3465 2329 gratula-

1858 2342 2029 2397 batur
2057 2344 2207 2414 quod
2236 2344 2510 2415 plurimos
2539 2345 2763 2399 illorum
2807 2362 2921 2400 non
2968 2344 3348 2417 baptizaverat
3375 2351 3460 2415 ut,

1861 2431 1992 2503 quia
2010 2448 2169 2486 error
2188 2432 2291 2486 sub
2313 2433 2419 2486 hac
2437 2449 2497 2487 re
2516 2439 2768 2504 cmperat
2788 2434 2942 2500 oriri,
2965 2435 3013 2489 si
3050 2437 3171 2506 ipse
3192 2435 3466 2507 plurimos

1861 2519 2215 2591 baptizasset,
2242 2523 2422 2575 multo
2453 2522 2633 2593 magis
2663 2539 2729 2576 ex
2759 2524 2882 2593 ejus
2912 2523 3139 2579 nomine
3158 2530 3463 2595 augeretur

1861 2627 2038 2676 error,
2072 2617 2129 2664 et
2156 2611 2404 2664 dicerent
2428 2630 2440 2663 :
2470 2611 2585 2681 Ego
2608 2628 2732 2665 sum
2758 2612 2939 2666 Pauli.
3344 2674 3363 2699 θ

1930 2703 2217 2769 Baptisavi
2240 2705 2428 2753 autem
2458 2705 2506 2753 et
2531 2700 2817 2767 Stephanus:
2834 2703 3081 2755 domum.
3099 2701 3316 2757 Nobilis
3343 2719 3462 2758 ma-

1860 2794 2026 2843 trona
2063 2788 2351 2859 Stephana
2389 2788 2621 2854 exstitit,
2654 2790 2813 2859 cujus
2844 2789 3115 2843 familiam
3156 2790 3460 2861 baptizavit

1858 2878 2181 2952 Apostolus.
2204 2878 2406 2932 Utrum
2427 2894 2558 2931 vero
2575 2877 2756 2948 ipsam
2774 2877 3139 2950 baptizaverit
3159 2896 3233 2933 an
3256 2880 3315 2933 in
3334 2880 3459 2936 inli-

1860 2968 2091 3023 delitate
2120 2968 2515 3039 permanserit,
2544 2968 2856 3038 ignoratur.

1928 3058 2052 3111 Non
2073 3059 2224 3110 enim
2246 3059 2400 3111 misit
2421 3073 2505 3110 me
2531 3057 2782 3111 Christus
2803 3058 3103 3126 baptizare,
3125 3059 3216 3112 sed
3234 3074 3459 3127 evange-

1860 3148 2052 3199 lizare.
2086 3144 2264 3215 Magis
2292 3146 2501 3200 electus
2526 3151 2605 3199 est
2638 3146 2937 3217 Apostolus
2962 3150 3027 3206 ut
3050 3144 3460 3217 evarigelizaret

1859 3252 2026 3306 quam
2057 3234 2367 3307 baptizaret
2394 3252 2407 3292 :
2447 3235 2580 3306 quia
2604 3236 2731 3307 plus
2760 3242 2846 3290 est
2876 3236 3257 3307 evangelizare
3286 3253 3457 3309 quam

1856 3323 2159 3395 baptizare.
2217 3323 2413 3380 Omnis
2452 3324 2599 3378 enim
2641 3324 2737 3396 qui
2788 3325 3132 3395 evangelizat
3180 3331 3367 3396 potest
3403 3330 3462 3381 et

1856 3413 2139 3485 baptizare
2166 3433 2179 3481 ;
2218 3414 2318 3468 sed
2345 3430 2459 3468 non
2489 3414 2671 3467 omnis
2708 3414 2806 3485 qui
2836 3414 3080 3484 baptizat
3106 3413 3342 3469 idoneus
3372 3420 3460 3470 est

1857 3508 1913 3556 et
1931 3503 2327 3573 evangelizare.
2353 3504 2415 3557 1n
2437 3503 2697 3573 episcopo
2721 3503 2974 3556 omnium
2996 3503 3258 3557 ordinum
3279 3503 3460 3574 digni-

1855 3595 1943 3644 tas
1990 3596 2094 3645 est.
2137 3592 2320 3661 Caput
2356 3595 2443 3644 est
2478 3590 2628 3644 enim
2663 3595 2993 3644 ceterorum
3042 3591 3453 3659 membrorum;

1855 3687 1914 3734 et
1940 3680 2250 3751 Apostolus
2293 3679 2388 3750 qui
2425 3678 2673 3751 pontifex
2710 3684 2850 3743 erat,
2883 3695 3079 3733 omnes
3114 3680 3325 3750 gradus
3363 3697 3456 3734 ec-

1855 3769 2194 3824 clesiasticos
2219 3768 2475 3824 habebat.
2498 3767 2748 3838 Ideoque
2767 3773 2825 3822 et
2851 3768 3131 3839 baptizare
3151 3774 3208 3823 et
3227 3785 3460 3840 evange-

1855 3859 2023 3912 lizare
2067 3863 2307 3929 poterat,
2330 3857 2428 3910 sed
2457 3858 2696 3911 maxime
2727 3857 3110 3929 przedicationi
3135 3857 3452 3926 insistebat,

1856 3946 2001 4000 sicut
2029 3946 2127 4000 alii
2157 3945 2414 4015 apostoli.
2448 3945 2714 4016 Discipuli
2755 3963 2884 4000 vero
2923 3947 3045 4016 ejus
3074 3946 3453 4017 baptizabant,

1856 4034 2002 4089 sicut
2027 4035 2268 4105 legimus
2297 4035 2434 4095 (Act.
2466 4036 2544 4102 Χ),
2575 4035 2724 4104 quod
2764 4035 2931 4089 Petro
2970 4035 3227 4089 veniente
3256 4035 3328 4089 ad
3356 4035 3458 4089 do-

1857 4140 2013 4178 mum
2037 4121 2302 4188 Cornelii,
2322 4126 2618 4193 postquam
2639 4122 2842 4177 cecidit
2860 4122 3102 4194 Spiritus
3120 4128 3348 4178 sanctus
3368 4140 3459 4178 su-

176 4218 279 4285 Ipse
302 4237 392 4276 vos
424 4222 738 4291 baptizabit
766 4224 829 4275 in
854 4220 1074 4289 Spiritu
1103 4223 1309 4285 sancto,
1342 4223 1401 4272 et
1427 4217 1633 4271 iterum
1664 4235 1676 4270 :
1708 4218 1773 4271 Et
1857 4228 1959 4283 per
1976 4228 2200 4267 omnem
2231 4212 2464 4267 domum
2487 4212 2628 4282 ejus,
2651 4211 2915 4282 praecepit
2934 4228 3030 4265 eos
3058 4212 3260 4267 Petrus
3282 4230 3318 4266 a
3341 4213 3459 4268 suis

174 4322 271 4373 ego,
300 4310 492 4382 inquit
526 4312 795 4375 Joannes,
830 4311 1132 4364 nesciebam
1160 4325 1307 4374 eum,
1348 4306 1406 4361 id
1435 4310 1540 4370 est,
1567 4304 1840 4399 nescie-D
1858 4301 2145 4373 discipulis
2173 4300 2462 4399 baptizari.
2494 4301 2560 4355 In
2600 4300 2906 4399 primordio
2937 4301 3145 4399 etenim
3176 4301 3309 4399 ﬁdei
3333 4319 3460 4399 om-

174 4392 289 4451 ham
311 4400 464 4471 quod
496 4403 843 4471 potestatem
872 4397 1193 4469 baptizandi
1220 4396 1326 4450 sibi
1356 4400 1504 4450 esset
1529 4410 1778 4449 reserva-
1793 4389 1835 4399 ”
1858 4406 1958 4445 nes
1972 4390 2348 4462 baptizabant,
2363 4395 2420 4445 et
2437 4406 2549 4444 non
2561 4390 2744 4444 solum
2760 4389 2885 4456 viri,
2901 4389 2999 4444 sed
3021 4390 3196 4444 etiam
3215 4390 3459 4459 feminae,

173 4489 342 4552 turus,
363 4491 460 4542 sed
488 4492 598 4557 qui
626 4490 778 4542 misit
806 4504 891 4541 me
916 4488 1214 4554 baptizare,
1243 4485 1391 4539 Deus
1418 4485 1587 4538 Pater
1623 4483 1777 4537 vide—
1859 4480 1906 4534 si
1936 4479 2161 4551 quando
2183 4479 2487 4534 necessitas
2509 4478 2857 4533 imminebat.
2877 4479 2988 4533 Sed
3012 4495 3084 4533 ne
3108 4484 3331 4535 tantum
3360 4479 3463 4535 mi-

172 4570 309 4641 licet,
344 4578 441 4631 ille
474 4577 630 4630 mihi
655 4558 841 4629 dixit:
873 4575 1056 4643 Super
1076 4590 1237 4642 quem
1265 4574 1469 4626 videris
1496 4572 1777 4640 Spiritum
1858 4568 2492 4637 nisteriumyilesceret,
2520 4573 2621 4623 aut
2640 4584 2754 4622 non
2781 4573 2933 4622 recte
2961 4584 2997 4621 a
3025 4568 3458 4639 simplicioribus

177 4662 606 4728 descendentem,
638 4669 688 4718 et
715 4669 1032 4718 manentem
1077 4677 1241 4730 super
1281 4676 1426 4726 eum,
1461 4661 1549 4714 hic
1575 4666 1651 4715 est
1679 4662 1780 4729 qui
1857 4658 2209 4730 impleretur,
2224 4662 2506 4712 crescente
2525 4672 2764 4711 numero
2779 4655 3030 4710 ﬁdelium
3051 4673 3153 4726 per
3170 4657 3459 4711 universas

178 4750 410 4819 baptizat
440 4756 511 4806 in
544 4753 769 4821 Spiritu
798 4756 1003 4806 sancto.
1052 4750 1342 4805 Intantum
1383 4765 1516 4820 ergo
1546 4748 1781 4803 retinuit
1861 4748 2112 4802 civitates
2136 4752 2195 4801 et
2235 4747 2414 4812 villas,
2446 4746 2737 4800 decretum
2767 4750 2855 4799 est
2880 4761 2915 4798 a
2941 4744 3150 4799 sanctis
3183 4744 3456 4816 patribus,

174 4837 268 4893 sibi
292 4841 568 4896 Christus
593 4844 930 4911 potestatem
957 4838 1295 4909 baptizandi,
1324 4842 1389 4893 ut
1412 4837 1559 4892 sicut
1585 4837 1779 4891 dimit-
1861 4842 1926 4891 ut
1951 4835 2195 4907 episcopi
2225 4840 2446 4889 tantum
2476 4840 2533 4888 et
2560 4832 2873 4905 presbyteri
2901 4831 3270 4902 baptizarent,
3319 4838 3376 4887 et
3412 4833 3462 4888 si

172 4930 362 4983 tantur
387 4931 444 4984 ei
476 4929 681 4984 omnia
717 4933 963 4999 peccata,
992 4925 1088 4998 qui
1118 4942 1152 4981 a
1180 4932 1374 4980 sancto
1399 4931 1456 4980 et
1482 4926 1781 4979 innocente
1862 4924 2167 4979 necessitas
2220 4923 2407 4987 fuerit,
2457 4922 2697 4976 diaconi.
2747 4922 2870 4976 Non
2898 4924 2961 4975 in
2990 4925 3264 4989 sapientia
3294 4924 3461 4990 verbi,

170 5016 278 5072 viro
305 5019 568 5091 tingitur
594 5018 656 5073 in
691 5034 857 5088 aqua,
889 5017 970 5070 ita
997 5021 1055 5069 et
1094 5015 1177 5069 illi
1208 5014 1305 5085 qui
1344 5031 1378 5068 a
1406 5018 1697 5086 peccatore
1727 5016 1784 5066 et
1865 5012 2133 5068 subaudis
2151 5012 2306 5066 misit
2327 5028 2415 5065 me
2430 5010 2688 5065 Christus
2713 5009 3188 5079 evangelizare,ut
3209 5027 3323 5066 non
3347 5028 3467 5068 eva-

172 5107 462 5178 scelerato,
491 5111 726 5161 tantum
753 5106 812 5161 in
843 5105 1071 5160 nomine
1096 5108 1301 5158 sanctae
1328 5102 1620 5157 Trinitatis
1644 5099 1786 5155 illud
1868 5108 2064 5157 cuetur
2082 5117 2223 5155 crus:
2240 5102 2466 5165 Christi,
2487 5098 2543 5151 id
2566 5103 2671 5160 est,
2694 5102 2759 5152 ut
2778 5114 2891 5152 non
2916 5099 3263 5154 annihiletur
3280 5102 3467 5173 passio

172 5194 281 5249 ﬁat.
313 5196 600 5251 Meritum
651 5194 804 5249 enim
845 5194 972 5247 vitae
1020 5191 1352 5263 baptizantis
1389 5191 1504 5244 sive
1546 5188 1784 5260 agentis,
1869 5189 2117 5245 cruciﬁxi
2139 5188 2365 5243 Christi.
2393 5186 2653 5241 Haeretici
2674 5193 2731 5241 et
2754 5186 3069 5259 philosophi
3091 5189 3475 5259 praedicabant

172 5296 269 5336 nec
299 5284 551 5355 prodest
580 5298 685 5337 nec
719 5281 879 5336 obest
919 5280 979 5333 in
1024 5280 1130 5333 hac
1159 5283 1321 5350 parte
1349 5278 1432 5331 illi
1465 5278 1560 5348 qui
1603 5277 1789 5349 bapti-
1870 5279 1929 5333 in
1952 5277 2231 5349 sapientia
2258 5275 2430 5341 verbi,
2463 5275 2570 5330 hoc
2599 5281 2686 5330 est
2722 5277 2874 5331 culto
2903 5282 2957 5331 et
2986 5277 3159 5348 polito
3188 5295 3469 5344 sermone,

171 5377 346 5427 zatur.
1868 5372 1935 5422 ut
1978 5368 2263 5438 placerent
2315 5365 2433 5419 suis
2479 5365 2857 5435 auditoribus,
2896 5371 2953 5420 et
2990 5366 3098 5437 ipsi
3133 5372 3476 5438 apparerent

234 5462 469 5515 Divisus
501 5465 587 5514 est
614 5460 884 5524 Christus,
921 5456 1209 5524 subaudis,
1246 5456 1294 5511 si
1323 5456 1402 5510 ita
1446 5461 1531 5510 est
1557 5459 1623 5510 ut
1649 5455 1790 5509 dici-
1870 5456 2021 5511 docti
2055 5473 2066 5507 :
2110 5454 2198 5508 vel
2235 5454 2406 5508 etiam
2452 5454 2513 5508 in
2568 5454 2846 5526 sapientia
2880 5455 3031 5509 verbi
3069 5456 3468 5526 praedicabant,

170 5548 257 5605 tis.
288 5550 427 5607 Non
457 5549 809 5605 afﬁrmative
835 5563 1019 5620 neque
1041 5544 1442 5618 interrogative
1470 5545 1577 5600 hoc
1605 5544 1815 5615 legen-'
1874 5544 2010 5616 quia
2033 5559 2100 5599 ea
2127 5558 2251 5615 quae
2279 5542 2545 5612 mundus,
2568 5542 2627 5599 id
2654 5548 2740 5599 est
2771 5548 3051 5600 amatores
3077 5542 3246 5614 hujus
3272 5542 3474 5600 mundi
