3936 6164
475 268 583 339 519
924 270 1303 327 HAYMONIS
1334 270 1824 327 HALBERSTAT.
1855 269 2091 326 EPISC.
2131 269 2290 326 OPP.
2321 269 2507 325 PARS
2533 271 2580 325 Ι.
2613 299 2681 310 -
2712 271 3083 327 COMMENT.
3118 273 3296 329 BIBL.
3602 278 3691 338 520

478 393 633 449 vobis
651 394 712 449 in
739 394 939 466 primis
989 394 1137 467 quod
1194 401 1253 449 et
1291 396 1480 468 accepi
1521 395 1790 467 quoniam
1820 394 2142 455 ChristusA
2164 398 2277 447 tur.
2311 394 2602 459 Quomodo
2631 394 3002 451 destruantur
3028 397 3340 469 philosophi
3383 405 3436 454 et
3475 407 3693 472 potentes

477 489 734 539 mortuus
764 488 850 538 est
895 501 994 555 pro
1051 486 1296 555 peccatis
1347 484 1590 551 nostris;
1634 489 1692 538 et
1729 484 1860 554 quia
1898 500 2083 538 resur—
2166 482 2333 553 hujus
2354 483 2584 537 saeculi?
2614 484 2722 537 Per
2757 492 2997 538 mortem
3039 487 3283 557 corporis
3318 487 3618 559 rediguntur
3646 492 3695 546 in

481 572 627 626 rexit
654 572 821 626 tertia
852 572 962 639 die,
994 574 1230 644 loquens
1277 574 1357 627 de-
1394 573 1678 644 mysteriis
1716 572 2084 627 humanitatis
2166 572 2472 642 pulverem.
2508 577 2565 625 et
2583 572 2911 637 destruitur,
2941 574 3057 628 sive
3077 561 3414 630 aunihilatur
3431 594 3602 632 eorum
3628 597 3699 634 sa-

479 662 620 731 ejus,
650 677 825 733 quare
853 663 1019 715 modo
1042 662 1192 716 dicat
1220 679 1334 716 non
1355 662 1467 715 alia
1499 678 1559 716 se
1584 661 1936 733 praedicasse,
1970 661 2079 715 nisi
2166 660 2398 731 pientia.
2443 662 2773 716 Destructus
2822 667 2909 716 est
2953 662 3134 727 Plato,
3174 668 3230 716 et
3287 665 3586 721 Aristoteles
3617 686 3699 738 per

478 749 667 804 Iesum
683 749 969 805 Christum
1001 752 1346 817 cruciﬁxum,
1376 751 1431 804 id
1458 754 1544 804 est
1577 751 1893 821 passionem
1911 749 2080 820 ejus?
2162 754 2421 814 mortem,
2454 755 2513 803 et
2532 766 2723 803 eorum
2749 750 3027 821 sapientia
3074 749 3132 804 in
3162 751 3395 806 Ecclesia
3436 770 3527 824 pro
3554 756 3698 811 nihilo

480 838 613 902 Quae
676 839 782 892 hoc
819 839 985 893 modo
1039 838 1275 894 solvitur
1309 855 1319 886 :
1358 839 1501 903 Quia
1528 838 1587 892 in
1639 839 1743 892 hoc
1770 838 1918 909 quod
1946 838 2083 892 dicit
2162 838 2401 904 ducitur;
2436 838 2520 891 vel
2537 839 2707 892 etiam
2726 844 2861 893 tunc
2881 838 3312 895 destruebantur
3329 840 3406 895 illi
3438 859 3700 915 eorumque

481 927 766 982 Christum
796 928 991 982 Jesum
1020 927 1367 993 cruciﬁxum,
1422 927 1845 998 comprehendit
1890 926 2081 980 omnia
2162 926 2456 998 sapientia,
2490 927 2624 980 dum
2652 928 2799 997 quod
2825 928 2907 981 illi
2935 945 3037 999 per
3067 929 3368 983 humanam
3411 932 3702 1002 sapientiam

479 1017 752 1088 mysteria
762 1017 1102 1088 pertinentia
1126 1017 1196 1071 ad
1211 1016 1621 1071 humanitatem
1644 1017 1693 1086 ej
1703 1034 1785 1070 us.
1803 1015 1905 1070 Ille
1926 1016 2079 1070 enim
2162 1015 2362 1080 edocti,
2394 1014 2654 1069 dicebant
2694 1017 2848 1070 nullo
2864 1017 3031 1071 modo
3046 1035 3210 1088 posse
3245 1019 3382 1083 ﬁeri,
3402 1019 3540 1074 Deus
3556 1023 3704 1075 omni-

479 1105 842 1175 cruciﬁgitur.
897 1104 993 1176 qui
1046 1110 1177 1158 ante
1226 1104 1512 1171 nascitur;
1554 1105 1648 1158 ille
1682 1104 1943 1170 moritur,
1983 1103 2077 1174 qui
2160 1107 2361 1175 potens
2389 1120 2490 1174 per
2517 1104 2799 1174 apostolos
2819 1105 3151 1159 ostendebat
3186 1123 3374 1161 verum
3405 1124 3550 1175 esse;
3578 1109 3704 1164 verbi

480 1193 861 1265 cruciﬁgitur;
903 1193 999 1247 ille
1027 1193 1316 1264 sepelitur,
1349 1193 1445 1263 qui
1470 1193 1748 1260 moritur;
1776 1192 1872 1246 ille
1897 1210 2081 1247 resur-
2159 1192 2382 1262 gratia:
2427 1191 2712 1262 negabant
2730 1191 2808 1246 illi
2863 1193 3008 1263 quod
3052 1194 3227 1249 Filius
3274 1195 3371 1249 Dei
3401 1201 3535 1251 esset
3559 1203 3699 1251 natus

483 1284 587 1353 git,
614 1269 709 1354 qui
739 1287 999 1337 mortuus
1026 1283 1213 1336 fuerat
1235 1303 1246 1344 ;
1281 1298 1346 1335 ac
1376 1282 1425 1336 si
1454 1282 1666 1336 diceret
1702 1281 1829 1335 aliis
1858 1279 2071 1335 verbis:
2161 1297 2227 1334 ex
2253 1281 2467 1350 virgine
2487 1281 2607 1335 sine
2628 1281 2841 1336 semine
2861 1281 2985 1347 viri,
3006 1298 3072 1335 eo
3098 1283 3245 1353 quod
3267 1284 3506 1339 humana
3530 1291 3704 1340 natura

482 1371 626 1435 Quia
647 1387 742 1425 vos
772 1370 959 1424 idonei
989 1386 1100 1424 non
1130 1370 1299 1424 eratis
1331 1371 1401 1424 ad
1429 1370 1702 1439 capienda
1723 1369 1839 1423 alta
1865 1373 2077 1439 myste-
2159 1370 2266 1423 hoc
2294 1385 2404 1423 non
2427 1370 2771 1436 admitteret;
2796 1370 2931 1424 dum
2952 1387 3055 1441 per
3077 1371 3474 1426 invocationem
3490 1374 3703 1442 ejusdem

479 1460 568 1513 ria
588 1459 911 1513 Divinitatis
953 1458 1180 1525 Christi,
1209 1457 1341 1512 licet
1368 1459 1547 1513 multa
1571 1458 1847 1529 sapientia
1893 1458 1951 1511 in
1988 1474 2079 1513 me
2159 1457 2287 1511 Filii
2316 1457 2417 1511 Dei
2444 1457 2683 1529 apostoli
2710 1463 2962 1512 mortuos
2989 1459 3351 1523 suscitabant,
3376 1461 3706 1516 evacuabatur

491 1552 659 1613 esset,
671 1547 917 1617 judicavi
942 1547 1056 1601 sive
1081 1547 1272 1610 statui,
1307 1554 1365 1601 et
1390 1547 1606 1601 decrevi
1636 1547 1694 1601 in
1736 1546 1925 1600 animo
1953 1562 2079 1600 meo
2161 1550 2218 1600 et
2241 1545 2639 1602 destruebatur
2666 1562 2861 1602 eorum
2888 1547 3181 1618 sapientia,
3232 1553 3291 1602 et
3316 1550 3420 1620 ipsi
3464 1550 3607 1604 stulti
3630 1566 3704 1603 re-

481 1652 549 1690 ea
569 1636 962 1690 tantummodo
991 1635 1262 1707 mysteria
1288 1635 1445 1690 vobis
1473 1636 1800 1707 praedicare,
1845 1651 1967 1706 quae
2006 1635 2078 1689 ad
2161 1634 2521 1705 putabantur.
2559 1635 2618 1690 Si
2643 1652 2775 1706 ergo
2805 1636 3042 1707 apostoli
3083 1638 3416 1708 sapientiam
3441 1638 3703 1692 humanam

481 1724 893 1779 humanitatem
915 1725 945 1778 J
949 1741 1048 1778 esu
1073 1724 1281 1779 Christi
1305 1724 1607 1796 pertinent,
1638 1730 1694 1779 et
1721 1742 1844 1795 quae
1863 1742 1959 1779 vos
1975 1742 2074 1796 pe-
2094 1708 2141 1769 Β
2158 1740 2271 1778 non
2300 1723 2691 1795 loquebantur,
2717 1725 2850 1795 quid
2870 1725 3282 1796 praedicabant?
3307 1727 3424 1782 Hoc
3446 1727 3707 1799 Apostolus

478 1818 703 1868 netrare
729 1813 986 1884 possetis.
2159 1813 2387 1883 exponit
2414 1831 2426 1865 :

547 1903 617 1956 Et
647 1918 740 1969 ego
760 1905 823 1955 in
844 1905 1192 1969 inﬁrmitate,
1213 1901 1482 1956 subaudis
1512 1901 1782 1972 corporis,
1802 1907 1849 1955 et
1880 1905 2075 1956 timore
2227 1902 2332 1957 Sed
2350 1904 2653 1970 loquimur,
2687 1902 3084 1974 inquiens,Dei
3105 1908 3455 1973 sapientiam,
3477 1922 3590 1976 qua;
3605 1904 3711 1959 abs-

477 1989 704 2056 mentis,
724 1995 771 2044 et
801 1995 1034 2044 tremore
1064 1993 1242 2044 multo
1265 1989 1648 2044 membrorum
1678 1992 1770 2057 fui
1802 1992 1952 2058 apud
1962 2006 2070 2055 vos,
2157 1989 2383 2044 condita
2403 1993 2561 2063 estin
2576 1994 2857 2058 mysterio,
2904 1991 2959 2045 id
2991 1996 3079 2046 est
3106 1993 3163 2046 in
3188 1993 3518 2048 obscuritate
3543 1993 3712 2047 intelli-

477 2096 511 2135 ο
530 2078 838 2134 Corinthii!
870 2078 1130 2133 Forsitan
1148 2079 1375 2133 veniens
1403 2079 1703 2150 Apostolus
1717 2078 2070 2142 Corinthum,
2155 2078 2378 2148 gentia.
2405 2078 2751 2149 Sapientiam
2780 2080 2872 2134 hic
2895 2080 3113 2136 duobus
3144 2081 3328 2136 modis
3350 2097 3623 2153 possumus
3646 2081 3713 2135 in-

477 2167 796 2223 inﬁrmatus
825 2172 911 2221 est
928 2184 1180 2238 corpore,
1217 2172 1274 2221 et
1317 2166 1556 2221 timebat
1607 2167 1866 2233 nimium,
1905 2183 1978 2221 ne
2014 2167 2074 2221 in
2157 2167 2441 2237 telligere:
2467 2167 2831 2237 Evangelium
2862 2169 3071 2223 Christi
3092 2169 3373 2239 videlicet,
3394 2170 3487 2224 ubi
3528 2170 3712 2224 inerra-

476 2256 599 2329 ipsa
626 2256 955 2312 inﬁrmitate
974 2256 1191 2327 positus
1220 2256 1634 2311 interﬁceretur
1664 2273 1698 2310 a
1726 2255 2074 2327 pseudoapo-
2157 2253 2284 2310 bilis
2302 2255 2579 2326 sapientia
2619 2256 2793 2323 latet;
2834 2257 2937 2320 vel,
2972 2258 3120 2329 quod
3173 2258 3376 2313 melius
3406 2263 3504 2324 est,
3533 2257 3715 2329 sapien-

478 2347 654 2412 stolis,
690 2345 894 2417 quibus
920 2345 1204 2400 contraria
1225 2344 1600 2416 praedicabat;
1651 2351 1710 2398 et
1736 2344 1972 2399 timebat
2005 2360 2076 2399 ne
2156 2344 2295 2398 tiam
2320 2344 2767 2411 substantialem,
2802 2363 2926 2417 quae
2975 2352 3061 2400 est
3109 2346 3357 2401 Verbum
3401 2347 3496 2402 Dei
3540 2346 3709 2412 Patris,

481 2434 781 2502 Corinthii,
807 2434 877 2488 ab
905 2434 1043 2505 ipsis
1073 2433 1557 2505 pseudoapostolis
1585 2433 1819 2504 decepti,
1850 2433 2078 2487 recede-
2160 2433 2548 2505 quaeloquitur
2575 2450 2678 2504 per
2694 2433 3029 2505 sapientiam
3058 2453 3070 2488 :
3103 2437 3214 2503 Ego
3256 2435 3526 2507 sapientia
3555 2451 3615 2489 ex
3642 2450 3715 2488 ore

478 2530 609 2579 rent
628 2542 663 2579 a
684 2523 1020 2579 rectitudine
1043 2523 1173 2577 ﬁdei
1194 2539 1363 2593 quam
1393 2522 1464 2576 ab
1520 2522 1642 2594 ipso
1684 2527 2071 2593 perceperant.
2155 2521 2633 2591 Altissimiprodii
2644 2526 3020 2591 primogenita
3040 2526 3224 2593 (Eceti.
3244 2523 3588 2591 xxxv).Istam
3606 2538 3714 2592 ergo

477 2613 580 2668 Vel
598 2613 761 2668 aliter
785 2630 796 2665 :
818 2612 877 2667 in
896 2611 1224 2666 inﬁrmitate
1245 2628 1443 2666 sensus
1469 2611 1578 2665 fuit
1595 2611 1744 2682 apud
1774 2610 1918 2674 illos,
1944 2610 2077 2681 quia
2156 2611 2489 2683 sapientiam
2520 2610 2897 2681 loquebantur
2910 2611 3169 2682 apostoli,
3195 2612 3461 2683 quiaipsa
3487 2609 3714 2681 loqueba-

479 2701 893 2774 quodammodo
922 2700 1150 2754 inﬁrma
1176 2699 1473 2753 videbatur
1492 2701 1615 2769 ejus
1644 2699 1921 2770 sapientia
1938 2698 2074 2752 dum
2156 2705 2251 2754 tur
2273 2717 2374 2771 per
2391 2699 2617 2754 illorum
2637 2716 2754 2764 ora,
2788 2705 2845 2753 et
2871 2700 3050 2770 ipsam
3083 2700 3465 2771 praedicabant
3509 2700 3598 2753 illi.
3628 2698 3715 2753 Sed

473 2789 1102 2863 propterinﬁrmitatem
1118 2788 1522 2851 auditorum,et
1533 2787 1858 2842 tarditatem
1880 2803 2077 2841 sensus
2157 2789 2204 2843 si
2224 2788 2552 2843 abscondita
2570 2793 2712 2856 erat,
2739 2789 3017 2859 quomodo
3038 2788 3420 2860 loquebantur
3431 2789 3604 2842 illam?
3620 2786 3715 2857 phi-

486 2896 680 2935 eorum
732 2895 845 2933 non
890 2877 1356 2932 manifestabatur
1394 2876 1753 2948 plenissime;
1788 2876 1845 2930 in
1874 2876 2076 2930 timore
2157 2877 2405 2948 losophis
2421 2877 2618 2947 utique
2632 2882 2689 2931 et
2711 2876 3036 2948 potentibus
3067 2878 3240 2948 hujus
3269 2877 3455 2933 saeculi
3474 2882 3584 2931 erat
3605 2875 3712 2928 abs-

477 2969 648 3023 etiam
677 2973 735 3022 et
758 2973 1004 3022 tremore
1034 2972 1157 3021 erat
1174 2967 1380 3021 timens
1408 2965 1650 3021 interﬁci
1689 2968 1773 3032 (ut
1811 2965 2076 3028 diximus)
2097 3022 2136 3038 ﬁ
2157 2965 2404 3030 condita,
2422 2970 2479 3019 et
2494 2966 2607 3019 illis
2628 2971 2752 3019 erat
2770 2966 3131 3020 manifestata
3169 2983 3276 3038 per
3302 2967 3555 3037 seipsam.
3584 2962 3715 3019 Unde

476 3055 546 3111 ab
574 3056 848 3111 haereticis
873 3062 931 3111 et
956 3055 1459 3127 pseudoapostolis.
2094 3055 2139 3083 υ
2156 3055 2444 3127 sequitur:
2467 3056 2643 3122 Quam
2660 3055 3017 3126 sapientiam,
3050 3055 3106 3108 id
3156 3061 3245 3110 est
3290 3056 3585 3117 Christum,
3608 3069 3717 3122 prs-

544 3146 734 3201 Sermo
765 3162 917 3199 meus
937 3150 986 3199 et
1003 3146 1325 3214 pradicatio
1348 3160 1487 3211 mea,
1520 3142 1788 3198 subaudis
1814 3143 1937 3209 fuit,
1960 3158 2072 3196 non
2153 3146 2447 3199 destinavit
2468 3145 2611 3197 Deus
2631 3144 2799 3198 Pater
2825 3145 3133 3198 secundum
3162 3144 3583 3205 humanitatem,
3610 3145 3716 3196 ante

473 3238 537 3290 in
560 3235 1021 3305 persuasibilibus
1050 3234 1309 3287 humana
1336 3235 1620 3301 sapientiae
1644 3233 1820 3285 verbis
1831 3248 1848 3295 ;
1909 3231 1967 3284 id
1986 3236 2074 3285 est
2152 3234 2351 3288 saicula
2366 3235 2427 3286 in
2447 3235 2689 3302 gloriam
2712 3231 3057 3299 nostram,id
3083 3236 3170 3286 est
3197 3232 3272 3286 ad
3291 3230 3713 3303 gloriﬁcationem

472 3340 585 3378 non
614 3322 999 3395 philosophica
1022 3326 1079 3376 et
1107 3321 1258 3375 culto
1283 3336 1542 3375 sermone
1588 3320 1883 3390 praedicavi
1910 3318 2068 3373 vobis
2151 3325 2423 3387 nostram,
2446 3321 2543 3391 qui
2559 3319 2897 3375 credidimus
2929 3336 3032 3390 per
3046 3319 3204 3373 illum
3220 3318 3498 3390 redempti
3509 3324 3561 3373 et
3574 3332 3713 3371 mun-

473 3412 781 3479 Christum,
814 3415 880 3466 ut
909 3428 1003 3465 vos
1026 3410 1339 3480 deciperem
1392 3415 1447 3463 et
1476 3409 1799 3463 deluderem
1830 3425 1931 3479 per
1966 3408 2066 3462 ob-

472 3502 799 3557 scuritatem
825 3498 1142 3563 verborum,
1175 3498 1321 3553 sicut
1348 3497 1663 3569 philoSophi
1714 3496 1944 3560 faciunt,
1976 3498 2067 3551 sed

473 3593 539 3645 in
557 3590 1114 3658 ostensioneSpiritus
1126 3593 1173 3642 et
1195 3589 1442 3649 virtutis,
1468 3586 1527 3640 id
1549 3586 1700 3640 estin
1726 3584 2065 3639 exhibitione

473 3680 895 3737 miraculorum.
920 3694 1044 3748 quae
1063 3693 1166 3748 per
1184 3675 1449 3730 virtutem
1471 3675 1713 3746 Spiritus
1734 3675 1913 3728 sancti
1932 3690 2066 3746 ope-

475 3768 662 3833 rabar,
678 3765 1082 3821 conﬁrmabam
1106 3780 1286 3819 meam
1327 3763 1664 3818 sententiam
1691 3763 1774 3817 vel
1804 3763 2067 3834 przedica-

474 3855 709 3918 tionem,
744 3854 876 3925 quia
896 3854 1041 3924 quod
1072 3852 1338 3908 docebam
1369 3858 1427 3908 et
1462 3851 1832 3924 praedicabam
1863 3851 2065 3922 verbis,

473 3943 763 3999 miraculis
817 3941 1177 4007 roborabam,
1200 3946 1259 3997 et
1312 3941 1675 3996 ostendebain
1728 3957 1859 3996 vera
1897 3957 2062 3995 esse:

475 4034 624 4107 quod
654 4032 974 4105 philosophi
996 4031 1166 4087 vestri
1202 4036 1259 4086 et
1295 4031 1747 4103 pseudoapostoli
1775 4047 1886 4084 non
1915 4034 2069 4100 pote-

472 4128 604 4178 rant
628 4139 814 4193 agere.
849 4121 967 4175 Hoc
1013 4126 1204 4175 autem
1258 4120 1465 4174 idcirco
1504 4119 1796 4181 faciebam,
1849 4124 1911 4172 ut
1939 4119 2065 4186 ﬁdes

473 4215 653 4264 vestra
681 4225 795 4263 non
824 4212 898 4262 sit
921 4210 986 4261 in
1013 4210 1287 4276 sapientia
1315 4208 1627 4271 hominum,
1665 4208 1915 4260 humana
1943 4211 2067 4259 tan-

474 4296 765 4351 tummodo
784 4294 1148 4365 sapientium,
1170 4295 1261 4348 sed
1280 4297 1344 4348 in
1380 4298 1583 4348 virtute
1605 4296 1722 4363 Dei,
1751 4295 1857 4349 hoc
1885 4299 1972 4349 est
2006 4293 2067 4347 in

477 4383 685 4437 virtute
715 4380 1118 4436 miraculorum
1142 4380 1429 4451 probetur.

533 4471 879 4540 Sapientiam
892 4473 1077 4524 autem
1090 4467 1334 4524 divinam
1352 4473 1477 4539 loqu
1484 4472 1504 4524 i
1507 4486 1639 4525 mur
1648 4472 1796 4525 inter
1802 4472 2067 4539 perfectos

474 4557 536 4614 in
561 4559 672 4627 ﬁde
700 4565 759 4615 et
795 4575 984 4641 sensu,
1007 4558 1105 4629 qui
1134 4558 1323 4613 valent
1368 4575 1492 4613 eam
1540 4576 1757 4631 capere.
1783 4559 2065 4614 Perfectos

474 4647 565 4703 hic
592 4647 840 4720 appellat
859 4646 1141 4718 apostolos
1151 4646 1402 4718 aliosque
1421 4647 1731 4714 credentes,
1750 4647 1845 4719 qui
1873 4646 2066 4701 intan-

473 4742 598 4794 tum
627 4736 797 4792 etiam
825 4736 1177 4808 profecerant
1200 4735 1256 4790 in
1284 4735 1493 4795 ﬁde,ut
1511 4735 1646 4789 socii
1674 4741 1862 4790 essent
1885 4739 1942 4789 et
1965 4734 2068 4788 ad-

468 4827 691 4898 jutores
709 4826 767 4881 in
782 4825 967 4880 ofﬁcio
988 4824 1571 4897 praedicationis,sicut
1583 4830 1707 4878 erat
1716 4824 2064 4889 Timotheus,

472 4916 655 4980 Titus,
689 4914 1014 4977 Sosthenes,
1058 4914 1361 4984 aliquando
1413 4912 1832 4984 quamplurimi,
1869 4916 1928 4966 et
1983 4917 2069 4967 est

475 5020 675 5058 sensus
706 5021 719 5057 :
747 5004 864 5057 Nos
895 5002 1119 5074 quidem
1140 5001 1414 5056 habemus
1438 5002 1771 5072 sapientiam
1799 5000 2065 5065 divinam,

477 5091 575 5147 sed
592 5108 689 5147 vos
708 5107 819 5146 non
848 5090 1082 5162 potestis
1105 5106 1228 5144 eam
1252 5106 1452 5161 capere
1472 5106 1655 5161 neque
1680 5095 1816 5144 tunc
1845 5095 2069 5160 potera-

477 5180 575 5245 tis,
611 5179 746 5250 quia
796 5179 979 5233 adhuc
1023 5179 1242 5250 parvuli
1280 5178 1598 5250 probamini
1627 5196 1749 5234 esse
1790 5179 1849 5233 in
1879 5195 2063 5234 sensu.

474 5260 823 5338 Sapientiam
837 5282 961 5321 vero
976 5283 1089 5321 non
1110 5268 1279 5335 hujus
1297 5271 1501 5336 saeculi,
1534 5268 1591 5322 id
1603 5273 1706 5335 est,
1726 5268 2070 5323 mundanam

475 5355 810 5429 sapientiam
839 5372 953 5410 non
1003 5355 1307 5427 loquimur,
1369 5373 1482 5427 qua
1516 5362 1754 5413 utuntur
1789 5363 2072 5412 amatores

473 5446 647 5518 hujus
666 5444 873 5513 saeculi,
901 5460 1073 5513 neque
1096 5444 1431 5516 sapientiam
1446 5449 1769 5516 principum
1786 5448 1954 5517 hujus
1973 5463 2072 5501 sae-

474 5538 611 5603 culi,
644 5532 946 5606 loquimur,
974 5533 1035 5591 id
1063 5539 1148 5591 est
1166 5534 1644 5607 philosophorum,
1663 5539 1764 5606 qui
1779 5538 2074 5593 destruun-

2149 3408 2265 3463 dati
2280 3425 2315 3462 a
2333 3409 2667 3479 peccatis,ut
2682 3408 2981 3477 gloriﬁcari
3008 3424 3332 3462 mereamur
3350 3409 3545 3464 adhuc.
3563 3405 3714 3477 Igitur

2148 3502 2279 3551 ante
2314 3497 2504 3551 omnia
2533 3496 2737 3551 saecula
2751 3496 3172 3567 praedestinavit
3194 3496 3350 3553 Deus
3386 3497 3540 3551 Pater
3566 3492 3714 3549 homie

2146 3602 2274 3639 nem
2298 3585 2700 3639 assumendum
2747 3602 2782 3639 a
2834 3585 3039 3651 Verbo,
3074 3591 3139 3640 ut
3195 3591 3349 3641 esset
3389 3602 3545 3640 verus
3567 3582 3713 3638 Filius

2151 3673 2268 3739 Dei,
2307 3679 2365 3727 et
2395 3689 2497 3727 nos
2525 3690 2627 3744 per
2657 3673 2817 3727 illum
2844 3673 3315 3742 gloriﬁcaremur.
3341 3674 3498 3730 Unde
3512 3674 3714 3743 Aposto-

2147 3761 2235 3816 lus
2263 3761 2321 3815 in
2351 3761 2601 3832 Epistola
2624 3760 2694 3814 ad
2723 3761 3005 3815 Romanos
3025 3761 3141 3815 ait:
3176 3763 3288 3828 Qui
3328 3762 3713 3831 praedestinatus

2147 3854 2221 3904 est
2254 3852 2425 3903 Filius
2450 3852 2547 3904 Dei
2576 3853 2638 3902 in
2666 3852 2871 3902 virtute
2897 3850 3075 3921 (Rom.
3100 3849 3161 3920 I).
3192 3849 3497 3922 Sequitur:

2222 3939 2399 4005 Quam
2424 3937 2760 4009 sapientiam
2796 3954 2954 3991 nemo
3001 3941 3332 4007 principum
3370 3941 3534 4007 hujus
3557 3935 3718 3990 saeculi

2149 4030 2415 4093 cognovit.
2439 4026 2727 4097 Principes
2752 4027 2921 4096 hujus
2946 4026 3133 4081 saeculi
3184 4027 3489 4099 dupliciter
3544 4020 3718 4079 intelli-

2145 4115 2317 4184 gendi
2337 4120 2469 4170 sunt
2496 4114 2555 4168 in
2578 4115 2683 4169 hoc
2710 4115 2830 4169 loco
2865 4133 2877 4167 :
2913 4114 3193 4186 principes
3232 4115 3406 4185 hujus
3443 4112 3635 4178 saeculi,
3671 4108 3717 4163 id

2148 4208 2234 4257 est
2258 4204 2611 4267 Octavianus,
2633 4203 2912 4269 Tiberius,
2961 4203 3232 4269 Herodes,
3266 4205 3501 4270 Pilatus,
3531 4199 3715 4261 scribae.

2148 4297 2203 4346 et
2218 4291 2506 4358 Pharisaei,
2526 4293 2956 4364 sacerdotesque
2980 4293 3326 4360 Iudaeorum,
3342 4309 3455 4347 non
3474 4302 3715 4361 cognove-

2082 4375 2130 4434 D
2147 4387 2283 4436 runt
2305 4381 2590 4436 Christum
2610 4397 2731 4435 esse
2761 4380 2965 4435 Filium
2992 4380 3115 4440 Dei,
3147 4382 3283 4451 quia
3311 4381 3560 4436 videntes
3579 4378 3717 4433 illum

2146 4470 2431 4525 hominem
2454 4486 2595 4536 esse,
2611 4469 2864 4524 videntes
2879 4485 3008 4524 eum
3033 4469 3279 4539 fatigari,
3314 4470 3493 4533 sitire,
3509 4466 3714 4525 esurire.

2146 4575 2261 4614 non
2288 4557 2564 4631 putabant
2617 4574 2741 4613 esse
2785 4558 2995 4613 Deum:
3026 4558 3178 4613 unde
3204 4559 3448 4614 Petrus:
3495 4557 3627 4622 Scio,
3650 4553 3718 4608 in-

2134 4648 2288 4720 quit,
2318 4650 2545 4716 fratres,
2569 4649 2703 4716 quia
2718 4662 2818 4716 per
2846 4650 3228 4715 ignorantiam
3251 4647 3360 4702 hoc
3369 4644 3718 4714 fecistis,simt

2149 4742 2200 4790 ct
2214 4739 2494 4806 principes
2514 4739 2685 4789 vestri
2709 4735 2848 4801 (Act.
2872 4734 2978 4805 1n).
3012 4734 3158 4799 Quid
3190 4752 3325 4806 ergo
3360 4754 3372 4788 :
3409 4735 3457 4789 si
3476 4750 3572 4807 per
3588 4733 3720 4803 igno-

2148 4825 2391 4879 rantiam
2424 4825 2571 4879 servi
2601 4823 2926 4878 occiderunt
2952 4823 3157 4877 Filium
3204 4823 3331 4889 Dei,
3356 4820 3605 4894 nunquid
3620 4819 3721 4872 im-

2150 4931 2348 4970 munes
2372 4920 2506 4970 sunt
2542 4912 2826 4985 apostoli?
2854 4911 3014 4967 Absit
3067 4918 3132 4967 ut
3187 4918 3478 4984 peccatum
3519 4911 3596 4965 eis
3627 4920 3723 4961 non

2149 5002 2481 5069 ascribatur,
2505 5002 2636 5073 quia
2662 5018 2763 5072 per
2812 5017 2983 5071 opera
3037 5000 3442 5055 miraculorum
3493 4999 3724 5071 poterant

2150 5108 2483 5163 cognoscere
2498 5095 2869 5162 operatorem,
2897 5088 3184 5160 quoniam,
3202 5087 3312 5142 nisi
3325 5088 3501 5143 Filius
3529 5085 3623 5142 Dei
3648 5099 3723 5137 es-

2151 5187 2257 5247 set,
2280 5196 2639 5252 nequaquam
2660 5179 2799 5234 talia
2834 5179 3016 5232 facere
3045 5182 3235 5248 posset
3265 5194 3394 5247 qua:
3423 5193 3585 5232 nemo
3610 5175 3723 5227 ante

2153 5286 2282 5325 eum
2312 5270 2457 5325 alius
2479 5269 2629 5324 fecit.
2651 5266 2813 5323 Unde
2834 5267 2954 5338 ipse
2973 5265 3144 5320 dicit:
3167 5266 3231 5322 Si
3255 5281 3371 5319 non
3398 5266 3652 5319 venissem
3683 5260 3723 5311 et

2155 5362 2367 5414 loeutus
2389 5360 2619 5426 fuissem
2641 5360 2736 5423 eis,
2767 5361 2815 5409 et
2837 5370 3000 5424 opera
3027 5370 3143 5408 non
3161 5355 3405 5421 fecissem
3442 5357 3505 5408 in
3532 5354 3727 5418 eis,quz

2153 5463 2311 5502 nemo
2336 5449 2486 5501 alius
2510 5448 2658 5514 fecit,
2674 5447 2958 5513 peccatum
2980 5441 3415 5508 incredulitatis,
3449 5458 3559 5497 non
3586 5438 3727 5493 habe-

2152 5541 2278 5592 rent
2327 5537 2505 5608 (Joan.
2558 5534 2669 5597 xv).
2704 5533 2776 5590 Et
2805 5533 2948 5607 quid
2985 5534 3283 5606 sequitur:
3323 5533 3509 5600 Nunc,
3547 5525 3727 5599 inquit,
