3936 6164
184 281 300 344 ,δῖι
824 267 1204 328 exposmo
1240 271 1318 326 IN
1357 273 1510 328 EPP.
1554 274 1612 328 s.
1654 273 1890 330 PAULI.
1936 299 1998 312 -
2040 271 2119 326 IN
2159 269 2381 326 EPIST.
2423 271 2450 326 Ι
2488 271 2585 325 AD
2623 270 2785 326 con.
3326 271 3435 330 522

221 402 576 460 excusationem
597 415 710 454 non
733 397 944 452 habent
961 399 1031 452 de
1060 403 1287 468 peccato
1319 413 1436 452 suo.
1463 398 1534 452 Et
1559 414 1758 468 quam—
1775 407 1821 461 Α
1846 411 2021 466 pauca
2059 395 2208 448 dicta
2233 392 2394 448 nobis
2424 393 2707 450 sufﬁciant
2747 395 3067 452 tenentibus
3091 397 3432 466 ﬁrmissime,

216 494 280 548 vis
306 493 455 546 Deum
482 505 602 542 esse
630 487 932 548 nescirent,
960 493 1174 549 tamen,
1209 487 1339 556 quia
1377 503 1496 540 rem
1529 486 1758 557 impiam
1842 484 1974 554 quia
1999 483 2046 538 si
2075 483 2356 538 damenes
2385 483 2671 538 Christum
2711 502 2832 539 esse
2873 485 3078 540 Filium
3106 486 3206 540 Dei
3237 503 3438 558 cogno-

215 579 449 636 faciebant
473 583 527 631 et
553 577 843 647 injustam,
874 569 1230 630 innocentem
1261 576 1614 636 damnantcs.
1649 591 1761 628 non
1845 573 2176 643 vissent.qui
2202 573 2472 626 Dominus
2497 573 2690 642 gloria
2721 580 2779 628 et
2813 575 3120 644 majestatis
3141 592 3242 646 per
3271 591 3438 646 quem

219 675 350 726 erant
369 667 544 723 nescii.
570 666 806 736 ideoque
834 665 915 719 rei
941 665 1356 718 tenentur.Alio
1379 665 1578 717 modo:
1613 663 1762 734 prin-
1845 662 1993 716 Deus
2025 661 2193 715 Pater
2217 661 2585 731 gloriﬁcatur,
2615 679 2970 734 nequaquam
3007 665 3079 718 ad
3107 663 3440 734 cruciﬁgen-

218 761 342 829 cipes
365 756 518 826 hujus
541 753 732 808 saeculi
765 770 1062 823 possumus
1101 753 1413 821 intelligere
1451 768 1644 805 aereas
1673 767 1767 822 ρο·
1847 751 1978 805 dum
2002 767 2130 805 eum
2154 751 2375 805 Judaos
2404 768 2470 805 ac
2495 752 2700 806 milites
2740 754 3112 807 Romanorum
3141 754 3441 824 compelle-

219 852 428 904 testates,
452 843 730 898 damones
755 843 1010 896 videlicet
1031 859 1128 912 per
1157 842 1305 894 hunc
1333 857 1520 894 aerem
1549 840 1767 893 discur-
1848 846 1992 893 rent.
2043 839 2156 910 Ipsi
2193 841 2340 894 enim
2371 840 2530 894 illum
2569 841 2965 896 cruciﬁxerunt
2994 843 3088 912 qui
3129 842 3199 896 ad
3229 843 3444 897 cruciﬁ-

219 942 388 994 rentes,
411 933 474 987 de
499 932 702 1003 quibus
726 931 844 1002 ipse
874 931 1009 984 dicit
1035 931 1092 983 in
1121 929 1371 1000 Epistola
1390 929 1458 982 ad
1484 929 1766 999 Ephesios:
1847 928 2093 998 gendum
2126 933 2445 990 suaserunt,
2496 933 2553 982 et
2588 928 2695 999 ipsi
2729 930 3006 1001 principes
3032 921 3351 985 Judaorum
3387 935 3444 986 et

220 1025 318 1078 Non
339 1027 404 1076 est
427 1023 574 1074 nobis
601 1023 914 1074 colluctatio
939 1020 1201 1072 adversus
1231 1034 1455 1071 carnem
1475 1022 1523 1070 et
1545 1018 1771 1083 sangui-
1852 1016 2054 1070 milites
2101 1033 2456 1088 nequaquam
2497 1016 2720 1070 illorum
2769 1019 3125 1073 suasionibus
3153 1018 3445 1074 obedirent

220 1112 424 1175 nem,sed
447 1111 708 1163 adversus
727 1109 1008 1176 principes
1037 1113 1085 1160 et
1105 1111 1388 1174 potestates
1415 1105 1768 1160 tenebrarum
1851 1105 1922 1158 ad
1952 1105 2054 1158 hoc
2085 1111 2146 1160 ut
2169 1106 2585 1177 crucifigerent,
2605 1107 2648 1159 si
2680 1107 2882 1162 Filium
2903 1108 3000 1162 Dei
3029 1124 3151 1163 esse
3176 1109 3448 1164 veraciter

174 1254 184 1260 _
219 1198 1167 1265 harum,contraspiritalianequitia;
1188 1193 1750 1260 incalestibns(Ephes
1855 1194 2166 1249 crederent.

221 1291 319 1356 v1):
347 1287 407 1340 de
435 1301 670 1374 qporum
699 1284 946 1356 principe
1009 1284 1280 1338 Dominus
1335 1283 1418 1336 ait
1465 1285 1640 1345 (Joan.
1674 1297 1771 1346 xu,
1928 1283 2050 1343 Sed,
2083 1286 2224 1337 sicut
2251 1287 2520 1352 scriptum
2542 1289 2616 1338 est
2644 1283 2700 1338 in
2722 1284 2901 1339 Isaia:
2934 1287 3086 1353 Quod
3115 1289 3305 1340 oculus
3331 1303 3452 1342 cor-

219 1377 307 1444 xxv)
337 1393 348 1427 :
386 1372 540 1428 Nunc
563 1377 817 1441 princeps
866 1373 1034 1440 hujus
1066 1373 1268 1425 mundi
1307 1373 1563 1439 ejicietur
1584 1373 1772 1437 foras;
1862 1372 2012 1442 poris
2044 1389 2154 1425 non
2199 1375 2359 1438 cidit,
2406 1373 2538 1444 quia
2568 1389 2678 1427 non
2708 1378 2794 1428 est
2825 1390 3026 1445 corpus
3054 1391 3238 1445 neque
3267 1376 3449 1443 color;

545 1452 699 1531 nceps
719 1463 923 1516 mundi
943 1462 1127 1529 hujus,
1163 1463 1226 1514 in
1254 1477 1335 1512 me
1367 1461 1514 1513 nihil
1546 1462 1773 1514 invenit.
1863 1476 1958 1514 nec
1985 1463 2148 1513 auris
2177 1460 2426 1530 corporis
2461 1463 2701 1526 audivit,
2725 1461 2857 1532 quia
2880 1477 2994 1515 non
3023 1467 3110 1516 est
3129 1477 3330 1530 sonus;
3362 1465 3458 1517 nec

219 1551 447 1615 Quamvis
461 1550 613 1604 enim
632 1549 856 1603 Marcus
879 1548 1224 1618 evangelista
1243 1548 1393 1602 dicat
1421 1547 1490 1600 de
1508 1547 1780 1602 damoui-
1861 1551 1920 1602 in
1953 1564 2046 1602 cor
2065 1549 2308 1602 hominis
2333 1549 2581 1604 humana
2607 1551 2878 1621 sapientis
2903 1553 3163 1614 ascendit,
3179 1551 3310 1622 quia
3338 1567 3456 1618 cor,

220 1638 583 1708 bus(il!arc.1):
617 1637 889 1700 Sciebant,
923 1636 1126 1706 inquit,
1168 1639 1334 1689 illum
1363 1652 1469 1689 esse
1494 1637 1777 1691 Christum
1862 1636 1916 1689 id
1970 1642 2055 1690 est
2103 1636 2419 1692 intellectus
2465 1638 2726 1704 hominis,
2759 1639 2891 1692 illuc
2917 1639 3085 1694 debet
3125 1639 3454 1708 ascendere;

219 1733 263 1782 et
286 1729 390 1798 ipsa
415 1726 708 1787 damonia,
743 1725 1010 1802 subaudis
1035 1725 1232 1778 dicunt
1267 1743 1278 1778 :
1321 1724 1530 1778 scimus
1561 1724 1694 1794 quia
1717 1729 1843 1821 tuB
1863 1742 1980 1794 quae
2015 1730 2351 1794 preparavit
2400 1727 2539 1780 Deus
2567 1728 2652 1780 his
2685 1731 2785 1794 qui
2809 1730 3057 1795 diligunt
3079 1745 3227 1793 eum,
3260 1727 3317 1783 id
3345 1734 3452 1795 est,

221 1817 434 1870 esFilius
449 1816 584 1878 Dei;
631 1821 818 1868 tamen
848 1830 959 1867 non
991 1813 1261 1868 veraciter
1283 1819 1542 1884 poterant
1555 1812 1841 1866 credere"
1865 1815 1958 1886 qui
1987 1831 2114 1868 eum
2145 1831 2258 1868 non
2288 1815 2578 1870 offendunt
2615 1817 2799 1880 corde,
2827 1815 3010 1881 verbo,
3043 1823 3101 1872 et
3123 1834 3313 1889 opere.

217 1904 346 1958 illum
388 1921 505 1959 esse
541 1902 746 1957 Filium
789 1903 911 1962 Dei,
944 1903 1195 1956 videntes
1225 1903 1380 1956 illum
1417 1903 1620 1956 iterum
1657 1905 1783 1972 post
1935 1904 2099 1958 Nobis
2130 1909 2338 1968 autem,
2371 1905 2638 1974 apostolis
2681 1911 2740 1960 et
2772 1905 3127 1960 credentibus
3155 1906 3211 1962 in
3256 1923 3335 1968 se,
3369 1923 3458 1960 re-

219 1991 340 2047 iacta
369 1993 638 2047 miracula
665 1991 898 2055 esurire,
922 1991 1097 2052 sitire,
1121 1990 1635 2061 fatigari.Sciebant
1655 1988 1782 2059 qui-

217 2081 320 2135 dem
347 2083 498 2136 illum
531 2099 653 2136 esse
703 2081 1040 2152 promissum
1073 2080 1130 2134 in
1164 2081 1304 2149 lege,
1331 2080 1426 2133 sed
1460 2077 1784 2133 nesciebant

218 2171 338 2240 quod
362 2169 975 2241 potestatem,quam'in
995 2169 1099 2222 hoc
1128 2168 1336 2222 mundo
1365 2167 1650 2229 tenebant,
1685 2183 1784 2238 per

215 2257 348 2312 illum
379 2263 563 2312 essent
592 2257 854 2311 amissuri
883 2262 940 2311 et
961 2257 1108 2327 quod
1141 2262 1311 2310 tanta
1344 2257 1607 2326 potentia
1635 2263 1784 2310 esset

215 2347 423 2401 futurus.
445 2348 801 2418 Quapropter
818 2345 940 2416 subj
951 2345 1110 2416 ungit
1127 2346 1428 2417 Apostolus
1454 2346 1522 2399 de
1545 2351 1783 2416 utroque

217 2436 380 2490 ordine
406 2437 746 2508 principum.

268 2526 324 2580 Si
345 2529 487 2580 enim
543 2528 935 2593 cognovissent,
983 2523 1255 2578 subaudis
1284 2522 1563 2594 principes
1614 2522 1784 2591 hujus

220 1470 280 1529 et,
297 1465 425 1518 Venit
445 1465 699 1531 princeps
719 1463 923 1516 mundi
943 1462 1127 1529 hujus,
1163 1463 1226 1514 in
1254 1477 1335 1512 me
1367 1461 1514 1513 nihil
1546 1462 1773 1514 invenit.

1863 1995 2062 2045 celavit
2103 1994 2241 2046 Deus
2286 2008 2388 2060 per
2415 1994 2697 2060 Spiritum
2751 2011 2938 2060 suum,
2971 1994 3027 2048 id
3061 2001 3146 2048 est
3189 1995 3464 2066 Spiritum

1863 2085 2141 2146 sanctum,
2191 2080 2339 2152 quod
2398 2097 2508 2135 non
2549 2082 2813 2136 revelavit
2865 2082 3230 2150 daemonibus,
3279 2099 3464 2155 neque

1865 2168 2208 2240 philos0phis
2237 2169 2486 2224 humana
2512 2170 2878 2240 sapientibus.
2896 2171 3141 2239 Spiritus
3160 2175 3313 2226 enim
3340 2187 3466 2226 san-

1865 2263 1989 2311 ctus
2009 2257 2105 2328 qui
2131 2263 2218 2311 est
2249 2258 2307 2311 in
2327 2257 2489 2311 nobis
2521 2261 2713 2312 omnia
2740 2259 3118 2325 scrutatur,id
3148 2264 3254 2326 est,
3273 2259 3468 2314 omnia

1867 2351 2082 2402 secreta
2106 2346 2427 2416 investigat.
2461 2354 2518 2400 et
2554 2363 2666 2400 non
2708 2347 2890 2400 solum
2924 2354 3140 2402 secreta
3185 2348 3462 2414 cordium,

1866 2435 1964 2490 sed
1987 2438 2154 2489 etiam
2178 2437 2489 2503 profunda,
2512 2435 2780 2490 subaudis
2810 2436 3080 2508 mysteria
3112 2438 3228 2500 Dei,
3245 2443 3302 2492 et
3333 2454 3471 2510 pra-

1867 2523 2158 2578 scientiam
2182 2523 2488 2594 illius,quia
2507 2525 2675 2578 unius
2693 2525 3022 2580 substantia
3043 2533 3131 2580 est
3151 2543 3281 2581 cum
3301 2527 3470 2582 Patre

215 2613 390 2680 saculi,
419 2615 580 2668 illum
608 2630 732 2667 esse
767 2613 972 2667 Filium
1003 2612 1125 2673 Dei,
1162 2627 1454 2680 nunquam
1485 2612 1785 2664 Dominum
1869 2620 1926 2664 et
1949 2611 2108 2666 Filio.

213 2703 374 2768 gloria:
397 2706 825 2770 cruci/ixissent.
869 2701 1142 2756 Dominus
1169 2700 1361 2770 gloria
1407 2697 1654 2753 Verbum
1691 2697 1787 2752 Dei
1925 2700 2055 2766 Quis
2075 2703 2226 2752 enim
2245 2703 2344 2753 scit
2362 2701 2655 2754 hominum
2673 2718 2789 2770 qua
2803 2709 2932 2758 sunt
2952 2703 3010 2758 in
3022 2705 3188 2759 corde
3206 2707 3470 2774 hominis,

215 2789 368 2844 Patris
395 2797 494 2857 est,
533 2807 638 2862 per
666 2790 813 2861 quod
852 2790 1204 2860 gloriﬁcatur
1251 2789 1400 2842 Deus
1441 2791 1626 2854 Pater,
1657 2786 1790 2856 quia
1874 2790 1987 2840 nisi
2013 2790 2246 2854 spiritus
2277 2788 2538 2853 hominis,
2557 2791 2657 2856 qui
2684 2791 2744 2842 in
2777 2793 2889 2858 ipso
2919 2791 3320 2848 est?subaudis
3349 2795 3474 2849 nul-

215 2895 298 2948 per
319 2879 448 2933 illud
494 2879 688 2934 omnia
739 2879 888 2933 fecit.
925 2879 1032 2933 Sed
1061 2878 1423 2950 quarendum
1458 2885 1544 2931 est
1581 2875 1792 2930 studio-
1875 2872 2087 2928 lus.Est
2110 2890 2342 2929 sensus:
2367 2874 2512 2930 sicut
2541 2893 2662 2948 qua
2691 2875 2748 2930 in
2779 2876 3004 2933 homine
3018 2885 3151 2936 sunt
3170 2881 3468 2950 nemoscit,

218 2967 424 3032 sissime,
455 2970 498 3023 si
531 2968 718 3039 gloria
744 2967 844 3022 Dei
873 2967 1056 3022 Patris
1084 2966 1330 3020 Verbum
1364 2967 1486 3036 ejus
1519 2970 1604 3019 est
1635 2979 1646 3012 :
1683 2979 1792 3036 quo
1877 2962 1985 3017 nisi
2013 2963 2244 3034 spiritus
2275 2964 2538 3030 hominis,
2571 2964 2667 3034 qui
2689 2965 2743 3019 in
2766 2964 2886 3036 ipso
2921 2973 3023 3034 est,
3056 2971 3138 3022 ita
3159 2975 3208 3024 et
3227 2986 3346 3039 qua;
3372 2973 3474 3026 Dei

217 3056 356 3110 modo
382 3057 498 3128 ipse
527 3058 806 3112 Dominus
833 3057 1027 3126 gloria
1059 3056 1154 3126 qui
1196 3054 1426 3126 spiritus
1467 3059 1572 3118 est,
1611 3051 1798 3124 potuit
1818 3056 2010 3128 Csunt
2034 3069 2191 3106 nemo
2222 3069 2312 3120 cog
2326 3055 2500 3117 novit,
2543 3056 2659 3108 nisi
2693 3053 2940 3122 Spiritus
2971 3055 3088 3124 Dei,
3117 3063 3176 3112 et
3200 3059 3291 3112 cui
3325 3058 3477 3115 idem

217 3147 471 3216 cruciﬁgi?
493 3145 757 3202 Christus
786 3145 964 3199 Filius
995 3145 1096 3198 Dei
1127 3162 1191 3198 ex
1221 3143 1439 3198 duabus
1465 3140 1793 3196 substantiis
1880 3139 2122 3211 Spiritus
2151 3147 2378 3195 sanctus
2409 3141 2656 3196 revelare
2685 3142 2968 3213 dignatur.

217 3235 460 3299 consistit,
489 3234 684 3289 divina
711 3233 923 3288 scilicet
941 3238 999 3287 et
1031 3233 1276 3287 humana
1328 3233 1384 3287 in
1426 3231 1643 3286 unitate
1670 3247 1794 3302 per—
1946 3231 2056 3283 Nos
2085 3235 2294 3296 autem,
2343 3230 2585 3301 apostoli
2623 3235 2680 3284 et
2706 3232 3018 3300 credentes,
3059 3250 3172 3288 non
3208 3238 3477 3305 spiritum

219 3338 361 3390 sena.
391 3323 668 3378 Divinitas
700 3339 834 3393 ergo
869 3321 1038 3376 Verbi
1079 3339 1202 3393 qua
1241 3321 1434 3392 genita
1471 3324 1558 3374 est
1598 3336 1630 3374 a
1676 3320 1791 3374 Deo
1875 3319 2042 3386 hujus
2068 3319 2272 3372 mundi
2285 3321 2613 3387 accepimus,
2637 3319 2692 3374 id
2722 3328 2808 3375 est
2827 3321 3089 3393 spiritum
3117 3323 3477 3384 divinationis

219 3409 362 3466 Patre
404 3419 535 3468 ante
579 3412 772 3466 omnia
804 3412 1028 3475 sacula,
1061 3428 1094 3464 a
1136 3417 1390 3482 tempore
1417 3409 1795 3480 conceptionis
1877 3411 1936 3461 et
1961 3404 2221 3478 spiritum
2247 3408 2631 3479 pythonicum,
2655 3411 2746 3463 sed
2763 3413 3030 3479 spiritum
3055 3415 3156 3482 qui
3173 3430 3242 3468 ea:
3260 3417 3473 3485 Deoest,

218 3497 347 3554 illius
369 3501 614 3556 hominis
645 3517 810 3572 quem
837 3500 1145 3572 assumpsit
1171 3501 1228 3554 in
1256 3505 1416 3554 utero
1430 3499 1708 3570 virginali,
1741 3498 1796 3552 in

220 3588 392 3643 eodem
415 3590 648 3645 homine
685 3590 1008 3661 plenissime
1035 3589 1259 3652 mansit,
1301 3595 1358 3643 et
1394 3588 1591 3642 eadem
1619 3587 1800 3658 gloria

218 3683 266 3729 et
289 3684 544 3747 potestas,
583 3695 708 3749 qua
754 3684 878 3733 erat
915 3678 974 3732 in
1011 3677 1214 3733 Verbo.
1248 3677 1416 3748 capit
1457 3675 1713 3730 habitare
1741 3676 1799 3730 in

219 3763 436 3832 homine,
473 3774 532 3822 et
567 3767 746 3821 factus
785 3773 872 3821 est
898 3767 1019 3837 ipse
1060 3767 1228 3821 homo
1255 3766 1436 3836 gloria
1461 3765 1561 3819 Dei
1591 3764 1796 3832 Patris,

217 3854 341 3908 sicut
367 3857 417 3910 ei
461 3857 618 3912 Deus
647 3857 820 3910 Pater
847 3855 986 3909 dicit
1015 3875 1026 3909 :
1065 3857 1330 3922 Exsurge,
1359 3857 1538 3921 gloria
1569 3870 1708 3917 mea,
1729 3855 1798 3908 de

218 3945 448 4014 sepulcro
478 3947 648 4012 (Psal.
684 3949 815 4007 va).
849 3945 919 3998 Et
937 3959 1048 3998 non
1071 3943 1251 3997 solum
1281 3943 1463 4013 gloria
1487 3942 1586 3996 Dei
1615 3942 1799 3996 Patris

217 4038 290 4086 est
324 4035 438 4106 ipse
488 4037 682 4100 homo,
736 4033 834 4087 sed
864 4032 1036 4087 etiam
1065 4032 1216 4086 Deus
1257 4037 1360 4085 est.
1404 4031 1460 4085 Si
1491 4030 1642 4085 enim
1668 4030 1801 4084 Ver-

217 4117 330 4175 bum
349 4140 474 4178 caro
493 4125 712 4178 factum
735 4128 838 4190 est,
860 4120 916 4175 id
939 4125 1046 4188 est,
1072 4119 1120 4174 si
1147 4121 1295 4174 Deus
1315 4119 1483 4173 homo
1493 4119 1674 4174 factus
1695 4125 1798 4183 est,

1880 3494 1936 3549 id
1967 3500 2054 3549 est
2074 3495 2345 3566 Spiritum
2368 3501 2644 3561 sanctum,
2677 3503 2726 3550 et
2757 3499 2818 3551 in
2842 3500 3100 3554 doctrina
3125 3502 3374 3570 Spiritus
3400 3507 3476 3560 lo-

1881 3587 2132 3652 quimur,
2166 3583 2221 3638 id
2253 3591 2339 3638 est
2366 3584 2606 3654 simplici
2635 3601 2916 3646 sermone,
2961 3594 3017 3642 et
3056 3587 3200 3643 sicut
3230 3590 3474 3662 Spiritus

1883 3679 2110 3727 sanctus
2140 3689 2242 3726 nos
2265 3673 2428 3726 docet
2464 3673 2722 3738 interius,
2755 3691 2880 3728 cum
2935 3677 3340 3732 miraculorum
3369 3681 3479 3734 vir-

1881 3765 2022 3824 tute,
2062 3763 2415 3828 spiritalihus
2466 3761 2596 3816 viris
2629 3761 2724 3832 qui
2761 3769 2998 3833 possunt
3025 3771 3322 3836 penetrare
3349 3785 3473 3841 qua

1881 3849 2136 3914 dicimus,
2159 3851 2441 3916 spiritalia
2469 3849 2737 3918 mysteria
2756 3855 3321 3920 comparantes.Quod
3339 3862 3476 3912 tunc

1881 3939 1966 3999 ﬁt.
2000 3938 2224 4008 quando
2253 3935 2638 4008 capacioribus
2667 3937 2857 3992 divina
2896 3941 3332 3998 committuntur
3357 3963 3478 4018 my-

1883 4025 2074 4081 steria.

1954 4114 2238 4170 Animalis
2267 4118 2451 4166 autem
2484 4113 2640 4168 homo
2689 4132 2802 4170 non
2831 4120 3068 4186 percipit
3104 4135 3167 4174 ea
3199 4136 3318 4188 qua:
3343 4125 3476 4176 sunt

217 4211 390 4282 utique
411 4219 469 4268 et
495 4214 670 4267 homo
699 4211 846 4266 Deus
897 4211 1078 4264 tactus
1121 4214 1224 4263 est.
1267 4209 1334 4262 Et
1362 4214 1550 4262 tamen
1577 4208 1682 4261 hoc
1719 4212 1805 4261 est
1885 4202 2130 4270 Spiritus
2153 4204 2266 4267 Dei,
2289 4201 2347 4255 id
2367 4202 2610 4272 cst,quid
2625 4204 2822 4274 gratia
2843 4222 2977 4260 crux
2997 4207 3207 4263 Christi
3227 4209 3480 4266 conferat

218 4297 634 4370 diligentissime
648 4297 1214 4369 attendendum,quia
1233 4297 1366 4351 licet
1383 4297 1412 4352 J
1420 4295 1563 4350 udai
1580 4301 1636 4349 et
1655 4295 1804 4367 prin-
1886 4289 2259 4345 credentibus.
2311 4290 2582 4345 Animalis
2633 4291 2800 4346 homo
2825 4293 3032 4350 dicitur
3079 4297 3177 4368 qui
3207 4298 3480 4371 Spiritum

217 4387 349 4458 cipes
377 4390 549 4462 hujus
570 4389 761 4444 saculi
802 4388 980 4442 Deum
1009 4391 1489 4458 persequerentcr,
1525 4389 1714 4438 tamen
1744 4377 1987 4438 inDDel
2035 4396 2148 4434 non
2194 4379 2383 4442 habet,
2418 4380 2512 4452 qui
2563 4380 2694 4436 licet
2735 4382 2955 4439 ratione
2997 4401 3032 4439 a
3059 4403 3258 4457 pecore
3286 4389 3477 4457 distet,

216 4474 379 4531 forma
412 4479 566 4533 servi
599 4477 897 4532 cruciﬁxus
927 4480 1016 4530 est
1052 4475 1190 4546 ipse,
1223 4473 1356 4544 quia
1388 4478 1508 4526 erat
1537 4471 1810 4526 Dominus
1891 4474 2082 4523 tamen
2104 4469 2225 4540 ipsa
2245 4470 2464 4524 ratione
2485 4487 2596 4524 non
2615 4470 2756 4526 bene
2786 4474 2987 4532 utitur.
3010 4475 3141 4547 quia
3175 4495 3288 4533 non
3319 4484 3483 4550 putat

217 4562 406 4633 gloria,
441 4573 500 4623 et
539 4566 820 4622 Divinitas
859 4563 1218 4636 impassibilis
1249 4562 1474 4616 mansit.
1507 4560 1809 4616 Videamus
1891 4557 2103 4628 aliquid
2132 4573 2254 4611 esse
2275 4563 2403 4628 post
2427 4565 2686 4625 mortem,
2711 4561 2808 4614 sed
2829 4563 3135 4618 secundum
3167 4565 3338 4619 ritum
3363 4567 3484 4622 ani-

218 4665 274 4704 ex
298 4654 396 4710 hoc
423 4657 679 4727 aliquam
705 4653 1154 4709 similitudinem.
1191 4651 1479 4707 Rutilante
1507 4651 1644 4714 sole,
1677 4655 1810 4704 etex
1894 4646 2124 4700 malium
2157 4652 2428 4701 versatur.
2482 4645 2730 4718 Ideoque
2776 4650 3036 4704 animalis
3064 4652 3246 4706 dictus
3282 4660 3368 4706 est
3412 4653 3481 4708 ab

220 4739 354 4796 clara
388 4745 656 4816 lampade
689 4743 956 4798 fundente
987 4742 1198 4802 lumen,
1231 4741 1424 4794 radius
1454 4746 1512 4794 et
1545 4739 1810 4810 splendor
1891 4728 2118 4800 anima,"
2149 4736 2391 4790 carnalis
2437 4753 2470 4790 a
2511 4752 2698 4801 carne,
2726 4753 2791 4790 eo
2835 4738 2980 4808 quod
3017 4744 3170 4793 totus
3197 4757 3263 4794 ex
3294 4742 3500 4798 animal

219 4829 326 4896 ejus
353 4833 607 4887 illustrat
635 4838 695 4886 et
730 4829 1021 4902 perfundit
1051 4829 1346 4894 arborem;
1382 4829 1515 4884 dum
1545 4844 1680 4898 ergo
1719 4827 1816 4880 ad-

221 4924 342 4971 eunt
356 4921 618 4975 eamdem
640 4919 897 4973 arborem
919 4917 1174 4972 homines
1203 4934 1330 4972 cum
1352 4915 1638 4971 securibus
1681 4913 1818 4988 inci-

218 5004 465 5070 dendam,
488 5008 748 5080 nunquid
782 5007 1049 5078 erigenda
1073 5011 1131 5060 et
1149 5005 1478 5077 deponendo
1493 4990 1716 5058 secures
1737 5002 1818 5056 in-

222 5093 400 5150 cidunt
425 5098 622 5152 radios
651 5095 804 5161 solis,
829 5097 960 5150 licet
986 5094 1248 5150 arborem
1273 5094 1563 5149 incidant?
1585 5092 1674 5148 Sic
1702 5091 1817 5146 uti-

221 5199 320 5254 que
349 5185 495 5240 sicut
525 5185 894 5258 impassibilis
921 5191 1110 5240 manet
1131 5183 1320 5238 radius
1353 5183 1503 5246 solis,
1523 5182 1656 5236 licet
1678 5197 1822 5235 sem-

223 5287 312 5340 per
335 5275 614 5340 videatur,
635 5275 765 5329 ferit
789 5274 1020 5345 insuper
1055 5273 1312 5328 arborem
1341 5288 1506 5342 quam
1537 5271 1816 5335 illustrat;

221 5357 294 5412 ita
324 5361 476 5416 illius
513 5363 796 5425 divinitas,
827 5381 950 5434 qua
985 5363 1172 5417 omnia
1221 5362 1433 5432 implet,
1463 5359 1822 5432 impassibilis

221 5451 438 5516 mansit,
460 5453 718 5522 quamvis
747 5452 841 5506 ille
863 5469 1028 5522 quem
1060 5450 1316 5523 replebat
1343 5451 1402 5504 in
1427 5466 1590 5505 cruce
1617 5449 1824 5520 passio-

220 5553 343 5594 nem
379 5541 666 5596 suﬂ'erret.
699 5542 877 5597 Multa
905 5546 1134 5614 possent
1157 5558 1221 5596 ex
1264 5540 1371 5594 hoc
1409 5538 1536 5605 dici,
1586 5537 1686 5593 sed
1715 5537 1823 5593 ista

473 5639 744 5704 Puncta
778 5640 1012 5704 CXVII.

1897 4829 2114 4878 constet
2141 4830 2200 4878 et
2233 4841 2419 4879 carne.
2451 4824 2710 4880 Stultitia
2737 4830 2811 4877 est
2832 4827 2982 4878 enim
3007 4827 3185 4894 illius,
3217 4827 3485 4887 subaudis

1901 4912 2049 4984 quod
2061 4913 2222 4967 audit
2239 4913 2307 4967 de
2323 4911 2605 4985 mysteriis
2618 4911 2718 4966 Dei
2740 4930 2752 4979 ;
2773 4917 2819 4965 et
2843 4928 2952 4966 non
2964 4920 3134 4982 potest
3156 4920 3482 4988 intelligere,

1901 5005 2035 5070 quia
2062 5005 2436 5070 spiritualitcr
2463 5003 2848 5067 araminatur,
2883 5000 2941 5056 id
2970 5007 3074 5070 est,
3107 5003 3409 5062 discutitur
3432 5015 3488 5064 et

1901 5089 2256 5160 dijudicatur.
2302 5091 2371 5145 Et
2415 5090 2546 5161 quia
2591 5089 2757 5143 homo
2799 5107 2910 5145 non
2958 5098 3142 5163 potest
3176 5093 3493 5168 intelligere

1905 5179 2050 5249 quod
2097 5178 2272 5245 audit,
2304 5195 2405 5233 nec
2444 5177 2564 5232 vult
2603 5179 2850 5242 credere,
2885 5199 2918 5235 a
2945 5181 3330 5254 spiritualibus
3361 5184 3494 5242 viris

1903 5267 2246 5339 dijudicatur
2274 5275 2328 5321 et
2369 5267 2794 5322 condemnatur.
2838 5267 3159 5346 Philosophi
3210 5276 3500 5332 mundana

1904 5357 2202 5430 sapientes.
2229 5362 2286 5410 et
2312 5355 2555 5410 heratici
2593 5357 2743 5428 apud
2767 5359 3088 5414 Corinthios
3115 5362 3402 5434 degentes,
3434 5373 3500 5418 ut

1905 5446 2122 5502 facilius
2154 5445 2372 5500 animos
2403 5445 2723 5502 auditorum
2756 5455 3072 5516 pervertere
3100 5459 3344 5522 possent,
3377 5456 3434 5506 et
3462 5469 3498 5504 a

1905 5533 2261 5590 rectitudinis
2285 5539 2432 5590 statu
2458 5533 2716 5604 deficere,
2766 5554 2869 5592 sua
2896 5555 3068 5610 prava
3101 5539 3362 5611 dogmata
3403 5531 3492 5592 ho-

3187 5639 3262 5695 17
