3936 6164
506 241 615 325 sis
949 260 1328 322 HAYMONIS
1371 256 1862 324 HALBERSTAT.
1898 266 2121 323 EPISC.
2159 260 2318 323 opp.
2345 270 2530 326 PARS
2559 270 2604 327 Ι.
2639 303 2704 313 -
2736 270 3115 329 COMMENT.
3151 272 3329 333 BIBL.
3616 281 3698 340 524

503 390 668 447 nesto
698 390 955 481 Sermone
985 389 1287 463 poliebant.
1340 391 1584 464 Ideoque
1624 393 1766 447 dixit
1794 410 2098 465 parumper
2111 396 2160 454 Α
2177 409 2237 447 se
2292 395 2710 465 comparatione
2771 397 3001 462 Christi,
3054 403 3110 451 et
3172 397 3286 469 ipse
3347 403 3547 472 exponit
3594 406 3700 481 quid

503 481 761 553 superius
787 479 938 536 :Non
951 480 1240 552 loquimur
1259 498 1361 535 nos
1372 484 1435 535 in
1454 484 1628 536 verbis
1647 482 1824 536 doctis
1840 485 2010 537 huma
2020 500 2098 537 me
2179 482 2293 536 sint
2317 501 2328 535 :

502 572 801 638 sapientiae.
850 565 1124 624 Dicebant
1169 571 1316 624 enim
1348 571 1498 624 culto
1529 586 1787 624 sermone
1811 573 1958 643 quod
1989 573 2096 625 hu-
2249 571 2518 638 Ministri,
2544 573 2745 644 inquit,
2780 579 2895 643 ejus
2925 577 3020 629 cui
3036 577 3335 630 credidistis
3357 596 3372 631 :
3392 579 3598 650 ideoque
3614 598 3705 637 non

501 672 669 713 mana
696 663 903 713 natara
934 672 1046 713 non
1077 660 1347 731 reciperet
1374 666 1438 713 ut
1480 660 1628 713 Deus
1666 660 2095 731 incomprehen-
2177 677 2473 730 possumus
2521 662 2803 717 dimittere
2853 670 3079 733 peccata
3122 664 3181 717 in
3226 665 3548 736 baptismate,
3584 671 3704 740 quod

500 742 677 802 sibilis
707 753 763 802 et
789 749 1152 818 incorporeus
1180 749 1349 802 homo
1372 748 1495 802 ﬁeri
1525 753 1730 820 posset,
1757 754 1813 803 et
1841 766 1943 803 nec
1972 767 2093 804 esse
2179 748 2435 803 Christus
2467 751 2689 821 proprie
2714 751 2818 805 sibi
2848 752 3099 806 retinuit.
3133 753 3232 807 llle
3252 755 3512 810 ministrat
3538 758 3619 828 qui
3640 775 3707 813 re-

499 830 765 891 credib’ile
795 843 859 892 ut
884 837 1041 907 virgo
1071 837 1357 891 hominem
1387 837 1509 891 sine
1540 838 1685 891 virili
1715 838 1928 892 semine
1959 855 2092 892 con-
2178 842 2264 890 cte
2294 839 2576 907 praedicat,
2608 846 2656 893 et
2688 843 2993 910 unicuique
3016 844 3160 895 sicut
3188 844 3431 898 convenit
3449 845 3702 912 ministrat,

496 922 724 996 ciperet,
755 930 855 979 aut
874 922 1001 997 p‘ost
1028 932 1255 997 partum
1280 926 1432 996 virgo
1454 942 1576 979 esse
1602 932 1915 996 posset,nec
1932 943 2093 997 posse
2176 927 2319 978 sicut
2346 927 2614 980 Dominus
2642 928 3017 982 ministerium
3049 930 3215 983 dedit.

495 1008 619 1067 ﬁeri
639 1019 703 1069 ut
728 1013 897 1068 humo
927 1004 1054 1086 post
1073 1021 1312 1069 mortem
1342 1012 1411 1068 de
1441 1015 1668 1085 pulvere
1697 1020 1861 1069 terrae
1901 1032 2091 1070 resur-
2245 1014 2354 1080 Ego
2368 1018 2642 1082 plantavi,
2687 1017 3041 1086 praedicando
3061 1017 3215 1072 vobis
3244 1018 3421 1081 ﬁdem,
3452 1021 3617 1087 Apollo
3639 1025 3708 1075 ri-

491 1094 611 1173 gat,
648 1108 705 1158 et
750 1102 864 1158 alia
890 1098 1336 1158 luculentissimo
1376 1119 1633 1157 sermone
1680 1104 2038 1174 proferebant
2073 1120 2085 1156 :
2173 1105 2345 1169 gavit,
2377 1103 2434 1156 id
2466 1109 2553 1157 est
2581 1104 2882 1175 baptizavit
2903 1111 2959 1159 et
2986 1106 3154 1160 tinxit
3189 1124 3450 1178 corpora:
3481 1110 3561 1161 sed
3595 1109 3708 1163 Deus

491 1196 551 1246 et
578 1198 643 1247 ut
666 1193 772 1247 hoc
801 1193 1065 1246 credatur
1082 1193 1318 1247 stultum
1345 1208 1467 1246 esse
1489 1192 1769 1255 dicebant,
1800 1194 1924 1247 ideo
1956 1194 2089 1264 quia
2171 1195 2596 1260 incrementum,
2620 1194 2676 1247 id
2699 1202 2785 1248 est
2812 1201 3198 1265 augmentum,
3230 1197 3373 1249 dedit
3399 1196 3522 1249 mihi
3547 1198 3708 1268 praedi-

489 1280 600 1354 ipsi
629 1297 732 1355 per
748 1282 1059 1336 humanam
1096 1282 1431 1353 sapientiam
1470 1288 1767 1353 penetrare
1800 1300 1912 1337 non
1936 1284 2086 1338 vale-
2171 1281 2338 1345 canti,
2372 1285 2429 1334 et
2454 1281 2652 1353 Apollo
2695 1272 2923 1353 riganti,
2975 1284 3109 1355 quia
3157 1300 3258 1354 ego
3299 1285 3478 1354 ﬁden;
3504 1287 3707 1341 exterius

418 1388 425 1393 ‘
492 1369 650 1425 bant.
2172 1369 2486 1439 praedicavi,
2522 1371 2669 1425 Deus
2698 1372 2943 1426 ﬁrmavit
2970 1389 3097 1427 eam
3127 1374 3186 1427 in
3237 1373 3483 1428 cordibus
3509 1374 3708 1428 audien-

560 1456 1049 1529 Spiritalisaut‘em
1069 1457 1155 1512 vir
1176 1460 1447 1528 diiudicat
1477 1462 1687 1525 omnia,
1713 1461 1770 1514 id
1786 1461 2090 1516 estdiscer-
2171 1457 2335 1519 tium,
2392 1466 2448 1512 et
2498 1460 2890 1541 multiplicavit
2936 1477 3235 1516 numerum
3279 1462 3636 1516 credentium:
3665 1468 3711 1516 et

490 1542 579 1602 nit
615 1550 673 1605 et
702 1545 902 1623 probat
929 1549 1121 1602 omnia
1168 1564 1290 1620 qua:
1328 1548 1505 1613 audit,
1539 1550 1710 1611 videt,
1743 1556 1801 1604 et
1828 1551 2039 1621 cogitat
2071 1570 2083 1604 :
2169 1547 2368 1617 Apollo
2412 1548 2580 1601 tinxit
2630 1565 2884 1620 corpora,
2926 1550 3023 1603 sed
3055 1550 3204 1604 Deus
3252 1558 3470 1621 peccata
3512 1550 3707 1605 dimisit.

490 1630 623 1711 quid
643 1630 718 1691 sit
739 1654 930 1691 verum
953 1642 1010 1691 et
1028 1636 1397 1707 falsum,quid
1428 1636 1501 1690 sit
1527 1636 1734 1691 bonum
1764 1644 1818 1691 et
1849 1638 2081 1704 malum,
2099 1708 2133 1711 _
2168 1636 2316 1689 Deus
2340 1637 2530 1691 omnia
2552 1655 2617 1691 ex
2647 1655 2707 1692 se
2736 1645 2793 1692 et
2816 1655 2851 1693 a
2872 1655 2932 1692 se
2962 1639 3151 1705 habet,
3173 1655 3277 1694 nos
3300 1646 3479 1694 autem
3497 1647 3548 1694 et
3564 1657 3619 1694 ex
3635 1640 3711 1693 illo

486 1708 546 1781 et
566 1724 851 1796 cegnoscit
887 1742 1019 1779 vera
1046 1742 1168 1780 esse
1198 1742 1321 1797 quae
1351 1725 1739 1796 prmdicamus,
1766 1726 1851 1780 vel
1880 1708 2146 1781 discer-B
2165 1729 2222 1777 et
2249 1724 2318 1777 ab
2347 1724 2463 1779 illo.

483 1815 572 1869 nit
624 1812 817 1868 omnia
869 1818 1081 1890 genera
1116 1814 1410 1868 hominum
1439 1815 1747 1869 carnalium
1776 1833 1787 1868 :
1829 1818 1946 1885 ipse
1983 1833 2085 1871 au—
2238 1815 2425 1882 Itaque
2458 1831 2625 1883 neque
2659 1817 2760 1885 qui
2782 1818 3022 1883 plantat,
3066 1817 3125 1871 id
3155 1822 3241 1872 est
3263 1818 3529 1889 prazdicat,
3572 1833 3713 1885 neque

484 1909 591 1958 tem
619 1916 654 1957 a
684 1905 903 1958 nemine
922 1904 1237 1973 judicatur,
1270 1904 1328 1957 id
1349 1909 1453 1966 est,
1472 1919 1653 1975 neque
1675 1921 1708 1958 a
1735 1904 2082 1975 spiritalibus
2165 1904 2266 1970 qut
2294 1905 2464 1970 rigat,
2488 1901 2543 1955 id
2565 1908 2651 1956 est
2678 1902 2942 1973 baptizat,
2992 1911 3069 1958 est
3097 1908 3320 1973 aliquid
3349 1905 3714 1976 comparatione

476 1988 613 2047 viris
641 1993 731 2047 sui
758 1991 1058 2063 similibus,
1096 2008 1281 2064 neque
1310 2008 1344 2046 a
1379 1992 1495 2047 Deo
1536 1993 1842 2048 damnatur
1869 1995 1955 2048 vel
1989 2011 2081 2048 re-
2165 1990 2266 2043 Dei
2298 2005 2310 2040 :
2344 1991 2477 2061 quia
2505 2008 2616 2045 non
2646 1997 2830 2061 potest
2875 1992 3043 2046 ﬁdem
3086 1993 3399 2060 infundere,
3430 2010 3595 2064 neque
3614 2009 3715 2063 pec-

482 2078 871 2154 prehe‘nditur.
2165 2085 2289 2133 cata
2317 2079 2618 2144 dimittere,
2646 2080 2693 2133 si
2715 2080 2864 2134 Deus
2886 2082 3161 2136 auxilium
3184 2100 3299 2137 non
3328 2084 3551 2138 dederit.

490 2164 497 2169 ’
554 2170 688 2243 ρωέ
717 2174 869 2225 enim
905 2171 1153 2240 cognovit
1183 2180 1404 2224 Sensum
1422 2172 1652 2224 Domini
1673 2175 1696 2224 ?
1719 2176 1820 2226 aut
1836 2175 1962 2240 quis
1992 2176 2087 2227 in«
2234 2169 2342 2234 Qui
2363 2174 2549 2221 autem
2567 2171 2793 2235 plantat
2821 2174 2871 2222 et
2899 2174 2999 2238 qui
3023 2173 3190 2239 rigat,
3217 2188 3400 2225 unum
3418 2177 3557 2237 sunt,
3579 2170 3627 2223 id
3646 2174 3714 2223 est

477 2258 685 2318 struxit
711 2277 838 2315 eum
856 2250 884 2313 Ῥ
906 2260 966 2314 id
988 2260 1224 2331 est,quis
1250 2259 1541 2314 hominum
1564 2264 1747 2330 potest
1762 2261 2078 2331 intelligere
2159 2256 2328 2311 unius
2360 2257 2461 2310 Dei
2492 2257 2739 2311 ministri
2788 2264 2845 2311 et
2875 2259 3020 2312 servi
3053 2266 3187 2313 sunt
3216 2267 3274 2314 et
3302 2260 3468 2315 unius
3513 2264 3712 2324 natura,

479 2336 537 2405 et
555 2355 852 2423 penetrare
880 2346 1230 2407 intellectum
1262 2354 1317 2403 et
1347 2346 1682 2419 sapientiam
1707 2349 1930 2403 Domini
1962 2365 2073 2421 quo
2159 2345 2287 2417 quia
2319 2345 2486 2400 homo
2516 2346 2620 2400 iste
2651 2352 2707 2400 et
2731 2347 2897 2401 homo
2924 2348 3019 2402 ille
3038 2347 3096 2401 in
3127 2349 3380 2420 personis
3401 2349 3608 2420 quidem
3626 2347 3714 2400 duo

477 2434 670 2493 omnia
721 2432 895 2494 fecit?
948 2437 1097 2509 quis,
1147 2436 1417 2491 subaudis
1464 2438 1652 2503 homo,
1698 2438 1961 2499 instruat,
2018 2444 2075 2492 et
2156 2441 2306 2500 sunt,
2331 2436 2427 2488 sed
2451 2435 2508 2488 in
2531 2441 2733 2489 natura
2756 2442 2812 2490 et
2834 2436 3017 2490 ofﬁcio
3037 2454 3237 2492 unum.
3267 2440 3621 2506 Unusquisque
3638 2451 3717 2488 au-

477 2524 695 2593 doceat,
723 2526 837 2582 sive
867 2526 1113 2597 corrigat
1130 2526 1312 2597 ipsum
1334 2526 1656 2593 Dominum,
1680 2533 1736 2580 et
1754 2527 1934 2581 dicat:
1954 2528 2073 2582 Hoc

473 2622 533 2673 et
560 2617 701 2678 illud
721 2632 835 2670 non
857 2616 996 2670 bene
1015 2614 1213 2678 fecisti,
1238 2614 1318 2668 ita
1333 2613 1502 2668 debes
1519 2615 1798 2684 corrigere
1818 2614 1990 2680 istud,
2015 2621 2070 2670 et

470 2690 555 2767 ita
569 2705 867 2761 meliorare
885 2703 1027 2758 illud
1039 2703 1065 2756 ?
1085 2702 1355 2757 subaudis
1384 2703 1593 2756 nullus.
1614 2704 1745 2756 lnsu
1750 2720 1849 2774 per
1860 2704 2073 2774 magni-

469 2788 664 2851 ﬁcabi‘t
713 2800 773 2849 et
792 2792 1053 2848 laudabit
1078 2808 1307 2847 sensum
1358 2796 1416 2845 et
1468 2792 1816 2849 intellectum
1846 2791 2071 2854 Domini

469 2889 642 2956 atque
688 2883 1017 2956 potentiam,
1065 2881 1112 2935 si
1153 2881 1475 2953 cognoverit
1500 2880 1569 2934 ab
1598 2880 1695 2934 illo
1726 2880 1917 2934 omnia
1946 2897 2067 2935 esse

466 2952 639 3044 facta,
671 2952 862 3025 dicens
887 2986 1017 3027 eum
1042 2952 1327 3041 sapienter
1355 2974 1559 3023 cuncta
1585 2969 1803 3022 fecisse.
1831 2971 1939 3023 Nos
1967 2985 2068 3022 au-

2158 2529 2262 2577 tem
2287 2529 2580 2592 propriam
2613 2527 2913 2578 mercedem
2943 2530 3171 2594 accipiet
3201 2528 3497 2581 secundum
3514 2526 3715 2578 laborem

2153 2627 2338 2675 suum,
2370 2611 2426 2664 id
2452 2617 2555 2679 est,
2587 2612 2683 2682 qui
2707 2612 2971 2683 praedicat
2992 2615 3288 2684 majorem,
3315 2620 3371 2668 et
3396 2614 3488 2685 qui
3506 2611 3719 2683 baptizat

2153 2699 2449 2755 minorem.
2471 2699 2740 2755 Similiter
2763 2701 3093 2773 intelligitur
3121 2704 3189 2756 de
3222 2703 3483 2757 omnibus
3511 2698 3718 2755 homini-

2153 2788 2419 2859 bus,quia
2444 2790 2829 2861 unusquisque
2853 2791 3161 2846 secundum
3182 2793 3511 2863 qualitatem
3543 2787 3717 2844 laboris

2153 2877 2393 2948 accipiet
2421 2872 2796 2949 quantitatem
2828 2881 3095 2935 muneris.

2221 2967 2320 3019 Dei
2348 2970 2498 3020 enim
2521 2985 2714 3022 sumus
2743 2971 3041 3037 adjutores.
3086 2968 3154 3023 In
3185 2971 3386 3025 Graeco
3415 2969 3604 3024 melius
3633 2968 3716 3021 ha-

470 3064 578 3115 ‘tem
593 3068 813 3114 sensum
834 3060 1045 3116 Christi
1060 3058 1405 3124 habemus,id
1426 3065 1529 3124 est,
1548 3057 1892 3112 intellectum
1911 3058 2068 3111 Chri-
2083 3066 2126 3126 ς,
2148 3052 2314 3106 betur
2345 3071 2355 3106 :
2392 3055 2493 3109 Dei
2525 3056 2709 3125 operis
2728 3057 3027 3128 participes
3065 3074 3286 3112 sumus.
3322 3059 3469 3113 Deus
3488 3059 3719 3128 operatur

467 3150 543 3206 sti
569 3149 861 3219 habemus,
891 3155 949 3203 et
977 3148 1252 3204 sentimus
1271 3163 1403 3205 vera
1432 3146 1501 3200 de
1542 3147 1637 3201 illo
1666 3164 1767 3218 per
1796 3148 2066 3217 Spiritum

467 3222 729 3298 sanctum
757 3237 1082 3304 illuminati,
1109 3236 1204 3308 qui
1232 3235 1422 3293 omnia
1451 3236 1606 3289 novit
1647 3252 1776 3290 cum
1807 3236 1973 3290 Patre
2012 3242 2070 3301 et

463 3312 650 3395 Filio;
682 3334 739 3383 et
766 3332 853 3387 est
883 3336 1081 3381 sensus
1109 3340 1121 3375 :
1154 3325 1279 3379 ideo
1311 3323 1441 3395 quia
1479 3340 1645 3378 nemo
1678 3329 1863 3395 potest
1892 3342 2064 3397 pene-

467 3422 620 3473 trare
648 3418 996 3475 intellectum
1023 3420 1081 3470 et
1108 3413 1448 3486 sapientiam
1478 3413 1599 3479 Dei,
1644 3413 1753 3468 nisi
1800 3414 1923 3485 ipso
1968 3416 2068 3469 do-

468 3502 664 3572 nante,
693 3504 903 3561 idcirco
930 3520 1096 3559 nemo
1126 3502 1293 3556 debet
1319 3500 1577 3557 dubitare
1618 3501 1753 3572 quin
1785 3502 1896 3556 ista
1939 3519 2069 3557 vera

468 3594 586 3672 sint
614 3611 736 3669 quae
767 3593 1005 3648 dicimus
1032 3593 1102 3646 de
1130 3591 1423 3645 nativitate
1455 3596 1512 3644 et
1540 3589 1893 3645 humanitate
1911 3590 2066 3645 Chri-

468 3686 564 3752 sti,
588 3684 721 3756 quia
747 3700 850 3755 nos
881 3680 1154 3752 Spiritum
1184 3684 1441 3734 sanctum
1470 3677 1762 3733 habemus.

1088 3822 1325 3878 CAPUT
1350 3822 1450 3877 ΠΙ.

542 3952 610 4009 Et
636 3968 746 4023 ego,
771 3952 995 4021 fratres,
1020 3964 1135 4004 non
1155 3948 1319 4017 potui
1347 3948 1493 4001 vobis
1525 3947 1678 4015 loqui
1704 3950 1865 4015 quasi
1891 3949 2064 4017 spiri-

471 4045 696 4110 talibus,
735 4041 1006 4106 tarditate
1061 4054 1259 4093 sensus
1307 4036 1499 4102 vestri,
1553 4052 1667 4089 non
1714 4035 1825 4089 mei
1849 4053 2065 4108 praepe-

470 4132 803 4276 dlt;2ndum
831 4220 981 4289 enim
994 4217 1280 4284 poteratis,
1313 4212 1582 4267 subaudis
1611 4211 1939 4282 mysterium
1967 4212 2067 4266 Di-

470 4306 716 4365 vinitatis
745 4304 953 4365 Christi
984 4319 1202 4381 capere.
1228 4302 1311 4357 Ne
1336 4301 1419 4355 illi
1440 4301 1717 4355 dicerent:
1745 4301 1911 4354 modo
1942 4318 2066 4372 pos-

2151 3142 2318 3195 ﬁdem
2359 3143 2418 3197 in
2463 3143 2876 3215 pmdicaﬁone,
2927 3151 2982 3198 et
3009 3146 3173 3199 solvit
3211 3153 3447 3218 peccata
3474 3147 3529 3200 in
3558 3142 3716 3214 bapti-

2150 3237 2349 3297 smate,
2382 3233 2540 3303 cujus
2560 3235 2743 3304 operis
2768 3235 3069 3305 participes
3098 3241 3156 3289 et
3184 3237 3477 3307 adjutores
3506 3240 3627 3289 sunt
3638 3231 3718 3303 qui

2150 3321 2474 3391 praedicant,
2509 3328 2565 3377 et
2590 3322 3051 3393 baptizandorum
3079 3341 3319 3395 corpora
3349 3330 3616 3395 mergunt.
3638 3322 3718 3375 Dei

2150 3413 2505 3478 agricultura
2535 3416 2680 3466 estis.
2711 3414 2863 3482 Ager
2892 3418 2979 3467 est
3005 3414 3096 3467 hic
3122 3415 3394 3481 mundus,
3422 3414 3479 3468 id
3506 3417 3588 3468 est
3619 3411 3719 3481 ejus

2148 3497 2518 3571 habitatores,
2546 3518 2782 3571 quorum
2805 3502 2975 3556 corda
3004 3503 3205 3558 excolit
3225 3521 3333 3575 per
3360 3503 3719 3575 praedicatum:

2151 3604 2301 3641 suos.
2330 3590 2474 3643 Nam
2505 3591 2651 3644 sicut
2669 3607 2805 3661 ager
2835 3608 3057 3646 vomere
3086 3597 3143 3647 et
3183 3592 3380 3663 ligone
3419 3592 3668 3647 excolitur
3693 3603 3721 3640 ι

2151 3677 2384 3743 cultore,
2417 3678 2499 3732 ita
2526 3697 2749 3734 vomere
2770 3680 3183 3750 praedicationis
3223 3683 3554 3736 excoluntur
3579 3676 3722 3733 corda

2150 3766 2490 3833 auditorum,
2509 3774 2572 3822 ut
2600 3775 2916 3823 sementum
2946 3770 3075 3824 ﬁdei
3097 3774 3153 3822 et
3169 3770 3583 3841 praedicationis
3601 3765 3720 3822 reci-

2146 3854 2326 3924 piant,
2379 3861 2435 3909 et
2476 3856 2722 3911 fructum
2752 3855 3029 3911 bonorum
3060 3874 3298 3928 operum
3344 3859 3592 3913 reddant.
3642 3855 3722 3909 Dei

2147 3945 2434 4012 mdiﬁcatio
2484 3949 2627 4009 estis,
2663 3946 2795 4017 quia
2820 3946 2940 4017 ipse
2969 3961 3063 3999 vos
3110 3946 3169 3999 in
3220 3963 3330 4001 sua
3374 3948 3484 4001 ﬁde
3512 3961 3606 4018 per
3636 3957 3723 3997 no-

2149 4036 2328 4085 stram
2382 4034 2831 4104 praedicationem
2880 4034 3135 4102 aediﬁcat,
3176 4040 3245 4089 ut
3280 4036 3473 4107 ipsum
3502 4035 3559 4089 in
3582 4031 3723 4089 corde

2148 4122 2459 4178 retineatis.

2218 4211 2533 4266 Secundum
2561 4213 2807 4280 gratiam
2833 4212 2956 4277 Dei,
2981 4211 3040 4266 id
3066 4218 3150 4267 est
3182 4213 3503 4270 secundum
3526 4213 3725 4284 sapien-

2147 4298 2307 4365 tiam,
2338 4316 2456 4368 (μιᾶς
2478 4301 2609 4353 data
2645 4306 2722 4354 est
2749 4301 2892 4354 mihi
2927 4317 3040 4371 prae
3069 4302 3336 4357 omnibus
3363 4301 3639 4374 apostolis.
3674 4298 3725 4352 Ut

469 4412 684 4465 sumus,
713 4392 996 4448 subdidit:
1040 4391 1147 4445 Nec
1172 4406 1323 4444 nunc
1350 4390 1570 4457 quidem
1592 4392 1849 4457 potestis:
1886 4390 1945 4443 in
1974 4383 2130 4444 fu-‘D
2151 4391 2367 4455 sapiens
2391 4388 2721 4441 architectus
2742 4390 3177 4455 fundamentum
3194 4395 3381 4459 posui.
3401 4392 3727 4446 Architectus

469 4497 662 4541 turum
687 4487 880 4538 tamen
906 4481 1024 4535 Deo
1055 4479 1299 4537 donante
1328 4476 1606 4550 poteritis.
1660 4477 1904 4548 Ideoque
1935 4479 2067 4549 quia

465 4591 581 4636 non
604 4571 876 4645 poteratis
899 4585 1118 4641 capere,
1160 4568 1305 4622 addo
1329 4582 1340 4616 :
1372 4569 1476 4621 Lac
1526 4568 1670 4620 vobis
1694 4572 1889 4635 potum
1918 4569 2061 4635 dedi,

466 4682 578 4719 non
608 4678 805 4726 escam,
846 4660 903 4714 id
928 4665 1030 4726 est,
1065 4657 1376 4728 simplicem
1406 4655 1717 4711 doctrinam
1747 4655 1818 4710 de
1861 4656 2063 4710 huma-

463 4752 641 4810 nitate
695 4749 926 4817 Christi,
979 4764 1094 4803 non
1123 4745 1365 4800 solidum
1415 4743 1601 4799 cibum
1651 4744 1721 4797 de
1767 4744 2061 4799 divinitate

461 4842 674 4898 Christi
703 4847 761 4896 et
789 4838 1057 4910 mysterio
1083 4833 1396 4891 Trinitatis.

534 4933 671 4986 Cum
700 4933 849 4983 enim
876 4931 948 4993 sit
977 4930 1125 4980 inter
1156 4942 1245 4978 vos
1276 4925 1427 4976 zelus
1463 4928 1513 4976 et
1559 4926 1851 4989 contentio,
1883 4923 2053 4991 zelus,

459 5020 517 5074 id
544 5020 633 5073 est
661 5016 869 5071 invidia
904 5020 961 5069 et
991 5013 1273 5069 contentio
1302 5013 1371 5066 de
1402 5011 1569 5065 variis
1598 5010 2051 5081 baptismatibus.

526 5107 669 5161 Dum
696 5106 831 5158 dicit
861 5119 1009 5156 unus
1037 5121 1051 5154 :
1082 5102 1190 5169 Ego
1220 5102 1440 5170 quidem
1479 5117 1604 5153 sum
1632 5102 1799 5153 Pauli
1842 5100 2057 5171 baptis-

456 5201 608 5249 mate
637 5192 970 5263 baptizatus,
1004 5196 1061 5244 et
1091 5190 1211 5258 ejus
1253 5189 1401 5242 ﬁlius
1449 5205 1604 5253 sum;
1638 5192 1787 5243 alius
1817 5194 2003 5243 autem
2036 5210 2052 5243 :

2148 4475 2353 4529 dicitur
2382 4476 2639 4547 princeps
2658 4474 2717 4528 in
2740 4480 3024 4530 structura
3043 4476 3272 4546 domus;
3309 4479 3541 4553 sapiens
3564 4474 3726 4532 archi-

2142 4569 2327 4618 tectus
2358 4564 2563 4635 est,qui
2593 4565 2712 4634 ejus
2740 4581 2774 4617 a
2805 4581 2914 4635 quo
2934 4565 3244 4620 instructus
3264 4574 3376 4633 est,
3406 4568 3728 4622 voluntatem

2146 4659 2204 4707 et
2230 4654 2623 4708 auctoritatem
2644 4654 2916 4720 imitatur,
2947 4655 3094 4709 sicut
3124 4655 3256 4710 fecit
3299 4657 3515 4711 Paulus
3543 4651 3727 4711 Christi

2143 4743 2455 4797 doctrinam
2484 4743 2773 4808 imitando,
2802 4760 2916 4797 non
2935 4744 3046 4797 alia
3081 4745 3399 4817 praedicans
3431 4762 3599 4817 quam
3625 4756 3730 4815 qua

2141 4831 2211 4885 ab
2237 4833 2359 4903 ipso
2379 4831 2736 4904 percipiebat,
2753 4837 2810 4886 et
2828 4831 2887 4886 in
2913 4838 3101 4887 mente
3118 4833 3375 4902 videbat;
3414 4833 3729 4905 vel,sapiens

2139 4921 2477 4975 architectus
2498 4926 2581 4985 est
2610 4921 2705 4992 qui
2734 4938 2903 4994 super
2920 4937 3150 4977 arenam
3170 4922 3611 4979 fundamentum
3631 4934 3731 4977 non

2137 5011 2297 5081 ponit
2325 5027 2510 5068 suum.
2543 5026 2612 5064 ne
2637 5010 2712 5075 sit
2731 5010 3038 5079 inﬁrmum,
3069 5028 3139 5064 ne
3168 5028 3346 5082 super
3375 5029 3606 5068 vacuam
3635 5017 3731 5064 ter-

2138 5114 2259 5152 ram
2286 5118 2296 5151 :
2318 5098 2579 5152 similiter
2597 5098 2824 5164 Paulus,
2840 5104 2904 5152 ut
2919 5099 3143 5169 sapiens
3164 5099 3726 5165 architectus,fuuda-

2138 5192 2389 5241 mentum
2430 5186 2631 5258 posuit,
2668 5187 2800 5257 quia
2843 5187 3149 5242 Corinthiis
3176 5188 3298 5261 ipse
3330 5190 3584 5260 primum
3608 5204 3730 5260 pra-

451 5281 563 5353 Ego
590 5284 780 5353 Apollo
802 5299 818 5342 ;
851 5295 1034 5334 nonne
1062 5279 1306 5332 homines
1335 5281 1499 5331 estis?
1522 5277 1708 5332 idest:
1729 5294 1914 5333 nonne
1935 5295 2053 5332 car-
2134 5276 2563 5330 dicavit.Nullus
2592 5275 2740 5329 enim
2771 5281 2901 5330 ante
2929 5276 3113 5348 ipsum
3138 5276 3583 5332 fundamentum
3610 5274 3727 5331 ﬁdei

434 5372 654 5429 'naliter
683 5366 926 5441 sapitis?
957 5366 1230 5420 Fidelium
1260 5366 1645 5439 apostolorum
1688 5367 1919 5421 nomina
1945 5383 2046 5438 pro
2131 5366 2189 5427 in
2226 5365 2335 5419 illis
2380 5366 2657 5419 locaverat
2692 5382 2704 5414 :
2736 5368 2886 5419 alius
2924 5371 3131 5431 autem,
3175 5365 3364 5421 bonus
3414 5374 3519 5423 aut
3560 5368 3727 5422 malus

432 5461 716 5529 falsorum
738 5457 903 5537 ponit
932 5455 1002 5510 ob
1031 5472 1260 5510 causam
1297 5471 1469 5528 supra
1488 5461 1878 5511 memoratam.
1905 5456 2046 5523 Quid
2127 5455 2430 5510 aediﬁcator
2472 5455 2559 5508 vel
2606 5460 2884 5526 operator,
2926 5458 3127 5521 videat,
3160 5461 3217 5509 et
3244 5457 3576 5511 consideret
3602 5453 3727 5525 quid

440 5558 518 5612 est
545 5548 779 5624 Apollo?
809 5546 944 5618 quid
982 5561 1106 5600 vero
1143 5544 1407 5600 Paulus'?
1449 5543 1718 5600 subaudis
1764 5544 1906 5599 nihil
1940 5561 2044 5615 per
2124 5545 2530 5614 superediﬁcet,
2583 5548 2650 5598 ut
2697 5544 3009 5599 secundum
3053 5543 3388 5601 ﬁrmitatem
3443 5546 3581 5602 ﬁdei
3623 5544 3726 5601 sive
