3936 6164
559 296 665 356 527

979 296 1361 351 HAYMONIS
1397 292 1889 350 HALBERSTAT.
1930 292 2144 347 EPISC.

2227 293 2357 346 )PP.
2399 293 2585 348 PARS
2623 294 2667 348 Ι.
2710 321 2773 331 -
2814 292 3184 348 ΟΟΜΜΕΝΤ.
3223 295 3391 350 BIBL.

3645 299 3725 358 528

558 423 863 478 lationibus
883 422 1260 476 incenduntur
1286 420 1342 473 in
1368 420 1471 473 hoc
1503 419 1723 481 saeculo,
1752 418 1834 470 vel
1866 422 1991 487 post
2010 432 2156 469 mor-
2172 417 2222 477 A
2239 417 2392 470 illam
2425 417 2606 470 velitis
2635 433 2841 487 ponere
2867 437 2878 484 ;
2908 420 3017 470 sive
3044 433 3205 481 mors,
3225 416 3464 471 subaudis
3484 425 3634 473 vestra
3648 429 3727 485 est,

555 519 672 568 tem
699 512 757 565 in
781 511 908 582 igne
932 510 1278 581 purgatorio,
1299 508 1384 562 vel
1413 507 1525 561 alia
1546 505 1865 567 afﬂictione,
1888 505 2153 557 orationi-

558 600 775 671 busque
796 600 1089 652 hominum
1122 598 1435 667 expiantur.
1468 596 1679 648 Tamen
1711 593 1858 662 quod
1889 593 2008 645 sine
2041 593 2153 645 illi-

558 690 670 744 cito
700 705 891 743 amore
932 704 1046 741 non
1076 686 1415 749 habuerunt,
1463 684 1659 752 utique
1685 681 1804 734 sine
1834 688 2032 734 urente
2062 681 2156 733 do-

555 780 676 833 lore
704 795 818 831 non
846 777 1098 847 perdent.
1126 776 1230 838 Qui
1260 790 1389 827 vero
1419 772 1707 844 plumbum
1738 776 2065 824 coacervant
2084 770 2157 824 si-

554 866 633 933 bi,
662 866 995 936 plerumque
1037 864 1095 916 in
1141 864 1246 916 hoc
1287 862 1492 915 saeculo
1521 860 1797 930 incipiunt
1824 860 2062 913 cruciari
2101 864 2158 912 et

557 969 625 1009 ex
672 960 832 1026 parte
886 952 1005 1024 pati
1060 968 1183 1022 quae
1233 951 1293 1004 in
1348 951 1603 1004 futurum
1658 949 1881 1019 plenius
1935 946 2156 1019 passuri

557 1049 710 1098 sunt.

628 1133 857 1187 Nescitis
886 1132 1021 1198 quia
1053 1131 1318 1195 templum
1358 1128 1453 1181 Dei
1482 1130 1644 1180 estis?
1676 1125 1730 1178 id
1762 1131 1845 1179 est
1883 1124 2153 1193 habitatio

556 1219 800 1291 Spiritus
840 1218 1040 1281 sancti,
1085 1221 1133 1268 et
1163 1217 1306 1282 quod
1334 1216 1580 1282 Spiritus
1614 1216 1708 1267 Dei
1732 1214 1942 1267 habitat
1976 1217 2039 1266 in
2067 1229 2157 1265 vo-

557 1311 637 1361 bis
661 1313 684 1359 ?
708 1310 755 1360 A
784 1312 1037 1375 tempore
1081 1302 1433 1373 baptismatis
1461 1302 1659 1372 incipit
1685 1301 1940 1355 habitare
1972 1301 2030 1354 in
2053 1317 2153 1354 no-

554 1395 642 1448 bis
670 1394 914 1464 Spiritus
938 1397 1183 1455 sanctus,
1219 1397 1276 1444 et
1300 1391 1573 1462 templum
1607 1390 1756 1443 illius
1800 1396 1934 1444 sunt
1959 1406 2153 1443 omnes

556 1481 742 1552 angeli
767 1487 824 1535 et
850 1498 1044 1534 omnes
1068 1480 1228 1549 justi.

630 1571 695 1625 Si
714 1573 839 1637 quis
858 1574 1042 1622 autem
1062 1571 1326 1635 templum
1347 1567 1446 1620 Dei
1464 1566 1830 1628 violaveritdd
1856 1565 2012 1629 est,si
2026 1566 2151 1636 quis

554 1658 801 1729 seipsum
827 1656 1159 1727 corripuerit
1189 1655 1486 1725 peccando.
1523 1655 1605 1706 vel
1648 1654 1788 1707 alios
1839 1671 2008 1723 prava.
2047 1655 2148 1707 do-

2234 512 2300 558 ut
2327 505 2373 558 si
2406 506 2568 558 vultis
2598 523 2699 575 pro
2726 507 2839 559 Deo
2869 506 3184 560 moriamini
3214 508 3573 575 temporaliter,
3598 514 3643 561 et
3666 510 3726 562 vi-

2238 595 2378 647 vatis
2399 595 2739 648 teternaliter
2768 613 2778 661 ;
2812 598 2921 647 sive
2951 599 3253 663 praesentia,
3288 594 3525 648 subaudis
3547 596 3663 649 bona
3691 602 3733 650 et

2237 682 2533 736 commoda
2578 690 2764 736 vestra
2801 697 2950 748 sunt,
2985 689 3049 737 ut
3074 683 3393 753 pauperibus
3419 701 3475 737 ea
3499 684 3733 738 distribua-

2238 770 2330 834 tis,
2366 786 2401 823 a
2430 770 2632 841 quibus
2662 771 2835 841 recipi
2861 772 3211 838 mereamini,
3233 778 3287 826 et
3300 772 3364 825 de
3391 778 3563 825 caetero
3584 773 3735 825 vivatis

2238 864 2294 912 et
2321 859 2637 913 vestiamini
2671 878 2684 927 ;
2738 863 2847 913 sive
2889 862 3088 927 futura
3131 860 3329 931 gaudia
3352 866 3515 914 vestra
3542 867 3663 922 sunt,
3689 866 3736 913 ut

2238 947 2379 1001 bene
2409 955 2802 1002 conversantes
2827 949 2885 1001 in
2914 950 3021 1002 hoc
3050 950 3266 1014 saeculo,
3296 949 3361 1002 ad
3388 965 3449 1002 ea
3468 949 3737 1019 possidenda

2238 1037 2572 1107 quandoque
2597 1037 2951 1107 perveniatis.

2313 1126 2514 1179 Omnia
2559 1129 2706 1179 enim
2742 1143 2864 1196 quae
2893 1126 3005 1179 dixi
3045 1131 3101 1180 et
3129 1144 3249 1197 quae
3291 1127 3426 1180 facta
3451 1131 3579 1189 sunt,
3606 1131 3739 1178 vestra

2236 1220 2386 1279 sunt,
2431 1214 2487 1267 id
2537 1220 2639 1280 est,
2690 1215 2759 1268 ad
2804 1221 3046 1269 vestram
3090 1216 3407 1285 dignitatem
3431 1220 3482 1269 et
3503 1215 3739 1268 utilitatem

2236 1308 2424 1355 creata
2452 1309 2602 1357 sunt.
3516 1292 3522 1303 ’

2319 1392 2410 1443 Vos
2444 1396 2630 1443 autem
2671 1391 2880 1445 Christi
2917 1408 3137 1462 semper
3152 1409 3270 1446 esse
3298 1393 3428 1446 servi
3445 1391 3628 1445 debetis
3645 1391 3743 1444 duo-

2234 1476 2339 1531 bus
2372 1479 2551 1532 modis
2583 1496 2593 1530 :
2618 1481 2703 1533 vel
2732 1480 2866 1550 quia
2888 1497 2988 1549 per
3012 1481 3170 1534 illum
3200 1482 3291 1551 qui
3317 1487 3395 1534 est
3428 1479 3639 1533 Verbum
3669 1478 3744 1532 Dei

2234 1567 2438 1631 Patris,
2472 1585 2597 1621 cum
2626 1585 2738 1622 non
2770 1569 2984 1635 essetis,
3030 1570 3203 1624 creati
3233 1571 3361 1624 estis
3394 1588 3403 1621 :
3431 1570 3508 1622 vel
3531 1584 3634 1621 cum
3653 1583 3746 1638 per-

2233 1656 2336 1709 diti
2359 1656 2574 1710 essetis.
2593 1674 2693 1727 per
2721 1657 2881 1711 illum
2906 1659 3179 1729 redempti
3195 1659 3341 1713 estis.
3367 1660 3589 1712 Christus
3605 1663 3745 1709 autem

552 1727 753 1807 ctrina,
772 1746 916 1799 sicut
936 1744 1409 1816 pseudoapostoli,
1438 1743 1520 1796 vel
1542 1742 1848 1809 quemlibet
1869 1760 2035 1813 pravo
2048 1760 2149 1796 suo
2172 1727 2348 1808 BDei,
2374 1745 2641 1799 subaudis
2682 1746 2852 1800 Filius
2886 1754 2990 1813 est,
3019 1753 3076 1800 et
3103 1727 3176 1801 ab
3205 1748 3299 1801 illo
3337 1747 3493 1800 habet
3521 1762 3639 1809 esse,
3660 1750 3746 1797 tam

552 1835 825 1905 exemplo,
862 1835 1131 1900 disperdet
1164 1834 1327 1885 illum
1363 1834 1500 1885 Deus
1536 1831 1604 1883 de
1629 1846 1862 1884 numero
1901 1831 2146 1884 ﬁdelium

551 1940 783 1978 suorum
818 1927 876 1977 et
917 1927 1062 1975 coetu
1103 1922 1429 1983 electorum,
1473 1919 1619 1973 sicut
1661 1920 1806 1972 latro
1840 1919 1925 1972 vel
1965 1919 2148 1971 homi-

549 2011 692 2076 cida,
718 2010 830 2064 sive
862 2010 1098 2081 quilibet
1126 2008 1256 2063 reus
1276 2025 1311 2061 a
1338 2008 1500 2061 bonis
1528 2007 1809 2061 sententia
1832 2006 2041 2076 judicis
2062 2007 2148 2059 di-

547 2100 777 2163 viditur,
809 2104 867 2154 et
911 2100 1095 2152 malus
1137 2104 1415 2157 tortorum
1460 2096 1518 2149 in
1561 2112 1839 2149 carcerem
1883 2096 2144 2149 mittitur.

556 2188 837 2256 Templum
869 2191 1019 2241 enim
1051 2189 1166 2252 Dei,
1202 2186 1259 2239 id
1285 2192 1371 2239 est
1398 2185 1673 2254 templum
1722 2184 1965 2254 Spiritus
2014 2201 2146 2238 san-

548 2275 644 2340 cti,
675 2276 862 2330 Patris
889 2284 946 2329 et
973 2275 1119 2334 Filii.
1144 2280 1398 2327 sanctum
1429 2281 1524 2336 est,
1552 2274 1693 2341 quod
1723 2275 1849 2325 estis
1874 2289 1963 2325 ros
1985 2291 2000 2324 :
2021 2273 2146 2326 ideo

546 2380 661 2418 non
688 2363 903 2418 debetis
928 2364 1067 2417 illud
1098 2362 1325 2416 violare.
1354 2361 1570 2414 Fideles
1602 2360 1927 2430 alloquitur,
1946 2361 2006 2413 in
2028 2361 2147 2431 qui-

544 2452 650 2506 bus
682 2453 829 2507 Deus
859 2469 960 2523 per
982 2451 1151 2505 ﬁdem
1178 2455 1235 2504 et
1263 2449 1617 2503 dilectionem
1650 2447 1889 2501 habitat.

613 2542 786 2594 Nemo
804 2557 893 2594 vos
914 2542 1151 2603 sedueat,
1185 2539 1239 2591 id
1258 2544 1359 2601 est,
1386 2554 1550 2591 nemo
1567 2537 1835 2590 falsorum.
1852 2536 2145 2589 hominum

550 2628 890 2683 blandiendo
907 2627 1153 2697 decipiat
1181 2644 1293 2681 vos.
1324 2626 1388 2679 Si
1412 2629 1536 2694 quis
1552 2627 1771 2678 ridetur
1788 2628 1937 2677 inter
1962 2641 2050 2677 eos
2065 2640 2149 2677 sa-

543 2720 705 2786 piens
730 2724 835 2771 esse
857 2720 919 2770 in
940 2718 1037 2770 hoe
1056 2719 1272 2781 sxculo,
1288 2714 1345 2767 id
1366 2721 1452 2767 est
1470 2713 1616 2783 apud
1640 2714 1932 2767 saeculares
1962 2712 2145 2766 homi-

548 2823 669 2870 nes,
704 2808 908 2859 stultus
930 2808 1047 2871 ﬁat,
1073 2804 1305 2858 stultam
1345 2803 1621 2873 deputans
1662 2802 2027 2871 temporalem
2055 2817 2149 2854 sa-

548 2894 841 2965 pientiam,
866 2894 1113 2963 deponat
1141 2893 1317 2957 illam,
1352 2897 1415 2944 ut
1441 2895 1513 2945 sit
1537 2894 1755 2958 sapiens
1786 2891 1935 2960 apud
1971 2891 2146 2944 Deum

549 2983 609 3037 in
637 2983 1043 3036 futurum.Hoc
1062 2981 1362 3052 dupliciter
1382 2986 1566 3051 potest
1588 2978 1824 3049 intelligi
1857 2985 1914 3032 et
1940 2979 2141 3032 distin-

545 3071 644 3143 gui
673 3071 779 3125 hoc
808 3071 974 3125 modo
1007 3088 1017 3122 :
1051 3071 1097 3123 si
1126 3070 1252 3140 quis
1293 3069 1411 3123 vult
1454 3085 1642 3123 veram
1669 3068 2002 3139 sapientiam
2046 3068 2144 3121 ha-

546 3159 700 3224 bere,
732 3160 1138 3229 hic,distingue
1171 3159 1228 3211 in
1254 3158 1361 3210 hoc
1381 3157 1816 3221 saeculo,stultus
1834 3158 1951 3219 ﬁat,
1973 3156 2030 3209 id
2059 3162 2146 3210 est

544 3249 653 3305 hoc
680 3249 872 3304 credat
901 3248 971 3302 de
998 3248 1239 3310 Christo,
1276 3246 1423 3316 quod
1457 3244 1804 3315 sapientibus
1851 3245 2019 3313 hujus
2049 3262 2146 3298 sae-

545 3339 657 3395 culi
686 3338 924 3392 stultum
954 3335 1389 3390 videtur.Aliter
1419 3351 1430 3385 :
1462 3333 1507 3386 si
1529 3333 1654 3403 quis
1683 3333 1903 3386 videtur
1922 3333 2145 3403 sapiens

545 3443 668 3482 esse
705 3427 763 3481 in
794 3426 901 3480 hoc
947 3425 1169 3482 saeculo.
1199 3428 1255 3476 et
1286 3421 1749 3476 subinferendum
1781 3422 1989 3475 stultus
2021 3424 2138 3487 fiat,

543 3520 610 3570 ut
649 3516 723 3569 sit
771 3513 993 3584 sapiens
1044 3511 1188 3583 apud
1230 3512 1429 3576 Deum,
1463 3510 1557 3580 qui
1586 3509 1771 3580 potuit
1798 3525 1967 3578 agere
1996 3510 2145 3580 quod

543 3606 794 3660 humana
819 3601 1099 3673 sapientia
1121 3599 1453 3669 denegabat.

616 3693 907 3761 Sapientia
951 3693 1105 3744 enim
1150 3690 1317 3755 hujus
1360 3689 1561 3740 mundi
1599 3689 1842 3739 stultitia
1890 3692 1961 3739 est
1993 3686 2145 3753 apud

544 3784 743 3845 Deum.
779 3777 1067 3849 Sapientia
1098 3777 1266 3845 hujus
1294 3775 1488 3828 mundi
1510 3780 1596 3828 est
1610 3790 1720 3845 qua
1743 3774 2143 3843 negaturDeus

545 3872 757 3942 absque
785 3871 1024 3940 conjuge
1055 3867 1254 3921 Filium
1286 3866 1566 3936 genuisse.
1593 3866 1875 3932 Scriptum
1898 3871 1970 3918 est
1993 3868 2143 3918 enim

542 3962 603 4016 in
632 3960 735 4015 Job
758 3962 903 4028 (cap.
940 3962 1012 4027 v),
1038 3957 1093 4011 in
1117 3955 1299 4010 verbis
1330 3956 1558 4026 Eliphaz
1591 3972 1601 4006 :
1649 3955 2136 4022 Comprehendam,

542 4052 600 4105 id
631 4056 715 4105 est
757 4048 1051 4102 mendaces
1082 4045 1395 4109 ostendam,
1447 4047 1734 4111 sapientes,
1783 4042 2142 4113 philosophos

541 4138 818 4197 videlicet,
859 4139 922 4189 in
963 4137 1171 4188 astutia
1203 4148 1414 4197 eorum,
1447 4147 1575 4185 cum
1622 4129 1830 4184 Filium
1859 4146 2047 4184 meum
2076 4147 2142 4184 ex

544 4226 763 4295 virgine
792 4222 946 4277 nasci
966 4222 1167 4276 fecero.

618 4314 785 4366 Nemo
834 4314 1019 4377 itaque
1057 4312 1326 4372 vestrum,
1368 4323 1400 4359 o
1432 4305 1724 4370 Corinthii,
1767 4309 2039 4373 glorietur
2080 4311 2140 4360 in

544 4401 881 4463 hominibus,
913 4402 977 4451 ut
1001 4396 1150 4449 illius
1175 4393 1401 4448 nomine
1432 4411 1491 4448 se
1516 4395 1651 4448 velit
1679 4395 1949 4468 appellari
1974 4413 2006 4448 a
2029 4412 2139 4466 quo

543 4488 858 4559 baptizatus
886 4492 990 4553 est,
1022 4486 1168 4541 sicut
1200 4485 1499 4541 Donatistae
1524 4501 1557 4538 a
1586 4467 1822 4550 Donato,
1858 4467 2204 4554 Apolline.-D

545 4576 694 4632 ristae
722 4583 779 4643 et
807 4574 1116 4630 Manichaei.

619 4667 818 4721 Omnia
849 4667 999 4718 enim
1028 4667 1206 4717 vestra
1251 4666 1401 4720 sunt.
1433 4662 1481 4715 si
1512 4677 1607 4715 vos
1635 4660 1737 4714 Dei
1766 4660 1919 4727 estis,
1951 4663 2141 4717 omnia

542 4756 644 4812 Dei
674 4761 860 4810 vestra
885 4760 1048 4808 sunt:
1071 4768 1194 4823 quin
1215 4752 1406 4805 omnia
1430 4751 1454 4802 ?
1474 4754 1583 4804 sive
1613 4752 1841 4815 Paulus,
1871 4750 2139 4806 subaudis

542 4844 800 4899 minister
827 4848 1011 4897 vester
1030 4846 1135 4907 est,
1159 4843 1268 4894 sive
1296 4840 1520 4906 Cap/ias,
1546 4838 1804 4892 minister
1822 4845 2005 4892 \ester
2029 4846 2134 4904 est,

541 4950 653 4987 non
683 4931 975 4987 Dominus.
999 4929 1259 4985 Forsitan
1274 4928 1503 4982 veniens
1528 4928 1765 4994 Romam
1794 4928 2015 4992 Petrus,
2039 4944 2140 4998 per

542 5020 860 5074 Corinthios
898 5018 1201 5073 transitum
1232 5015 1382 5083 fecit,
1414 5019 1525 5069 sive
1557 5018 1822 5077 mundus,
1868 5015 2136 5069 subaudis

540 5113 724 5161 vester
746 5121 849 5167 est,
883 5106 1015 5177 quia
1044 5112 1273 5176 propter
1297 5122 1393 5158 vos
1433 5104 1612 5158 factus
1644 5110 1747 5167 est,
1789 5109 1852 5157 ut
1894 5104 2134 5158 utamini

540 5196 681 5249 bene
710 5195 799 5249 his
824 5210 947 5265 quae
966 5193 1024 5247 in
1048 5194 1255 5247 mundo
1286 5192 1585 5256 habentur,
1620 5198 1676 5246 et
1704 5198 1768 5246 ut
1795 5193 2035 5247 credatis
2066 5194 2131 5246 il-

540 5284 658 5338 lum
691 5300 790 5355 per
816 5282 1048 5337 verbum
1080 5281 1178 5336 Dei
1197 5297 1318 5335 esse
1344 5282 1554 5335 factum
1580 5284 1713 5347 ;sire
1729 5280 2134 5339 vita.subaudis

539 5389 805 5445 praesens,
837 5372 896 5425 in
925 5388 1035 5442 qua
1059 5377 1280 5442 oportet
1308 5370 1512 5424 bonum
1535 5370 1775 5441 operari,
1809 5375 1994 5424 vestra
2023 5377 2127 5436 est,

540 5462 587 5517 si
612 5462 692 5516 ita
719 5460 903 5515 vivitis
929 5466 992 5514 ut
1021 5460 1135 5514 Deo
1166 5459 1450 5531 placeatis.
1474 5459 1597 5523 Vel,
1616 5466 1798 5513 vestra
1827 5465 1930 5515 est.
1954 5458 2011 5512 in
2029 5459 2132 5513 hoc

538 5551 673 5624 quia
695 5550 754 5605 in
784 5554 965 5605 vestra
996 5553 1083 5603 est
1106 5553 1403 5620 potestate,
1433 5552 1623 5602 utrum
1655 5563 1757 5617 pro
1776 5545 1879 5601 Dei
1908 5547 2133 5602 nomine

2233 1833 2539 1887 secundum
2574 1833 2952 1898 Divinitatem,
2976 1852 3145 1904 quam
3174 1836 3468 1889 secundum
3494 1832 3747 1887 humanita-

2231 1925 2365 1983 tem,
2400 1921 2496 1990 qui
2521 1926 2651 1974 ante
2676 1923 2866 1975 omnia
2894 1924 3093 1976 szecula
3123 1923 3192 1977 ab
3242 1923 3334 1977 illo
3382 1929 3462 1976 est
3484 1926 3684 1992 genitus,
3707 1928 3748 1972 et

2231 2008 2300 2062 ab
2330 2009 2425 2062 illo
2452 2009 2621 2063 habet
2644 2011 2939 2080 originem,
2968 2018 3025 2065 et
3047 2012 3103 2064 in
3129 2013 3241 2065 fine
3270 2018 3565 2082 temporum
3591 2023 3744 2061 secun-

2231 2098 2365 2151 dum
2396 2082 2804 2154 humanitatem
2826 2099 2895 2153 ab
2925 2100 3019 2154 illo
3050 2100 3231 2155 factus
3261 2106 3363 2154 est.

2844 2242 3077 2297 CAPUT
3116 2242 3219 2298 IV.

2272 2360 2364 2415 Sic
2382 2378 2477 2414 nos
2496 2365 2767 2417 existimet
2782 2365 2939 2418 homo
2952 2371 3015 2419 ut
3027 2369 3313 2420 ministros
3327 2366 3575 2421 Christiet
3586 2364 3747 2428 dispen-

2229 2453 2433 2502 satores
2484 2455 2879 2519 mysteriorum
2919 2456 3032 2507 Dei.
3066 2454 3363 2517 Corinthii,
3402 2458 3661 2524 postquam
3676 2462 3750 2519 per

2230 2537 2683 2606 praedicationem
2714 2542 2966 2611 Apostoli
2998 2552 3273 2597 venerunt
3287 2544 3354 2598 ad
3372 2544 3544 2598 fidem.
3573 2538 3747 2609 quidam

2229 2625 2455 2679 illorum
2464 2629 2700 2695 ,seducti
2719 2647 2750 2682 a
2769 2632 3271 2702 pseudoapostolis.
3293 2649 3401 2686 non
3417 2627 3689 2685 sentiebant
3705 2624 3754 2677 de

2228 2713 2323 2767 illo
2345 2722 2617 2783 quantum
2636 2717 2866 2786 dignum
2890 2725 3030 2784 erat,
3050 2720 3210 2790 quasi
3233 2737 3344 2774 non
3360 2711 3757 2785 tantaedignitatis

2232 2806 2290 2854 et
2304 2803 2501 2871 gratiae
2513 2810 2752 2868 esset,eo
2766 2806 2912 2875 quod
2927 2824 2957 2860 a
2973 2807 3209 2861 Domino
3228 2824 3328 2878 per
3343 2804 3660 2878 praesentiam
3671 2814 3757 2853 car-

2234 2890 2320 2943 nis
2360 2907 2472 2945 non
2516 2898 2664 2946 esset
2691 2900 2940 2955 vocatus.
2981 2902 3202 2965 quantae
3237 2897 3433 2950 Petrus
3461 2893 3639 2962 aliique
3663 2903 3756 2957 apo-

2231 2979 2361 3032 stoli
2392 2980 2486 3049 qui
2517 2997 2644 3034 eum
2668 2987 2801 3035 sunt
2826 2984 3087 3048 secuti,et
3102 2985 3222 3054 ejus
3244 2982 3660 3055 praedicationem
3684 2991 3756 3029 au-

2232 3067 2478 3121 dierunt.
2510 3069 2782 3123 Diaebant
2811 3071 2982 3125 etiam
3019 3073 3175 3126 illum
3206 3074 3544 3128 seductorem
3571 3074 3620 3122 et
3647 3065 3758 3117 falsa:

2228 3156 2494 3211 doctrinm
2516 3158 3310 3227 praedicatoremJlonorantes
3329 3158 3556 3230 amplius
3577 3152 3757 3226 pseudo-

2228 3246 2510 3315 apostolos
2535 3247 2857 3301 seductores
2887 3265 3039 3307 suos.
3064 3250 3161 3320 qui
3187 3250 3271 3304 eis
3304 3248 3500 3303 blande
3522 3242 3760 3315 loqueban-

2228 3338 2323 3385 tur
2343 3348 2509 3402 quam
2529 3333 2687 3386 illum
2710 3334 3122 3404 qui,veritatem
3141 3337 3645 3407 praedicans,eorum
3660 3326 3759 3380 vitia

2228 3420 2619 3490 redarguebat.
2668 3422 2827 3485 Quod
2866 3428 2932 3476 ut
2974 3425 3243 3493 Apostolo
3278 3422 3662 3478 manifestatum
3680 3419 3756 3475 ests

2228 3508 2379 3562 inter
2413 3514 2615 3562 caetera
2646 3510 2754 3563 ista
2784 3511 3027 3581 scripsit,
3053 3528 3175 3582 quae
3202 3513 3297 3567 hic
3325 3513 3590 3574 dicuntur,
3616 3510 3759 3560 osten-

2226 3597 2365 3651 dens
2393 3599 2498 3651 hoc
2527 3594 2731 3652 debere
2762 3599 2999 3670 intelligi
3030 3601 3099 3654 de
3125 3618 3185 3655 se
3207 3611 3267 3655 et
3288 3596 3633 3669 sentiri,quod
3650 3594 3761 3649 Deus

2226 3686 2383 3740 illum
2413 3688 2483 3740 ad
2508 3688 2854 3757 apostolatus
2875 3689 3206 3758 dignitatem
3231 3692 3493 3760 elegerat,
3520 3684 3757 3754 inquiens:

2227 3774 2317 3828 Sic
2337 3792 2457 3842 nos,
2493 3793 2600 3841 me,
2635 3783 2692 3829 et
2720 3777 3062 3839 Barnaham,
3107 3783 3163 3831 et
3203 3780 3513 3833 Sosthenen
3540 3770 3764 3829 existimet

2226 3864 2414 3930 homo,
2447 3864 2792 3923 Corinthius.
2842 3866 2927 3919 vel
2976 3867 3120 3920 alius
3157 3867 3413 3937 quilibet,
3448 3872 3507 3919 ut
3534 3861 3764 3916 ministros

2226 3953 2467 4019 Christi;
2502 3969 2567 4006 ac
2586 3953 2634 4006 si
2664 3953 2875 4007 diceret
2913 3954 3039 4007 aliis
3071 3944 3252 4009 verbis
3285 3974 3296 4007 :
3322 3955 3520 4015 Nolite,
3552 3968 3582 4004 ο
3610 3946 3763 4003 Corin-

2224 4040 2345 4101 thii,
2381 4058 2482 4094 nos
2516 4042 2803 4111 despicere
2833 4059 2897 4096 ac
2925 4060 3207 4113 spernere,
3239 4062 3307 4099 eo
3338 4043 3483 4115 quod
3510 4056 3602 4095 nos
3632 4053 3659 4090 a
3683 4035 3766 4089 Do-

2224 4129 2375 4183 mino
2400 4146 2515 4183 non
2545 4146 2740 4184 sumus
2773 4132 2948 4185 vocati
2978 4148 3104 4186 cum
3136 4133 3307 4187 Petro
3331 4132 3559 4202 aliisque
3594 4128 3767 4197 aposto-

2224 4218 2310 4283 lis,
2359 4219 2491 4289 quia
2521 4235 2633 4273 non
2684 4220 2797 4273 alia
2824 4220 3210 4290 praedicamus,
3260 4239 3366 4293 ego
3414 4226 3470 4275 et
3513 4212 3765 4273 Barnabas.

2223 4324 2389 4376 quam
2413 4324 2535 4377 quae
2557 4308 2640 4361 illi
2670 4308 2993 4379 praedicant,
3018 4316 3075 4364 et
3095 4311 3191 4380 qui
3212 4310 3343 4365 illos
3360 4311 3418 4364 in
3439 4315 3580 4362 terra
3601 4301 3765 4375 positus

2221 4395 2403 4449 adhuc
2451 4396 2704 4449 mortalis
2743 4397 2977 4459 vocavit,
3026 4403 3194 4467 atque
3224 4398 3297 4451 ad
3324 4396 3560 4468 gratiam
3588 4393 3768 4461 aposto‘

2225 4483 2371 4537 latus
2413 4484 2720 4548 accersivit,
2775 4490 2832 4539 et
2878 4485 3072 4539 eadem
3104 4486 3244 4540 mihi
3273 4484 3534 4541 revelavit
3558 4482 3621 4536 de
3643 4476 3765 4535 coelo,

2224 4588 2346 4642 quae
2378 4572 2500 4641 illos
2530 4573 2721 4627 docuit
2742 4574 2800 4627 in
2829 4579 3000 4628 terra.
3035 4576 3149 4628 Nec
3176 4592 3315 4646 rogo
3328 4582 3394 4629 ut
3410 4592 3497 4628 me
3523 4577 3575 4626 et
3602 4570 3771 4624 Barna-

2221 4659 2351 4713 bam
2399 4660 2611 4715 similes
2653 4662 2878 4716 Christo
2924 4662 3276 4725 existimetis,
3316 4664 3414 4718 sed
3446 4669 3507 4716 ut
3534 4657 3768 4714 ministros

2223 4749 2451 4809 Christi,
2476 4750 2571 4820 qui
2602 4749 2757 4820 vobis
2787 4750 3147 4821 Evangelium
3177 4753 3301 4822 ejus
3348 4745 3765 4806 ministravimUS.

2221 4836 2476 4891 Minister
2511 4838 2722 4892 Christi
2752 4845 2839 4893 est
2873 4840 2967 4909 qui
2997 4849 3340 4911 praeceptum
3366 4838 3516 4894 illius
3544 4828 3769 4890 servando

2220 4925 2476 4980 imitatur
2498 4926 2830 5007 illuml’sicut
2849 4928 2968 4998 ipse
2997 4929 3175 4983 dixit:
3201 4930 3310 4995 Qui
3338 4930 3482 4983 mihi
3510 4921 3770 5007 ministrat,

2219 5031 2303 5067 me
2324 5021 2588 5083 sequatur
2608 5003 2792 5086 (Jean.
2833 5020 2953 5084 XII).
2987 5018 3087 5072 llle
3117 5018 3289 5071 etiam
3320 5017 3579 5071 minister
3603 5003 3771 5066 Christi

2218 5109 2304 5156 est
2324 5103 2418 5173 qui
2449 5105 2571 5175 ejus
2588 5103 2951 5174 Evangelium
2976 5107 3329 5177 praedicando
3363 5105 3488 5159 aliis
3510 5099 3768 5157 ministrat,

2217 5192 2365 5245 sicut
2420 5193 2648 5257 Paulus,
2698 5194 2794 5264 qui
2840 5200 2898 5248 et
2925 5194 3200 5261 servabat,
3246 5196 3333 5249 vel
3374 5189 3706 5266 praedicabat,
3731 5188 3773 5235 εί

2220 5280 2595 5335 ministrabat.
2628 5283 2851 5337 Christo
2881 5283 3051 5338 etiam
3078 5284 3368 5338 ministrat
3388 5283 3484 5355 qui
3513 5281 3649 5334 bona
3664 5282 3773 5328 tem-

2215 5371 2430 5442 poralia
2473 5388 2574 5441 pro
2619 5388 2811 5426 amore
2857 5373 2980 5443 ejus
3029 5374 3375 5444 pauperibus
3419 5374 3627 5439 erogat,
3656 5358 3773 5434 (1110d

2214 5460 2361 5513 idem
2374 5460 2675 5530 Apostolus
2688 5461 3030 5532 adimplebat
3058 5510 3061 5517 .
3088 5479 3199 5517 ηοη
3222 5463 3289 5516 de
3313 5460 3518 5515 alienis
3540 5462 3772 5528 pauperes

2215 5549 2601 5617 sustentando,
2634 5550 2733 5604 sed
2760 5550 2829 5604 de
2858 5551 2963 5607 hoc
2993 5552 3144 5623 quod
3186 5549 3380 5606 labore
3409 5559 3670 5604 manuum
3706 5554 3771 5591 ac-
