3936 6164
205 217 301 273 5‘29

816 213 1202 277 EXPOSITIO
1242 221 1318 278 ΙΝ
1361 226 1512 282 EPP.
1557 227 1613 281 S.
1659 229 1893 284 PAULI.
1936 262 2003 271 —
2044 232 2117 285 IN
2158 232 2379 286 EPIST.
2426 234 2445 286 Ι
2489 234 2582 287 ΑΙ)
2625 234 2787 289 COR.

3372 235 3475 290 530

202 339 469 410 quirebat.
504 341 664 404 Quod
685 348 872 397 autem
905 346 1162 415 sequitur
1195 365 1205 399 :
1257 349 1324 401 Et
1373 350 1851 419 dispensatoresA
1873 354 2289 424 dispensatores
2319 363 2452 409 sunt
2476 374 2575 425 per
2604 375 2839 428 quorum
2876 360 3247 413 ministerium
3280 377 3474 430 perve-

201 430 592 500 mysteriorum
626 431 723 485 Dei
750 452 761 485 :
790 440 935 496 et,ut
955 435 1180 504 quidam
1206 436 1420 491 codices
1451 439 1793 505 habent,mi-

200 518 556 572 nisteriorum
588 519 922 582 Dei,melius
942 529 1027 576 est
1055 524 1240 578 dicere
1263 527 1656 595 mysteriorum
1670 530 1788 595 Dei,

201 607 327 678 quia
354 607 403 660 si
422 607 726 663 dixerimus
757 610 1216 688 ministeriorum,
1251 615 1356 669 erit
1385 632 1584 670 sensus
1634 618 1793 688 quasi

197 696 586 750 tantummodo
613 698 683 750 ad
705 685 1080 769 dispo‘nendos
1117 707 1173 755 et
1219 703 1558 760 ordinandos
1584 685 1793 776 gradus

199 784 602 838 ecclesiasticos
631 787 745 841 sint
772 787 971 854 vocati,
1009 791 1298 862 episcopos
1357 793 1629 857 videlicet,
1662 812 1791 866 pre-

198 872 467 943 sbyteros,
501 874 1143 950 diaconos,caeterosque
1169 881 1413 948 ordines,
1445 884 1540 952 qui
1562 891 1618 938 et
1632 884 1791 938 mini-

198 960 367 1013 steria
395 961 775 1017 ecclesiastica
802 967 1175 1036 appellantur.
1212 969 1352 1023 Cum
1404 988 1529 1024 vero
1553 971 1791 1025 dicimus

196 1049 613 1118 dispensatores
656 1054 1074 1122 mysteriorum,
1105 1055 1474 1127 intelligimus
1499 1058 1647 1113 illius
1675 1062 1792 1114 ele-

203 1142 318 1190 ctos
340 1137 411 1190 ad
443 1138 819 1211 dispensanda
849 1143 965 1196 suis
1016 1146 1367 1200 auditoribus
1418 1149 1684 1219 mysteria
1735 1156 1792 1202 ct

193 1230 541 1280 sacramenta
566 1227 780 1282 Veteris
807 1232 1057 1302 Novique
1087 1230 1714 1307 Testamenti,quamvis
1736 1245 1790 1291 et

195 1314 412 1368 ordines
436 1316 720 1385 Ecclesiae,
752 1319 896 1373 sicut
919 1321 1015 1374 alii
1043 1324 1301 1392 apostoli,
1332 1325 1413 1378 ita
1434 1331 1492 1378 et
1518 1326 1622 1396 ipsi
1646 1326 1791 1379 ordi~

195 1402 462 1456 naverint.
495 1405 922 1474 Dispensatores
952 1426 1083 1480 ergo
1113 1412 1498 1484 fuerunt.quia
1518 1414 1663 1468 sicut
1682 1415 1790 1469 ali-

197 1489 310 1560 quis
324 1492 738 1560 paterfamilias
751 1495 921 1565 elegit
938 1497 1384 1568 dispensatorem
1408 1501 1465 1555 in
1487 1502 1651 1557 domo
1665 1521 1786 1570 sua,

197 1578 283 1648 qui
300 1581 594 1634 conservis
624 1582 741 1636 suis
771 1585 1078 1640 secundum
1108 1604 1267 1642 suam
1299 1591 1641 1645 voluntatem
1672 1594 1788 1647 sin-

1877 443 2030 495 nitur
2058 444 2126 496 ad
2160 452 2427 497 aeternam
2459 447 2731 510 salutem;
2767 448 2862 500 sed
2896 449 3167 519 quini-itur
3194 465 3228 501 a
3256 448 3474 501 Deoin-

1874 536 1963 583 ter
1989 532 2402 602 dispensatores
2424 535 2479 586 in
2503 536 2781 603 praesenti,
2802 544 2865 589 ut
2895 537 3076 590 fidelis
3093 536 3476 607 quisinvenia-

1875 625 1986 685 tur,
2023 620 2297 685 videlicet,
2330 627 2393 674 ut
2421 622 2567 691 quod
2602 624 2869 693 praedicat
2898 641 3015 688 ore,
3048 624 3310 696 operibus
3323 640 3479 678 exor-

1877 715 1987 762 net.

1945 798 2089 851 Mihi
2099 804 2284 853 autem
2296 816 2399 868 pro
2415 803 2651 855 minimo
2664 806 2737 855 est
2756 807 2868 856 uta
2886 804 3035 858 vobis
3044 802 3393 869 judicer,aut
3405 801 3474 853 ab

1872 886 2118 940 humano
2138 889 2242 943 die.
2273 889 2734 960 Pseudoapostoli
2753 896 2922 961 atque
2941 890 3251 960 philos0phi
3277 893 3335 942 et
3355 888 3475 958 qui-

1872 974 2001 1027 dam
2028 973 2447 1031 Corinthiorum
2468 979 2681 1033 seducti
2711 978 2781 1032 ab
2817 979 2945 1045 illis,
2972 977 3353 1048 dijudicabant
3372 993 3473 1031 seu

1872 1063 2203 1118 deridebant
2224 1065 2480 1131 Paulum,
2505 1083 2570 1119 eo
2595 1068 2740 1137 quod
2763 1084 2872 1120 non
2901 1068 3247 1137 discreparet
3272 1082 3307 1119 a
3330 1082 3473 1136 pra)-

1872 1152 2151 1206 dicatione
2180 1153 2331 1206 Petri
2363 1155 2717 1225 aliorumque
2737 1153 3476 1225 apostolorum.simpliciter

1872 1246 1930 1293 et
1959 1241 2162 1295 rustice
2194 1242 2518 1311 praedicans,
2543 1243 2823 1296 dicentes:
2857 1243 2916 1296 Si
2951 1242 3467 1307 Petrus,Andreas,

1871 1330 2110 1384 Jacobus
2141 1338 2198 1384 et
2227 1333 2492 1400 Joannes,
2521 1333 2618 1402 qui
2646 1333 2949 1402 piscatores
2975 1332 3225 1397 fuerunt,
3260 1331 3471 1385 rustice

1872 1419 2268 1489 praedicabant,
2304 1426 2361 1474 et
2387 1438 2497 1474 non
2521 1420 2869 1480 scholastice,
2897 1436 3008 1473 non
3031 1425 3118 1473 est
3177 1419 3316 1473 adeo
3371 1418 3475 1471 mi-

1870 1522 2019 1574 rum,
2038 1525 2210 1578 quare
2232 1515 2419 1562 autem
2440 1510 2667 1571 Paulus,
2695 1509 2949 1561 imitator
2972 1508 3220 1571 illorum,
3244 1507 3473 1572 rustice,

1872 1601 1929 1649 et
1946 1613 2055 1650 non
2081 1598 2483 1668 phiIOSOphice,
2502 1597 2614 1651 sive
2635 1598 2925 1650 dialectice
2955 1597 3222 1666 disputet,
3240 1595 3337 1665 qui
3353 1595 3479 1648 doc-

194 1667 327 1757 gulis
350 1668 586 1757 illorum
606 1670 766 1725 bona
793 1688 895 1726 sua
942 1674 1261 1742 distribuat,
1296 1678 1631 1749 quibusdam
1661 1698 1784 1749 ame
1804 1669 1850 1727 Β
1870 1693 1960 1740 tor
1978 1667 2119 1757 legis
2151 1688 2381 1751 exstitit,
2407 1688 2511 1742 hoc
2534 1687 2737 1741 mirum
2760 1693 2863 1740 est.
2884 1688 3009 1740 Non
3035 1692 3121 1739 est
3144 1702 3277 1755 ergo
3298 1684 3475 1752 aliud,

196 1753 349 1823 plius,
383 1756 725 1826 quibusdam
758 1762 961 1829 minus,
988 1770 1045 1818 et
1064 1766 1396 1835 quibusdam
1428 1769 1568 1823 hora
1597 1771 1781 1833 tertia,

197 1843 528 1930 quibusdam
558 1864 707 1902 nona
735 1852 951 1909 (Matth.
1010 1858 1132 1921 xx):
1186 1856 1266 1909 sic
1306 1857 1563 1912 Christus
1621 1859 1788 1930 elegit

196 1929 444 2001 Paulum,
479 1940 541 1988 et
566 1936 810 2007 reliquos
840 1940 936 2010 qui
963 1944 1229 2013 mysteria
1260 1945 1542 2015 Evangelii
1575 1948 1663 2001 sui
1693 1964 1782 2001 se-

195 2019 422 2074 cundum
459 2025 796 2092 qualitatem
828 2030 1147 2085 auditorum
1178 2032 1787 2105 distribuerent,perfe-

193 2106 285 2165 ctis
313 2109 581 2168 videlicet
604 2123 659 2169 et
687 2117 781 2190 qui
802 2120 1110 2190 capacioris
1139 2138 1336 2176 sensus
1358 2123 1789 2195 intellectusque

194 2209 487 2265 erantalta
502 2225 566 2263 ac
588 2209 867 2280 profunda
886 2212 1157 2281 mysteria
1187 2212 1255 2265 de
1282 2212 1588 2267 Divinitate
1613 2214 1791 2267 omni-

194 2297 422 2367 potentis
454 2297 564 2351 Dei
589 2298 1024 2363 committerent,
1052 2298 1485 2369 simplicioribus
1514 2317 1644 2354 vero
1660 2301 1792 2354 sim-

191 2386 409 2456 pliciora
436 2403 571 2457 qua;
600 2402 797 2456 capere
826 2395 1071 2457 possent,
1100 2388 1251 2457 quod
1295 2392 1600 2459 utrumque
1640 2389 1790 2443 idem

193 2475 435 2544 egregius
466 2475 808 2546 praedicator
835 2476 1345 2547 agebat,sicutipse
1362 2477 1499 2530 dixit
1524 2476 1791 2546 :Sapien-

196 2567 318 2616 tiam
343 2563 570 2633 (inquit)
607 2567 892 2632 loquimur
939 2568 1087 2618 inter
1099 2567 1365 2632 perfectos
1390 2568 1438 2631 (Ι
1461 2567 1582 2620 σον.
1617 2570 1697 2632 II).
1721 2567 1793 2621 Et

194 2651 313 2722 quid
340 2652 483 2705 dicit
520 2651 728 2705 eisdem
760 2652 1066 2707 Corinthiis
1108 2653 1167 2706 in
1197 2653 1300 2706 hac
1330 2654 1608 2724 epistola?
1643 2656 1789 2708 Tan-

196 2756 344 2807 quam
363 2743 633 2808 parvulis
658 2744 718 2794 in
757 2742 990 2806 Christo,
1035 2745 1120 2795 lac
1146 2748 1341 2809 potum
1363 2744 1487 2796 dedi
1506 2745 1789 2807 vobis,non

194 2829 633 2882 escasztorum
654 2829 1054 2899 mysteriorum
1091 2829 1408 2884 divinorum
1437 2831 1792 2901 dispensator

195 2922 304 2970 erat
331 2917 456 2980 iste,
488 2917 735 2987 ideoque
754 2934 813 2970 se
842 2917 945 2971 hoc
974 2918 1194 2971 volebat
1214 2918 1408 2972 haberi
1437 2936 1470 2972 a
1500 2921 1615 2973 suis
1635 2920 1791 2973 audi-

1868 1774 1976 1827 nisi
1989 1775 2119 1845 quia
2153 1792 2349 1846 magus
2370 1782 2427 1830 et
2451 1777 2715 1829 seductor
2743 1780 2848 1840 est,
2880 1780 2945 1828 ut
2971 1775 3067 1844 qui
3097 1780 3228 1827 ante
3251 1789 3364 1827 non
3384 1789 3480 1843 po-

1868 1863 1978 1917 tuit
1999 1865 2383 1935 persequendo
2405 1865 2753 1918 Christianos
2785 1864 3043 1934 perdere,
3077 1862 3275 1916 saltem
3307 1862 3477 1916 sedu-

1869 1953 2044 2006 cendo
2075 1970 2179 2006 sua
2206 1954 2597 2023 praedicatione
2625 1954 2768 2007 falsa
2796 1952 3055 2022 decipiat,
3089 1951 3306 2021 ﬁngens
3322 1966 3381 2003 se
3393 1966 3481 2003 so-

1869 2042 2017 2095 cium
2039 2058 2160 2095 esse
2177 2042 2323 2095 Petri
2340 2042 2693 2111 aliorumque
2709 2030 3310 2111 apostolorum.Aliter
3327 2039 3477 2092 enim

1870 2129 2135 2202 praedicat
2165 2130 2424 2191 exterius,
2456 2136 2627 2200 atque
2655 2130 2821 2182 aliter
2848 2129 2966 2198 agit
3011 2127 3251 2181 interius
3299 2126 3360 2179 in
3389 2142 3478 2180 oc-

1871 2218 2156 2272 culto.Sed
2179 2218 2497 2287 Apostolus,
2525 2234 2637 2270 non
2659 2233 2861 2270 curans
2880 2217 2949 2270 de
2965 2231 3160 2269 eorum
3181 2211 3481 2268 detractio-

1872 2307 2036 2359 nibus
2067 2313 2124 2360 et
2152 2305 2526 2368 irrisionibus,
2559 2306 2740 2360 sciens
2760 2321 2861 2376 pro
2886 2310 3038 2358 certo
3059 2303 3194 2373 quia
3210 2300 3352 2355 nihil
3375 2316 3480 2354 no-

1874 2400 2004 2448 cent
2031 2394 2246 2447 homini
2270 2395 2453 2447 aliena
2472 2394 2643 2447 verba
2663 2410 2828 2464 quem
2852 2391 3082 2463 propria
3095 2407 3209 2445 non
3232 2389 3481 2443 maculat

1873 2483 2234 2543 conscientia,
2266 2483 2583 2545 subintulit,
2616 2481 2901 2552 inquiens:
2929 2481 3089 2544 Mihi,
3128 2478 3332 2549 inquit,
3372 2492 3479 2546 pro

1873 2575 2110 2625 minimo
2140 2576 2235 2636 est,
2262 2571 2319 2623 id
2351 2577 2455 2632 est,
2488 2586 2589 2641 pro
2615 2571 2790 2623 nihilo
2821 2569 2984 2632 duco,
3010 2573 3067 2621 et
3080 2583 3194 2621 non
3219 2571 3304 2620 est
3335 2564 3476 2619 mihi

1872 2677 2009 2714 cura
2028 2661 2074 2713 si
2081 2659 2324 2730 judicer,
2358 2659 2415 2712 id
2446 2664 2532 2713 est
2555 2659 2601 2712 si
2629 2659 2896 2712 detrahar
2924 2662 2981 2711 et
3000 2653 3471 2717 irridearavobis,

1873 2750 1959 2801 vel
1987 2748 2224 2801 damner
2252 2746 2385 2817 quia
2411 2746 2627 2816 legibus
2656 2746 2857 2799 divinis
2886 2743 3208 2798 debueratis
3238 2743 3340 2805 uti,
3376 2745 3478 2795 aut

1872 2836 1942 2890 ab
1970 2837 2219 2889 humano
2248 2835 2358 2899 die,
2383 2835 2438 2888 id
2479 2840 2564 2887 est
2593 2834 2665 2886 ab
2698 2830 2810 2886 illis
2840 2832 2936 2902 qui
2966 2832 3228 2885 humanis
3257 2828 3477 2900 legibus

1870 2930 2128 2986 utuntur,
2152 2930 2210 2977 et
2236 2923 2501 2977 humanis
2523 2921 2782 2976 laudibus
2804 2927 2861 2974 et
2879 2920 3161 2974 favoribus
3192 2920 3474 2973 delectan-

194 3004 393 3059 toribus
417 3005 578 3076 quod
596 3012 737 3070 erat,
761 3005 817 3058 id
848 3013 933 3060 est
962 3007 1222 3060 minister
1241 3007 1452 3061 Christi
1483 3013 1540 3060 et
1558 3008 1784 3079 dispen-
1805 3016 1978 3077 Ctur,
2012 3013 2306 3083 loquentes
2338 3017 2395 3064 et
2437 3011 2808 3081 praedicantes
2860 3008 3261 3081 philosophice,
3285 3013 3351 3061 ut
3397 3006 3468 3060 ab

196 3101 334 3146 sator
365 3101 859 3148 sacramentorum
888 3096 1027 3164 ejus,
1065 3095 1122 3149 in
1162 3112 1271 3166 quo
1310 3112 1423 3149 non
1470 3096 1638 3150 verba
1663 3103 1790 3151 tan-

194 3190 322 3247 tum,
352 3184 449 3237 sed
483 3182 669 3236 virtus
706 3183 977 3252 fulgebat.

254 3270 301 3323 II
304 3274 348 3322 ῖς
355 3275 479 3338 jam
515 3272 710 3337 quaerit
718 3287 788 3323 ur
806 3273 957 3323 inter
971 3268 1455 3338 dispensatores,ut
1472 3274 1647 3339 ﬁdelis
1664 3276 1789 3340 quis

194 3359 696 3413 inrem'atur.Licet
710 3359 936 3429 quidam
953 3361 1100 3414 hunc
1121 3362 1455 3415 versiculum
1475 3361 1787 3428 interroga-

192 3446 289 3501 tive
310 3449 487 3502 velint
512 3448 913 3518 legere,tamen
936 3450 1240 3503 secundum
1262 3450 1483 3503 beatum
1513 3451 1789 3520 Augusti-

191 3551 309 3590 num
322 3537 518 3607 potius
531 3541 617 3589 est
629 3537 812 3589 afﬁrm
820 3537 895 3590 ati
904 3554 964 3590 ve
975 3538 1173 3607 legend
1182 3539 1407 3592 ussicut
1421 3555 1515 3609 seq
1523 3556 1661 3593 uens
1674 3555 1789 3592 ma-

191 3626 463 3679 nifestabit
483 3642 691 3679 sensus
714 3610 735 3678 z.
750 3626 932 3691 Hic,id
955 3626 1108 3679 estin
1127 3628 1388 3696 praesenti
1410 3628 1785 3698 smculo,quae-

189 3713 318 3768 ritur
344 3723 401 3769 et
419 3714 820 3769 consideratur
848 3731 881 3767 a
914 3715 1046 3779 Deo,
1080 3721 1147 3768 ut
1198 3715 1378 3770 ﬁdelis
1429 3716 1784 3787 dispensator

192 3804 299 3872 quis
322 3804 653 3857 inveniatur
677 3803 826 3857 inter
856 3803 1271 3874 dispensatores
1302 3805 1460 3871 alios,
1502 3805 1646 3859 sicut
1678 3823 1781 3875 ego

191 3906 297 3944 sum
320 3900 375 3946 et
396 3891 713 3946 Barnabas.
741 3892 958 3946 Pseudo
978 3892 1151 3963 igitur
1168 3894 1405 3963 apostoli
1430 3894 1524 3964 qui
1556 3911 1652 3947 vos
1683 3894 1781 3947 de-

189 3979 399 4047 cipiunt.
436 3997 557 4034 non
593 3986 723 4034 sunt
765 3980 954 4034 fideles
976 3982 1392 4050 dispensatores
1428 3983 1782 4052 :quoniama

190 4069 285 4123 ﬁde
311 4078 364 4124 et
393 4071 660 4125 doctrina
678 4070 886 4124 Christi
906 4071 1398 4124 discordant.Nam
1423 4071 1481 4124 in
1503 4072 1606 4124 hoc
1620 4077 1783 4125 erant

188 4157 425 4214 infideles
463 4160 888 4230 dispensatores
933 4160 1062 4229 quia
1108 4159 1503 4213 adulterabant
1536 4159 1767 4214 verbum

190 4243 276 4297 Dei
303 4252 359 4299 et
382 4248 751 4302 fraudabant.
778 4247 987 4301 Paulus
1012 4254 1201 4302 autem
1222 4249 1401 4302 fidelis
1423 4249 1778 4319 dispensator

1874 3101 2132 3155 omnibus
2161 3101 2463 3155 laudentur
2498 3118 2505 3125 '
2541 3101 2671 3169 quia
2702 3115 2884 3169 neque
2913 3104 3108 3152 contra
3137 3098 3289 3167 leges
3330 3095 3475 3148 divi-

1873 3205 1996 3252 nas,
2020 3206 2201 3259 neque
2219 3196 2413 3243 contra
2426 3189 2702 3241 humanas
2718 3186 2930 3257 aliquid
2952 3190 3227 3257 perpetro.
3263 3184 3474 3237 Huma-

1872 3294 1974 3331 nas
2006 3278 2157 3347 leges
2187 3278 2271 3330 vel
2291 3277 2487 3330 laudes
2518 3276 2630 3330 diei
2652 3280 2962 3346 comparat,
2997 3274 3126 3345 quia
3156 3272 3237 3326 illi
3262 3272 3475 3326 haben-

1871 3371 1967 3419 tur
1986 3373 2043 3420 et
2057 3367 2317 3419 videntur
2334 3365 2470 3418 clari
2493 3372 2548 3418 et
2564 3364 2799 3435 jucundi
2824 3364 2915 3434 qui
2940 3363 2997 3416 in
3015 3363 3125 3417 illis
3141 3362 3317 3416 edocti
3337 3366 3469 3414 sunt

1871 3459 1928 3508 et
1948 3455 2040 3525 qui
2063 3455 2134 3508 ab
2155 3454 2475 3508 hominibus
2497 3451 2971 3507 extolluntur.Sed
3000 3466 3170 3518 neque
3189 3465 3275 3502 me
3286 3452 3471 3516 ipsum

1860 3544 2072 3609 judico,
2107 3542 2162 3595 id
2184 3549 2289 3607 est,
2321 3558 2504 3612 neque
2526 3541 2802 3612 meipsum
2826 3538 3175 3609 reprehendo
3203 3538 3261 3590 in
3280 3536 3469 3605 aliquo

1870 3636 2067 3684 contra
2097 3632 2249 3701 leges
2271 3631 2487 3684 divinas
2507 3635 2607 3685 aut
2642 3630 2922 3682 humanas
2941 3628 3142 3698 egisse,
3176 3624 3308 3696 quia
3328 3624 3472 3678 nulli

1865 3718 2000 3772 vitio
2028 3720 2311 3789 subjaceo.
2345 3719 2532 3782 Quare
2558 3737 2569 3771 :

1938 3809 2097 3862 Nihil
2116 3810 2290 3875 enim,
2320 3806 2587 3860 subaudis
2608 3805 2763 3867 mali,
2798 3804 2935 3858 mihi
2967 3803 3219 3858 conscius
3236 3818 3382 3869 sum,
3406 3801 3465 3856 id

1864 3902 1966 3962 est,
2000 3895 2206 3949 nullius
2235 3894 2484 3948 criminis
2515 3894 2798 3947 malumin
2830 3908 2918 3945 me
2948 3895 3462 3962 recognosco,post-

1864 4002 2032 4056 quam
2063 4000 2164 4053 per
2190 3983 2428 4051 gratiam
2458 3982 2666 4035 Christi
2688 3980 2943 4050 expiatus
2963 3996 3088 4032 sum
3110 3978 3180 4031 ab
3201 3977 3462 4031 omnibus

1865 4072 2105 4144 peccatis
2141 4070 2510 4140 originalibus
2539 4075 2595 4122 et
2622 4068 2951 4123 actualibus.
2989 4068 3057 4120 Et
3093 4072 3179 4120 est
3218 4082 3460 4121 sensus:

1864 4163 1909 4215 si
1936 4178 2038 4231 ego
2072 4160 2348 4230 meipsum
2372 4157 2917 4228 irreprehensibilem
2949 4156 3169 4210 invenio
3197 4156 3293 4226 qui
3347 4171 3461 4207 me-

1858 4251 1967 4304 lius
1998 4249 2272 4319 meipsum
2291 4247 2417 4301 novi
2444 4263 2610 4317 quam
2643 4263 2757 4310 vos,
2783 4245 3062 4316 quomodo
3110 4243 3344 4316 potestis
3379 4243 3461 4297 di-

192 4343 315 4397 erat,
348 4336 485 4405 quia
515 4337 665 4389 sicut
690 4353 752 4389 ex
788 4336 902 4389 Deo
932 4352 1120 4389 coram
1148 4338 1260 4390 Deo
1292 4336 1642 4407 loquebatur.
1677 4338 1777 4391 llle
1798 4332 1837 4346 υ
1855 4338 2108 4407 judicare
2140 4335 2537 4391 conscientiam
2567 4334 3058 4403 meam,quomodo
3083 4332 3317 4404 potestis
3337 4349 3463 4387 exa-

191 4424 378 4476 etenim
405 4424 595 4477 ﬁdelis
619 4425 974 4495 dispensator
996 4425 1278 4495 Evangelii
1305 4431 1392 4478 est
1417 4425 1511 4495 qui
1530 4442 1642 4479 non
1669 4427 1780 4479 alia

190 4511 438 4578 predicat
468 4529 642 4582 quam
667 4530 788 4583 quae
809 4514 865 4567 in
886 4514 1188 4584 Evangelia
1209 4514 1503 4578 habentur,
1537 4516 1659 4568 sine
1689 4531 1778 4568 er-

190 4614 299 4653 rore
327 4601 594 4655 videlicet
623 4608 679 4655 et
702 4603 1009 4667 mendacio,
1044 4608 1101 4656 et
1131 4603 1224 4673 qui
1254 4620 1364 4656 non
1397 4604 1599 4672 quaerit
1617 4620 1777 4657 suam

189 4685 408 4755 gloriam
443 4697 508 4743 ut
538 4691 659 4760 ipse
687 4690 951 4744 laudetur
979 4690 1049 4744 ab
1079 4690 1431 4745 auditoribus
1459 4693 1698 4746 suissed
1717 4699 1780 4746 ut

187 4774 321 4829 Deus
346 4778 702 4848 glorificetur
729 4795 828 4848 per
856 4778 1019 4832 illos:
1052 4785 1108 4833 et
1162 4779 1255 4851 qui
1286 4796 1398 4833 non
1447 4797 1548 4851 pro
1609 4781 1777 4834 lucris

188 4866 605 4935 temporalibus,
635 4874 693 4921 et
714 4872 776 4921 ut
796 4874 1047 4922 ventrem
1072 4885 1236 4921 suum
1254 4869 1490 4938 impleat
1510 4868 1776 4939 praedica-

186 4950 311 5005 tioni
342 4954 573 5018 insistit,
606 4953 704 5007 sed
735 4961 849 5008 uta
868 4955 1108 5009 Domino
1140 4956 1433 5026 praemium
1461 4957 1549 5009 sui
1568 4957 1775 5011 laboris

188 5041 465 5111 percipiat.
499 5042 682 5111 Igitur
707 5043 755 5096 si
784 5042 1148 5113 Evangelium
1182 5061 1283 5115 per
1307 5044 1482 5097 malos
1513 5061 1624 5097 non
1662 5046 1775 5098 dis-

188 5136 529 5194 pensaretur.
563 5147 919 5201 nequaquam
962 5133 1234 5186 Dominus
1260 5132 1504 5186 diceret:
1537 5133 1669 5196 Quze
1690 5134 1776 5186 di-

190 5223 312 5269 cunt
330 5217 504 5283 bona,
529 5218 724 5272 facite:
746 5226 803 5272 et
824 5237 946 5290 quae
969 5221 1180 5276 faciunt
1210 5222 1376 5286 mala,
1396 5221 1576 5276 facere
1606 5224 1779 5277 nolite

186 5306 389 5371 (Matth.
425 5314 597 5367 XXIII).
632 5309 866 5374 Rursus,
897 5310 944 5363 si
974 5327 1078 5380 per
1104 5311 1277 5365 bonos
1298 5328 1407 5364 non
1431 5311 1780 5380 dispensare-

190 5396 292 5457 tur,
326 5411 682 5467 nequaquam
705 5398 1008 5467 Apostolus
1037 5399 1168 5452 alibi
1194 5400 1407 5453 diceret
1432 5418 1442 5452 :
1472 5401 1778 5451 lmitatores

196 5484 299 5534 mei
321 5487 506 5545 estote,
537 5488 675 5538 sicut
702 5490 753 5538 et
780 5501 875 5552 ego
897 5485 1106 5540 Christi
1130 5488 1185 5556 (1
1204 5487 1323 5541 Cor.
1358 5484 1628 5554 x1).Multi
1649 5502 1781 5556 ergo

1862 4427 2078 4483 minare
2097 4441 2207 4495 quo
2222 4424 2410 4477 animo
2431 4429 2487 4475 et
2504 4421 2818 4475 intentione
2837 4421 2977 4475 facio
2998 4421 3267 4492 quidquid
3291 4419 3455 4487 facio,

1862 4514 2101 4568 maxime
2130 4531 2256 4568 cum
2288 4529 2450 4566 nemo
2479 4511 2620 4565 sciat
2649 4510 2938 4564 hominum
2971 4527 3093 4580 quae
3114 4517 3246 4563 sunt
3273 4509 3331 4562 in
3357 4509 3456 4563 ho-

1863 4604 2029 4665 mine,
2062 4604 2175 4655 nisi
2204 4604 2437 4669 spiritus
2469 4602 2713 4653 hominis
2750 4602 2849 4667 qui
2877 4602 2937 4650 in
2971 4602 3082 4664 ipso
3113 4602 3192 4650 est
3220 4602 3245 4648 Ρ
3300 4596 3485 4649 ΡοΙὶΧ‹

1862 4689 2204 4744 conscientia
2232 4705 2355 4758 quae
2383 4688 2463 4740 ita
2481 4703 2676 4741 secure
2696 4687 2766 4740 de
2795 4702 2853 4738 se
2874 4684 3046 4738 audet
3068 4683 3242 4753 loqui.
3277 4684 3346 4736 Et
3387 4699 3459 4736 ne

1860 4780 2144 4833 videretur
2172 4777 2473 4846 Apostolus
2495 4774 2882 4845 praesumptive
2895 4789 2960 4826 ac
2976 4771 3214 4841 superbe
3229 4771 3368 4825 talia
3382 4770 3459 4826 fa-

1859 4868 1986 4928 teri,
2004 4865 2292 4936 subjunxit
2321 4882 2333 4918 :
2365 4865 2455 4916 sed
2472 4880 2584 4916 non
2615 4866 2675 4915 in
2704 4863 2800 4914 hoc
2818 4863 3156 4928 justiﬁcatus
3170 4859 3462 4923 sum,sub-

1859 4957 2019 5011 audis
2048 4955 2196 5026 apud
2227 4970 2316 5008 me
2346 4953 2430 5006 vel
2458 4953 2607 5022 apud
2637 4951 2835 5010 Deum,
2866 4966 2932 5003 ac
2978 4950 3024 5003 si
3072 4950 3285 5004 diceret
3332 4950 3456 5005 aliis

1859 5043 2041 5099 verbis
2066 5060 2077 5097 :
2113 5043 2270 5097 Licet
2298 5058 2400 5112 ego
2443 5041 2502 5094 in
2532 5056 2622 5094 me
2656 5038 2796 5092 nihil
2825 5038 2959 5092 mali
2988 5038 3245 5109 nihilque
3265 5056 3460 5111 repre-

1860 5134 2128 5188 hensione
2158 5133 2389 5201 dignum
2414 5129 2718 5192 inveniam,
2749 5134 2813 5181 ut
2838 5128 3068 5199 quidam
3099 5127 3237 5182 mihi
3262 5129 3458 5184 detra-

1861 5224 2000 5276 hant
2015 5220 2481 5290 injuste,quidam
2495 5219 2764 5273 extollant
2784 5217 2901 5272 suis
2931 5217 3241 5271 favoribus:
3268 5224 3460 5272 tamen

1861 5326 1973 5364 non
1999 5309 2125 5361 ideo
2149 5308 2493 5378 justiﬁcatus
2513 5323 2636 5360 sum
2662 5307 2810 5376 apud
2841 5322 2949 5370 me,
2981 5322 3164 5376 neque
3188 5307 3461 5375 justiﬁca-

1861 5404 1982 5452 tum
2015 5414 2135 5451 esse
2165 5397 2463 5467 credo-per
2509 5396 2614 5449 hoc
2664 5395 2810 5465 apud
2867 5397 3038 5449 Deum
3086 5394 3219 5465 quia
3275 5393 3461 5447 nescio

1862 5492 2055 5559 utrum
2081 5486 2336 5558 placeant
2363 5486 2414 5540 ei
2445 5501 2568 5557 qua:
2589 5500 2713 5555 ago,
2736 5490 2836 5538 aut
2854 5484 3097 5555 qualiter
3116 5499 3185 5537 ea
3202 5480 3467 5551 accipiat,
