3936 6164
493 237 591 296 531

904 238 1280 297 HAYMONIS
1318 243 1805 302 HALBERSTA’I‘.
1848 248 2071 305 EPISC.
2114 247 2272 303 OPP.
2314 243 2498 300 PARS
2535 243 2579 297 Ε.
2625 269 2686 281 -
2726 238 3097 295 COMMENT.
3139 237 3321 293 BIBL.

3639 236 3729 293 53?.

495 363 591 432 qui
620 363 821 418 melius
845 366 1130 435 cognoscit
1156 366 1288 437 quid
1310 368 1383 421 sit
1412 370 1470 424 in
1498 387 1588 424 me
1617 388 1785 442 quam
1814 374 2153 444 ego,quo-A
2173 367 2578 424 manifestabit.
2610 363 2937 427 denudabit,
2979 361 3255 418 revelabit
3283 361 3607 425 abscondita,-
3644 376 3729 414 su-

492 452 647 506 niam
672 453 777 505 etsi
798 452 854 506 in
883 454 1143 508 maximis
1163 456 1426 526 operibus
1445 466 1800 528 peccatorum
1826 479 1935 515 non
1948 462 2084 515 deli-

2166 459 2363 513 baudis
2386 455 2938 527 opera,tenebrarum
2961 469 3084 522 quae
3101 451 3173 505 ad
3190 448 3732 520 tenebrasperpetuas

497 541 612 610 qui,
642 541 840 595 saltem
870 542 926 595 in
946 538 1378 613 cogitationibus
1407 547 1619 617 deliqui
1640 555 1697 603 et
1718 551 1957 619 peccavi.
1975 552 2087 604 Meo
2166 548 2379 601 ducunt
2408 544 2713 605 hominem,
2746 543 2832 595 vel
2862 540 3191 595 absmndita
3208 554 3381 609 opera
3401 537 3745 591 tenebrarum

496 627 605 682 lius
635 630 857 699 quidem
887 647 990 700 ego
1030 634 1422 703 memetipsum
1462 651 1735 706 cognosco
1782 655 1951 708 quam
1992 656 2089 692 vos
2167 636 2302 689 dicit
2330 651 2454 705 qua:
2482 632 2540 685 in
2569 631 2783 685 occulto
2813 630 2959 683 ﬁunt
2977 645 3014 682 a
3034 628 3201 682 bonis
3220 633 3278 681 et
3304 626 3500 680 malis:
3541 631 3597 679 et
3638 642 3739 681 non

498 716 595 786 qui
623 734 712 770 me
728 718 779 771 di
780 717 1047 787 judicatis
1065 724 1121 773 et
1136 716 1512 780 detrahitis.et
1527 725 1728 779 melius
1748 726 1897 779 Deus
1917 743 2087 796 quam

499 820 622 874 ego.
650 804 810 859 Unde
829 812 888 860 et
909 808 1163 877 sequitur
1186 827 1198 861 :
1226 810 1331 876 Qui
1370 817 1558 865 autem
1587 816 1809 880 judicat
1856 808 1957 880 me,
1987 817 2090 869 Do-

499 895 693 947 minus
712 899 805 947 est.
838 895 962 949 Non
994 896 1115 949 ideo
1150 896 1294 952 bona
1315 905 1400 953 est
1423 901 1767 955 conscientia
1795 919 1942 965 mea,
1959 903 2093 974 quia

498 980 694 1036 laudat
716 984 811 1036 me
828 983 1060 1054 aliquis;
1082 1002 1263 1056 neque
1283 988 1408 1041 ideo
1431 989 1596 1049 mala,
1612 990 1660 1043 si
1680 1007 1774 1045 vos
1788 991 1940 1045 illam
1951 992 2093 1062 diju-

498 1069 717 1143 dicatis.
743 1071 887 1135 Quid
912 1073 1063 1126 enim
1086 1075 1351 1143 judicatis
1380 1078 1465 1131 vel
1496 1079 1779 1132 damnatis
1807 1081 1957 1150 quod
1981 1097 2092 1134 non

500 1157 741 1213 videtis?
770 1158 871 1239 Ille
887 1160 1054 1215 debet
1082 1163 1257 1216 alium
1286 1166 1715 1235 reprehendere,
1750 1169 1843 1239 qui
1882 1169 2094 1239 aliquid

499 1232 940 1317 reprehensibile
977 1250 1037 1302 in
1063 1267 1127 1303 eo
1155 1252 1323 1315 videt,
1348 1232 1499 1323 quod
1532 1257 1653 1325 ejus
1682 1232 1873 1310 oculos
1919 1232 2093 1311 ofi‘en-

500 1334 722 1413 dit.Vos
748 1339 1138 1400 autem,nolite
1161 1357 1249 1393 me
1272 1342 1528 1411 judicare
1549 1350 1604 1396 et
1623 1345 1918 1399 detrahere
1937 1346 2095 1415 quasi

502 1423 855 1477 seductorem
902 1431 959 1479 et
1029 1428 1323 1490 rusticum,
1386 1430 1652 1502 aliudque
1715 1440 2095 1488 ostentantem

2168 724 2349 777 solum
2379 737 2552 792 opera
2577 716 2975 784 revelabit,sed
2988 716 3611 783 etiammanifestabitet
3624 730 3743 768 con-

2169 815 2303 866 silia
2330 811 2582 863 cordium
2610 807 2881 861 bonorum
2911 811 2970 860 et
2992 805 3292 860 malorum.
3316 803 3423 858 Cui
3446 818 3575 872 ergo
3599 818 3738 856 reve-

2170 897 2311 954 labit
2338 914 2508 969 opera
2536 902 2593 951 et
2629 890 3013 967 cogitationes,
3045 894 3161 949 sive
3199 892 3432 947 consilia
3460 890 3739 945 cordium?

2174 988 2489 1044 Secundum
2524 985 2672 1056 quod
2712 984 2908 1041 beatus
2956 981 3310 1053 Augustinus
3351 977 3747 1049 dicit,.singnlis

2175 1077 2369 1131 electis
2394 1074 2775 1129 manifestabit
2801 1090 2974 1144 opera
3011 1079 3069 1125 et
3092 1070 3457 1142 cogitationes
3513 1068 3743 1122 omnium

2176 1167 2478 1220 electorum
2512 1183 2522 1214 :
2551 1180 2654 1217 nec
2681 1162 2789 1216 erit
2814 1163 2964 1232 quod
2993 1162 3111 1215 suis
3148 1177 3261 1213 non
3290 1159 3507 1229 aperiat
3551 1156 3741 1221 amicis,

2177 1261 2234 1308 et
2259 1248 2563 1307 abscondat
2594 1251 2810 1317 alienis,
2845 1249 2941 1303 ubi
2969 1249 3157 1303 nullus
3183 1248 3293 1301 erit
3318 1248 3557 1301 alienus.
3588 1244 3743 1299 Simi-

2177 1342 2307 1395 liter
2351 1340 2691 1394 credendum
2726 1346 2811 1393 est
2861 1339 3053 1392 omnia
3095 1353 3267 1408 Opera
3303 1342 3361 1390 et
3399 1334 3644 1389 consilia.
3675 1348 3745 1385 res

2178 1429 2480 1501 proborum
2510 1434 2707 1499 patere
2735 1428 2806 1481 ad
2827 1426 3228 1480 contumeliam
3277 1430 3334 1478 et
3378 1421 3747 1477 verecundiam

504 1510 765 1576 exterius,
787 1519 844 1566 et
870 1513 1023 1567 aliud
1053 1524 1376 1585 operantem
1414 1518 1810 1591 interius,quia
1832 1522 2095 1576 Dominus
2175 1519 2428 1572 illorum:
2470 1534 2601 1570 nam
2633 1517 2798 1570 modo
2829 1515 3217 1586 quandiu-non
3266 1513 3420 1567 vides
3456 1527 3554 1565 cor
3581 1526 3748 1563 meum

497 1598 714 1668 jndicat
742 1617 851 1665 me,
883 1602 939 1655 id
965 1609 1066 1662 est,
1091 1604 1359 1659 discernit
1385 1613 1441 1660 et
1452 1608 1649 1677 probat
1663 1626 1888 1663 causam
1913 1627 2094 1664 meam
2177 1612 2235 1660 et
2263 1623 2376 1659 non
2408 1605 2565 1659 video
2594 1622 2689 1658 cor
2718 1612 2897 1661 tuum.
2932 1621 3043 1657 nox
3066 1609 3168 1657 est.
3202 1603 3328 1655 Non
3380 1600 3528 1655 enim
3566 1597 3746 1653 scimus

504 1691 561 1739 et
591 1688 907 1743 considerat
935 1697 1091 1745 actus
1124 1710 1296 1758 meos,
1323 1696 1418 1765 qui
1461 1697 1615 1750 novit
1642 1714 1752 1751 non
1797 1699 1979 1752 solum
2026 1681 2449 1753 deBmOI‘tales
2474 1694 2644 1747 Corda
2674 1693 2997 1746 mortalium
3023 1710 3034 1758 ἓ
3078 1692 3172 1745 lux
3197 1695 3389 1743 autem
3443 1705 3545 1760 Per
3600 1702 3747 1757 qm

502 1776 887 1844 Operibus,sed
908 1779 1076 1833 etiam
1096 1781 1165 1834 de
1181 1783 1610 1851 cogitationibus
1624 1787 2096 1855 judicare.Quan-
2178 1782 2687 1836 manifestabuntur
2707 1782 2815 1835 ista
2845 1780 3037 1834 omnia
3061 1781 3181 1850 ipse
3211 1780 3363 1833 Deus
3405 1784 3511 1841 est»
3544 1777 3639 1848 qui
3677 1784 3751 1828 εει

504 1866 626 1915 tum
657 1864 805 1918 enim
833 1873 1069 1936 possunt
1089 1869 1346 1924 homines
1391 1872 1459 1925 de
1499 1872 1608 1926 alio
1644 1874 1920 1943 judicare,
1973 1876 2101 1945 plus
2178 1888 2314 1925 vera
2338 1872 2469 1924 lux:
2513 1870 2799 1923 videamus
2839 1869 2973 1939 quid
3011 1867 3318 1938 subjungat
3353 1866 3668 1936 Apostolus,
3706 1869 3746 1916 et

502 1950 670 2005 homo
692 1954 886 2024 utiqu
911 1954 980 2009 de
1010 1958 1225 2028 seipso:
1267 1960 1365 2013 sed
1397 1961 1544 2014 Deus
1577 1963 1701 2032 plus
1731 1963 1800 2016 de
1848 1964 2095 2021 homine,
2182 1966 2333 2023 tunc,
2356 1959 2636 2029 inquiens,
2661 1974 2801 2011 cum.
2824 1956 3096 2011 Dominus
3125 1953 3569 2008 manifestaverit
3585 1951 3749 2006 omnia

504 2055 673 2119 quam
703 2042 858 2096 dese
884 2043 1070 2098 homo.
1098 2047 1279 2101 Tanta
1308 2049 1661 2119 profunditas
1681 2048 1838 2105 estin
1853 2053 2096 2113 homine.

502 2133 570 2183 ut
594 2129 769 2183 lateat
796 2132 1127 2205 plerumque
1166 2135 1348 2206 ipsum
1392 2138 1677 2192 hominem
1724 2140 1781 2193 in
1833 2157 1942 2211 quo
1990 2148 2098 2211 est,

503 2223 717 2289 quanta
742 2220 1095 2290 profunditas
1150 2223 1493 2280 infirmitatis
1536 2227 1748 2281 latebat
1805 2228 1862 2282 in
1913 2233 2095 2295 Petro,

504 2308 728 2377 quando
754 2309 889 2379 quid
927 2309 1080 2364 intus
1107 2311 1165 2365 in
1193 2329 1253 2366 se
1295 2321 1560 2385 ageretur
1605 2316 1905 2381 nesciebat,
1946 2325 2003 2372 et
2037 2334 2097 2371 se

502 2410 630 2448 cum
659 2397 920 2463 Domino,
952 2400 1034 2452 vel
1057 2416 1158 2470 pro
1192 2390 1441 2467 Domino,
1491 2404 1828 2459 moriturum
1884 2413 2096 2460 temere

500 2484 883 2557 promittebat.
912 2488 1054 2540 Nam
1088 2478 1191 2541 hoc
1245 2478 1326 2542 illi
1371 2490 1630 2545 Christus
1683 2494 2097 2563 prmnuntiabat

503 2564 652 2643 quod
686 2573 805 2645 ipse
824 2574 883 2628 in
910 2592 971 2628 se
998 2576 1313 2647 ignorabat.

575 2664 792 2732 Itaque,
813 2664 1080 2719 subaudis
1109 2668 1206 2738 qui
1243 2669 1471 2723 nescitis
1501 2671 1633 2740 quid
1663 2670 1738 2725 sit
1762 2671 1819 2725 in
1851 2672 2097 2737 homine,

502 2754 563 2805 et
588 2749 860 2807 Dominus
881 2759 968 2807 est
996 2755 1093 2826 qui
1122 2755 1391 2811 discernit
1434 2764 1491 2812 et
1533 2759 1754 2829 judicat
1792 2777 1902 2825 me,
1931 2764 2097 2814 nolite

502 2844 631 2894 ante
663 2844 873 2911 tempus
892 2845 1172 2911 judicare,
1206 2848 1557 2915 quoadusque
1598 2852 1782 2902 veniat
1831 2852 2098 2903 Dominus

504 2928 577 2982 ad
602 2929 894 2999 judicium.
925 2932 1006 2985 De
1029 2934 1241 3003 apertis
1266 2934 1435 2988 rebus
1450 2952 1572 3006 quia
1592 2938 1846 3007 cognosci
1866 2944 2101 3008 possunt

506 2994 620 3086 quo
647 3017 841 3071 animo
861 3019 1017 3081 ﬁant,
1050 2994 1397 3092 permittitur
1439 2994 1603 3078 nobis
1638 2994 1914 3095 judicare,
1948 3027 2099 3080 verbi
2125 2994 2169 3054 ο

503 3105 720 3175 gratia:
753 3106 902 3161 sicut
928 3114 1015 3162 est
1042 3109 1770 3177 homicidium,adulterium
1791 3115 2096 3186 publicum,

505 3191 803 3248 fornicatio
830 3200 889 3249 et
915 3203 1115 3252 caetera
1151 3192 1305 3253 talia.
1335 3201 1510 3270 Cujus
1539 3209 1826 3256 auctorem
1848 3203 2100 3258 criminis

507 3297 627 3336 non
650 3283 816 3338 aliter
845 3288 1192 3357 permittitur
1212 3289 1371 3343 nobis
1391 3291 1991 3359 damnare,secundum
2006 3312 2102 3348 au-

508 3373 826 3430 ctoritatem
855 3383 1179 3433 sanctorum
1210 3379 1465 3444 Patrum,
1496 3382 1605 3434 nisi
1648 3388 1747 3435 aut
1792 3383 2101 3452 confessus,

510 3467 612 3515 aut
634 3463 918 3519 convictus
947 3465 1116 3519 fuerit
1145 3467 1398 3521 testibus.
1433 3469 1515 3522 De
1544 3469 1633 3522 his
1658 3486 1789 3522 vero
1805 3470 1874 3524 de
1901 3470 2103 3539 quibus

510 3549 743 3606 dubium
769 3559 826 3608 et
853 3555 1130 3609 incertum
1161 3561 1249 3609 est
1278 3572 1387 3626 quo
1423 3557 1611 3611 animo
1642 3559 1815 3612 ﬁant:
1847 3560 1992 3614 sicut
2020 3567 2106 3615 est

510 3639 580 3693 de
603 3640 946 3696 abstinentia
960 3649 1017 3696 et
1035 3644 1275 3713 jejunio,
1293 3646 1516 3715 quando
1538 3646 1791 3717 plerique
1811 3648 2102 3703 hominum

510 3727 705 3781 dicunt
736 3745 795 3782 se
824 3745 934 3782 non
968 3746 1130 3799 posse
1163 3731 1445 3786 abstinere
1474 3750 1508 3786 a
1527 3733 1655 3787 vino
1683 3741 1740 3788 et
1759 3736 2107 3799 carnibus,et

511 3816 805 3886 quodznon
825 3818 1043 3887 possint
1064 3820 1347 3889 jejunare,
1376 3838 1488 3875 non
1518 3828 1603 3877 est
1637 3830 1895 3879 nostrum
1950 3825 2107 3895 judi-

512 3919 677 3958 care:
708 3905 841 3975 quia
867 3913 1103 3976 possunt
1129 3914 1187 3962 et
1219 3908 1363 3964 bono
1387 3911 1575 3965 animo
1626 3918 1683 3965 et
1732 3914 1880 3966 malo
1936 3914 2057 3967 fieri
2090 3933 2101 3967 :

512 3984 659 4048 sicut
681 4000 739 4049 et
765 3994 834 4049 de
860 3997 1290 4067 cogitationibus
1315 4006 1372 4053 et
1398 4000 1470 4054 de
1493 4001 1581 4053 his
1606 4018 1731 4071 quae
1789 4002 1848 4056 in
1892 4004 2106 4058 occulto

514 4083 677 4142 ﬁunt.
706 4101 850 4155 quae,
878 4085 1008 4138 licet
1038 4086 1319 4153 dicantur,
1350 4104 1461 4141 non
1492 4093 1680 4142 tamen
1705 4106 1805 4159 per
1835 4091 2111 4161 approba-

512 4172 725 4227 tionem
756 4180 970 4243 patent,
1003 4176 1101 4227 sed
1133 4175 1401 4229 debemus
1429 4176 1651 4229 Domini
1678 4177 1891 4246 judicio
1936 4195 2114 4233 reser-

515 4276 667 4323 vare,
702 4261 833 4331 quia
864 4262 1061 4330 siquis
1080 4263 1149 4315 de
1182 4263 1268 4316 bis
1309 4263 1527 4332 judicat
1577 4281 1699 4334 quae
1747 4265 1963 4320 incerta
2008 4268 2110 4321 ha-

2180 2064 2353 2118 Opera
2380 2046 2705 2101 abscondita
2735 2052 2791 2100 et
2838 2046 3091 2099 cordium
3137 2043 3390 2111 consilia,
3419 2045 3585 2114 juxta
3623 2040 3751 2112 quod

2180 2136 2387 2189 dicitur
2413 2152 2513 2206 per
2543 2135 2910 2206 Prophetam:
2948 2135 3083 2188 Ecce
3132 2149 3233 2202 ego
3286 2133 3353 2186 ad
3390 2132 3497 2185 hoc
3535 2130 3752 2196 veni,ut

2181 2241 2352 2295 opera
2384 2231 2441 2277 et
2460 2224 2830 2294 cogitationes
2856 2238 3194 2294 congregem
3242 2221 3616 2291 singulorum,
3644 2222 3748 2273 laus

2178 2317 2285 2367 erit
2311 2317 2669 2380 unicuiquea
2704 2314 2828 2366 beo.
2866 2312 2993 2366 Non
3028 2311 3281 2365 omnium
3326 2309 3616 2366 hominum
3647 2307 3750 2361 laus

2180 2402 2306 2462 erit,
2335 2402 2432 2454 sed
2462 2401 2762 2471 unicuique
2791 2400 3155 2471 bonaopera,
3183 2404 3241 2453 et
3267 2397 3520 2462 consilia,
3553 2413 3647 2450 seu
3678 2410 3750 2447 co-

2175 2489 2483 2560 gitationes
2508 2489 2756 2556 habenti,
2790 2489 3055 2559 quoniam
3084 2494 3219 2542 tunc
3250 2486 3573 2543 laudabitur
3588 2487 3751 2554 justus

2180 2580 2416 2632 audiens
2447 2595 2481 2631 a
2504 2579 2743 2633 Domino
2768 2597 2778 2631 :
2804 2579 3123 2645 Euge,serve
3146 2579 3280 2630 bone
3306 2581 3354 2628 et
3391 2576 3587 2642 ﬁdelis,
3617 2576 3750 2628 intra

2183 2669 2248 2720 in
2268 2668 2540 2733 gaudium
2562 2669 2785 2720 Domini
2804 2669 2891 2718 tui
2914 2666 3129 2732 (Matth.
3155 2664 3328 2735 xxm),
3358 2669 3416 2718 et
3438 2682 3449 2715 :
3469 2660 3660 2724 Venite,
3680 2662 3752 2717 be-

2180 2756 2391 2809 nedicti
2416 2757 2598 2808 Patris
2629 2758 2758 2818 mei,
2780 2757 3046 2822 percipite
3073 2769 3309 2821 regnum
3338 2753 3482 2804 vobis
3507 2753 3752 2817 paratum

2179 2845 2532 2914 (Matthxxv)
2546 2843 2989 2914 .Vituperabitur
3003 2858 3225 2913 quoque
3236 2841 3481 2910 injustus
3498 2836 3753 2907 accipiens

2182 2932 2750 2986 sententiamzdlittite
2768 2948 2893 2985 eum
2910 2935 2973 2985 in
2992 2932 3237 2984 tenebras
3259 2931 3646 2990 exterioresmt,
3670 2927 3751 2987 Ite.

2186 3023 2483 3087 maledicti,
2517 3024 2579 3073 in
2609 3024 2795 3087 ignem
2820 3026 3089 3073 aeternum
3116 3019 3331 3088 (Ibid).
3355 3018 3405 3072 Αι
3445 3032 3563 3090 qua.
3596 3013 3752 3068 male-

2183 3108 2427 3161 dictione
2466 3108 2562 3178 qui
2586 3107 2796 3161 fuerint
2840 3107 3012 3160 alieni
3036 3111 3093 3160 et
3121 3104 3348 3169 exclusi,
3370 3102 3554 3157 felices
3578 3115 3753 3170 regna-

2181 3195 2323 3250 bunt
2348 3213 2476 3249 cum
2501 3197 2631 3249 Deo.

2256 3287 2375 3339 Haec
2412 3291 2617 3351 autem,
2656 3286 2881 3352 fratres,
2905 3285 2965 3338 id
2985 3290 3072 3338 est
3096 3284 3323 3337 nomina
3351 3284 3615 3337 falsorum
3641 3294 3755 3349 apo-

2186 3373 2485 3437 stolorum,
2513 3376 2929 3441 trans/igurari,
2959 3373 3015 3427 id
3060 3379 3146 3427 est
3185 3364 3451 3426 transtuli
3480 3373 3539 3424 in
3586 3385 3663 3421 me
3712 3371 3752 3419 et

2184 3465 2373 3530 Apollo
2411 3462 2639 3530 propter
2670 3480 2775 3525 vos,
2813 3462 3071 3516 videlicet
3097 3478 3168 3515 ne
3206 3478 3302 3514 vos
3330 3460 3401 3514 ad
3431 3458 3680 3513 invidiam
3707 3461 3755 3539 et

2187 3550 2587 3605 detractionem
2612 3567 2991 3621 provocarem,
3026 3556 3089 3604 ut
3119 3555 3183 3604 in
3210 3551 3361 3604 nobis
3389 3549 3624 3611 discetis,
3643 3543 3757 3598 sub-

2187 3639 2346 3693 audis
2376 3640 2772 3703 humilitatem,
2808 3656 2891 3704 ne,
2931 3655 3103 3708 supra
3133 3655 3303 3708 quam
3352 3642 3613 3705 scriptum
3659 3638 3748 3717 est;

2187 3744 2336 3781 unus
2348 3730 2608 3782 adversus
2620 3733 2676 3783 at
2683 3734 2863 3781 terum
2886 3732 3115 3798 inﬂetur
3128 3744 3230 3796 pro
3244 3721 3756 3783 atio.Concatenatio

2190 3818 2380 3887 esthuj
2390 3818 2698 3882 usmodi,ut
2713 3834 2747 3870 a
2767 3817 2927 3871 nobis
2956 3816 3183 3870 discetis
3194 3814 3569 3869 humilitatem
3578 3828 3658 3878 ,ne
3676 3810 3752 3863 in-

2190 3902 2434 3971 ﬂetur,id
2468 3914 2554 3959 est
2574 3923 2645 3959 ne
2674 3906 2937 3977 superbia
2951 3922 3099 3959 unus
3113 3905 3378 3958 adversus
3403 3904 3633 3958 alterum
3650 3910 3758 3971 pro-

2194 3995 2304 4048 alio
2322 4011 2493 4065 supra
2504 4012 2671 4066 quam
2703 3995 2974 4065 scriptum
3003 4000 3106 4057 est,
3127 3994 3189 4047 id
3210 3999 3296 4047 est
3318 3992 3462 4046 sicut
3473 3993 3588 4063 jam
3608 4003 3753 4060 supra

2194 4083 2464 4152 scriptum
2487 4089 2590 4146 est,
2621 4083 2769 4154 quod
2798 4100 2907 4137 non
2938 4082 3187 4137 debeatis
3217 4097 3406 4151 agere,
3436 4080 3679 4134 videlicet
3697 4091 3754 4129 ne

2195 4187 2342 4224 unus
2374 4172 2659 4227 Donatista
2688 4172 2920 4225 infletur
2967 4189 3067 4243 pro
3115 4171 3246 4235 alio,
3300 4171 3357 4224 id
3393 4176 3482 4224 est
3524 4184 3619 4240 pro
3668 4165 3754 4218 Do-

2196 4266 2349 4325 nato,
2378 4276 2411 4313 a
2450 4277 2559 4331 quo
2616 4260 2930 4331 baptizatus
2984 4266 3090 4327 est,
3125 4261 3393 4314 adversus
3438 4260 3684 4319 alterum,
3708 4252 3753 4305 id

515 4347 741 4409 bentur.
785 4336 1157 4418 omnipotenti
1182 4351 1315 4413 Deo,
1357 4357 1628 4421 quantum
1666 4352 1725 4405 in
1745 4370 1804 4407 se
1834 4361 1919 4408 est
1949 4347 2277 4409 cana-Dest
2303 4350 2696 4410 Novatianum,
2721 4350 2911 4403 dicens
2946 4366 3007 4403 se
3072 4366 3107 4403 a
3145 4348 3421 4403 sanctiore
3460 4346 3672 4401 homine
3709 4346 3755 4395 et

514 4441 612 4490 tur
632 4436 854 4490 Merra
876 4436 1174 4523 judicium.
1210 4439 1549 4510 Plerumque
1569 4446 1763 4495 tamen
1783 4449 1975 4497 nostra
1994 4462 2113 4499 cre-

519 4524 731 4579 dulitas
746 4525 806 4579 in
826 4524 913 4579 his
932 4524 1163 4580 fallitur.
1189 4527 1441 4581 Pertinet
1454 4536 1640 4583 autem
1663 4531 1731 4584 ad
1755 4548 1875 4597 nos,
1900 4549 1970 4587 ne
1991 4551 2112 4604 per-

518 4613 736 4668 niciosa
777 4614 1040 4685 opinione
1064 4615 1329 4669 fallamur
1359 4635 1373 4672 :
1410 4622 1471 4671 ut
1516 4618 1649 4687 quia
1674 4635 1786 4673 non
1815 4637 2111 4690 possumus

412 4733 417 4737 -
518 4704 815 4758 hominum
830 4704 1098 4774 indagare
1119 4705 1615 4771 oonscientiam,de
1629 4707 1794 4762 rebus
1814 4709 2112 4780 incognitis

512 4792 791 4863 judicium
813 4800 1026 4848 temere
1052 4810 1162 4848 non
1187 4793 1534 4864 proferamus
1562 4813 1572 4824 '
1606 4795 1711 4849 hoc
1757 4803 1859 4860 est,
1913 4804 1978 4851 ut
2022 4799 2114 4852 ille

517 4881 604 4935 vel
624 4882 720 4935 ille
735 4882 1121 4945 homo,utrum
1141 4883 1214 4936 sit
1231 4883 1550 4953 impudicus
1571 4884 1877 4955 pudicusve
1891 4888 2111 4941 nescia-

516 4984 665 5035 mus,
700 4970 829 5024 odio
870 4970 1179 5025 habeamus
1232 4972 1666 5042 impudicitiam,
1696 4979 1753 5027 et
1784 4975 2110 5044 pudicitiam

518 5056 820 5126 diligamus
854 5077 866 5116 ε
897 5066 1089 5113 tamen
1116 5068 1558 5131 presumptuose
1603 5064 1939 5117 sententiam
1997 5081 2109 5119 non

520 5146 889 5215 proferamus,
923 5164 1106 5218 neque
1143 5148 1379 5203 aliorum
1435 5150 1733 5205 criminum
1792 5158 2113 5207 narratores

519 5233 713 5288 simus.
745 5235 815 5289 Et
840 5235 887 5289 si
916 5237 1071 5290 illum
1104 5237 1189 5290 vel
1219 5236 1374 5291 illum
1394 5239 1665 5308 injustum
1692 5256 1813 5294 esse
1829 5242 2112 5309 justumve

517 5323 821 5390 nescimus,
850 5342 1104 5381 amemus
1110 5327 1390 5395 justitiam
1410 5329 1747 5399 injustitiam
1763 5332 2109 5397 detestando,

518 5425 633 5467 non
659 5418 850 5467 tamen
874 5415 1148 5484 judicium
1183 5417 1516 5486 proferendo
1546 5419 1908 5489 quoadusque
1929 5421 2114 5473 veniat

516 5502 793 5559 Dominus
818 5502 890 5557 ad
910 5504 1188 5573 judicium
1217 5510 1353 5573 :qui
1385 5512 1435 5559 et
1491 5510 1860 5571 ittuminabit,
1915 5508 1974 5564 id
2029 5514 2115 5565 eet

2195 4438 2416 4491 meliori
2443 4438 2778 4509 baptismate
2806 4455 2929 4493 esse
2954 4438 3297 4510 baptizatum
3321 4456 3336 4499 ;
3366 4442 3430 4491 et
3449 4437 3644 4490 iterum
3667 4433 3754 4486 No-

2194 4526 2451 4580 vatianus
2481 4533 2678 4580 contra
2703 4527 3057 4581 Donatistam
3084 4544 3185 4599 pro
3215 4527 3323 4579 alio
3352 4545 3365 4579 :
3423 4542 3524 4596 pro
3570 4524 3754 4578 Novato

2196 4615 2471 4677 videlicet,
2505 4632 2537 4669 a
2558 4632 2667 4686 quo
2690 4622 2776 4669 est
2794 4615 3124 4687 baptizatus.
3160 4616 3351 4669 dicens
3376 4615 3619 4668 sanctius
3654 4624 3754 4664 esse

2196 4702 2533 4773 baptismum
2560 4704 2761 4757 Novati
2783 4705 2941 4775 cujus
2962 4702 3298 4775 baptismate
3326 4702 3449 4773 ipse
3479 4707 3564 4755 est
3605 4698 3756 4770 bapti-

2196 4798 2389 4846 zatus:
2422 4792 2639 4846 Meliori
2681 4793 2899 4864 (inquit)
2942 4792 3277 4863 baptismate
3320 4807 3449 4845 sum
3478 4790 3755 4863 baptizatus

2196 4899 2365 4954 quam
2390 4888 2471 4945 tu,
2514 4882 2647 4953 quia
2676 4882 2873 4937 melior
2897 4891 2983 4937 est
3010 4884 3258 4937 Novatus
3279 4884 3508 4936 Donato.

2267 4972 2396 5038 Quis
2420 4974 2570 5025 enim
2594 4978 2639 5025 te
2666 4974 2929 5026 discernit
2956 4979 2980 5025 ?
3006 4972 3274 5026 subaudis
3306 4972 3526 5025 fidelem
3571 4985 3682 5024 esse
3704 4965 3761 5020 ab

2194 5060 2425 5125 inﬁdeli,
2459 5060 2683 5114 doctum
2701 5060 2771 5113 ab
2797 5058 3040 5127 indocto,
3074 5060 3129 5113 id
3158 5065 3261 5123 est,
3293 5060 3418 5130 quis
3437 5067 3492 5114 te
3514 5059 3638 5112 fecit
3660 5071 3761 5109 me-

2193 5149 2390 5203 liorem
2420 5150 2515 5202 illo
2545 5149 2634 5202 cui
2655 5166 2766 5202 non
2789 5148 3016 5202 donavit
3041 5149 3188 5219 quod
3232 5148 3334 5201 tibi
3366 5148 3632 5203 donavit?
3678 5141 3761 5198 Vel

2195 5240 2319 5309 quis
2346 5239 2477 5292 fecit
2503 5245 2559 5292 te
2590 5239 2898 5305 meliorem,
2921 5256 2954 5292 ο
2984 5240 3295 5299 Donatista,
3331 5255 3501 5310 quam
3556 5238 3625 5291 sit
3660 5236 3760 5290 Χο-

2200 5329 2473 5391 vatianus,
2498 5328 2758 5381 donando
2787 5327 2889 5381 tibi
2912 5327 3144 5381 virtutes
3161 5344 3300 5399 quas
3323 5327 3415 5381 ille
3438 5344 3547 5381 non
3566 5325 3717 5380 habet
3742 5321 3760 5373 ‘?

2198 5418 2363 5471 Dedit
2392 5417 2493 5470 tibi
2514 5418 2618 5470 hoc
2668 5417 2877 5469 donum
2914 5417 3182 5482 Donatus,
3206 5433 3279 5469 an
3330 5416 3527 5470 Deus?
3581 5416 3760 5483 Utique

2195 5508 2344 5563 Deus
2366 5506 2529 5561 donis
2559 5497 2675 5560 Suis
2692 5515 2751 5559 et
2772 5505 2961 5575 gratia
2998 5507 3102 5561 hoc
3144 5505 3294 5571 facit,
3331 5505 3474 5559 dans
3496 5504 3590 5561 uni
3630 5500 3757 5575 quod
