3850 6168
164 279 259 336 533

797 268 1178 325 EXPOSITIO
1219 269 1297 323 IN
1335 268 1486 323 EPP.
1535 269 1596 322 S.
1634 267 1870 322 PAULI.
1915 295 1980 308 —
2020 267 2099 322 IN
2137 267 2360 322 EPIST.
2402 267 2427 322 Ι
2462 268 2559 322 AD
2599 267 2762 323 00R.

3305 265 3412 331 534

167 400 318 455 habet
344 398 498 452 alter.
526 396 667 464 Quid
685 399 873 447 autem
901 396 1059 448 habes
1100 395 1376 448 donorum
1405 394 1720 448 divinorum
1739 398 1791 454 Α
1883 395 1949 447 Et
1980 396 2294 448 laboramus
2316 399 2597 461 operantes
2629 393 2889 448 manibus
2911 394 3134 450 nostris.
3159 390 3406 456 Labora-

167 489 292 558 quod
316 503 419 539 non
442 486 693 551 accepisti
714 488 737 534 ?
758 481 1027 536 subaudis
1056 499 1088 534 a
1115 483 1248 536 Deo.

223 578 340 630 Jam
360 575 596 627 saturati
627 576 776 641 estis,
796 570 1063 624 subaudis
1083 571 1283 624 divinis
1305 571 1731 642 mysteriisq'am

164 666 334 726 divites
352 665 483 730 facti
500 664 623 716 estis
645 661 702 713 in
723 661 875 714 omni
895 660 1084 724 verbo,
1109 671 1165 714 et
1185 660 1457 724 doctrina,
1483 667 1539 714 et
1559 660 1733 716 abun-

163 753 332 807 dantia
382 752 915 824 bonorumvoperum
945 768 957 814 ;
989 754 1108 803 sine
1155 751 1306 803 nobis
1340 754 1603 817 regnatis,
1637 767 1726 803 se-

162 842 264 895 curi
291 841 352 893 de
381 838 625 910 praemio.
653 837 877 910 ’Ironice
908 843 995 891 est
1022 838 1318 907 legendum
1369 839 1492 903 hoc,
1535 843 1591 892 et
1627 855 1728 909 per

162 928 495 996 contrarium,
520 927 652 998 quia
672 943 797 990 non
827 933 989 980 erant
1029 927 1106 978 illi
1136 927 1231 996 qui
1261 927 1473 984 seducti
1502 929 1730 986 fuerant

160 1037 190 1073 a
212 1016 688 1090 pseudoapostolis,
721 1016 959 1070 saturati
981 1016 1180 1069 divinis
1212 1016 1509 1087 mysteriis,
1546 1033 1728 1087 neque

160 1107 349 1169 divites,
375 1122 551 1175 neque
579 1103 893 1174 regnabant
915 1105 1035 1157 sine
1067 1105 1196 1158 illis.
1231 1106 1347 1158 Hoc
1371 1111 1561 1162 autem
1581 1107 1729 1176 quod

161 1195 384 1264 sequitur
412 1192 654 1263 optative
711 1198 880 1261 atque
909 1192 1242 1246 afﬁrmative
1300 1199 1385 1246 est
1436 1194 1726 1263 proferen-

160 1283 301 1347 dum;
325 1287 368 1333 et
399 1285 622 1334 utinam
669 1285 905 1348 regnetis
937 1281 1100 1334 modo
1127 1287 1188 1334 ut
1236 1288 1284 1334 et
1325 1298 1421 1334 nos
1451 1285 1725 1336 vobiscum.

160 1387 450 1437 regnemus;
477 1369 628 1422 illiin
647 1371 906 1439 prasenti
945 1372 1143 1424 saeculo
1164 1376 1406 1441 regnant
1433 1387 1561 1424 cum
1583 1371 1719 1434 Deo,

158 1459 237 1530 qui
257 1459 382 1512 talia
410 1475 580 1528 opera
611 1465 804 1528 agunt,
828 1476 928 1529 pro
954 1459 1154 1530 quibus
1197 1461 1315 1529 jam
1372 1460 1553 1514 securi
1591 1466 1724 1513 sunt

149 1532 212 1600 de
234 1548 446 1618 pmmio
468 1552 690 1602 eterna:
717 1547 855 1609 vitae.
887 1555 945 1602 et
996 1548 1089 1618 qui
1132 1565 1254 1603 cum
1288 1549 1404 1602 Deo
1433 1548 1722 1620 regnaturi

156 1643 282 1699 sunt,
312 1636 451 1690 sicut
480 1636 719 1706 apostoli
748 1643 804 1690 et
828 1637 1006 1692 sancti
1039 1644 1332 1708 martyres.

1817 481 1914 536 bat
1939 483 2145 536 Paulus
2174 483 2578 537 scenofactoria
2604 487 2725 536 arte
2777 498 2814 536 a
2856 481 3040 551 prima
3067 482 3207 543 hora
3228 499 3406 553 usque

1817 571 1888 625 ad
1920 572 2195 641 quintam,
2228 579 2284 626 et
2313 588 2346 626 a
2377 571 2570 642 quinta
2587 570 2999 642 praedicationis
3019 587 3202 640 usque
3219 571 3288 632 ad
3307 571 3409 632 de-

1814 661 2016 718 cimam
2037 660 2365 716 insistebat:
2397 661 2660 731 quoniam
2687 659 2965 720 nolebata
2982 659 3294 720 Corinthiis
3310 659 3411 719 ali-

1814 749 1946 818 quid
1970 750 2239 819 accipere,
2273 749 2551 819 nequeab
2583 749 2707 802 aliis
2736 748 3110 813 auditoribus,
3135 754 3204 802 :ut
3233 748 3408 811 libere

1809 843 2002 908 posset
2031 854 2222 891 eorum
2246 838 2379 896 vitia
2407 838 2746 908 redarguere
2771 842 2828 890 et
2855 837 3150 907 corripere.
3177 839 3407 896 Maledi-

1797 910 2016 988 frimur,
2052 926 2107 980 id
2131 932 2217 979 est
2243 925 2701 996 blasphemamur
2740 924 2812 979 ab
2861 925 3202 990 inﬁdelibus,
3245 925 3407 996 quasi

1807 1015 1982 1083 magi,
2000 1015 2258 1079 maleﬁci,
2279 1020 2447 1083 atque
2470 1014 2746 1088 sacrilegi,
2769 1019 2819 1069 et
2850 1015 3218 1076 benedicimus
3254 1029 3405 1086 prm-

1799 1103 2049 1156 .dicando
2079 1103 2189 1156 illis
2221 1103 2526 1161 Christum.

1881 1193 2342 1258 Blasphemamur
2406 1192 2566 1262 quasi
2631 1191 2970 1258 seductores,
3027 1194 3401 1259 obsecrantis},

1798 1280 2076 1334 subaudis
2093 1280 2340 1334 utlibere
2362 1280 2921 1340 audiantdoctrinam
2950 1279 3200 1345 Domini,
3224 1297 3404 1352 quam

1795 1368 1886 1422 :illi
1907 1368 2260 1422 detestantur
2287 1369 2439 1424 velut
2477 1367 2919 1438 blasphemiam;
2952 1368 3305 1439 petimusque
3337 1376 3407 1428 ut

1805 1458 1939 1510 dent
1969 1455 2128 1510 nobis
2146 1458 2329 1512 locum
2353 1457 2648 1512 reddendae
2669 1456 2925 1521 rationis,
2946 1473 3068 1528 quo
3103 1458 3406 1519 manifeste

1797 1545 2106 1616 .probemus
2137 1563 2249 1599 non
2281 1563 2401 1600 esse
2428 1547 2575 1600 .tales
2591 1547 2784 1616 quales
2809 1546 3287 1617 blasphemmur.
3304 1548 3407 1602 Fa-

1805 1638 1881 1688 cti
1907 1651 2102 1687 sumus
2129 1638 2384 1688 omnium
2411 1639 2737 1702 peripsema,
2779 1635 2837 1696 id
2866 1641 2952 1690 est
2986 1635 3403 1706 ,ἀψεύδοῆἏί

216 1729 334 1778 Puto
347 1728 492 1778 enim
516 1727 663 1793 quod
681 1727 822 1778 Deus
839 1743 934 1780 nos
984 1706 1270 1793 apostolos,
1299 1744 1389 1779 me
1421 1732 1478 1780 et
1507 1727 1720 1788 Barna-
1737 1706 1784 1774 Β
1805 1723 2126 1778 etvilissimi
2141 1723 2413 1781 omnium.
2433 1723 2754 1794 Peripsema
2777 1723 3106 1793 estproprie
3134 1723 3404 1785 mum

157 1813 282 1876 bam,
304 1814 612 1876 Sosthenen
637 1819 691 1866 et
703 1815 968 1886 reliquos,
989 1815 1082 1885 qui
1102 1814 1254 1869 vobis
1275 1816 1717 1885 praedicavimus,

159 1905 444 1956 novissimos
474 1905 710 1958 ostendit
733 1907 1001 1971 tanquam
1024 1908 1194 1957 morti
1212 1906 1525 1969 destinatos,
1541 1904 1594 1956 id
1613 1910 1718 1969 est,

158 1991 347 2060 quando
368 1991 522 2048 misit
550 2006 653 2044 nos
705 1991 776 2044 ad
828 1992 1244 2062 praedicandum
1293 1993 1448 2046 vobis
1481 1994 1722 2062 Evange-

156 2079 286 2142 lium,
317 2079 477 2132 morti
508 2079 829 2139 destinavit,
855 2081 1118 2151 quoniam
1143 2088 1327 2135 vestra
1357 2082 1720 2135 incredulitas

158 2173 202 2220 et
225 2168 462 2222 ferocitas
489 2184 604 2221 non
649 2168 966 2223 interficiet.
1015 2170 1146 2223 Ideo
1175 2170 1331 2228 dixit,
1376 2174 1715 2235 novissimos,

158 2255 266 2327 quia
292 2257 717 2326 postduodecim
744 2258 1124 2328 apostolorum
1148 2259 1577 2322 vocationem,et
1596 2264 1722 2328 post

152 2344 346 2410 ,Domini
377 2346 788 2410 ascensionem,
822 2347 929 2416 ipsi
958 2347 1135 2400 vocati
1161 2353 1292 2400 sunt
1321 2352 1374 2399 et
1404 2347 1566 2400 electi
1587 2351 1720 2414 quia

158 2436 507 2499 spectaculum,
540 2434 604 2488 id
636 2440 720 2488 est
746 2435 1066 2500 ridiculum,
1094 2435 1208 2488 sive
1247 2435 1454 2496 irrisio,
1485 2436 1588 2501 vel,
1621 2452 1721 2505 pro

158 2521 390 2586 miraculo
446 2525 590 2590 facti
615 2540 810 2577 sumus
833 2527 1040 2577 mundo
1071 2529 1117 2576 et
1138 2527 1366 2591 angelis,
1393 2524 1646 2578 videlicet
1665 2524 1720 2577 in

161 2610 349 2677 mundis
376 2611 664 2690 spiritibus
694 2617 750 2666 et
777 2612 961 2674 malis,
993 2618 1040 2665 et
1087 2613 1422 2676 hominibus,
1455 2613 1548 2682 qui
1579 2630 1722 2683 gau-

161 2696 270 2750 dent
297 2699 358 2752 de
406 2700 568 2752 malis
618 2706 788 2770 atque
845 2699 1140 2754 tormentis
1193 2717 1314 2770 quae
1343 2701 1594 2769 patimur
1621 2719 1721 2771 pro

159 2786 305 2855 vobis.
335 2789 728 2858 Spectaculum
761 2789 966 2842 dicitur
992 2806 1026 2842 a
1073 2790 1397 2860 spectando,
1439 2791 1491 2844 id
1527 2797 1613 2845 est
1641 2791 1721 2844 vi-

154 2875 333 2941 dendo,
351 2879 804 2948 contemplando;
828 2878 977 2947 quod
1008 2884 1064 2932 et
1091 2879 1375 2932 theatrum
1387 2879 1495 2932 dici
1515 2885 1719 2949 potest;

171 2971 270 3018 erat
287 2966 423 3018 enim
450 2968 606 3020 locus
627 2967 684 3019 in
713 2965 1044 3033 civitatibus,
1067 2967 1163 3020 ubi
1185 2967 1584 3024 exercebantur
1597 2969 1724 3037 joca

1793 1819 1868 1868 .et
1883 1829 2082 1865 rasura
2110 1813 2254 1872 aeris,
2290 1819 2388 1868 aut
2417 1813 2657 1881 alicujus
2679 1811 2912 1876 metalli,
2943 1812 3030 1874 ml
3057 1827 3402 1882 pum:-

1793 1905 1924 1965 _tum
1950 1901 2120 1970 pomi,
2147 1901 2260 1954 sive
2289 1900 2602 1970 quisquilia:
2621 1901 2842 1954 domus.

1874 1990 1999 2042 Non
2019 1995 2079 2041 ut
2116 1991 2459 2056 confundam
2490 2005 2598 2055 vos,
2621 1989 2728 2051 Iure
2753 1991 2950 2053 scribo,
2971 1988 3029 2050 id
3059 1993 3164 2052 est,
3193 2005 3310 2048 non
3331 1993 3402 2048 ut

1798 2078 2166 2132 .verecundari
2196 2093 2291 2130 vos
2321 2076 2541 2140 faciam,
2572 2078 2661 2130 sed
2707 2082 2766 2130 ut
2791 2079 2934 2144 ﬁlios
2964 2093 3106 2134 meo:
3131 2078 3400 2137 cli-anim}

1793 2182 1915 2228 _mos
1947 2182 2135 2219 moneo
2157 2167 2288 2236 quid
2313 2182 2480 2236 agere
2506 2166 2564 2218 in
2589 2166 2903 2235 exemplum
2926 2165 3112 2227 Patris

1801 2255 1888 2306 vel
1916 2255 2099 2307 indico
2128 2254 2282 2307 vobis
2312 2253 2498 2323 qualia
2519 2254 2818 2323 perferam,
2874 2258 2944 2316 aut
2972 2259 3030 2315 et
3051 2270 3152 2313 πνοι

1803 2359 1916 2396 non
1937 2342 2204 2396 dubitetis
2226 2342 2504 2396 sustinere
2527 2359 2628 2412 pro
2655 2341 2902 2406 Christo.

1866 2434 2011 2485 Nam
2027 2435 2076 2484 si
2086 2433 2258 2485 decem
2276 2435 2378 2484 mil
2384 2434 2460 2484 lia
2464 2433 2888 2499 paedagogorum
2909 2433 3152 2486 habeatis
3168 2437 3231 2488 in
3248 2435 3405 2490 Chri-

1802 2526 1904 2586 sto,
1938 2521 1995 2574 id
2025 2527 2111 2574 est
2131 2521 2188 2573 in
2213 2521 2467 2574 doctrina
2491 2520 2623 2574 fidei
2655 2521 2882 2585 Christi,
2915 2523 3004 2575 sed
3037 2539 3150 2578 non
3197 2525 3402 2582 multos

1797 2615 1986 2679 patres
2017 2609 2252 2680 potestis
2285 2609 2514 2663 habere.
2548 2610 2848 2680 Psedagogi
2867 2611 3135 2673 dicuntur
3158 2628 3226 2668 eo
3250 2612 3402 2682 quod

1804 2697 2040 2768 pedibus
2067 2703 2254 2768 agant,
2289 2697 2345 2751 id
2377 2704 2463 2752 est
2489 2698 2740 2764 ducten—t,
2766 2699 2889 2758 sive
2936 2699 3146 2758 ducant
3173 2715 3396 2770 pueros,

1805 2787 1959 2844 .idem
1993 2793 2121 2841 sunt
2140 2793 2196 2841 et
2217 2787 2524 2856 pedisequi.
2539 2788 2711 2850 Pater
2750 2787 2906 2858 prius
2931 2793 3166 2858 generat
3193 2789 3394 2855 filium,

1801 2876 2164 2945 postmodum
2201 2893 2327 2930 vero
2357 2876 2660 2946 paedagogo
2690 2875 2994 2937 committit
3016 2877 3086 2933 ad
3109 2877 3396 2934 instrue!»-

1797 2965 1938 3018 dum
1966 2983 1978 3017 :
2009 2972 2067 3018 et
2093 2981 2218 3020 cum
2243 2965 2450 3019 multos
2477 2965 2651 3038 possit
2681 2965 2888 3026 habere
2900 2966 3256 3039 pedagogos,
3281 2981 3399 3024 non

167 3053 365 3121 regalia,
394 3061 448 3108 et
477 3056 570 3108 ubi
601 3055 1026 3109 decollabantur
1068 3057 1148 3108 rei
1189 3059 1246 3109 et
1268 3057 1604 3126 plerumque
1635 3057 1721 3110 in-
1739 3063 1783 3123 ί]
1805 3054 2121 3114 tamennisi
2148 3069 2326 3118 unum
2356 3060 2593 3124 patrem,
2643 3055 2732 3111 Sic
2760 3054 2969 3115 Paulus
2989 3069 3093 3125 per
3121 3053 3398 3126 medici»

158 3147 409 3216 nocentes,
438 3151 500 3198 ut
531 3150 698 3197 erant
725 3145 903 3199 sancti
956 3151 1250 3215 martyres,
1282 3146 1352 3199 ad
1387 3163 1553 3216 quem
1587 3162 1720 3198 con-

159 3229 331 3285 ﬂuebat
354 3233 529 3306 omnis
562 3233 803 3304 populus
823 3232 893 3287 ad
916 3234 1213 3288 videndum
1248 3251 1315 3288 ea
1345 3251 1466 3305 quae
1487 3234 1562 3288 ibi
1594 3251 1722 3304 age-

153 3316 346 3379 bantur.

215 3409 304 3461 Nos
329 3415 481 3464 stulti
529 3417 762 3480 propter
821 3413 1124 3478 Christum,
1156 3414 1300 3467 sicut
1346 3430 1442 3468 vos
1474 3413 1712 3484 putatis,

152 3494 265 3562 quia
279 3514 379 3552 non
397 3499 832 3555 contradicimus
852 3502 1002 3558 mala
1024 3501 1411 3566 inferentibus,
1430 3509 1486 3555 et
1506 3503 1715 3562 malum

154 3597 239 3656 pro
251 3588 380 3640 malo
393 3605 500 3642 non
516 3588 826 3656 reddimus;
847 3605 936 3642 eos
955 3595 1143 3643 autem
1154 3592 1448 3657 prudentes
1468 3594 1529 3643 in
1551 3592 1715 3645 Chri-

161 3676 236 3734 sto,
255 3675 379 3729 sicut
401 3694 492 3730 vos
515 3678 740 3731 videtur
763 3693 772 3724 ε
800 3679 930 3747 quia
953 3679 1032 3732 sic
1053 3680 1218 3741 vultis
1247 3696 1368 3734 esse
1387 3679 1710 3741 Christiani,

157 3766 209 3826 ut
230 3764 562 3831 prudentiam
587 3767 914 3820 .mundinon
937 3767 1227 3834 amittatis,
1247 3775 1303 3820 et
1331 3784 1536 3837 magna
1552 3767 1716 3822 vultis

160 3851 330 3906 sentire
357 3855 419 3907 de
451 3856 676 3908 Christo
705 3855 931 3909 infirma
951 3857 1311 3926 denegantes.
1347 3859 1454 3910 Nos
1472 3859 1709 3924 inﬁrmi,

162 3939 235 4006 qui
246 3943 706 4012 nostrasinjurias
732 3961 842 3998 non
865 3945 1238 4005 vindicamus;
1271 3962 1359 3998 vos
1378 3952 1564 4004 autem
1592 3949 1710 4012 for-

161 4031 234 4092 les,
262 4031 342 4099 qui
393 4033 599 4086 viribus
639 4034 882 4104 propriis
913 4035 1290 4090 resistendum
1331 4035 1577 4105 putatis;
1620 4051 1708 4087 vos

164 4117 343 4180 nobiles,
375 4121 440 4174 de
465 4122 763 4176 nobilitate
801 4124 1028 4193 generis
1055 4124 1393 4194 gloriantes;
1428 4141 1522 4177 nos
1553 4126 1711 4189 igno-

164 4203 280 4270 biles,
309 4214 366 4262 ut
414 4227 505 4264 vos
561 4212 794 4282 putatis.
829 4213 960 4266 Haec
1010 4213 1198 4266 omnia
1231 4230 1334 4282 per
1367 4212 1710 4266 contrarium

1802 3142 1970 3196 tionis
1991 3142 2164 3199 fidem
2191 3149 2467 3211 gen-uerat
2491 3141 2723 3203 Christo
2753 3142 3091 3202 Corinthios.
3128 3144 3246 3199 Sed
3269 3149 3402 3216 ped:

1793 3231 2108 3288 discessum
2140 3232 2280 3300 ejus,
2303 3238 2642 3302 acceperunt
2667 3232 2877 3294 multos
2906 3232 3401 3303 pedagogosmen

1803 3320 1982 3372 solum
2030 3319 2224 3383 bonos,
2291 3320 2388 3374 sed
2439 3321 2608 3374 etiam
2664 3321 2864 3384 malos,
2906 3322 3119 3391 pseudo
3143 3321 3403 3378 videlicet

1795 3409 2100 3478 apostolos.
2117 3409 2469 3478 Quapropter
2489 3409 2607 3479 ipse
2622 3409 2760 3466 dicit
2781 3429 2792 3463 :
2819 3409 2977 3467 Licet
2994 3411 3202 3468 multos
3224 3411 3401 3482 megi-

1789 3503 1945 3558 stros
1973 3504 2034 3550 et
2061 3498 2317 3560 doctores
2345 3497 2607 3560 habeant,
2657 3505 2850 3558 tamen
2876 3513 2993 3557 non
3019 3506 3260 3569 possunt
3297 3501 3396 3555 hau-

1799 3586 1932 3649 here
1961 3587 2150 3656 plures
2175 3593 2386 3656 patres,
2417 3586 2673 3645 videlicet
2699 3586 2808 3645 nisi
2834 3586 2995 3645 illum
3023 3587 3120 3657 qui
3143 3588 3391 3656 primum

1790 3674 1880 3729 .eis
1903 3675 2071 3728 fidem
2101 3675 2440 3744 praedicavit.

1869 3764 1990 3822 Ideo
2022 3765 2152 3816 misi
2177 3764 2252 3816 ad
2273 3780 2361 3816 vos
2385 3763 2750 3828 Timotheum,
2777 3766 2883 3832 qui
2926 3769 3004 3822 est
3044 3765 3201 3830 ﬁlius
3231 3781 3391 3822 ηοω

1797 3853 2160 3905 eha-rissimus
2186 3857 2234 3906 et
2253 3851 2432 3918 ﬁdelis
2462 3854 2525 3906 in
2552 3853 2804 3906 Domino.
2837 3853 3108 3908 [latenter
3142 3869 3237 3910 eos
3267 3870 3399 3924 per.-

1795 3938 1954 4004 cutit,
1980 3946 2036 4001 et
2065 3940 2121 3993 in
2142 3939 2307 3997 laude
2335 3939 2514 4008 ipsius
2543 3939 2826 4009 vituperat
2852 3941 2998 4004 illos,
3021 3942 3182 4010 quasi
3201 3941 3354 3998 diuit
3375 3962 3396 4004 ς

1790 4028 1902 4081 Vos
1927 4046 2037 4082 non
2068 4030 2201 4084 estis
2239 4030 2448 4085 ﬁdeles.
2478 4029 2590 4095 Qui
2637 4045 2727 4082 vos
2771 4031 3225 4097 eommonefaeiat
3277 4034 3398 4092 vias

1795 4135 1961 4178 meas,
1981 4119 2036 4171 id
2055 4124 2158 4181 est,
2182 4119 2275 4188 qui
2299 4123 2756 4174 voscommoneat
2766 4123 2830 4172 et
2856 4115 3153 4174 denuntiet
3179 4125 3236 4174 et
3251 4121 3394 4191 quid

1795 4213 2000 4277 agatur
2026 4209 2175 4262 circa
2193 4225 2302 4270 me,
2337 4215 2394 4262 et
2425 4224 2546 4278 quae
2576 4207 2816 4278 praedico
2834 4222 3005 4279 opere
3027 4210 3299 4279 compleo,
3336 4216 3400 4266 et

157 4289 354 4366 intelligi
371 4298 572 4353 debent
597 4306 655 4353 et
669 4301 875 4354 ironice
907 4301 1237 4370 proferenda
1255 4309 1388 4355 sunt
1410 4321 1424 4354 :
1449 4301 1712 4371 quoniam
1732 4341 1782 4398 D
1801 4297 2043 4366 qualiter
2072 4297 2211 4361 vivo,
2235 4296 2477 4367 idipsum
2492 4296 2552 4350 in
2575 4297 2820 4353 Ecclesia
2848 4298 3107 4370 praedico,
3129 4299 3396 4369 quoniam

166 4384 280 4448 quod
299 4387 504 4441 videtur
517 4389 819 4458 denegare,
835 4391 939 4443 hoc
959 4390 1231 4444 affirmat:
1259 4396 1315 4444 et
1333 4391 1438 4444 hoc
1452 4391 1712 4458 denegat,

159 4467 280 4532 quod
299 4470 568 4528 afﬁrmare
601 4473 843 4542 videtur,
861 4475 1017 4544 quasi
1044 4475 1254 4528 diceret
1280 4495 1290 4528 :
1325 4476 1439 4529 Nos
1461 4475 1716 4545 pruden-

159 4558 244 4618 tes,
263 4573 346 4618 vos
365 4561 518 4613 stulti
541 4581 554 4628 ;
588 4578 693 4615 nos
715 4562 906 4628 fortes,
939 4563 1034 4633 qui
1067 4564 1298 4618 adversa.
1319 4565 1489 4633 hujus
1516 4562 1715 4617 mundi

166 4643 571 4720 Sustinemuspro
589 4651 932 4721 Christo_,vos
948 4653 1157 4706 infirmi
1172 4654 1268 4723 qui
1288 4654 1420 4706 talia
1437 4660 1493 4708 et
1511 4653 1716 4706 similia

167 4743 252 4794 non
271 4735 469 4790 audetis
481 4740 780 4806 sustinere;
808 4756 910 4794 nos
931 4740 1146 4794 nobiles
1168 4742 1236 4794 de
1255 4757 1460 4811 genere
1480 4742 1718 4812 patriar-

168 4815 354 4888 Charum
376 4825 892 4892 descendentes,vos
913 4828 1266 4897 ignobiles,id
1284 4836 1368 4882 est
1387 4830 1508 4882 sine
1531 4831 1713 4884 nomi-

164 4919 222 4958 ne
242 4909 524 4984 dignitatis,
568 4915 637 4968 de
663 4933 869 4984 genere
891 4918 1185 4986 gentilium
1215 4918 1366 4971 idola
1385 4919 1709 4975 colentium.

224 4998 366 5067 Usque
387 5007 443 5056 in
455 5005 597 5056 hanc
610 5005 886 5067 horam,id
910 5013 994 5059 est
1016 5023 1190 5076 usque
1210 5007 1281 5060 ad
1302 5024 1545 5077 praesens
1567 5016 1714 5062 tem-

166 5096 307 5157 pus,el
319 5097 581 5148 esurimus
598 5095 822 5164 longam
834 5096 1123 5160 famem,et
1135 5097 1712 5167 nuditatem,etpenu-

169 5172 297 5229 riam.
317 5179 507 5235 Paulus
528 5184 780 5252 pertulit,
815 5185 907 5254 qui
928 5185 1150 5253 juvenis
1179 5192 1406 5238 vocatus
1431 5203 1608 5256 usque
1641 5187 1706 5239 ad

172 5274 464 5326 Senectutem
497 5271 551 5325 in
573 5272 660 5325 his
679 5273 999 5342 perduravit
1023 5293 1034 5338 ;
1060 5275 1120 5326 Et
1150 5276 1388 5342 colaphis
1422 5277 1706 5340 credimur,

173 5348 217 5401 id
237 5361 306 5406 est
332 5360 538 5428 pugnis,
565 5361 764 5430 quibus
817 5363 1005 5422 omnia
1061 5380 1272 5433 genera
1301 5370 1710 5419 tormentorum

172 5435 420 5515 ﬂPSignat;
449 5455 494 5500 et
515 5454 795 5504 instabiles
843 5469 1053 5518 sumus,
1107 5453 1203 5522 qui
1256 5453 1608 5523 pellebantur
1644 5455 1713 5507 de

174 5525 270 5593 1900
288 5531 339 5602 in
363 5535 555 5609 10mm,
569 5539 960 5611 elfugabantur
992 5541 1060 5608 de
1076 5541 1300 5608 uisitata
1320 5543 1380 5603 in
1397 5543 1707 5604 civitatem.

1798 4388 1859 4446 in
1889 4386 2153 4440 omnibus
2174 4386 2464 4456 aequaliter
2479 4386 2670 4441 doceo.
2697 4389 2979 4455 Tanquam
2997 4403 3110 4440 non
3130 4393 3398 4443 venturus

1798 4479 1902 4530 sim
1927 4477 2000 4527 ad
2029 4491 2136 4537 vos,
2169 4477 2258 4528 sed
2286 4479 2475 4545 inﬂati
2505 4476 2639 4531 estis
2680 4475 3075 4547 superbieqdo.
3114 4475 3399 4531 Dicebant

1797 4564 1946 4623 enim
1979 4563 2256 4618 Corinthii
2288 4584 2298 4618 :
2336 4565 2633 4635 Cognoscit
2678 4582 2739 4620 se
2795 4566 3002 4621 Paulus
3041 4565 3393 4619 rusticanum

1799 4669 1922 4711 esse
1951 4652 2129 4708 nostri
2157 4654 2592 4722 comparatione,
2623 4660 2680 4707 et
2697 4654 2824 4708 ideo
2852 4670 2965 4708 non
2991 4653 3142 4713 venit
3171 4653 3243 4706 ad
3269 4669 3392 4721 nos,

1797 4758 1902 4796 nec
1931 4741 2090 4796 nobis
2119 4757 2266 4794 cura?
2288 4747 2392 4804 est,
2415 4742 2679 4811 quoniam
2716 4741 2988 4794 habemus
3015 4745 3238 4794 nostros
3263 4741 3392 4812 ρων

1800 4831 2080 4901 losophos.
2109 4831 2434 4886 Peccatores
2461 4846 2562 4882 nos
2591 4835 2754 4899 putat
2777 4845 2922 4893 esse,
2954 4829 3194 4899 ideoque
3219 4830 3382 4885 dedi.

1791 4926 2005 4990 gnatur
2023 4919 2213 4974 venire
2233 4920 2304 4972 ad
2333 4935 2453 4977 nos.
2481 4934 2581 4972 nec
2611 4917 2770 4972 nobis
2799 4933 2945 4971 cura;
2980 4922 3087 4982 est,
3123 4919 3394 4987 quoniam

1793 5009 2066 5064 habemus
2096 5013 2316 5064 nostros
2340 5006 2621 5077 apostolos
2654 5025 2665 5057 :
2701 5004 2868 5059 faciat
2897 5005 3046 5074 quod
3076 5006 3216 5060 vult.
3237 5003 3393 5071 Qua.-

1791 5104 2023 5168 propter
2050 5097 2339 5166 subjunxit
2362 5095 2695 5165 Apostolus:

1877 5189 2097 5240 Veniam
2115 5191 2298 5239 autem
2310 5187 2384 5237 ad
2399 5202 2487 5238 ros
2501 5189 2627 5246 cito,
2643 5187 2691 5236 si
2709 5185 2989 5239 Dominus
3006 5188 3267 5252 voluerit,
3298 5188 3398 5243 sed

1796 5277 1961 5329 modo
1991 5293 2102 5328 non
2122 5274 2402 5326 dimittam
2436 5274 2718 5344 Ephesum
2775 5277 2840 5328 ut
2891 5273 2966 5329 ad
3015 5290 3112 5329 vos
3152 5276 3394 5342 veniam,

1797 5366 1930 5435 quia
1951 5366 2131 5432 majus
2151 5364 2367 5418 lucrum
2391 5364 2478 5418 hic
2498 5364 2726 5434 acquiro
2756 5363 2868 5418 Deo
2891 5380 3063 5434 quam
3093 5365 3243 5436 apud
3270 5382 3386 5421 vos.

1793 5455 1937 5508 Cum
1961 5460 2148 5507 autem
2173 5469 2399 5516 venero,
2418 5459 2464 5506 et
2484 5469 2794 5520 cognoscam
2809 5497 2820 5518 ,
2836 5469 2950 5509 non
2983 5469 3288 5507 sermonem
3311 5468 3396 5506 eo-

1795 5559 1948 5608 rum,
1965 5540 2232 5601 subaudis
2260 5548 2502 5605 tantum,
2528 5545 2627 5609 qui
2644 5543 3390 5612 inﬂatismitmadvmm,
