3936 6164
461 243 564 299 535

878 239 1257 298 IlAYMONIS
1298 241 1785 298 HALP-ERSTAT.
1833 246 2054 301 EPISC.
2100 245 2257 303 OPP.
2301 242 2483 303 PARS
2524 249 2567 302 Ι.
2615 278 2670 288 -
2717 243 3086 303 COMMENT.
3132 249 3305 304 BlBL.

3589 243 3675 308 536

459 367 516 420 id
539 372 1126 433 est,cumvenero,non
1149 369 1511 423 considerabo
1530 387 1842 425 sermonem
1859 390 2051 427 eorum
2073 377 2123 433 Α
2140 390 2305 443 agere
2332 383 2516 446 posset
2548 375 2770 429 diabolo
2799 375 3022 428 tradere.
3064 371 3131 428 ad
3178 375 3476 430 vexandum
3506 379 3558 431 in
3583 394 3681 431 cor-

461 456 865 525 pompaticum,
893 456 986 526 qui
1005 457 1169 510 modo
1191 474 1252 510 su
1263 457 1541 527 perbiunt,
1558 460 1651 512 sed
1685 460 1970 523 virtutem,
2001 462 2056 514 id
2141 481 2295 533 pore,
2317 461 2665 522 sicutistum,
2691 478 2904 518 necnon
2922 462 3329 534 Hermogenem
3343 470 3399 518 et
3416 464 3680 528 Philetum,

464 549 551 597 est
567 544 691 599 vitae.
712 544 975 598 meritum
991 552 1046 599 et
1067 546 1347 600 rationem
1361 547 1628 607 veritatis.
1647 549 1925 618 quomodo
1946 567 2061 603 cre-

466 632 622 696 dant,
646 633 731 687 vel
750 650 889 704 quas
908 634 1146 689 virtutes
1166 635 1566 690 miraculorum
1591 644 1828 707 possunt
1870 655 2064 709 opera-

462 722 532 789 ri,
559 721 653 791 qui
682 722 762 776 ita
782 722 1068 777 inﬂantur.

539 811 662 864 Non
687 814 839 865 enim
864 814 926 864 in
955 828 1204 866 sermone
1232 815 1550 885 pompatico
1590 820 1758 885 atque
1788 816 1960 887 polito
1988 822 2064 871 est

468 913 705 965 regnum
740 902 851 963 Dei,
879 899 935 953 id
964 907 1051 955 est
1079 917 1188 955 non
1221 903 1474 957 consistit
1494 904 1551 956 in
1584 920 1842 958 sermone
1877 922 2063 959 sermo

467 987 882 1058 praedicationis
906 995 963 1043 et
984 990 1289 1061 Evangelii.
1327 992 1475 1061 quod
1508 1009 1740 1062 regnum
1795 995 2061 1048 cmlorum

470 1077 807 1148 appellatur,
831 1095 895 1132 eo
926 1080 1070 1149 quod
1101 1096 1231 1134 suos
1286 1079 1675 1135 observatores
1717 1083 1786 1136 ad
1826 1099 2061 1151 regnum

472 1164 575 1219 Dei
606 1167 894 1236 perducat,
941 1170 1034 1221 sed
1062 1172 1121 1221 in
1157 1172 1361 1223 rirtule
1404 1169 1529 1222 boni
1561 1171 1744 1239 operis
1772 1171 2061 1225 consistit:

473 1253 605 1324 quia
620 1255 675 1307 in
689 1271 864 1325 regno
885 1257 1152 1310 caelorum
1176 1274 1286 1311 non
1310 1264 1549 1326 regnant
1567 1259 1754 1323 verba,
1773 1260 1868 1312 sed
1886 1260 2028 1314 facta
2050 1279 2061 1313 :

469 1342 578 1406 vel,
606 1341 663 1395 in
689 1343 894 1397 virtute
923 1343 1325 1398 miraculorum
1367 1345 1640 1409 consistit,
1667 1346 1890 1416 quando
1920 1346 2067 1417 quod

473 1429 811 1498 praedicatur
828 1429 1035 1495 verbis,
1069 1432 1355 1486 miraculis
1384 1434 1766 1488 conﬁrmatur.

548 1517 690 1583 Quid
713 1519 923 1572 vultis?
951 1535 984 1573 ο
1007 1519 1302 1583 Corinthii,
1324 1522 1491 1575 vultis
1506 1526 1569 1575 ut
1588 1526 1649 1575 in
1666 1525 1826 1589 virga
1848 1525 2068 1575 veniam

472 1606 646 1660 advos
665 1612 689 1659 ?
718 1605 773 1661 id
786 1612 874 1661 est
891 1608 1141 1662 vindicta
1159 1610 1421 1663 vitiorum
1445 1617 1785 1675 vestrorum,
1821 1617 1877 1664 et
1903 1612 1959 1665 in
1978 1628 2067 1665 se-

2143 552 2213 605 de
2231 553 2434 623 quibus
2450 552 2569 624 ipse
2590 552 2757 607 dicit:
2788 554 2926 619 Quos
2947 555 3175 615 tradidi,
3192 553 3461 623 inquiens,
3478 553 3682 616 Satanae,

2149 648 2210 695 ut
2230 643 2445 695 discant
2465 658 2571 694 non
2593 642 2963 710 blasphemare
2980 644 3029 695 (Ι
3050 643 3186 694 Tim.
3209 641 3271 710 1).
3296 639 3547 710 Ejiciebat
3563 641 3688 696 enim

2146 729 2304 783 illum
2357 730 2527 783 talem
2573 728 2642 782 ab
2670 730 2916 784 Ecclesia
2945 734 3001 784 et
3049 728 3119 783 ab
3155 731 3305 785 omni
3347 730 3609 791 societate,
3644 738 3690 784 et

2146 821 2227 874 sic
2254 820 2509 873 diabolus
2540 836 2638 890 per
2668 819 2963 891 imperium
3023 824 3078 873 et
3132 820 3540 891 permissionem
3566 820 3692 874 illius

2146 909 2382 962 nimium
2418 909 2573 977 gravi
2604 909 2932 962 inﬁrmitate
2956 908 3188 962 vexabat
3222 909 3398 971 illum,
3430 914 3616 979 putans
3645 926 3694 963 se

2148 997 2391 1051 animam
2423 997 2573 1050 illius
2605 1014 2703 1067 per
2725 997 2857 1049 talin
2884 1013 3043 1066 posse
3062 996 3303 1064 auferre;
3332 995 3425 1050 sed
3447 995 3696 1067 piissimus

2147 1087 2478 1157 priedicator
2504 1086 2557 1139 in
2590 1086 2778 1140 anima
2813 1102 2923 1139 non
2967 1084 3135 1138 dabat
3185 1084 3234 1138 ei
3287 1090 3619 1155 potestatem,
3645 1089 3698 1139 ut

2148 1176 2307 1230 illum
2337 1180 2617 1228 amentem
2649 1174 2927 1239 redderet,
2950 1174 3035 1227 vel
3058 1174 3453 1243 exstingueret.

2220 1266 2343 1318 Non
2365 1269 2438 1317 est
2456 1265 2594 1317 bona
2603 1265 2863 1329 gloriatio
2885 1268 3078 1324 vestra,
3102 1279 3134 1315 ο
3163 1261 3454 1329 Corinthii,
3485 1262 3572 1332 qui
3598 1262 3700 1331 glo-

2150 1351 2375 1406 riamini
2401 1351 2457 1405 in
2486 1358 2712 1422 peccato
2732 1350 2903 1413 illius,
2931 1356 3195 1420 putantes
3208 1367 3304 1404 vos
3328 1349 3702 1419 comparatione

2147 1438 2302 1492 illius
2318 1439 2576 1492 meliores
2597 1454 2736 1492 esse.
2760 1440 2991 1491 Nescitis
3017 1439 3150 1505 quia
3188 1438 3459 1490 modicum
3501 1439 3703 1503 fermen-

2153 1531 2271 1579 tum
2294 1530 2461 1579 totam
2492 1541 2730 1578 massam
2752 1528 3096 1592 corrumpit?
3118 1524 3477 1578 Fermentum
3500 1524 3580 1577 hic
3592 1524 3702 1577 duo-

2152 1612 2255 1667 bus
2288 1612 2468 1667 modis
2491 1628 2788 1683 possumus
2836 1612 3147 1681 intelligere
3180 1629 3191 1663 :
3228 1627 3454 1682 pravam
3486 1611 3705 1665 videlicet

475 1694 709 1749 veritate
759 1696 1148 1766 correptionis,
1181 1697 1326 1752 sicut
1374 1697 1597 1769 Moyses
1651 1699 1709 1753 in
1740 1700 2128 1779 Egyptum,B
2150 1701 2488 1765 doctrinam,
2515 1706 2569 1753 et
2590 1705 2935 1771 peccatorem
2961 1699 3267 1753 hominem.
3291 1700 3445 1755 Sicut
3466 1698 3704 1752 modicum

473 1781 625 1851 quod
653 1782 1078 1853 signiﬁcabatur
1105 1800 1208 1856 per
1234 1786 1445 1857 virgam
1494 1804 1662 1858 quam
1708 1788 1922 1842 ferebat
1951 1808 1965 1845 :
1995 1805 2073 1843 an
2153 1790 2491 1844 fermentum
2508 1805 2730 1842 omnem
2754 1804 2994 1842 massam
3020 1788 3213 1842 farinae
3235 1803 3579 1858 conspersum
3604 1802 3705 1840 cor-

472 1870 642 1925 vultis
653 1874 793 1925 utin
823 1874 1114 1937 charitate,
1139 1875 1253 1929 sive
1273 1876 1593 1939 dilectione,
1618 1882 1665 1930 et
1686 1880 1892 1945 spiritu
1919 1895 2072 1931 man-

449 1961 785 2026 suetudinis
802 1962 1020 2015 veniam
1032 1961 1060 2015 ?
1077 1963 1131 2017 id
1154 1974 1241 2017 est
1257 1965 1313 2017 in
1337 1965 1567 2019 lenitate
1582 1966 1804 2027 mentis,
1819 1972 1876 2019 et
1895 1967 2074 2019 humi-

472 2047 652 2122 litate,
677 2054 850 2120 atque
872 2052 1304 2122 tranquillitate,
1323 2059 1381 2106 et
1395 2060 1482 2107 est
1501 2070 1698 2108 sensus
1718 2073 1728 2107 :
1751 2054 1807 2109 Si
1823 2055 1989 2108 vultis
2009 2062 2073 2109 ut

472 2136 533 2190 in
559 2120 717 2207 virga
748 2154 862 2192 non
890 2140 1130 2201 veniam,
1164 2140 1465 2195 manebitis
1486 2142 1819 2213 incorrepti;
1853 2144 1937 2196 sin
1970 2160 2075 2197 au-

471 2228 587 2278 tem
615 2224 674 2278 in
702 2225 890 2280 animo
924 2227 1155 2298 pacifico
1185 2234 1243 2282 et
1288 2229 1521 2283 lenitate
1553 2230 1777 2295 mentis,
1810 2230 2074 2301 corrigite

474 2330 571 2368 vos
598 2320 653 2368 et
680 2315 976 2371 emendate
1004 2323 1236 2388 agentes
1264 2318 1674 2388 pmnitentiam.

1107 2406 1342 2462 CAPUT
1367 2407 1433 2461 V.

546 2490 798 2548 Auditur
826 2496 974 2547 inter
995 2510 1084 2548 vos
1112 2497 1412 2561 fornicatio
1436 2499 1565 2549 talis
1594 2496 1776 2564 qualis
1806 2512 1901 2548 nec
1930 2499 2077 2550 inter

476 2582 747 2648 gentes,id
778 2587 866 2636 est
884 2582 1032 2636 inter
1059 2599 1328 2654 paganos,
1356 2588 1439 2637 ita
1465 2589 1526 2638 ut
1544 2600 1773 2638 umorem
1792 2589 2078 2652 patrissui

477 2671 689 2737 aliquis
710 2670 921 2730 habeat,
944 2687 1238 2725 novercam
1257 2671 1517 2725 videlicet
1535 2688 1717 2725 suam.

549 2758 616 2812 Et
628 2774 717 2811 vos
738 2760 932 2827 inflati
952 2762 1098 2825 estis,
1120 2759 1177 2813 id
1199 2765 1284 2813 est
1314 2760 1373 2813 in
1402 2759 1722 2830 superbiam
1754 2760 1953 2813 elevati
1978 2777 2076 2814 su-

480 2844 735 2916 perbitis,
770 2853 943 2901 etnon
975 2851 1153 2915 magis
1171 2852 1381 2902 luctum
1396 2849 1668 2902 habuistis
1690 2865 1791 2919 pro
1823 2850 1927 2902 hoc
1955 2866 2074 2902 sce-

479 2935 618 3001 lere,
634 2935 779 2989 sicut
799 2936 1025 2991 Samuel
1054 2936 1284 3006 lugebat
1304 2953 1474 3007 super
1490 2937 1643 3001 Saul,
1664 2943 1720 2991 et
1737 2943 1824 2991 est
1840 2953 2037 2990 sensus
2061 2956 2072 2989 :

482 3023 623 3078 Cum
656 3022 989 3078 debuissetis
1019 3024 1210 3095 lugere
1240 3030 1529 3095 peccatum
1552 3025 1723 3090 illius,
1751 3031 1808 3078 et
1837 3042 1869 3078 a
1898 3032 2083 3079 vestro

481 3111 765 3166 consortio
787 3112 1110 3182 hujusmodi
1137 3129 1418 3183 separare,
1448 3114 1629 3184 magis
1673 3114 1731 3166 in
1761 3113 2083 3184 superbiam

484 3201 620 3255 estis
646 3201 866 3267 elevati,
895 3201 1029 3272 quia
1059 3201 1270 3256 intuitu
1292 3202 1445 3256 illius
1475 3203 1716 3268 scelesti,
1741 3202 1951 3273 putatis
1987 3219 2083 3257 vos

483 3287 675 3358 magni
699 3288 889 3342 meriti
917 3304 1057 3350 esse,
1082 3294 1140 3343 et
1167 3289 1475 3342 sanctiores
1503 3289 1599 3343 illo
1629 3305 1920 3359 apparere.

557 3379 666 3446 Ego
695 3378 918 3446 quidem
947 3379 1139 3432 absens
1167 3395 1406 3447 corpore,
1436 3393 1674 3446 praesens
1696 3384 1881 3431 autem
1900 3379 2083 3446 Spiri-

488 3473 569 3531 tu,
606 3466 874 3522 subaudis
905 3473 1118 3529 sancto.
1151 3467 1249 3538 qui
1306 3468 1485 3538 replet
1539 3466 1746 3531 omnia,
1787 3472 1851 3519 ut
1886 3466 2084 3521 beatus

486 3555 818 3611 Ambrosius
847 3556 984 3611 dicit
1015 3575 1026 3609 :
1050 3556 1231 3610 Tanta
1258 3556 1445 3626 gratia
1474 3561 1595 3609 erat
1616 3571 1878 3609 concessa
1895 3557 2089 3621 Paulo,

489 3650 554 3699 ut
576 3644 897 3717 ubicunque
926 3651 1095 3709 esset,
1125 3661 1225 3716 per
1268 3644 1543 3715 Spiritum
1599 3649 1853 3698 sanctum
1883 3661 2090 3715 cogno-

490 3739 672 3788 sceret
691 3735 824 3805 quid
845 3734 980 3788 alibi
1009 3740 1305 3804 gereretur
1356 3732 1426 3786 ab
1455 3733 1543 3787 his
1583 3732 1787 3804 quibus
1816 3733 2092 3803 evangeli-

492 3828 732 3876 zaverat.
770 3824 899 3876 Jam
939 3822 1201 3889 judicari
1227 3836 1352 3873 eum
1383 3824 1483 3888 qui
1509 3824 1588 3875 sic
1615 3827 1869 3888 operatus
1891 3828 1986 3887 est,
2028 3827 2090 3875 ut

485 3926 745 3981 presens,
778 3909 836 3964 id
861 3914 964 3975 est,
1000 3908 1159 3963 illum
1192 3909 1289 3980 qui
1344 3926 1573 3964 uxorem
1620 3910 1798 3981 patris
1856 3910 2087 3981 accepit,

488 4000 609 4069 jam
629 3998 875 4069 judicavi
896 3998 1056 4069 quasi
1088 4014 1335 4069 praesens
1356 3997 1460 4052 sim
1482 4012 1733 4069 corpore.

565 4089 631 4141 In
647 4091 870 4141 nomine
891 4089 1119 4141 Domini
1152 4090 1331 4140 nostri
1369 4089 1495 4140 Jesu
1519 4087 1741 4148 Christi,
1776 4086 1833 4139 id
1863 4091 1950 4139 est
1975 4085 2096 4138 vice

497 4176 648 4230 illius
668 4177 830 4246 cujus
856 4175 1137 4244 legatione
1166 4174 1390 4243 fungor,
1409 4178 1747 4241 congregatis
1760 4175 1905 4226 vobis
1921 4179 1969 4226 et
1983 4189 2097 4226 meo

496 4263 737 4331 Spiritu,
764 4262 823 4315 id
853 4267 941 4315 est
969 4260 1182 4331 Spiritu
1220 4267 1431 4326 sancto,
1479 4277 1606 4313 cum
1649 4264 1852 4314 virtute
1874 4263 2100 4315 Domini

2156 1878 2389 1949 rumpit,
2414 1881 2470 1931 et
2485 1877 2555 1930 ad
2576 1893 2739 1931 suum
2762 1893 2980 1930 acorem
3002 1876 3196 1930 trahit.
3233 1876 3313 1930 ita
3331 1876 3475 1929 mala
3490 1875 3708 1928 doctrina

2154 1967 2239 2020 vel
2272 1983 2415 2020 unus
2442 1971 2698 2037 peccator
2726 1966 2892 2018 homo
2914 1970 3092 2019 totam
3124 1966 3597 2034 congregationem
3624 1963 3709 2016 Ec-

2155 2054 2336 2108 clesiae
2364 2055 2507 2108 solet
2533 2070 2891 2123 corrumpere
2921 2069 3021 2106 suo
3048 2054 3196 2106 malo
3223 2053 3492 2121 exemplo.
3521 2051 3584 2104 Et
3607 2067 3707 2104 om-

2156 2160 2255 2197 nes
2285 2143 2756 2213 quipossenteum
2785 2142 3063 2212 corripere
3087 2147 3143 2195 et
3159 2157 3275 2195 non
3303 2138 3710 2210 corripiunt,uti-

2157 2248 2265 2302 que
2294 2231 2504 2284 similes
2534 2230 2584 2283 ei
2636 2230 2955 2283 efﬁciuntur
2982 2230 3039 2283 in
3070 2246 3254 2300 poena.
3288 2229 3412 2283 Sive
3440 2244 3596 2300 prava
3623 2227 3705 2280 do-

2158 2320 2337 2374 ctrina
2364 2336 2464 2373 seu
2487 2319 2671 2372 malus
2702 2326 2754 2372 et
2782 2318 3204 2388 indisciplinans
3235 2324 3493 2389 peccator
3510 2317 3595 2387 qui
3621 2330 3708 2369 non

2157 2408 2277 2462 vult
2305 2425 2364 2461 se
2394 2407 2714 2472 emendare,
2747 2406 2817 2459 ab
2836 2405 3079 2459 Ecclesia
3106 2405 3276 2460 debet
3303 2405 3516 2476 expelli.

2230 2498 2541 2564 Erpurgate
2595 2500 2745 2549 retus
2800 2498 3155 2562 fermentum.
3208 2494 3463 2565 Praecipit
3491 2491 3711 2562 egregius

2159 2585 2491 2656 praedicator
2517 2584 2821 2637 Corinthiis
2842 2584 3261 2648 fornicatorem,
3285 2582 3379 2653 qui
3409 2598 3615 2636 uxorem
3631 2596 3711 2650 pa-

2161 2674 2264 2729 tris
2284 2679 2594 2744 acceperat,
2621 2689 2655 2725 a
2680 2690 2785 2726 suo
2835 2678 3109 2727 conventu
3148 2672 3444 2743 expellere,
3468 2686 3615 2741 quem
3638 2668 3721 2735 ille,

2153 2763 2268 2832 jam
2298 2762 2567 2815 traditum
2595 2759 2838 2814 habebat
2864 2760 3084 2814 diabolo
3114 2760 3182 2814 ad
3210 2759 3575 2831 purgandum,
3605 2772 3713 2827 qua-

2157 2856 2325 2904 tenus
2345 2866 2454 2920 quo
2486 2849 2756 2903 suadente
2802 2848 3069 2919 peccavit,
3099 2864 3164 2902 eo
3218 2854 3455 2902 vexante
3496 2860 3717 2917 purgare-

2164 2944 2260 2993 tur
2288 2957 2299 2991 :
2333 2944 2390 2992 et
2414 2938 2547 2991 dum
2576 2937 2789 2990 videret
2814 2953 2872 2990 se
2890 2937 3127 3005 ejectum
3151 2936 3206 2988 in
3227 2935 3483 3006 praesenti
3502 2931 3675 2987 saeculo
3691 2947 3717 2983 a

2128 3029 2144 3051 ‘
2166 3033 2314 3081 coetu
2333 3026 2602 3087 ﬁdelium,
2625 3024 2980 3079 erubesceret
2992 3024 3059 3078 de
3081 3030 3241 3078 reatu
3256 3041 3379 3088 suo,
3402 3029 3634 3077 metuens
3657 3020 3719 3072 si-

2167 3116 2379 3170 militer
2390 3114 2513 3185 ejici
2537 3115 2594 3168 in
2612 3114 2799 3168 futuro
2820 3130 2853 3166 a
2872 3114 3139 3167 societate
3159 3110 3714 3178 sanctorudeeoque

2165 3205 2270 3258 hoc
2276 3205 2446 3275 jussit
2466 3203 2783 3274 Apostolus,
2799 3208 2864 3256 ut
2885 3219 2985 3273 per
2995 3207 3328 3273 praesentem
3347 3199 3719 3255 tribulationem

2167 3298 2225 3346 et
2254 3293 2540 3346 miseriam
2569 3291 2830 3345 evaderet
2865 3307 3057 3360 poenas
3105 3290 3254 3360 ignis
3284 3289 3492 3352 aeterni,
3525 3292 3575 3340 et
3594 3282 3721 3356 spiri-

2166 3386 2259 3435 tus
2280 3382 2401 3450 ejus
2430 3380 2617 3433 salvus
2644 3379 2875 3434 fieretin
2898 3379 2988 3432 die
3030 3378 3284 3432 Domini:
3316 3379 3627 3445 Expurgate,
3660 3373 3724 3425 in-

2169 3468 2310 3538 quit,
2337 3474 2496 3521 vetus
2547 3466 2907 3529 fermentum,
2940 3466 2994 3519 id
3029 3473 3114 3520 est
3140 3466 3531 3520 fornicatorem
3551 3461 3634 3533 qui
3659 3460 3722 3511 in-

2173 3563 2385 3609 cestum
2418 3555 2778 3625 perpetravit,
2797 3571 3027 3608 uxorem
3048 3554 3221 3625 patris
3240 3549 3723 3624 accipiendo.Quem

2174 3644 2380 3700 idcirco
2400 3650 2550 3697 retus
2569 3646 2908 3711 fermentum
2937 3643 3201 3713 appellat,
3231 3643 3365 3711 quia
3390 3642 3446 3695 in
3476 3651 3727 3694 conversa-

2172 3733 2325 3787 tione
2355 3739 2410 3786 et
2438 3738 2663 3803 peccato
2693 3732 2896 3785 veteris
2946 3732 3190 3785 hominis
3252 3731 3387 3785 Adae
3435 3729 3601 3783 adhuc
3633 3726 3729 3777 erat

2174 3823 2388 3892 positus
2419 3820 2514 3891 qui
2545 3822 2761 3891 primus
2793 3820 3060 3889 peccavit.
3087 3819 3270 3873 Omne
3293 3819 3459 3872 enim
3482 3818 3727 3886 peccatum

2177 3910 2247 3963 ad
2282 3916 2521 3963 veterem
2552 3908 2836 3961 hominem
2898 3908 3160 3978 pertinet.
3195 3908 3432 3961 Ponitur
3460 3905 3614 3959 etiam
3648 3900 3731 3953 fer-

2178 4004 2431 4052 mentum
2482 3997 2783 4067 aliquando
2814 4013 2915 4067 pro
2972 3996 3120 4050 bona
3150 3996 3426 4060 doctrina,
3472 3986 3729 4063 aliquando

2181 4103 2280 4156 pro
2304 4087 2469 4139 mala.
2496 4086 2604 4138 Pro
2623 4085 2767 4138 bona
2784 4086 3033 4156 ponitur,
3063 4090 3126 4138 ut
3154 4084 3210 4138 in
3244 4083 3536 4155 Evangelio
3571 4090 3731 4132 secun—

2180 4176 2313 4229 dum
2337 4174 2683 4236 Matthaeum,
2703 4174 2784 4227 ait
2804 4174 3075 4228 Dominus
3096 4192 3107 4227 :
3133 4172 3330 4227 Simile
3351 4178 3425 4226 est
3441 4179 3736 4237 regnumre-

2186 4268 2368 4318 Iorum
2390 4268 2678 4331 fermento,
2705 4266 2848 4332 quod
2862 4272 3143 4333 acceptum
3173 4266 3382 4317 mulier
3405 4259 3661 4316 abscondit
3686 4256 3734 4304 in

496 4351 646 4409 Jesu.
676 4348 734 4402 id
764 4353 851 4401 est
868 4363 993 4401 cum
1022 4348 1305 4401 sententia
1330 4348 1553 4401 Domini
1592 4348 1724 4401 Jesu
1756 4365 1880 4417 quae
1919 4349 1977 4401 in
2008 4344 2162 4402 meD
2182 4356 2387 4420 farina:
2414 4356 2549 4406 satis
2600 4356 2799 4414 tribus,
2840 4353 3008 4406 donec
3044 4347 3441 4419 fermentatum
3484 4354 3553 4403 est
3594 4349 3735 4398 totum

500 4442 605 4492 est.
623 4437 890 4491 Eccetres
906 4452 1160 4506 persona?
1185 4454 1196 4488 :
1226 4437 1469 4506 Spiritus
1517 4436 1696 4489 sancti
1727 4436 1997 4499 videlicet,
2045 4444 2102 4491 et

498 4526 727 4581 Domini
744 4526 896 4590 Jesu,
920 4530 1090 4596 atque
1107 4524 1329 4578 illorum
1354 4526 1408 4578 in
1432 4541 1670 4595 quorum
1689 4541 1923 4579 numero
1936 4542 2101 4579 omne

493 4614 770 4687 judicium
800 4613 991 4685 agitur
1012 4618 1069 4668 et
1092 4612 1408 4679 roboratur,
1435 4614 1596 4684 juxta
1636 4614 1784 4685 quod
1830 4613 2102 4669 Dominus

500 4704 637 4759 dicit
680 4726 692 4760 :
741 4707 807 4760 In
836 4720 929 4757 ore
957 4704 1194 4756 duorum
1243 4705 1325 4755 vel
1357 4706 1533 4755 trium
1564 4706 1781 4757 testium
1814 4709 1913 4757 stet
1940 4720 2100 4757 omne

501 4796 727 4848 verbum
762 4793 974 4861 (Matth.
999 4794 1172 4860 xvm).
1205 4791 1290 4845 Ab
1341 4790 1427 4844 his
1475 4791 1654 4846 tribus
1686 4792 1939 4862 personis
1980 4793 2100 4863 jam

497 4883 814 4954 judicatum
836 4881 1080 4937 habebat
1090 4881 1399 4953 Apostolus
1426 4884 1641 4935 tradere
1658 4883 1980 4950 hujusmodi
2007 4883 2105 4936 ho-

504 4972 712 5025 minem
742 4971 963 5025 Satanz
992 4975 1053 5025 in
1080 4974 1375 5024 interitum
1395 4974 1602 5035 carnis,
1630 4971 1743 5025 sive
1764 4971 1822 5025 in
1844 4972 2102 5025 afﬂictio-

506 5075 635 5113 nem
659 5064 716 5113 et
743 5064 807 5114 ut
834 5065 1131 5113 vexaretur
1149 5076 1182 5112 a
1208 5059 1430 5114 diabolo
1451 5059 1508 5113 in
1530 5076 1763 5131 corpore
1779 5061 1934 5130 gravi
1951 5060 2109 5129 aegri-

504 5147 723 5209 tudine.
755 5163 869 5201 non
894 5153 1086 5201 tamen
1111 5155 1391 5202 amentem
1431 5165 1613 5219 neque
1644 5149 2033 5220 phreneticum
2068 5149 2107 5201 il

506 5238 624 5292 lum
640 5237 921 5302 redderet,
942 5243 1002 5290 ut
1019 5239 1270 5305 spiritus,
1292 5237 1347 5289 id
1361 5243 1447 5291 est
1457 5237 1641 5291 anima
1659 5238 2019 5297 illius,salrus
2037 5241 2108 5291 sit

505 5330 572 5382 in
590 5328 679 5380 die
698 5328 925 5381 Domini
945 5328 1123 5380 nostri
1138 5327 1262 5378 Jesu
1284 5326 1511 5386 Christi,
1534 5327 1593 5380 id
1616 5333 1704 5381 est
1715 5326 1934 5397 judicii.
1966 5325 2112 5379 Dicit

508 5416 708 5471 beatus
737 5415 1087 5486 Augustinus
1109 5415 1241 5485 quia
1271 5415 1386 5469 haec
1413 5421 1661 5486 potestas
1692 5426 1750 5470 et
1769 5416 1955 5486 gratia
1975 5415 2110 5468 data

507 5511 631 5567 erat
655 5505 943 5578 Apostolo,
969 5510 1036 5561 ut
1060 5510 1356 5580 peccantes
1376 5510 1434 5558 et
1452 5505 1838 5574 paenitentiam
1852 5505 2108 5564 nolentes

2186 4443 2401 4508 (Matth.
2437 4445 2574 4509 xm).
2604 4442 2901 4495 Fermentu
2914 4458 2965 4493 m
2981 4440 3071 4493 hic
3088 4440 3334 4511 appellat
3348 4439 3604 4492 fervorem
3626 4430 3735 4484 dile-

2183 4530 2382 4584 ctionis
2401 4530 2502 4584 Dei
2517 4536 2573 4583 et
2595 4528 2850 4600 proximi,
2874 4534 2926 4582 et
2968 4529 3339 4604 cognitionem
3361 4532 3558 4581 sancta:
3583 4517 3738 4576 Trini-

2184 4619 2338 4681 tatis,
2353 4636 2475 4688 quaa
2493 4619 2670 4672 fervet
2689 4618 2747 4672 in
2761 4617 3023 4671 cordibus
3035 4616 3367 4673 tidelium.et
3387 4613 3679 4668 continetur
3693 4606 3736 4658 in

2184 4708 2438 4762 doctrina
2450 4707 2791 4776 evangelica.
2827 4706 3029 4759 Mulier
3043 4706 3148 4759 ista
3171 4722 3294 4774 quae
3307 4703 3517 4773 accepit
3530 4702 3737 4754 termen-

2184 4802 2327 4857 tum,
2346 4802 2541 4849 sancta
2563 4794 2808 4849 Ecclesia
2827 4801 2927 4857 est,
2958 4811 3080 4864 quae
3098 4793 3452 4846 dilectionem
3475 4788 3567 4844 Dei
3587 4792 3742 4854 etpra-

2185 4885 2339 4947 ximi,
2371 4884 2861 4954 cognitionemque
2916 4889 3121 4937 sancta:
3155 4881 3443 4936 Trinitatis
3467 4869 3740 4950 praedicam

2186 4972 2352 5038 Asiae,
2376 4973 2608 5042 Europae
2629 4971 2914 5032 etAfricze,
2937 4971 3113 5025 donec
3134 4970 3560 5024 fermentaretur
3573 4967 3737 5018 totum.

2189 5061 2245 5114 id
2267 5066 2370 5127 est,
2394 5061 2569 5114 donec
2611 5076 2709 5130 per
2746 5060 3123 5130 quadriﬁdum
3155 5059 3344 5113 orbem
3384 5058 3491 5111 ista
3520 5049 3742 5124 praedica-

2191 5150 2401 5203 tionem
2424 5156 2732 5219 spargeret.
2754 5154 2811 5201 et
2838 5165 2901 5202 ex
2952 5148 3214 5202 omnibus
3231 5145 3489 5217 gentibus
3514 5141 3577 5195 ad
3607 5136 3741 5191 ﬁdem

2195 5238 2403 5292 Christi
2430 5238 2697 5291 traheret.
2734 5237 2969 5290 Ponitur
2997 5244 3054 5291 et
3102 5254 3200 5307 pro
3260 5235 3407 5288 mala
3437 5228 3669 5285 doctrina
3699 5226 3742 5273 et

2195 5328 2344 5381 mala
2376 5325 2817 5395 conversatione,
2848 5331 2913 5379 ut
2942 5325 3089 5378 idem
3109 5325 3443 5394 Redemptor
3462 5311 3738 5373 nosterait:

2193 5416 2383 5470 Cavete
2403 5422 2592 5468 autem
2623 5432 2657 5467 a
2684 5417 2953 5481 fermento
2975 5415 3379 5467 Piiarisworum
3413 5405 3611 5475 (Matth.
3634 5398 3739 5462 va),

2189 5504 2248 5559 id
2268 5510 2355 5558 est
2378 5520 2412 5557 a
2439 5503 2590 5571 mala
2606 5503 2835 5573 illorum
2859 5502 3145 5556 doctrina:
3180 5504 3433 5556 etcavete
3448 5513 3482 5552 a
3506 5489 3742 5548 fermento
