3850 6168
167 360 245 415 537

758 340 1137 405 EXPOSITIO
1178 346 1253 401 IN
1295 345 1447 399 EPP.
1492 343 1547 397 S.
1593 341 1690 395 ΡΑ

1775 338 1827 394 .l.
1871 367 1937 381 -
1976 339 2051 392 ΙΝ
2092 335 2315 391 EPIST.
2357 336 2380 390 Ι
2417 333 2513 389 AD
2551 331 2712 390 COR.

3252 325 3359 384 538

164 481 379 543 Herodis,
409 479 457 531 id
485 484 565 530 est
589 475 657 529 ab
678 474 978 528 homicidio
1010 478 1066 527 et
1096 471 1375 526 adulterio
1407 469 1577 523 illius.
1599 466 1689 522 Sir

1775 489 1921 541 nent.
1947 484 2049 535 hoc
2073 489 2174 541 est.
2200 482 2268 534 ad
2288 488 2528 533 mentem
2577 477 2681 530 Sed
2709 475 3011 545 Apostolus
3031 487 3141 525 non
3160 486 3362 524 curans

159 572 204 623 in
224 571 310 622 hoc
333 569 441 621 loco
469 565 688 635 ponitur
708 580 836 617 cum
858 563 1239 616 additamento
1266 576 1366 631 pro
1392 574 1685 612 conserva-

160 659 283 711 tione
306 654 485 709 veteris
511 652 769 713 hominis,
802 658 857 705 et
898 669 998 721 pro
1039 652 1184 703 mala
1218 647 1475 703 doctrina
1509 665 1520 699 :
1555 646 1687 717 quia

160 751 292 799 erant
318 742 449 811 apud
479 741 791 795 Corinthios
821 738 1289 811 pseudoapostoli.
1317 740 1408 808 qui
1458 752 1682 807 pravam

156 831 417 887 doctrinam
454 829 803 883 seminabant
846 830 993 883 inter
1029 829 1177 891 illos,
1206 844 1374 899 quam
1424 824 1687 897 praecepit

157 919 415 992 Apostolus
438 934 711 989 spernere.
766 919 824 972 Ut
854 921 974 971 sitis
1014 928 1152 971 notia
1191 919 1516 984 conspersio,
1545 917 1686 966 sicut

155 1011 255 1061 estis
275 1011 459 1078 asymi.
508 1007 891 1069 Fermentum,
933 1008 1126 1061 Graeco
1167 1005 1453 1061 vocabulo.
1481 1003 1688 1057 dicitur

155 1113 299 1167 zyma,
329 1097 446 1150 inde
474 1097 666 1151 Latine
700 1107 928 1151 vocatur
943 1113 1171 1168 azymus
1193 1096 1374 1166 panis,
1394 1094 1447 1147 id
1470 1098 1556 1146 est
1576 1106 1685 1144 non

153 1185 334 1249 mistus,
363 1185 476 1238 sine
506 1201 717 1255 azyma,
744 1185 797 1238 id
829 1191 917 1238 est
941 1184 1236 1248 fermento,
1266 1188 1322 1236 et
1350 1187 1435 1235 est
1460 1196 1684 1234 sensus:

153 1272 274 1334 Ideo,
300 1273 484 1343 inquit,
510 1273 768 1344 prazcipio
791 1289 1100 1343 expurgare
1120 1280 1275 1325 vetus
1296 1272 1634 1324 fermentum
1656 1283 1688 1319 a

150 1359 290 1421 vobis,
329 1368 385 1413 ut
410 1362 464 1414 in
495 1361 740 1415 novitate
769 1362 891 1415 vita;
940 1360 1341 1431 permaneatis.
1375 1358 1521 1411 sicut
1554 1354 1689 1409 estis

151 1449 315 1518 azymi.
346 1449 399 1502 Id
438 1457 538 1512 est,
593 1450 739 1503 sicut
765 1450 892 1503 novi
925 1450 1103 1503 effecti
1136 1449 1269 1502 estis
1308 1447 1377 1500 ab
1428 1443 1687 1500 omnibus

151 1536 350 1605 peccatis
378 1537 735 1606 originalibus
773 1544 830 1592 et
872 1537 1183 1592 actualibus
1232 1538 1287 1590 in
1330 1535 1688 1606 baptismate,

152 1630 398 1678 manentes
426 1627 543 1679 sine
572 1643 753 1697 zyma,
787 1627 839 1679 id
873 1633 957 1680 est
978 1627 1099 1680 sine
1134 1630 1380 1697 peccato.
1416 1625 1472 1677 in
1512 1638 1692 1693 quan-

1770 572 1837 625 de
1851 572 2188 642 proprietate
2203 570 2696 629 verborum,unum
2717 565 2909 618 retulit
2922 564 2993 616 ad
3005 561 3355 624 exteriorem,

1768 665 1838 714 ad
1870 659 2189 714 interiorem
2226 654 2483 719 alterum,
2520 672 2650 709 nam
2686 653 2897 707 malitia
2921 658 3007 705 est
3033 648 3362 703 malevolen-

1769 749 1849 802 tia
1893 749 2005 802 sive
2032 750 2179 801 mala
2198 749 2471 801 voluntas.
2508 746 2608 798 Hic
2639 754 2825 797 autem
2852 756 2953 811 pro
2984 738 3132 791 mala
3158 744 3357 803 Opera-'-

1767 837 1920 891 tione
1951 837 2179 907 ponitur
2235 835 2497 905 Nequitia
2521 840 2605 886 est
2625 829 2888 897 superbia
2918 828 3002 880 vel
3026 825 3261 879 audacia
3289 822 3361 876 ad

1770 925 2004 983 malum.
2036 924 2149 977 sive
2183 922 2331 976 mala
2357 922 2638 992 cogitatio.
2664 926 2719 973 et
2740 924 2825 971 est
2838 931 3062 970 sensus:
3086 916 3209 967 Non
3230 927 3363 981 epu-

1769 1010 1953 1067 lemur
1984 1029 2164 1083 neque
2188 1012 2445 1065 laetemur
2464 1011 2518 1063 in
2536 1013 2811 1062 vetustate
2840 1002 3071 1075 peccati,
3098 1017 3279 1071 neque
3302 998 3361 1052 in

1770 1102 2189 1155 conversatione
2220 1099 2422 1153 veteris
2452 1098 2711 1156 hominis.
2753 1110 2934 1165 neque
2980 1089 3034 1146 in
3070 1095 3362 1161 perpetra-V-

1772 1189 1923 1242 tione
1958 1190 2089 1242 mali
2117 1188 2320 1258 operis,
2340 1192 2438 1240 aut
2458 1187 2614 1240 malae
2635 1183 2959 1245 voluntatis.
2981 1186 3082 1234 aut
3098 1181 3153 1233 in
3172 1193 3363 1249 super-

1773 1276 1864 1330 bia
1896 1279 1979 1331 vel
2008 1276 2241 1331 audacia
2264 1276 2463 1329 mentis
2493 1275 2563 1328 ad
2590 1275 2821 1332 malum.
2844 1273 2988 1326 sicut
3005 1270 3186 1323 solent
3205 1283 3361 1321 ama-

1772 1371 1922 1419 tores
1954 1368 2123 1436 hujus
2144 1365 2329 1419 szeculi
2350 1380 2665 1434 agere,quae
2686 1364 2949 1416 laetantur
2976 1375 3102 1413 cum
3127 1356 3360 1410 malefe-

1774 1452 1968 1518 cerint,
1989 1462 2045 1509 et
2064 1452 2347 1508 exsultant
2366 1450 2423 1506 in
2447 1452 2609 1506 rebus
2632 1449 2906 1521 pessimis.
2932 1448 3035 1503 Sed
3064 1451 3121 1499 in
3145 1446 3364 1512 asymis

1773 1546 2111 1595 sinceritatis
2144 1548 2189 1595 rt
2230 1545 2498 1605 rcritatis,
2522 1538 2786 1593 subaudis
2807 1536 3100 1608 epulemur
3129 1540 3185 1587 et
3213 1532 3368 1586 laete;

1778 1645 1922 1681 mur.
1974 1629 2217 1682 Sinceris
2247 1629 2484 1682 materia
2514 1635 2599 1681 est
2625 1638 2746 1697 quae
2771 1634 3032 1679 naturam
3054 1637 3213 1701 suam
3237 1636 3369 1691 per-

152 1718 247 1766 tum
273 1713 498 1767 humana
523 1714 798 1784 fragilitas
818 1732 943 1768 cum
969 1716 1065 1769 Dei
1088 1715 1370 1785 adjutorio
1385 1714 1546 1767 valet.
1578 1713 1691 1764 Ete—
1707 1748 1754 1806 B
1776 1716 1918 1771 fecte
1947 1723 2150 1781 servat,
2168 1724 2223 1770 et
2248 1716 2400 1770 nulla
2426 1716 2780 1785 corruptione
2811 1712 3046 1767 interius
3067 1711 3254 1763 fuoata
3271 1705 3372 1761 aut

151 1805 245 1853 nim
262 1804 446 1869 pascha
467 1808 719 1856 nostrum
746 1807 1066 1857 immolatus
1096 1810 1169 1856 est
1195 1799 1690 1858 C/iristusPascha

149 1889 419 1959 appellatur
457 1890 746 1956 festivitas,
779 1908 949 1961 quam
996 1892 1356 1946 celebrabant
1384 1890 1560 1945 Judaei
1593 1905 1693 1960 per

145 1978 353 2047 singulos
385 1995 558 2033 annos
598 1980 669 2033 ob
708 1982 1040 2034 memoriam
1080 1980 1416 2051 egressionis
1461 1996 1580 2033 suae
1621 1979 1689 2031 de

147 2072 269 2119 terra
294 2067 524 2139 Egypti,
551 2073 610 2122 et
640 2086 819 2139 agnus
850 2070 945 2140 qui
985 2069 1386 2123 immolabatur
1408 2069 1463 2121 in
1496 2068 1688 2121 eadem

144 2155 397 2209 festivitate
426 2156 816 2227 appellabatur
850 2159 1077 2228 pascha.
1112 2158 1255 2211 sicut
1284 2157 1690 2227 discipulorum

144 2243 290 2296 verbis
312 2245 641 2310 ostenditur,
666 2247 760 2316 qui
794 2246 988 2300 dicunt
1016 2247 1282 2301 Domino:
1322 2247 1418 2299 Ubi
1438 2250 1516 2299 vis
1534 2260 1693 2313 pare-

144 2347 242 2383 mus
268 2334 358 2385 tibi
391 2336 661 2387 comedere
707 2336 911 2407 pascha
955 2337 1170 2398 (Matth.
1230 2335 1390 2404 xxvr)
1431 2334 1455 2387 ἰ)
1506 2334 1560 2387 id
1608 2339 1693 2388 est

144 2432 329 2485 agnum.
346 2419 660 2474 Secundum
688 2422 838 2476 hunc
870 2440 1080 2476 morem
1100 2423 1350 2494 loquitur
1367 2423 1687 2493 Apostolus,

143 2513 187 2557 et
199 2506 287 2565 hic.
306 2508 570 2578 inquiens:
599 2510 817 2564 Etenim
841 2513 1047 2582 pascha
1066 2520 1320 2566 nostrum
1334 2512 1592 2565 Christus
1607 2516 1691 2563 est

146 2593 440 2660 immolatus,
472 2615 535 2651 ac
566 2599 615 2652 si
638 2600 849 2653 diceret
881 2619 892 2653 :
949 2602 1126 2654 Vultis
1157 2602 1301 2655 scire
1333 2601 1465 2671 quid
1495 2600 1568 2653 sit
1592 2616 1690 2670 pa-

144 2682 281 2735 scha?
300 2685 543 2739 Christus
564 2687 912 2743 immolatus.
934 2690 1058 2743 Non
1080 2696 1165 2743 est
1182 2689 1339 2743 nobis
1368 2689 1691 2742 immolatus

144 2786 289 2839 agnus
314 2773 499 2843 legalis
529 2775 618 2829 vel
649 2777 890 2847 typicus,
925 2778 1021 2831 sed
1050 2795 1210 2831 verus
1232 2777 1691 2848 agnus,quitollit

143 2867 327 2928 peccata
355 2864 563 2928 mundi,
599 2870 686 2917 est
716 2882 815 2935 pro
840 2866 995 2919 nobis
1024 2866 1348 2919 immolatus
1367 2865 1423 2917 in
1452 2881 1550 2918 ara
1572 2881 1692 2918 cru-

147 2946 224 3011 cis,
268 2949 327 3003 de
354 2968 457 3021 quo
486 2953 737 3007 Joannes
785 2955 865 3008 ait
892 2978 903 3012 :
933 2956 1060 3008 Ecce
1088 2971 1267 3021 agnus
1298 2956 1412 3017 Dei,
1445 2970 1555 3006 ecce
1594 2956 1693 3020 qui

147 3037 259 3089 tollit
272 3046 480 3105 peccata
498 3044 707 3095 mundi
725 3046 901 3107 (Joan.
920 3042 1159 3112 I).Istius
1186 3043 1315 3113 agni
1338 3058 1534 3096 carnes
1559 3058 1691 3112 quo-

1774 1814 2054 1876 corrupta,
2088 1822 2313 1875 semper
2342 1806 2397 1858 in
2431 1805 2628 1857 melius
2653 1802 2870 1874 proficit
2889 1817 3001 1854 non
3021 1800 3076 1853 in
3101 1798 3257 1869 pejus
3300 1794 3369 1849 Et

1772 1911 1874 1948 nos
1905 1899 2040 1948 tunc
2069 1911 2263 1948 sumus
2294 1894 2515 1958 sinceri,
2547 1892 2773 1963 quando
2805 1890 2993 1944 omnia
3021 1888 3079 1941 in
3107 1884 3371 1959 simplici-

1772 1988 1887 2037 tate
1912 1990 1969 2037 et
2012 1985 2259 2055 puritate
2292 1983 2495 2037 mentis
2540 1982 2781 2052 agimus,
2816 1994 3038 2050 semper
3067 1978 3123 2031 in
3154 1977 3356 2031 melius

1772 2074 2146 2143 proficientes,
2195 2073 2279 2125 vel
2331 2072 2538 2124 malum
2591 2087 2689 2140 pro
2721 2069 2868 2122 malo
2907 2084 3020 2121 non
3046 2066 3361 2132 reddentes,

1772 2163 1885 2214 sive
1913 2162 2039 2215 aliis
2069 2161 2462 2214 offendiculum
2495 2175 2593 2229 per
2643 2158 2853 2211 malum
2894 2156 3209 2226 exemplum
3254 2170 3366 2208 non

1770 2255 2124 2320 generantes.
2161 2248 2229 2303 Et
2254 2266 2365 2302 non
2388 2246 2442 2301 in
2459 2248 2669 2319 azymis
2684 2246 3021 2299 sinceritatis
3040 2251 3096 2298 et
3116 2242 3366 2297 veritatis

1773 2340 2069 2409 epulamur
2126 2338 2349 2408 quando
2380 2337 2569 2390 omnia
2596 2336 2653 2389 in
2680 2335 3002 2404 integritate
3040 2339 3097 2387 et
3125 2332 3368 2404 puritate

1773 2427 1979 2479 mentis
2011 2427 2231 2495 agimus
2263 2431 2319 2479 et
2350 2426 2470 2478 sine
2499 2423 2877 2494 corruptione,
2904 2439 3015 2476 non
3041 2421 3367 2491 duplicitate

1774 2515 1859 2567 vel
1905 2515 2260 2568 simulatione
2307 2514 2518 2583 aliquid
2564 2520 2813 2583 agentes.
2846 2516 2945 2564 aut
2991 2527 3091 2581 pro
3122 2511 3370 2563 humana

1774 2603 1939 2656 laude
1954 2603 2234 2673 lucrisque
2252 2609 2362 2656 tem
2372 2601 2774 2672 poralibus,sed
2792 2617 2890 2671 pro
2915 2598 3371 2653 remuneratione

1774 2691 1969 2761 patriae
1988 2691 2230 2744 caelestis
2259 2696 2315 2743 et
2345 2697 2409 2743 ut
2438 2691 2552 2743 Deo
2573 2688 2677 2742 soli
2707 2688 3048 2758 placeamus.

1844 2780 2056 2847 Scripsi
2073 2780 2216 2832 vobis
2241 2782 2301 2831 in
2324 2780 2567 2845 epistola.
2594 2794 2659 2830 ne
2690 2777 3162 2829 connnisceamini
3180 2773 3369 2841 forni-

1776 2869 1966 2929 cariis,
1987 2866 2042 2919 id
2072 2872 2157 2920 est
2179 2884 2248 2920 ne
2270 2867 2480 2920 similes
2504 2865 2611 2918 illis
2629 2864 2975 2935 efﬁciamini,
2995 2862 3077 2915 vel
3098 2878 3167 2916 ne
3189 2860 3367 2915 velilis

1775 2954 2045 3009 interesse
2063 2956 2287 3009 illorum
2306 2955 2577 3008 societati.
2597 2955 2823 3008 Miserat
2838 2953 2916 3006 eis
2928 2951 3226 3022 Apostolus
3239 2967 3363 3021 par-

1775 3060 1899 3097 vam
1930 3044 2241 3114 epistolam,
2276 3061 2344 3097 ne
2379 3043 2877 3097 commiscerentur
2905 3040 3218 3094 fornicariis
3244 3039 3370 3093 tali-

142 3124 249 3178 tidie
272 3126 631 3185 immolantur
651 3131 706 3184 in
730 3109 994 3192 Ecclesia,
1010 3138 1065 3185 et
1085 3109 1456 3185 comeduntur
1486 3147 1519 3183 a
1554 3109 1689 3183 fide-
1710 3109 1753 3171 C
1776 3132 1897 3195 bus,
1923 3109 2106 3202 qualis
2127 3139 2248 3186 erat
2279 3133 2371 3186 ille
2393 3132 2487 3203 qui
2510 3148 2737 3185 uxorem
2770 3130 2945 3200 patris
2966 3128 3206 3182 habebat
3259 3127 3368 3181 Sed

141 3211 271 3268 libus.
299 3217 378 3271 Illi
406 3222 498 3290 qui
520 3221 895 3274 comederunt
919 3237 1114 3274 carnes
1141 3221 1307 3291 typici
1330 3220 1479 3290 agni,
1505 3225 1692 3273 trans-

142 3300 253 3356 itum
293 3306 536 3363 fecerunt
565 3310 641 3362 de
672 3308 911 3380 Egypto
963 3310 1019 3361 in
1062 3316 1270 3373 terram
1303 3308 1693 3378 repromissio-

142 3389 224 3453 nis.
251 3400 300 3446 et
328 3412 421 3449 nos
457 3398 727 3451 similiter
763 3397 1005 3451 transire
1050 3397 1321 3451 debemus
1353 3397 1419 3450 de
1450 3395 1694 3451 tenebris

142 3478 442 3538 inﬁdelitatis
472 3487 545 3540 ad
569 3486 830 3550 virtutes,
857 3492 912 3539 et
940 3486 1009 3539 de
1050 3486 1318 3539 servitute
1364 3486 1571 3539 diaboli
1623 3486 1694 3539 ad

142 3566 410 3625 libertatem
429 3574 662 3638 Christi,
688 3580 744 3627 et
765 3574 834 3627 de
866 3580 1046 3627 morte
1073 3575 1142 3627 ad
1161 3575 1348 3627 vitam.
1376 3575 1459 3627 llli
1478 3580 1693 3645 septem

142 3654 301 3711 diebus
341 3662 702 3716 celebrabant
730 3662 1087 3716 festivitatem
1120 3663 1460 3733 pasehalem,
1510 3670 1565 3717 et
1593 3679 1693 3716 nos

142 3758 260 3798 nunc
282 3757 481 3818 septem
504 3752 706 3805 diebus
730 3750 1078 3805 celebramus
1095 3752 1321 3822 pascha,
1344 3752 1389 3805 si
1412 3769 1510 3822 per
1530 3768 1694 3805 omne

140 3836 323 3904 tempus
354 3840 472 3894 vitae
521 3848 732 3894 nostra:
777 3841 925 3911 quod
954 3849 1168 3912 septem
1208 3841 1403 3894 diebus
1435 3840 1691 3907 volvitur,

138 3923 397 3980 transitum
428 3928 673 3983 facimus
703 3946 736 3982 a
759 3930 907 3983 vitiis
929 3930 999 3983 ad
1031 3930 1293 3987 virtutes.

195 4012 360 4081 Itaque
384 4022 699 4084 epulemur.
728 4019 851 4072 Alia
877 4019 1052 4073 editio
1080 4019 1281 4072 habet:
1326 4017 1523 4089 Itaque
1544 4018 1697 4072 festi-

1776 3221 2052 3274 Corinthii
2076 3222 2221 3275 male
2261 3221 2654 3275 intellexerant
2681 3221 2804 3279 hoc.
2837 3224 3098 3290 putantes
3127 3216 3272 3287 quod
3301 3217 3370 3270 de

1776 3309 2095 3363 infidelibus
2122 3310 2386 3380 gentibus
2422 3310 2651 3370 diceret,
2677 3324 2787 3362 non
2808 3308 2877 3361 de
2910 3306 3187 3360 fidelibus.
3219 3306 3373 3359 Ideo-

1778 3415 1886 3469 que
1915 3400 2119 3469 repetit
2138 3401 2263 3464 ista,
2296 3405 2353 3453 et
2377 3400 2609 3469 corrigit
2637 3398 3031 3468 eos,inquiens
3059 3413 3068 3447 :
3102 3398 3225 3449 Non
3253 3397 3370 3447 utia-

1777 3505 1878 3555 que
1904 3490 2235 3554 form’cariis
2257 3490 2424 3555 hujus
2452 3489 2672 3549 mundi,
2696 3486 2749 3539 id
2773 3492 2858 3539 est
2873 3500 2983 3539 non
3008 3485 3119 3538 dixi
3144 3484 3226 3537 vel
3244 3483 3375 3536 scri-

1777 3575 1862 3646 psi
1893 3575 1961 3628 de
1975 3575 2291 3629 fornicariis
2315 3576 2481 3646 hujus
2507 3572 2720 3639 mundi,
2743 3560 2978 3644 paganis
2992 3570 3373 3633 viilelicet,sed

1778 3665 1846 3717 de
1874 3664 1983 3717 illis
2006 3666 2100 3735 qui
2130 3671 2262 3719 sunt
2293 3665 2441 3718 inter
2456 3681 2549 3717 vos
2566 3710 2573 3719 .
2590 3666 2847 3730 Alioquin
2868 3664 3174 3715 (Iebucratis
3194 3662 3256 3713 de
3277 3660 3373 3712 hoc

1779 3753 2244 3817 nmndoerissc,id
2262 3758 2366 3813 est.
2379 3754 2425 3805 si
2441 3752 2673 3823 paganis
2687 3752 2887 3804 iterum
2902 3747 3374 3803 commisceremi-

1777 3843 1834 3895 ni
1863 3842 1931 3895 ad
1966 3842 2353 3911 paganismum
2378 3841 2738 3895 transeundo.
2757 3840 2956 3894 melius
2976 3838 3128 3892 vobis
3154 3843 3275 3891 erat
3303 3836 3373 3891 ab

1778 3931 1881 3983 hac
1914 3931 2025 3983 vita
2042 3934 2332 3995 transisse,
2364 3946 2532 4000 quam
2564 3928 2674 3981 illis
2706 3928 2945 3981 misceri.
2978 3928 3157 3980 Aliter
3185 3968 3194 3977 .
3228 3926 3383 3980 Alio-

1780 4017 1910 4086 quin
1933 4016 2252 4070 debue’ratis
2272 4017 2340 4069 de
2363 4017 2464 4070 hoc
2488 4016 2697 4070 mundo
2715 4015 2912 4077 exisse,
2937 4014 2991 4067 id
3013 4020 3117 4079 est,
3141 4014 3186 4067 si
3213 4014 3269 4066 in
3288 4021 3373 4067 ta-

140 4096 330 4155 vitatem
360 4106 729 4160 celebremus.
764 4106 838 4160 Et
876 4123 977 4160 nos
1020 4108 1224 4177 quibus
1250 4107 1574 4161 immolatus
1613 4112 1699 4159 est
1780 4105 1925 4159 libus
1955 4105 2196 4175 peccatis
2226 4122 2557 4175 permanere
2587 4105 2773 4167 vultis,
2810 4104 3009 4156 melius
3042 4107 3189 4156 esset
3221 4100 3374 4155 vobis

141 4199 285 4255 agnus
313 4208 467 4248 verus
499 4196 781 4259 Christus,
830 4196 1176 4250 celebremus
1218 4196 1596 4255 festivitatem,
1641 4196 1695 4249 id
1781 4194 1924 4246 mori
1955 4200 2008 4246 et
2037 4194 2187 4247 exire
2239 4210 2272 4246 a
2319 4211 2572 4264 corpore.
2627 4193 3035 4247 Commiscetur
3077 4189 3375 4245 fornicario

142 4280 209 4327 est
230 4280 580 4348 gaudeamus,
619 4290 677 4336 et
722 4285 1087 4349 exsultemus,
1121 4290 1177 4338 et
1205 4285 1462 4338 laetemur
1505 4283 1700 4337 laetitia
1782 4283 1925 4353 quis.
1966 4289 2065 4335 aut
2084 4283 2427 4340 fornicando.
2454 4291 2553 4337 aut
2576 4283 2746 4336 etiam
2774 4282 2855 4334 illi
2883 4281 2940 4334 in
2974 4280 3162 4351 aliquo
3202 4280 3379 4332 famu-

142 4362 357 4431 spiritali.
378 4371 495 4425 Non
516 4375 579 4426 in
602 4375 877 4439 fermento
898 4372 1359 4435 veteri,subaudis
1381 4373 1693 4442 epulemur,
1725 4423 1768 4442 η
1785 4372 1901 4424 latu
1931 4371 2039 4424 cibi
2070 4378 2127 4425 et
2159 4379 2322 4442 potus
2340 4372 2423 4425 vel
2451 4372 2728 4442 colloquio
2754 4370 3009 4433 favendo,
3029 4369 3114 4422 vel
3147 4385 3256 4422 non
3288 4369 3378 4423 in-

142 4451 209 4503 vel
224 4454 399 4510 simus.
418 4460 687 4529 Legimus
707 4460 764 4513 in
785 4460 1147 4531 Exodo,quod
1160 4462 1383 4531 quando
1402 4461 1500 4514 filii
1526 4460 1690 4514 Israel

1786 4460 2312 4531 crepandoddcirro
2333 4469 2522 4515 autem
2541 4462 2739 4515 melius
2760 4466 2846 4513 est
2864 4459 2933 4512 ab
2952 4460 3056 4512 hac
3077 4458 3187 4511 vita
3204 4458 3373 4521 exire,

143 4544 315 4608 θενεδεί
353 4554 483 4601 sunt
512 4549 584 4602 de
632 4550 892 4620 Egypto,
934 4566 1048 4603 non
1077 4550 1399 4604 detulerunt
1431 4550 1560 4603 inde
1586 4551 1697 4603 t'er-
1785 4566 1952 4619 quam
1985 4549 2037 4602 in
2072 4550 2314 4620 peccatis
2342 4550 2738 4619 manere,quia
2762 4553 2971 4618 quanto
2992 4547 3235 4617 amplius
3250 4546 3382 4600 vivit

144 4640 404 4688 mentatam
436 4637 705 4705 farinam,
750 4638 848 4691 sed
883 4639 1281 4692 tantummodo
1310 4655 1694 4709 conspersam.
1732 4694 1741 4699 _
1784 4638 1840 4690 in
1872 4638 2001 4700 illis,
2037 4645 2195 4693 tanto
2228 4641 2498 4708 majorem
2532 4655 2752 4709 pmnam
2775 4637 2879 4690 sibi
2904 4636 3162 4706 acquirit.

145 4714 436 4787 Cogentibus
464 4728 619 4780 enim
642 4727 917 4798 :Egyptiis
946 4744 1016 4781 ne
1041 4743 1256 4780 moram
1281 4728 1528 4781 facerent
1548 4745 1702 4797 egre-
1852 4727 1916 4781 Si
1946 4732 1990 4780 is
2021 4732 2120 4795 qui
2144 4732 2323 4796 frater
2352 4727 2865 4791 nominatm',inter
2880 4741 2993 4787 vos,
3017 4724 3072 4777 id
3099 4729 3184 4776 est
3200 4723 3380 4777 fidelis

144 4802 316 4896 diendi,
341 4815 697 4884 reliquerunt
734 4816 809 4869 ibi
854 4817 1221 4872 fermentum.
1271 4818 1546 4887 ngyptus
1579 4833 1701 4887 quae
1785 4816 2147 4882 dicituresse,
2175 4822 2248 4869 cst
2282 4819 2609 4883 fornicator,
2644 4831 2766 4868 cum
2798 4814 3137 4881 hujusmodi,
3174 4812 3230 4865 id
3272 4819 3377 4878 est,

146 4895 509 4988 lflterpretatur
541 4905 1087 4974 tenebr‘z,signiﬁcat
1105 4904 1366 4959 tenebras
1398 4905 1701 4958 infidelita-
1783 4921 1909 4959 cum
1938 4905 2060 4963 tali.
2096 4921 2190 4959 nec
2214 4907 2392 4958 cibum
2428 4919 2659 4956 sumere.
2698 4903 2839 4967 Quid
2864 4903 3172 4954 enimmi/ii
3195 4907 3281 4955 est
3320 4895 3382 4955 de

143 4982 200 5033 tis
227 5000 238 5034 :
263 4986 590 5045 fermentum
644 4993 924 5062 significat
952 5001 1260 5062 peccatum.
1297 4995 1364 5048 Et
1396 5010 1494 5047 nos
1532 4995 1702 5064 [Egy-
1786 4994 1872 5046 his
1902 4997 2002 5060 qui
2020 4996 2158 5059 foris
2183 4998 2331 5055 sunt,
2351 4994 2611 5060 judicare
2633 4997 2656 5043 ?
2676 4990 2734 5044 Id
2764 4996 2867 5053 est,
2895 4990 3024 5060 quid
3048 4991 3289 5060 pertinet
3306 4990 3376 5045 ad

143 5074 273 5135 Pium
289 5077 659 5149 relinquimus
681 5088 737 5134 et
752 5081 1089 5135 fermentum
1109 5084 1339 5153 peccati,
1366 5083 1589 5153 quando
1606 5099 1706 5153 per
1787 5098 1894 5145 me,
1925 5082 2181 5152 judicare
2201 5082 2269 5135 de
2297 5081 2381 5134 his
2412 5080 2507 5150 qui
2532 5079 2666 5132 foris
2698 5084 2850 5142 sunt,
2884 5079 2953 5132 de
2975 5080 3210 5150 paganis
3229 5081 3382 5134 vide-

144 5156 283 5213 ﬁdem
309 5165 619 5222 deserimus
654 5169 1064 5233 inﬁdelitatem,
1089 5176 1146 5223 et
1168 5169 1538 5241 relinquimus
1582 5187 1706 5240 pec-
1788 5170 2039 5239 licet,qui
2061 5176 2218 5223 extra
2248 5168 2545 5223 Ecclesiam
2567 5167 2737 5221 sunt?
2767 5168 2957 5221 Nonne
2986 5170 3047 5220 de
3067 5169 3151 5220 his
3168 5171 3268 5235 qui
3290 5172 3382 5223 in-

145 5252 319 5315 catum,
350 5260 710 5312 transeuntes
742 5276 841 5329 per
870 5276 1077 5329 aquam
1106 5259 1457 5330 baptismatis
1486 5260 1554 5313 ad
1587 5266 1704 5313 ter-
1788 5265 1875 5312 tus
1903 5264 2055 5320 sunt,
2085 5258 2141 5311 in
2163 5258 2425 5321 Ecclesia,
2460 5273 2547 5309 ros
2567 5258 2840 5325 judicatis
2863 5264 2886 5309 Ρ
2906 5256 3018 5310 sive
3044 5258 3381 5323 discernitis,

144 5348 243 5389 tam
261 5346 702 5411 repromissionis
747 5348 1107 5401 Fermentum
1130 5365 1262 5418 ergo
1281 5355 1438 5403 vetus
1460 5349 1707 5419 appellat
1790 5347 1846 5400 id
1868 5354 1955 5400 est
1984 5363 2170 5399 nonne
2196 5363 2290 5399 vos
2324 5346 2555 5415 potestis
2586 5346 2720 5399 satis
2745 5345 3081 5403 discernere.
3117 5364 3245 5401 cum
3268 5348 3388 5417 qui-

149 5429 441 5518 vetustatem
466 5436 685 5504 peccati
700 5442 755 5489 et
774 5438 1257 5490 conversationem
1292 5438 1491 5491 veteris
1524 5438 1708 5491 homi-
1790 5436 1895 5490 bus
1920 5435 2171 5488 debeatis
2202 5435 2551 5488 commisceri
2584 5452 2647 5488 ex
2674 5434 2761 5487 his
2782 5435 2878 5505 qui
2899 5435 2954 5488 in
2974 5436 3212 5488 Ecclesia
3230 5441 3378 5488 sunt.

146 5524 230 5565 nis.
261 5518 427 5587 Neque
454 5525 513 5576 in
543 5526 818 5590 fermento
846 5528 1078 5578 malitia:
1116 5531 1163 5578 et
1195 5528 1466 5593 nequitiae.
1496 5526 1711 5580 Malitia
1862 5526 2007 5577 Nam
2036 5540 2120 5577 eos
2140 5527 2240 5591 qui
2262 5526 2400 5591 foris
2422 5529 2572 5585 sunt,
2592 5524 2645 5576 id
2669 5529 2754 5577 est
2769 5540 3018 5594 paganos
3040 5530 3096 5575 et
3114 5523 3381 5586 inﬁdeles,

148 5604 195 5678 εἰ
216 5607 445 5675 nequitia
480 5612 711 5684 proprie
740 5614 810 5669 ad
840 5614 1167 5668 interiorem
1219 5614 1505 5668 hominem
1535 5615 1709 5685 perti-
1794 5615 2064 5667 Dominus
2103 5614 2401 5680 judicabit,
2453 5612 2720 5684 quoniam
2751 5613 2847 5683 qui
2888 5629 3001 5666 non
3040 5610 3237 5675 credit,
3264 5610 3383 5679 jam
