3850 6168
187 311 266 367 541
785 302 1166 364 EXPOSITIO
1205 305 1283 369 IN
1322 307 1490 367 EPP..
1521 307 1578 364 S.
1623 307 1707 360 PA

1901 333 1970 358 -τ-
2010 305 2091 361 ΙΝ
2131 306 2354 366 EPIST.
2396 306 2420 360 Ι
2462 305 2562 360 AD
2597 304 2756 366 008—
3123 301 3129 306 ’
3299 305 3409 376 5ίὲ

182 430 367 488 Domini
385 428 916 494 custodiatisguare
946 445 1056 482 non
1083 435 1260 498 magis
1290 433 1549 498 fraudem
1579 430 1966 500 pati-AJesus
2017 431 2274 486 Christus
2316 429 2708 494 tantummodo.
2776 428 3024 498 animam
3081 430 3408 502 Ἦνδὲθῆ

182 524 343 574 mini?
365 534 524 589 quare
553 535 645 571 vos
675 517 802 572 aliis
831 517 1084 577 fraudem
1114 520 1354 587 faciatis,
1380 523 1465 576 vel
1486 522 1726 592 injurias
1807 519 2196 590 membraejus
2217 536 2328 574 non
2350 524 2540 584 essent
2565 517 2674 572 nisi
2694 517 3138 586 animmnostrie.
3163 519 3412 588 Quiverq

178 608 422 667 inferatis:
458 606 557 660 Sed
587 623 674 659 vos
700 623 813 664 non
860 608 1046 668 solum
1097 610 1352 679 repetitis
1380 617 1584 673 vestra,
1625 611 1722 664 sed
1807 608 2366 678 etcorpussuscepit,
2395 624 2496 678 per
2528 607 2677 678 quod
2706 607 2891 672 etiam.
2910 607 3072 680 nobis
3100 615 3186 677 est
3222 614 3408 679 caput,

179 699 318 752 etiam
336 697 593 763 injuriam
614 695 737 751 aliis
747 697 954 766 facitis,
969 698 1333 766 percutiendo
1347 699 1724 766 illos,etrfjrau-
1807 697 1903 766 qui
1928 713 1991 749 ex
2011 698 2514 767 animaetcorpore
2537 701 2877 764 constamus,
2897 697 3144 766 profecto
3163 701 3227 764 et
3240 713 3416 766 ῳβεμτ

175 789 325 847 datis;
347 789 389 835 et
417 785 526 849 hoc,
557 782 836 841 subaudis
857 783 1056 847 facitis,
1101 787 1377 852 fratribus
1431 788 1632 851 vestris
1665 787 1724 841 in
1806 783 1920 838 bra.
1939 785 2241 839 illiussunt
2265 801 2498 858 corpora
2527 789 2736 850 nostra,
2778 787 2987 844 Totiens
3015 787 3414 860 argumentum

175 875 281 938 tide,
307 888 422 928 cum
446 870 643 945 quibus
673 889 866 942 pacem
897 872 1106 928 habere
1133 874 1472 932 debueratis.
1809 873 2032 938 Christi,
2051 877 2261 942 faciam
2274 874 2528 936 membra,
2541 876 2845 936 meretricis
2865 873 3220 959 ?.Ab,sit,quia
3237 889 3415 942 mem,-

229 964 302 1015 An
331 961 535 1014 nescitis
551 963 684 1026 quia
714 962 919 1028 iniqui,
943 960 998 1016 id
1018 967 1104 1020 est
1125 968 1466 1036 peccatores,
1488 979 1723 1030 regnum
1806 959 1910 1014 bra
1932 978 2054 1032 quze
2075 961 2356 1026 meretrici
2376 961 2672 1030 adhaerent,
2687 967 2751 1030 et,
2772 961 3130 1033 copulantur,
3144 961 3414 1030 desinunt

172 1052 250 1104 Dei
266 1063 360 1100 non
382 1048 768 1114 possidebunt?
804 1049 982 1102 Nolite
1014 1065 1226 1114 errare,
1268 1051 1458 1115 idest,
1496 1068 1530 1104 a
1561 1052 1718 1104 rectis
1807 1066 1928 1104 esse
1958 1049 2210 1114 membra
2238 1049 2465 1112 Christi.

174 1135 352 1192 tudinis
376 1133 786 1192 viadeelinare.
819 1135 1095 1192 Errabant
1128 1138 1424 1205 Corinthii,
1476 1140 1570 1210 qui
1610 1157 1722 1196 uno
1874 1139 1963 1194 An
1980 1142 2196 1194 nescitis
2217 1142 2482 1211 quoniam
2499 1139 2842 1206 quiuit/iacret
2865 1140 3407 1208 meretrici,inqoitu,

171 1223 279 1277 vitio
299 1239 398 1275 non
419 1222 720 1275 credebant
739 1223 1021 1282 hominem
1055 1227 1305 1294 separari
1335 1245 1370 1280 a
1396 1245 1567 1298 regno
1598 1229 1720 1291 Dei,
1808 1242 1988 1282 unum
2023 1242 2216 1293 corpus
2247 1229 2490 1293 efficitur
2510 1233 2532 1277 ?
2561 1232 2622 1278 et
2650 1242 2748 1297 per
2779 1231 3146 1301 naturam,et
3170 1242 3270 1295 per
3295 1242 3413 1294 ma,-

168 1312 254 1366 nisi
273 1310 512 1364 omnibus
535 1311 1083 1381 fuisset—implicatus.
1114 1315 1243 1368 Ideo
1265 1315 1726 1380 subdit,commee
1809 1315 1992 1376 culam
2027 1315 2236 1384 peccati
2270 1331 2443 1374 unum
2469 1314 2809 1384 efficiuntur.
2850 1314 2961 1366 Per.
2987 1317 3248 1385 naturam
3289 1330 3411 1384 ma,-

169 1399 402 1453 morando
432 1415 552 1468 quae
583 1400 715 1453 vitia
746 1399 969 1469 singula
1005 1418 1177 1471 regno
1201 1403 1300 1456 Dei
1322 1411 1605 1474 separant,
1646 1405 1717 1458 die
1808 1403 1995 1459 sculus
2023 1409 2079 1474 et
2099 1403 2304 1466 mulier
2331 1419 2504 1456 unum
2536 1419 2744 1472 corpus,
2767 1408 2917 1474 sunt,
2944 1402 3076 1476 quia
3114 1402 3315 1474 mulier
3342 1402 3413 1474 de

166 1504 300 1541 cens:
330 1489 499 1555 Neque
519 1490 843 1553 fornicarii,
876 1489 1143 1553 subaudis
1171 1508 1403 1561 regnum
1422 1493 1522 1548 Dei
1552 1494 1726 1561 possig-
1807 1491 1924 1544 viro
1943 1497 2166 1564 sumpta
2190 1497 2306 1548 est:
2332 1508 2432 1562 per
2453 1491 2732 1560 maculam
2753 1505 2883 1544 vero
2908 1490 3140 1562 peccati,
3159 1505 3417 1564 concum-

163 1575 358 1635 debunt.
386 1575 487 1630 nisi
518 1576 908 1645 pmnitentiam
941 1578 1167 1656 dignam
1201 1579 1257 1634 in
1288 1582 1390 1638 hoc
1412 1583 1612 1645 saeculo
1630 1597 1723 1658 ρο-
1808 1575 1986 1642 bendo
2019 1580 2206 1645 simul,
2247 1579 2301 1632 in
2336 1579 2454 1650 ipso
2485 1579 2746 1654 amplexu
2774 1578 2961 1640 coitus.
2990 1594 3177 1654 unum,
3210 1595 3412 1650 corpus

162 1665 237 1717 siti
261 1665 457 1733 egerint
483 1666 792 1726 secundum
825 1653 1209 1736 quantitatem,
1228 1670 1462 1738 peccati.
1497 1678 1558 1730 et,
1581 1653 1722 1740 eleee
1744 1738 1778 1742 _
1806 1668 1964 1740 ﬁunt,
1984 1667 2131 1721 sicut
2156 1673 2211 1720 et
2247 1668 2341 1727 ille
2364 1667 2458 1740 qui
2487 1667 2749 1742 legitima:
2775 1667 2944 1731 uxori.
2961 1667 3274 1741 copulatur.
3307 1667 3411 1741 Ve}

161 1754 374 1828 inosynis
390 1753 524 1806 illud
545 1755 875 1817 redimerint
893 1774 903 1806 :
924 1757 1007 1808 vel
1025 1756 1128 1814 nisi
1150 1759 1536 1826 paenitentiam
1555 1738 1722 1831 agen-
1743 1738 1789 1796 Β
1805 1738 1972 1808 etiam
1999 1755 2093 1825 qui
2113 1755 2364 1824 adhaeret
2392 1738 2693 1826 meretrici,
2715 1771 2888 1810 unum
2917 1770 3122 1829 corpus
3149 1754 3406 1828 efﬁcitur,

161 1846 229 1893 tes
256 1858 391 1894 mors
419 1842 542 1895 illos
563 1842 858 1905 invenerit,
886 1850 950 1904 ut,
983 1851 1110 1914 post
1158 1852 1397 1906 mortem
1431 1849 1535 1900 hoc
1573 1865 1680 1917 quo

1883 1842 1936 1914 ia
1953 1842 2158 1902 similis,
2190 1843 2240 1895 ei
2273 1842 2514 1918 efficitur
2550 1859 2650 1912 per
2671 1847 2974 1916 peccatum,
3019 1842 3207 1919 Erunt.
3233 1845 3402 1915 enim,

159 1929 292 1983 deest
305 1930 368 1983 de
389 1931 734 2000 paenitentia,
757 1932 815 1984 in
838 1932 974 1988 locis
997 1934 1337 2005 purgatoriis
1356 1936 1629 2000 deleatur,
1666 1942 1721 1996 et
1803 1931 2004 2005 inquit,
2041 1933 2148 1996 duo
2174 1934 2233 1984 in
2266 1948 2434 1984 carne
2461 1948 2596 1992 una,
2645 1931 2701 1990 in
2732 1929 3019 2010 personis:
3057 1930 3154 2002 vel
3174 1929 3310 2006 quia
3337 1947 3405 2003 ex

160 2033 240 2089 per
264 2018 526 2074 orationes
542 2018 820 2084 bonorum
838 2019 1150 2085 hominum,
1176 2027 1231 2076 et
1258 2039 1358 2092 per
1377 2023 1720 2090 oblationem
1804 2020 1906 2072 Viri
1933 2037 2166 2089 corpore
2196 2019 2343 2088 facta,
2373 2025 2457 2072 est
2485 2019 2703 2084 mulier,
2731 2019 2824 2086 vel,
2859 2018 3030 2095 etiam
3076 2017 3248 2095 εἱμωὶ
3272 2034 3408 2091 60,!)-

158 2104 544 2172 sacrificiorum.
582 2106 729 2158 Dicit
759 2106 926 2160 etiam
984 2108 1188 2175 beatus
1222 2110 1546 2184 Gregorius,
1590 2114 1723 2184 quia
1805 2108 2116 2174 cumbendo
2143 2107 2914 2184 unumcorpuslefficiuuturf.

158 2192 294 2260 aliter
317 2193 590 2256 orationes
624 2200 679 2246 et
701 2193 1010 2248 oblationes
1037 2195 1288 2258 obtinere
1319 2187 1429 2260 nOn
1459 2206 1723 2278 poterunt
1879 2197 2435 2265 Quiauteinad/ueret
2455 2197 2709 2262 Dom-ina,
2728 2212 2876 2266 unus
2901 2199 3134 2274 δρίτῖίιιιε
3160 2202 3256 2253 θεία
3280 2195 3411 2274 593,,-

159 2277 395 2342 bonorum
425 2299 682 2352 operum,
715 2283 820 2335 nisi
853 2283 944 2336 ille
975 2301 1074 2354 pro
1097 2303 1206 2354 quo
1233 2287 1564 2358 offeruntur,
1583 2289 1721 2361 illud
1805 2285 1945 2354 ritus
1971 2291 2199 2356 sanctus
2217 2300 2317 2358 per
2330 2301 2388 2342 se
2401 2284 2551 2342 Deus
2574 2289 2678 2346 est,
2704 2289 2760 2336 et
2780 2300 2937 2359 mens
2972 2283 3218 2362 hominis
3250 2303 3262 2337 :
3293 2284 3409 2350 sive

156 2368 201 2420 in
221 2369 309 2422 hoc
327 2371 521 2437 saeculo
545 2371 1246 2440 positusbonaintentione
1267 2377 1724 2446 promeruerit,et
1805 2373 2039 2444 Spiritus.
2059 2372 2590 2450 cun18piritualitel‘
2617 2372 2782 2450 vivit,
2814 2377 2870 2446 et
2915 2372 3264 2452 Voluptatem
3311 2371 3413 2432 Dei

159 2457 511 2527 eleemosynis,
546 2465 614 2512 ut
644 2460 692 2511 si
722 2465 945 2532 tempus.
985 2462 1032 2514 ei
1066 2469 1218 2536 esset:
1240 2480 1589 2530 concessum,
1627 2466 1722 2519 illa
1804 2465 2074 2538 adimplet
2093 2480 2192 2536 per
2213 2465 2382 2536 [idem
2421 2471 2483 2517 et
2515 2464 2870 2520 dilectionem
2902 2464 3240 2540 adhaerendo
3264 2481 3414 2535 sum-

157 2546 431 2614 plangeret,
464 2553 521 2600 et
550 2549 666 2601 alia
690 2549 1006 2620 plangendo
1029 2568 1140 2604 non
1174 2553 1569 2606 committeret.
1807 2570 1896 2627 mo
1930 2553 2186 2623 Spiritui,
2217 2553 2462 2626 efficitur
2493 2569 2621 2606 cum
2653 2569 2718 2608 eo
2744 2569 2888 2618 unus
2918 2552 3175 2622 spiritus,

216 2633 394 2704 Omnia
417 2637 560 2687 mihi
583 2639 765 2699 licent,
802 2630 987 2704 idest,
1021 2639 1206 2709 omnia
1237 2657 1447 2708 genera
1471 2641 1720 2704 ciborum
1878 2635 2066 2708 Fugite
2093 2643 2542 2707 fornicationem.
2576 2642 2702 2717 Non
2745 2640 2913 2714 dixit,
2943 2647 3189 2718 pugnate
3216 2646 3414 2713 contra

157 2720 342 2794 licitum
365 2730 452 2790 est
471 2724 617 2776 mihi
649 2740 888 2786 sumere,
924 2727 1054 2796 quia
1084 2744 1249 2798 omne
1293 2729 1439 2800 quod
1470 2731 1645 2786 intrat
1665 2730 1723 2784 in
1805 2730 2252 2796 fornicationem,
2275 2730 2372 2801 sed
2393 2729 2738 2807 fugitecum
2759 2729 2906 2807 enim
2932 2730 3110 2794 multa
3127 2730 3414 2803 suntvitia

158 2824 223 2871 os,
240 2826 338 2876 non
361 2813 670 2882 conquinat
693 2814 975 2866 hominem
997 2816 1218 2884 (Matth.
1244 2816 1357 2885 xv),
1391 2827 1495 2870 etc.
1526 2836 1536 2870 :
1587 2821 1723 2872 Vidit
1807 2825 2000 2893 contra
2034 2835 2156 2888 quae
2178 2835 2429 2888 pugnare
2460 2802 2783 2891 debeamus,
2817 2802 2969 2886 verbi
3013 2802 3217 2897 gratia,
3240 2802 3412 2890 sicut

153 2897 266 2950 Deus
285 2908 607 2968 cunctaquw
627 2903 848 2967 fecerat,
872 2909 918 2955 et
940 2910 1102 2964 erant
1130 2907 1283 2964 valde
1308 2908 1444 2967 bona
1479 2906 1627 2975 (Gen.
1657 2913 1718 2977 ι).
1805 2913 2000 2961 contra
2018 2906 2346 2962 ebrietatem
2372 2913 2426 2962 et
2436 2905 3158 2982 gulositatemmbstinendo
3181 2923 3222 2978 aq
3233 2906 3410 2975 nimia

158 2985 322 3039 Omnia
361 3005 580 3066 quoque
596 2993 808 3043 munda
827 2994 1049 3055 mundis
1075 2994 1200 3056 (Tit.
1227 2996 1386 3057 msed
1406 3011 1514 3047 non
1533 3000 1722 3048 omnia
1745 3009 1786 3066 ί]
1810 2995 2098 3068 potatione
2129 2995 2260 3059 vini,
2306 3000 2361 3048 et
2399 2994 2759 3066 perceptione
2815 2994 3092 3066 ciborum,
3124 2984 3411 3064 similique

154 3063 614 3149 erpediuntjd'est,
629 3095 739 3134 non
761 3080 949 3148 omnia
969 3081 1290 3144 suntutilia,
1317 3083 1449 3152 quia
1467 3084 1722 3153 quaedam
1755 3063 1784 3066 v
1807 3063 1973 3151 modo
2002 3089 2196 3152 contra
2227 3083 2357 3156 alia,
2393 3063 2590 3138 contra
2618 3063 3047 3158 fornicationem
3071 3063 3184 3157 n91}
3214 3063 3413 3158 praesig-

153 3170 258 3216 sunt
279 3175 561 3234 venenata,
593 3174 651 3221 et
679 3186 781 3222 usu
827 3170 1054 3223 horrida
1088 3189 1098 3222 :
1136 3171 1219 3222 vel
1269 3188 1380 3224 non
1421 3173 1725 3242 expediunt
1806 3172 1957 3242 pitur
1981 3171 2140 3230 nobis
2169 3188 2439 3240 pugnare,
2474 3173 2570 3225 sed
2623 3172 2836 3241 fugere,
2868 3172 2998 3246 quia
3061 3171 3214 3246 nullo
3243 3171 3412 3243 modo

151 3260 344 3322 propter
369 3257 698 3315 scandalum
754 3259 1011 3321 fratrum,
1053 3259 1184 3329 quia
1243 3260 1440 3320 melius
1481 3269 1570 3313 est
1605 3277 1721 3314 non
1806 3260 2007 3313 melius
2042 3261 2202 3313 vitari
2235 3265 2438 3329 potest.
2458 3259 2739 3314 Debemus
2769 3260 2916 3314 enim
2939 3260 3133 3330 fugere
3155 3260 3414 3332 locumet

152 3343 472 3408 manducare,
493 3364 668 3417 quam
692 3347 918 3400 fratrem
942 3348 1548 3412 scandalizare.0mnia
1580 3352 1725 3404 mihi
1804 3347 2087 3414 declinare
2109 3364 2396 3420 personas,
2421 3347 2623 3418 quibus
2653 3348 2814 3423 facile
2846 3348 3138 3424 fornicatiq
3154 3348 3414 3423 suggeri-

153 3429 301 3492 licent,
333 3434 600 3487 subaudis
631 3452 751 3505 qua:
782 3437 1056 3505 permissa
1086 3445 1218 3490 sunt
1255 3437 1522 3507 apostolis
1562 3454 1596 3500 a
1617 3438 1722 3492 Do-
1804 3441 1919 3501 tur,
1945 3443 2002 3490 et
2033 3453 2281 3509 quaerere
2312 3437 2733 3502 multitudinem
2767 3437 3038 3514 bonorum
3090 3437 3405 3509 hominum,

150 3518 275 3572 mino
291 3521 434 3586 Jesu,
468 3531 534 3576 ut
563 3525 662 3594 qui
695 3525 1050 3594 Evangelium
1084 3526 1408 3596 praedicant,
1443 3527 1511 3579 de
1548 3527 1723 3580 Evan-
1807 3542 2044 3595 quorum
2080 3525 2392 3579 reverentia
2421 3526 2721 3601 timeamus
2751 3526 3180 3595 fornicationem
3208 3516 3413 3599 Harpe-

147 3606 268 3673 gelio
291 3618 546 3681 sumptus
579 3612 874 3682 accipiant,
909 3613 978 3666 ab
1011 3615 1096 3667 his
1136 3615 1340 3684 quibus
1365 3616 1672 3688 praedicant
1703 3634 1716 3669 :
1805 3615 2115 3681 trare,licet
2130 3614 2581 3683 concupiscentia
2603 3612 2762 3688 nobis
2782 3614 3410 3689 suggerato-mneenim

148 3697 218 3744 sed
246 3714 326 3764 ego
345 3701 442 3752 sub
473 3705 699 3754 nullius
747 3704 973 3768 redigar
1007 3709 1285 3768 potestate,
1314 3695 1486 3757 idest
1515 3706 1724 3758 nullius
1801 3709 2104 3772 peccatum,
2129 3705 2487 3772 quodcunque
2502 3704 2689 3769 fecerit
2701 3703 2878 3779 homo,
2909 3709 3066 3766 extra
3088 3719 3281 3775 corpus
3294 3709 3404 3766 est;

147 3787 375 3850 potestati
407 3805 495 3841 me
548 3789 811 3844 subdam.
844 3791 1048 3842 Beatus
1104 3792 1404 3861 Apostolus
1450 3793 1632 3845 noluit
1663 3814 1667 3843 :

1889 3794 1904 3838 ἰ
1932 3795 2115 3842 autem
2144 3793 2464 3860 fornicatur
2486 3793 2547 3842 in
2568 3806 2762 3859 cqrpus
2777 3807 2942 3849 suum
2957 3789 3409 3865 peceatQuie‘stip

148 3871 282 3927 subdi
304 3877 632 3942 Corinthiis,
662 3879 887 3948 aliquod
916 3895 1119 3940 munus
1150 3896 1212 3932 ex
1241 3879 1320 3932 eis
1350 3881 1724 3951 accipiens,ut
1806 3878 1988 3930 oritur
2014 3879 2071 3930 in
2102 3879 2206 3931 hoc
2236 3879 2386 3931 loco;
2414 3878 2556 3931 Cum
2585 3878 2856 3931 Dominus
2885 3878 3037 3956 dicat
3070 3898 3082 3932 '.
3130 3879 3210 3950 De
3240 3879 3408 3953 col;th

148 3963 308 4015 omnia
336 3965 462 4018 vitia
485 3967 666 4020 libere
697 3968 1035 4038 redarguere
1057 3974 1263 4037 posset,
1298 3986 1366 4021 ne
1399 3987 1568 4023 causa
1589 3987 1723 4023 ven-
1807 3971 2014 4020 exeunt
2037 3967 2408 4035 cogitationes
2459 3967 2638 4041 malae,
2672 3966 3031 4026 adulterium,
3089 3967 3405 4020 fornicatio.

146 4049 226 4102 tris
252 4053 396 4122 vigor
422 4056 764 4125 evangelicae
793 4057 1047 4109 veritatis
1073 4062 1435 4125 torpesceret,
1461 4067 1518 4111 et
1537 4076 1604 4110 ne
1627 4076 1721 4112 oc-
1804 4054 2190 4126 homicidium,
2215 4054 2448 4117 furtum,
2475 4061 2786 4126 caeteraque
2805 4054 2944 4129 talia
2967 4061 3022 4110 et
3040 4071 3164 4112 cum
3189 4055 3410 4132 nullum

147 4137 390 4193 casionem
416 4144 905 4213 pseudoapostolis
936 4145 1097 4198 daret
1131 4145 1477 4214 exspoliandi
1505 4147 1720 4211 domos,
1805 4150 2094 4214 peccatum
2114 4143 2212 4195 fiat
2239 4142 2344 4194 nisi
2377 4158 2607 4212 corpore
2623 4142 2936 4204 delectante
2958 4149 3016 4218 et
3054 4143 3244 4221 anima
3270 4159 3407 4223 901;;-

145 4233 366 4297 essetque
390 4225 761 4299 Evangelium
797 4232 1006 4284 venale.
1804 4233 2102 4290 sentiente,
2128 4248 2302 4302 quare
2330 4231 2637 4302 Apostolus
2659 4231 2809 4300 dicat
2835 4233 3031 4304 omnia
3062 4238 3293 4309 peccata
3313 4249 3409 4302 ex-

202 4313 317 4366 Esca
342 4323 542 4381 centri,
563 4319 836 4372 subaudis
856 4320 1020 4373 modo
1044 4320 1231 4386 servit,
1263 4327 1312 4373 et
1342 4326 1528 4374 center
1553 4323 1724 4377 servit
1803 4327 1893 4373 tra
1920 4336 2122 4390 corPUS
2142 4337 2284 4384 esse,
2317 4320 2612 4390 solumque
2633 4325 2923 4398 peccatum
2950 4320 3333 4400 fornicationis
3351 4320 3410 4386 in

144 4403 268 4462 escis;
286 4405 420 4459 Deus
437 4412 632 4460 autem
645 4413 696 4459 et
719 4407 1158 4473 hunc,subaudis
1180 4415 1450 4474 ventrem,
1470 4402 2038 4479 destruetDcorpore
2069 4408 2420 4482 consistere?
2450 4409 2583 4472 Quae
2630 4410 2736 4462 hoc
2784 4409 2952 4488 modo
2981 4410 3233 4486 solvitutj,
3278 4409 3413 4488 quia

145 4501 479 4554 permortem.
504 4513 637 4549 cum
657 4499 957 4549 cessaverit
972 4496 1216 4548 officium
1242 4497 1463 4561 edendi,
1487 4506 1542 4551 et
1559 4499 1720 4567 reda-
1805 4499 1873 4556 ad
1894 4499 2346 4571 exaggerandum
2377 4506 2598 4555 tantum
2629 4501 2985 4574 malum,hoc
3011 4499 3150 4566 dixit
3177 4502 3414 4576 Aposto-

143 4583 241 4631 ctus
263 4579 422 4637 fuerit
445 4584 501 4638 in
525 4586 842 4654 pulverem,
866 4591 915 4637 et
932 4586 1094 4648 hanc,
1115 4586 1383 4639 subaudis
1403 4604 1608 4652 escam,
1633 4589 1720 4640 de-
1805 4589 1909 4650 lus,
1941 4589 2206 4660 quoniam
2265 4588 2686 4660 comparatione
2729 4588 2892 4666 istius
2948 4589 3183 4658 peccati.
3221 4589 3411 4665 omnia

146 4670 451 4736 struet,cum
475 4674 742 4727 homines
782 4674 934 4727 nasci
981 4675 1267 4731 desierint.
1299 4677 1503 4742 Corpus
1536 4682 1720 4729 autem
1805 4682 2031 4745 peccata
2062 4676 2221 4750 quasi
2245 4683 2403 4729 extra
2432 4693 2635 4746 corpus
2670 4680 2819 4730 sunt.
2892 4665 3038 4744 Dum
3087 4676 3238 4732 enim
3276 4675 3410 4746 facit

145 4750 370 4826 hominis,
394 4779 507 4815 non.
535 4765 927 4830 fornicationi,
985 4763 1251 4816 subaudis
1295 4763 1461 4817 debet
1490 4766 1716 4830 servire,
1804 4764 2039 4837 furtum,
2069 4765 2454 4827 homicidium,
2487 4770 2586 4838 aut
2633 4764 2844 4833 aliquid
2898 4763 3031 4826 tale,
3080 4763 3215 4816 dum
3262 4763 3402 4828 illud

144 4845 213 4895 sed
238 4848 474 4914 Domino,
503 4857 554 4904 et
589 4853 861 4906 Dominus
909 4856 1143 4921 corpori,
1178 4853 1444 4906 subaudis
1487 4853 1719 4907 immor—
1804 4853 1940 4926 agit,
1975 4853 2128 4906 aliud
2167 4859 2352 4923 potest
2382 4853 2647 4920 cogitare,
2678 4851 2830 4904 verbi
2885 4850 3071 4932 gratia
3104 4869 3114 4902 :
3159 4851 3295 4918 Vult
3331 4851 3410 4930 fa-

143 4931 382 4990 talitatem
415 4939 594 4994 dabit.
1803 4958 1927 4995 cere
1954 4941 2189 5007 furtum,
2225 4942 2434 5014 cogitat
2453 4957 2510 5005 se
2542 4931 2929 5011 paenitentiam
2961 4945 3221 5015 acturum
3248 4957 3411 5023 :pro-
3463 4957 3465 4960 '

203 5023 320 5076 Deus
341 5045 461 5082 vero
486 5030 667 5082 Pater
695 5032 1057 5083 etDominum
1081 5033 1388 5099 suscitavit,
1421 5038 1476 5085 et
1493 5040 1618 5086 vere
1633 5031 1720 5085 Fi-
1801 5030 1910 5083 fert
1939 5030 2140 5086 falsum
2201 5027 2608 5092 testimonium,
2669 5027 2908 5082 forsitan
2967 5028 3036 5091 de
3075 5030 3410 5102 paenitentia

143 5105 229 5163 lius
255 5117 532 5173 suscitavit
567 5119 959 5192 semetipsum,
992 5124 1038 5172 et
1086 5137 1182 5173 nos
1231 5122 1536 5184 suscitabit,
1568 5122 1718 5176 Deus
1802 5137 1969 5190 quam
2001 5135 2167 5188 agere
2189 5117 2371 5174 debet.
2408 5116 2634 5194 cogitat.
2669 5115 2814 5172 Dum
2862 5123 3050 5193 autem
3080 5109 3409 5188 fornicatur,

144 5195 285 5253 Pater
309 5221 431 5258 cum
464 5206 636 5267 Filio,
666 5224 762 5276 per
790 5207 1050 5261 virtutem
1082 5225 1262 5261 suam.
1801 5210 1881 5283 ita
1910 5228 2023 5280 prae
2054 5207 2312 5261 omnibus
2343 5207 2588 5276 peccatis
2614 5211 2733 5281 tota
2763 5223 2926 5260 mens
2973 5207 3309 5286 absorbetur
3349 5210 3407 5288 in

199 5289 410 5345 Nescitis
430 5299 705 5362 quoniam.
727 5313 955 5364 corpora
975 5303 1148 5350 vestra.
1166 5301 1409 5350 membra
1427 5300 1721 5352 suntChri-
1803 5299 1970 5364 coitu,
2001 5305 2296 5365 totumque
2323 5294 2574 5348 animum
2604 5296 2859 5365 voluptas
2883 5296 3142 5372 corporis
3169 5297 3248 5360 ita
3281 5297 3413 5379 facit

145 5379 589 5438 siti/Generaliter
605 5391 727 5440 tota
749 5385 992 5437 Ecclesia
1014 5391 1098 5438 est
1117 5403 1318 5456 corpus
1336 5386 1562 5449 Christi,
1588 5387 1718 5454 quia
1804 5387 2081 5456 captivum
2115 5392 2284 5454 atque
2313 5401 2534 5448 servum
2562 5383 2692 5444 sibi.
2723 5390 2788 5461 ut
2817 5389 2968 5464 totus
3001 5385 3075 5438 sit
3096 5379 3263 5466 homo
3292 5401 3409 5464 car-

145 5460 242 5532 ipse
260 5478 336 5526 est
356 5481 522 5544 caput
545 5483 604 5526 et
638 5473 894 5544 princeps
924 5474 1043 5541 ejus
1072 5475 1376 5527 secundum
1395 5475 1718 5528 humanita-
1803 5492 1941 5542 neus
1974 5474 2112 5526 nihil
2144 5474 2332 5526 valens
2357 5473 2624 5544 cogitare,
2650 5479 2882 5546 propter
2911 5461 3058 5543 quod
3089 5460 3406 5527 delectatio-

144 5557 255 5612 tem.
288 5576 347 5611 eo
370 5563 518 5638 quod
545 5549 720 5614 horno
752 5561 930 5616 factus
963 5569 1047 5615 est
1097 5571 1324 5634 propter
1358 5579 1477 5624 nos,
1511 5564 1718 5634 singuli
1800 5579 1870 5636 ne
1899 5562 2147 5634 corporis
2169 5562 2304 5632 agit.

145 5649 304 5698 autem
334 5648 492 5702 electi
519 5648 782 5704 membra
810 5657 943 5705 sunt
995 5652 1134 5721 ejus.
1172 5653 1229 5706 Si
1273 5669 1406 5721 ergo
1444 5653 1718 5707 Dominus
1873 5654 1960 5707 An
1986 5654 2203 5705 nescitis
2228 5654 2496 5718 quoniam
2524 5652 2771 5704 membra
2791 5655 2970 5704 vestra
3000 5652 3408 5716 templumsunt
