3936 6164
434 303 536 361 543

853 287 1232 360 HAYMONIS
1271 295 1759 354 HALBERSTAT.
1803 295 2032 353 EPlSC.
2074 295 2232 351 OPP.
2274 289 2458 349 psus
2495 291 2538 346 I.
2585 320 2650 331 -
2691 285 3062 344 COMMENT.
3103 284 3280 339 BIBL.

3561 282 3648 339 544

431 427 677 499 Spiritus
687 432 866 484 sancti
877 431 977 497 qui
989 430 1050 482 in
1062 429 1211 484 nobis
1223 432 1295 480 est
1312 429 1374 479 7a
1390 431 1644 496 tempore
1658 422 2028 494 baptismatis,
2050 425 2096 482 Λ
2119 421 2172 474 in
2191 420 2285 473 viri
2312 422 2590 490 potestate
2613 418 2716 468 est.
2739 413 3017 468 Similiter
3029 413 3118 499 rir
3136 411 3224 460 sui
3242 411 3486 499 corporis,
3506 407 3554 460 id
3583 413 3656 460 est

435 535 596 587 quem
617 520 822 571 habetis
843 534 876 570 a
899 519 1000 571 Deo
1015 521 1064 569 et
1085 531 1195 568 non
1216 519 1344 568 estis
1363 516 1566 566 vestri?
1590 512 1857 582 Superius
1867 511 2025 570 dixit.

437 608 712 678 templum
735 607 961 670 Dei,hic
980 605 1221 676 Spiritus
1241 603 1437 667 sancti,
1471 603 1602 672 quia
1631 603 1686 655 in
1718 599 2032 656 substantia

2112 507 2196 562 sui
2224 504 2449 561 verendi
2466 504 2581 558 sive
2600 498 2864 572 genitalis
2887 495 3143 560 membri,
3160 510 3267 547 non
3292 494 3438 546 habet
3452 499 3656 560 potesta-

2115 603 2241 661 tem,
2282 599 2347 648 ut
2391 591 2614 646 mulieri
2648 585 2942 660 prohibeat
2970 583 3195 646 coitum,
3237 581 3328 634 sed
3362 582 3413 633 in
3440 581 3660 634 mulieris

436 667 586 750 idem
619 703 702 750 est
733 667 974 766 Spiritus
1003 667 1228 748 sanctus
1257 692 1406 762 quod
1431 667 1684 745 et-Deus.
1718 691 1787 744 Et
1832 691 1890 743 in
1921 705 2030 760 quo
2112 689 2391 756 potestate
2412 687 2516 736 est.
2551 679 2642 734 Sic
2698 675 2803 730 sibi
2853 680 2986 728 sunt
3039 671 3272 766 invicem
3303 667 3580 766 debitores,
3617 675 3665 722 et

437 783 656 839 habitat
681 784 922 854 Spiritus
946 789 1190 848 sanctus,
1239 778 1458 835 habitat
1498 775 1683 845 Pater,
1725 778 1942 833 habitat
1979 781 2038 831 et

441 872 618 927 Filius
647 890 658 924 :
691 872 823 941 quia
845 871 989 925 sicut
1015 878 1149 925 sunt
1169 871 1338 924 unius
1382 868 1727 932 substantiae,
1758 867 2038 937 uniusque

441 959 697 1023 Deitatis,
723 959 802 1013 ita
828 958 1232 1030 inseparabiles
1261 964 1419 1014 sunt.
1451 957 1906 1026 Quandocunque
1923 957 2040 1008 ani.

443 1064 570 1102 mus
589 1054 645 1102 et
663 1048 956 1102 delectatio
980 1048 1152 1100 trahit
1179 1063 1281 1100 nos
1301 1047 1367 1100 ad
1395 1045 1699 1107 libidinem,
1731 1045 1815 1097 vel
1832 1045 1900 1098 ad
1933 1045 2038 1096 ali-

445 1125 592 1209 quod
623 1125 837 1201 vitium,
869 1129 1136 1190 debemus
1161 1127 1516 1190 considerare
1547 1127 1694 1205 quod
1719 1147 1826 1186 non
1845 1143 2040 1186 Sumus

446 1225 644 1290 nostri,
679 1242 860 1296 neque
893 1231 1100 1278 nostrae
1146 1225 1462 1294 potestatis,
1497 1223 1592 1276 sed
1653 1221 1858 1276 Christi
1899 1222 2040 1276 servi

448 1331 662 1378 sumus,
701 1315 861 1386 cujus
886 1311 1160 1368 voluntati
1185 1311 1410 1367 obedire
1434 1303 1724 1382 debemus,
1740 1311 1900 1384 cujus
1921 1325 2045 1363 san-

449 1405 622 1474 guine
644 1403 915 1475 redempti
937 1421 1150 1468 sumus,
1176 1404 1321 1458 sicut
1339 1405 1630 1476 sequentia
1661 1404 2040 1458 manifestant.

453 1491 719 1547 Pulsatur
738 1508 940 1563 corpus
959 1492 1344 1558 delectatione,
1371 1493 1486 1548 vult
1502 1494 1689 1548 anima
1711 1492 2046 1558 consentire,

455 1580 623 1634 debet
647 1580 1055 1635 rationabilitas
1075 1567 1276 1636 animae
1303 1572 1370 1636 ad
1401 1600 1461 1636 se
1486 1581 1669 1636 redire
1723 1599 1787 1636 ac
1817 1570 1999 1636 dicere
2032 1585 2044 1634 ἑ

457 1660 600 1732 Quid
622 1670 867 1740 cogitas?
887 1671 1018 1740 quid
1039 1671 1319 1724 mstuaris?
1341 1688 1450 1741 quo
1472 1671 1552 1725 vis
1573 1671 1694 1726 ire?
1718 1673 1840 1725 Non
1864 1689 1922 1724 es
1941 1677 2052 1724 tuae

2119 773 2267 844 quod
2287 772 2472 842 majus
2501 773 2606 832 est,
2639 765 2802 830 servi,
2834 769 2899 816 ut
2925 777 3038 814 una
3066 759 3263 813 debeat
3301 773 3417 810 esse
3441 757 3665 810 voluntas

2117 861 2174 916 in
2199 863 2322 931 lege
2351 865 2584 914 natum}.
2620 855 2748 910 Dies
2793 851 2940 916 festi,
2973 849 3203 918 diesque
3245 845 3588 916 purgationis,
3623 850 3670 898 et

2119 951 2241 1020 ipsa
2262 950 2406 1004 ratio
2431 952 2735 1016 conceptus
2763 949 2820 997 et
2845 945 3038 1012 partus
3083 938 3244 1007 juxta
3297 934 3468 1002 legem
3495 933 3673 986 cessari

2120 1040 2207 1092 his
2235 1039 2436 1092 debere
2467 1039 2870 1090 monstrantur.

2194 1129 2370 1182 Nolite
2390 1126 2662 1194 fraudare
2687 1124 2944 1182 invicem,
2976 1117 3030 1170 id
3063 1119 3148 1168 est
3175 1111 3350 1166 nolite
3370 1125 3460 1163 vos
3480 1105 3671 1162 subtra-

2124 1217 2258 1270 here
2287 1211 2356 1269 ab
2385 1207 2640 1272 invicem,
2673 1223 2743 1264 ne
2770 1209 2912 1262 forte
2941 1203 3203 1260 discessio
3219 1205 3443 1271 generet
3471 1195 3677 1250 fornica-

2124 1305 2358 1369 tionem,
2392 1306 2505 1356 nisi
2531 1305 2670 1369 forte
2697 1317 2762 1353 ex
2789 1310 3069 1358 consensu,
3104 1291 3158 1346 id
3189 1296 3273 1344 est
3307 1283 3573 1341 communi
3596 1299 3678 1336 vo-

2126 1399 2344 1453 luntate
2369 1396 2425 1448 et
2454 1389 2703 1453 consilio,
2736 1391 2798 1439 ut
2835 1386 3030 1438 vacetis
3068 1381 3308 1434 orationi
3351 1372 3419 1428 ad
3467 1381 3678 1442 templis.

2131 1485 2294 1542 Omni
2318 1483 2542 1556 quidem
2559 1486 2812 1550 tempore
2832 1471 3106 1528 orandum
3129 1473 3216 1522 est
3250 1463 3428 1528 nobis,
3453 1458 3682 1556 oratiqni-

2133 1581 2240 1648 que
2265 1548 2523 1629 insistere
2554 1548 2838 1628 debemus,
2865 1562 2960 1617 sed
3013 1565 3149 1612 tunc
3177 1553 3450 1624 acceptior
3477 1555 3554 1603 est
3588 1548 3684 1601 Deo

2132 1645 2326 1720 nostra
2353 1651 2550 1724 oratio,
2583 1653 2806 1730 quando
2830 1649 3038 1706 mundo
3061 1645 3226 1700 corde
3257 1649 3314 1697 et
3334 1653 3550 1710 corpore
3574 1651 3688 1730 pro-

457 1759 778 1828 potestatis,
805 1761 901 1812 sed
923 1759 1134 1812 Christi
1154 1777 1345 1814 servus
1367 1777 1444 1825 es,
1477 1760 1570 1832 qui
1592 1768 1648 1815 te
1672 1761 2114 1840 redemitpre-B
2137 1755 2332 1808 fertur.
2367 1751 2506 1806 Cum
2537 1748 2684 1803 enim
2718 1741 2843 1816 quis
2873 1741 3042 1796 etiam
3065 1746 3334 1840 concessa
3380 1744 3486 1840 112:1
3515 1727 3686 1840 tangit.

455 1845 758 1902 tiosissimo
780 1849 1051 1918 sanguine
1071 1865 1172 1902 suo
1191 1865 1223 1902 a
1243 1849 1448 1902 diaboli
1479 1850 1796 1920 captivitate
1820 1862 1831 1895 ε
1856 1849 2054 1920 utquid

458 1933 666 1989 iterum
689 1935 767 1989 vis
783 1937 1049 2006 captivari
1067 1952 1100 1989 a
1121 1936 1362 2002 diabolo,
1380 1943 1437 1990 et
1447 1937 1567 2006 ejus
1582 1937 1846 2006 potestati
1868 1935 2050 1998 subdi,

462 2023 558 2095 qui
584 2024 684 2078 tibi
715 2025 769 2078 in
795 2025 974 2095 primo
1007 2032 1239 2096 parente
1261 2042 1482 2078 omnem
1513 2025 1754 2096 gloriam
1789 2025 2056 2079 abstulit?

461 2111 607 2167 Dum
635 2111 770 2165 talia
796 2113 1026 2184 coeperit
1061 2113 1324 2182 cogitare,
1343 2111 1742 2183 omnipotentis
1764 2107 2058 2182 Deigratia

462 2207 748 2272 protectus
776 2202 974 2256 evadet
999 2203 1228 2272 laqueos
1258 2201 1546 2256 incentiva:
1567 2200 1970 2254 delectationis.

533 2291 722 2358 Empti
748 2293 898 2344 enim
927 2295 1050 2344 estis
1077 2293 1252 2359 pretio
1282 2307 1502 2357 magno,
1537 2305 1647 2343 non
1679 2305 1835 2354 auro,
1873 2304 2056 2359 neque

466 2383 719 2448 argento,
743 2379 839 2433 sed
869 2379 1143 2449 sanguine
1193 2379 1422 2434 Christi.
1456 2379 1554 2432 llle
1582 2379 1675 2448 qui
1704 2379 1912 2432 emitur
1948 2377 2060 2430 sive

467 2468 782 2533 redimitur,
798 2469 1048 2540 captivus
1073 2474 1316 2534 tenetur,
1335 2474 1391 2522 et
1406 2484 1599 2522 servus
1619 2473 1706 2520 est
1725 2467 1877 2520 illius
1903 2484 1936 2520 a
1952 2482 2061 2536 quo

467 2557 782 2612 redimitur.
810 2557 901 2612 Sic
927 2574 1107 2628 genus
1139 2557 1446 2611 humanum
1467 2557 1744 2628 captivum
1768 2554 2066 2610 tenebatur

471 2645 1086 2717 adiabolo,servusque
1099 2652 1221 2700 erat
1259 2644 1764 2716 diaboli,quoniam
1797 2643 2067 2714 accipien-

471 2734 542 2788 do
570 2735 921 2790 dulcedinem
944 2732 1095 2806 pomi
1113 2735 1290 2800 vetiti,
1313 2733 1562 2789 vendidit
1581 2733 1944 2802 semetipsum
1964 2731 2063 2785 illi.

473 2823 819 2894 Redemptus
850 2841 978 2878 vero
996 2823 1268 2894 sanguine
1307 2823 1534 2886 Christi,
1566 2823 1717 2876 illius
1741 2838 1933 2876 servus
1961 2827 2063 2887 est,

474 2913 707 2983 ejusque
737 2913 1011 2968 voluntati
1037 2913 1426 2984 obtemperare
1449 2911 1634 2966 debet.

545 3001 854 3066 Gloriﬁcate
873 3007 920 3053 et
957 3007 1168 3069 portate
1199 3003 1365 3054 Deum
1393 3005 1454 3054 in
1498 3013 1716 3068 corpore
1747 3005 1937 3053 vestro.
1971 2999 2072 3053 Ille

2139 1843 2381 1898 ostendit
2412 1857 2472 1895 se
2501 1839 2640 1893 velle
2665 1813 2916 1906 accipere
2935 1827 3082 1900 quod
3107 1823 3382 1910 precatur.
3409 1813 3470 1870 Et
3516 1817 3691 1910 iterum

2140 1933 2490 1988 revertimini
2531 1932 2593 1982 in
2640 1929 2904 1995 idipsum,
2945 1917 3001 1975 id
3033 1919 3120 1974 est
3155 1911 3224 1968 ad
3255 1907 3468 1999 licitum
3483 1901 3690 1999 coitum:

2140 1983 2566 2076 Consiliumdat
2590 1983 2924 2085 conjugatis,
2952 2017 3018 2064 ut
3043 2015 3166 2080 post
3193 2006 3312 2061 dies
3358 1985 3606 2059 oraiiCEiS
3637 1983 3695 2037 ad

2143 2123 2303 2165 Usum
2372 2107 2686 2161 naturalem
2755 2103 3126 2163 revertantur,
3179 2088 3456 2166 exponens
3501 2104 3695 2144 causam

2141 2214 2314 2270 quare
2345 2197 2448 2250 hoc
2475 2193 2758 2266 praecipiat
2793 2209 2803 2242 :
2835 2191 2913 2244 Ne
2941 2193 3121 2252 tentet,
3143 2185 3440 2256 inquit,ros
3468 2179 3690 2274 Satanas,

2141 2289 2254 2342 sive
2283 2285 2554 2350 diabolus,
2596 2286 2820 2350 propter
2849 2277 3316 2332 incontinentiam
3357 2276 3602 2329 restrain;
3627 2281 3694 2316 v1-

2143 2376 2346 2430 dolicet
2373 2389 2442 2426 ne
2473 2387 2586 2426 uno
2615 2368 3002 2428 subtrahente,
3031 2365 3174 2418 alter
3217 2360 3528 2420 fornicetur,
3547 2359 3598 2408 et
3613 2353 3700 2407 Sa-

2144 2471 2306 2518 tanas
2327 2463 2508 2516 locum
2537 2457 2794 2513 tentandi
2816 2455 3083 2509 inveniat.

2218 2555 2519 2608 Hocautem
2539 2551 2656 2601 dico
2675 2547 2972 2600 secundum
2993 2543 3129 2596 indu
3139 2542 3532 2608 lgent-iam,non
3545 2547 3702 2588 secun-

2148 2643 2282 2694 dum
2305 2634 2766 2708 imperium,quia
2783 2649 2893 2686 non
2913 2629 3192 2702 praecipio,
3212 2628 3312 2682 sed
3328 2623 3590 2697 permitto.
3609 2620 3704 2671 Volo

2149 2732 2298 2783 enim
2331 2743 2514 2782 omnes
2534 2723 2792 2778 homines
2831 2737 2935 2774 esse
2973 2723 3112 2774 sicut
3140 2719 3435 2784 meipsum,
3474 2711 3528 2764 id
3553 2714 3642 2772 est,
3669 2705 3706 2759 si

2152 2818 2276 2873 fieri
2305 2821 2510 2888 posset,
2544 2813 2746 2866 vellem
2775 2825 2970 2864 omnes
3017 2805 3275 2860 homines
3307 2819 3426 2857 esse
3461 2800 3594 2854 sicut
3625 2809 3707 2888 ego

2153 2924 2298 2966 sum,
2331 2911 2388 2959 et
2413 2919 2605 2958 amare
2635 2897 3010 2969 virginitatem
3043 2895 3188 2949 sicut
3211 2909 3317 2962 ego
3345 2885 3591 2944 amo.Sed
3603 2883 3710 2954 quia

2155 3014 2268 3052 non
2295 2999 2476 3066 potest
2504 2990 2644 3055 ﬁeri,
2697 2988 2939 3042 concedo
2999 2983 3312 3038 secundum
3343 2973 3706 3047 indulgentiam

475 3089 654 3144 Deum
689 3089 986 3158 gloriﬁcat,
1009 3090 1106 3160 qui
1137 3089 1403 3142 mandata
1431 3089 1582 3143 illius
1607 3089 1900 3154 servando,
1937 3087 2076 3141 alios
2097 3094 2137 3149 C
2160 3084 2416 3146 infirmis,
2450 3081 2545 3152 qui
2575 3097 2634 3133 se
2657 3094 2768 3132 non
2799 3081 3034 3148 possunt
3075 3072 3383 3133 continere,
3417 3082 3522 3122 non
3551 3069 3708 3117 tamen

477 3176 545 3230 ad
570 3177 792 3230 laudem
811 3176 909 3230 Dei
928 3177 1150 3239 excitat,
1175 3178 1499 3246 juxtaquod
1533 3177 1804 3231 Dominus
1827 3177 1907 3230 ait
1939 3195 1950 3228 :
1996 3177 2076 3228 Vi-

475 3265 640 3317 deant
657 3279 817 3332 opera
834 3269 1010 3318 t‘cstra
1034 3267 1190 3323 bona,
1214 3269 1260 3318 et
1279 3265 1587 3333 gloriﬁcent
1603 3268 1820 3320 Patrem
1837 3271 2075 3318 vestrum

481 3354 697 3417 (Matth.
731 3365 802 3414 vi.
835 3353 1012 3408 Deum
1045 3355 1212 3407 etiam
1245 3359 1449 3424 portat,
1495 3355 1590 3424 qui
1638 3355 1760 3424 ejus
1814 3352 2073 3407 notitiam

479 3447 872 3514 praeceptaque
901 3443 958 3496 in
1001 3448 1190 3497 mente
1243 3443 1509 3512 gerendo,
1565 3442 1938 3512 operibusque
1968 3441 2076 3492 im-

481 3530 912 3601 plendo,sancte
943 3531 1076 3586 vivit
1100 3539 1157 3584 et
1179 3532 1350 3601 juste,
1385 3531 1688 3587 secundum
1723 3528 1871 3600 quod
1892 3527 2078 3582 Domi-

483 3635 590 3673 nus
619 3620 899 3691 praecipit:
937 3621 1130 3675 Sancti
1145 3627 1306 3674 estote
1329 3624 1462 3688 quia
1493 3624 1540 3672 et
1573 3635 1664 3686 ego
1699 3623 1922 3670 sanctus
1953 3631 2078 3669 sum

485 3709 620 3781 (Lev.
636 3708 730 3780 χι).
758 3710 1088 3780 Quicunque
1107 3726 1240 3780 ergo
1252 3714 1443 3762 sancte
1464 3707 1696 3761 vivendo
1717 3713 1942 3760 sanctus
1972 3710 2074 3771 est,

483 3798 662 3852 Deum
692 3806 878 3868 portat
905 3800 962 3852 in
996 3805 1181 3852 mente
1205 3814 1326 3862 sua,
1361 3797 1433 3851 ad
1461 3797 1621 3868 cujus
1663 3795 1966 3865 imaginem
1998 3799 2084 3848 est

487 3886 666 3941 factus
686 3887 744 3942 in
773 3887 980 3942 anima.

1086 3977 1320 4032 CAPUT
1349 3973 1476 4029 VII.

559 4068 633 4121 De
653 4069 852 4136 quibus
867 4073 1052 4120 autem
1073 4069 1370 4134 scripsistis
1387 4065 1545 4130 mihi,
1587 4063 1852 4117 subaudis
1872 4079 1972 4132 per
1992 4079 2086 4114 ve-

2160 3173 2417 3246 preecipio
2429 3170 2688 3238 perfectis
2715 3165 3019 3220 secundum
3049 3161 3368 3232 imperium.
3404 3155 3529 3228 quia
3550 3163 3711 3246 omnes

2157 3243 2414 3317 homines
2429 3259 2622 3312 vellem
2641 3272 2730 3309 me
2747 3255 2804 3308 in
2843 3252 3102 3307 omnibus
3117 3249 3346 3311 imitari,
3371 3245 3494 3300 etin
3521 3243 3714 3307 integri-

2159 3357 2274 3405 tate
2305 3346 2552 3419 corporis
2581 3358 2928 3414 permanere,
2961 3339 3092 3410 quia
3122 3337 3234 3391 scio
3268 3340 3533 3419 quantum
3563 3327 3710 3380 valeat

2159 3438 2388 3492 castitas
2403 3415 2568 3506 apud
2595 3433 2796 3491 Deum,
2825 3433 2975 3483 alius
3009 3429 3227 3496 quidem
3260 3429 3339 3478 sic
3366 3430 3431 3478 ut
3456 3415 3596 3490 virgo
3621 3428 3713 3468 ma-

2159 3534 2310 3589 neat,
2333 3528 2482 3580 alius
2505 3539 2625 3576 vero
2649 3523 2746 3584 sic,
2769 3525 2832 3574 ut
2861 3518 2935 3572 sit
2960 3533 3084 3570 cum
3105 3515 3363 3583 conjuge.

2233 3617 2426 3670 Melius
2456 3619 2530 3666 est
2561 3615 2712 3664 enim
2745 3610 2948 3662 nubere
2975 3623 3138 3675 quam
3175 3604 3422 3657 uri.Non
3451 3595 3577 3652 dixit
3617 3589 3718 3685 ideo

2163 3702 2540 3775 comparativo
2558 3699 2722 3754 modo
2749 3697 2950 3751 melius
2972 3701 3058 3748 est
3068 3692 3279 3746 nubere
3297 3705 3460 3762 quam
3477 3685 3718 3752 uri,quasl

2165 3771 2372 3848 bonum
2422 3791 2496 3844 sit
2514 3789 2623 3854 uri,
2647 3789 2886 3856 ideoque
2915 3791 3000 3838 est
3029 3782 3231 3836 melius
3259 3779 3488 3838 nubere,
3512 3771 3598 3827 sed
3617 3781 3720 3856 con-

2167 3881 2522 3937 suetudinem
2547 3882 2771 3932 secutus
2803 3882 2906 3928 est.
2936 3873 3192 3927 Solemus
3223 3869 3378 3923 enim
3400 3866 3599 3920 dicere:
3622 3854 3719 3909 Me-

2168 3973 2278 4026 lius
2309 3975 2394 4024 est
2424 3969 2640 4022 lucrum
2672 3965 2854 4019 facere
2911 3977 3079 4032 quam
3118 3959 3410 4012 damnum.
3445 3949 3624 4008 Melius
3655 3943 3722 3996 est

2169 4077 2344 4115 unum
2369 4058 2589 4112 oculum
2618 4053 2822 4108 habere
2854 4067 3022 4122 quam
3050 4047 3286 4102 nullum.
3313 4045 3509 4099 Melius
3543 4041 3616 4090 est
3631 4044 3721 4122 uno

488 4161 633 4210 stras
653 4156 1100 4216 litteras,bonum
1117 4155 1720 4207 esthominimulierem
1738 4168 1848 4205 non
1869 4157 2088 4218 tangere
2171 4149 2310 4220 pede
2333 4146 2598 4206 inniti,et
2643 4161 2710 4198 ex
2752 4143 2928 4196 altera
2985 4142 3143 4220 parte
3185 4135 3385 4189 baculo
3442 4129 3720 4220 sustentari,

492 4244 606 4298 sive
618 4260 730 4296 non
751 4243 1020 4312 accipere.
1056 4241 1546 4312 Pseudoapostolis
1567 4240 1880 4294 dicentibus
1892 4239 1962 4292 ad
1989 4239 2090 4293 Co-
2173 4254 2338 4308 quam
2362 4235 2556 4290 fractis
2586 4230 2843 4286 cruribus
2866 4216 3189 4300 repereTSic
3220 4223 3420 4278 melius
3441 4225 3524 4273 est
3547 4211 3723 4313 nubere

491 4332 733 4384 rinthios
761 4349 773 4383 :
833 4331 958 4383 Non
1010 4329 1224 4382 debetis
1283 4328 1610 4382 mulieribus
1665 4329 1968 4390 adhaerere,
1995 4327 2091 4397 qui
2174 4335 2232 4380 et
2247 4333 2484 4380 uxorem
2513 4323 2917 4390 ducere,quam
2952 4317 3063 4384 uri,
3106 4313 3254 4385 quod
3287 4317 3374 4366 est
3401 4311 3624 4381 proprie.
3650 4311 3726 4350 ca-

494 4418 691 4472 mundi
719 4419 834 4472 Deo
864 4417 1099 4480 servitis,
1134 4418 1226 4471 sed
1257 4417 1352 4488 qui
1397 4417 1620 4471 creditis
1667 4417 1723 4470 in
1780 4417 2087 4480 Christum,
2109 4408 2292 4470 Dlore
2311 4413 2560 4484 corporis
2579 4417 2830 4480 cogente,
2851 4405 3140 4460 libidinem
3171 4401 3420 4472 explere,
3443 4402 3498 4451 et
3522 4399 3726 4464 quocun-

495 4514 708 4562 vestras
722 4524 921 4562 uxores
940 4507 1154 4561 debetis
1169 4506 1824 4576 dimittere,scripserunt
1842 4507 2092 4576 apostolo
2177 4522 2284 4576 que
2306 4503 2470 4556 modo
2496 4500 2650 4553 nefas
2677 4503 3023 4569 perpetrare.
3468 4575 3473 4576 γ
3560 4575 3564 4576 ν
3715 4559 3722 4567 ί

493 4597 771 4652 Corinthii
803 4615 973 4670 super
997 4597 1102 4651 hac
1133 4613 1193 4650 re
1213 4604 1402 4650 utrum
1421 4595 1690 4650 deberent
1723 4595 1986 4650 uxoribus
2000 4595 2095 4648 ad-
2196 4575 2201 4576 γ
2247 4594 2342 4647 His
2364 4595 2546 4644 autem
2574 4592 2672 4656 qui
2690 4585 3050 4639 matrimonio
3063 4583 3253 4650 juncti
3273 4575 3482 4638 sunt,id
3495 4575 3726 4668 estuxon

495 4689 706 4742 haerere
727 4689 782 4741 in
806 4687 952 4742 coitu
984 4702 1177 4740 necne.
1203 4685 1416 4750 Quibus
1446 4684 1744 4754 Apostolus
1765 4682 2087 4752 respondit:
2175 4681 2455 4752 legitimae.
2489 4695 2610 4748 quae
2657 4673 2974 4744 conjunctio
3025 4663 3444 4724 matrimonium
3493 4659 3674 4754 dicitur
3703 4664 3728 4700 8

493 4778 711 4832 Bonum
739 4777 968 4850 quidem
999 4793 1122 4830 esse
1153 4775 1222 4828 ab
1254 4791 1426 4828 uxore
1449 4773 1752 4832 abstinere,
1777 4772 1873 4825 sed
1894 4771 2093 4824 melius
2177 4775 2450 4830 matrona,
2493 4783 2557 4819 eo
2579 4765 2727 4836 quod
2761 4763 2834 4816 sit
2869 4767 3049 4815 mater
3074 4759 3337 4812 ﬁliorum.
3363 4750 3606 4850 pricipio
3642 4753 3729 4850 ’ἔφη

505 4829 710 4832 “nam
745 4829 898 4850 γη,
936 4829 965 4830 η
1045 4829 1049 4830 ν
1106 4829 1109 4830 ν
1746 4829 1751 4832 .
2595 4829 2614 4836 -
3671 4829 3681 4838 ,

493 4881 615 4920 esse
631 4867 900 4938 accipere,
921 4881 1089 4934 quam
1113 4880 1236 4918 cum
1260 4863 1492 4916 alterius
1517 4867 1842 4932 perpetrare
1872 4859 2091 4912 adulte-
2175 4875 2288 4925 ego,
2311 4874 2374 4911 ex
2412 4872 2538 4909 mea
2579 4852 2878 4917 sententia,
2919 4851 3008 4903 sed
3037 4849 3306 4903 Dominus
3354 4845 3410 4897 in
3453 4829 3728 4938 Evangellov

493 4955 638 5008 rium
673 4962 773 5009 aut
805 4955 992 5024 aliquo
1025 4953 1188 5007 modo
1214 4951 1660 5006 fornicationem.
2177 4963 2404 5000 umorem
2433 4961 2465 4998 a
2488 4947 2604 4997 viro
2626 4959 2736 4995 non.
2766 4940 3056 5004 discedere,
3087 4940 3315 5006 excepta
3341 4944 3507 4987 causa
3533 4926 3734 4980 fornici?

573 5045 739 5097 Emori
765 5047 857 5096 vir
883 5044 1122 5096 debitum
1157 5043 1368 5100 reddat,
1394 5043 1656 5093 similiter
1679 5042 1861 5091 autem
1883 5041 1929 5088 et
1952 5050 2094 5088 uxor
2173 5036 2364 5090 tionis.

495 5137 638 5199 viro,
660 5132 716 5185 id
745 5139 832 5185 est
861 5147 972 5184 non
997 5147 1057 5184 se
1086 5129 1422 5184 subtrahant
1447 5127 1518 5181 ab
1568 5127 1804 5180 invicem
1831 5141 1864 5178 a
1891 5124 2042 5178 coitu
2077 5141 2088 5176 :
2249 5124 2398 5191 Quod
2424 5125 2474 5176 si
2499 5121 2823 5180 discesserit,
2873 5132 3041 5172 causa
3095 5109 3496 5168 fornicationis.
3531 5097 3734 5199 omne!“

497 5221 717 5275 volente
747 5219 863 5273 viro
885 5218 1274 5278 concumbere,
1328 5219 1510 5271 locum
1561 5215 1656 5269 det
1704 5222 1760 5268 et
1805 5212 2088 5267 licentiam
2175 5217 2394 5268 maneat
2420 5217 2516 5264 aut
2545 5213 2664 5262 viro
2693 5225 2791 5261 suo
2822 5207 3224 5286 reconcilietur.
3261 5203 3403 5255 Nam
3453 5192 3640 5286 ceteris
3663 5197 3736 5249 €00

494 5310 716 5365 mulier.
747 5307 1020 5363 Similiter
1057 5311 1113 5360 et
1145 5305 1230 5359 vir
1251 5306 1456 5360 serviet
1483 5304 1726 5366 mulieri,
1763 5301 2002 5355 reddens
2041 5299 2092 5352 ei
2173 5303 2313 5365 dico,
2341 5316 2452 5353 non
2485 5300 2770 5352 Dominus.
2791 5295 3032 5348 Locutus
3047 5297 3134 5346 est
3163 5287 3422 5360 superius
3452 5297 3574 5371 cura

494 5361 1206 5461 debitumvconcumbendi,
1237 5396 1330 5449 illa
1351 5396 1592 5448 volente.
1719 5361 1726 5366 '
2177 5361 2376 5462 ptis'et
2407 5387 2584 5440 viduis
2613 5391 2782 5456 atque
2813 5381 3128 5453 conjugatis
3150 5377 3424 5435 fidelibus,
3459 5361 3738 5462 modo-{liliit

568 5491 772 5545 Mulier
800 5491 891 5541 sui
919 5490 1179 5554 corporis.
1213 5486 1270 5540 id
1301 5490 1387 5538 est
1417 5484 1502 5538 sui
1524 5482 1788 5553 genitalis
1834 5479 2092 5543 membri,
2177 5479 2412 5539 caeteris,
2440 5477 2492 5528 id
2528 5479 2610 5529 est
2641 5472 2922 5544 permistis
2969 5467 3286 5523 infidelibus
3329 5479 3473 5530 cum~
3496 5453 3734 5554 ﬁdei-ily-

493 5540 808 5655 potestatem
840 5591 950 5631 non
977 5540 1155 5640 liabet,
1173 5540 1245 5633 ut
1275 5540 1570 5646 prohibeat
1599 5572 1714 5626 viro
1742 5570 1979 5642 coitum,
1997 5540 2096 5624 sed
2180 5569 2364 5634 Quare
2393 5563 2548 5630 dicit,
2581 5540 2682 5634 eg—o
2713 5561 2858 5628 dico,
2899 5575 3012 5614 non
3036 5553 3343 5612 Dominus?
3368 5542 3621 5626 Nunquid
3647 5540 3738 5594 D0—
