3850 6168
643 264 670 278 ρ

197 322 286 376 545
790 309 1295 406 EXPOSITIO.lN
1334 311 1489 366 EPP.
1532 310 1587 364 S.
1631 307 1868 362 PAULI.
1912 339 1976 349 —
2016 310 2096 366 ΙΝ
2133 311 2354 366 EPIST.
2396 311 2421 366 Ι
2458 311 2556 366 AD
2594 311 2757 366 00R.
3307 312 3410 371 546

195 444 352 498 minus
375 455 476 493 non
511 433 841 506 loquebatur
868 450 970 504 per
1011 436 1182 488 eum?
1209 435 1434 506 Utique.
1471 433 1579 488 Sed
1609 433 1731 488 ideo
1749 435 1798 493 Α
1817 431 2046 488 liatione
2069 434 2228 504 pellis
2246 434 2508 504 genitalis
2527 437 2762 490 membri
2781 437 3153 507 loquitur,sed
3171 439 3411 494 circum-

194 530 309 584 dixit
323 545 375 582 se
394 526 581 586 dicere,
601 529 657 576 et
671 538 780 576 non
800 522 1099 574 Dominum
1128 524 1257 592 quia
1274 525 1377 578 hoc
1398 527 1734 593 praeceptum
1819 520 1996 574 cisum
2025 523 2269 592 appellat
2302 523 2537 578 liberum
2569 524 2638 577 ab
2669 541 2858 588 uxore,
2907 531 2964 578 et
2993 527 3406 597 praeputiatum,

191 633 285 672 non
311 614 603 668 continetur
623 611 680 664 in
699 610 996 678 Evangelia
1013 611 1224 664 dictum
1257 629 1292 665 a
1319 613 1573 672 Domino,
1595 611 1740 663 sicut
1821 625 2048 662 uxorem
2083 610 2401 665 habentem.
2434 613 2825 676 Circumcisus,
2859 614 3042 684 inquit
3068 621 3294 670 vocatus
3327 621 3416 670 est

194 703 307 758 illud
323 699 734 771 superius,quod
759 713 869 751 non
881 697 1082 752 debeat
1105 699 1190 752 vir
1207 699 1490 754 dimittere
1508 715 1737 752 uxorem
1822 697 1965 767 quis,
1997 699 2052 752 id
2082 707 2184 764 est,
2217 717 2329 754 non
2356 701 2566 756 habens
2587 719 2835 770 uxorem,
2857 720 2968 757 non
2999 704 3242 759 adducat
3268 721 3413 775 prae-

190 808 322 847 Sllam
339 789 608 843 "iSicausa
628 785 1238 855 fomicationiSﬁiq/Iis
1257 791 1437 855 frater
1454 787 1741 841 ﬁdelisha-
1821 786 2059 856 putium,
2100 789 2154 841 id
2184 795 2270 842 est
2298 806 2410 843 non
2439 790 2608 844 ducat
2638 807 2892 858 uxorem,
2924 798 2987 846 ut
3011 808 3123 847 non
3152 793 3227 847 sit
3269 810 3414 864 prai-

192 881 257 932 bet
270 892 470 932 uxorem
491 876 780 941 inﬁdelem,
800 875 914 927 sive
935 890 1045 928 non
1062 875 1455 938 credentem,et
1475 876 1583 928 hac
1603 890 1741 928 uxor
1822 875 2092 946 putiatus,
2112 877 2204 930 sed
2229 878 2446 932 alienus
2466 895 2500 932 a
2526 880 2806 948 conjugio.
2822 883 2889 936 In
2904 886 3180 949 przputio
3204 885 3414 948 aliquis

191 966 432 1022 consentit
458 963 709 1018 habitare
739 979 864 1016 cum
893 963 1008 1018 illo.
1043 963 1097 1016 id
1129 968 1230 1024 est,
1265 965 1310 1016 si
1341 963 1552 1017 nomini
1581 963 1740 1016 Chri-
1821 970 2040 1018 vocatus
2068 971 2187 1018 est?
2213 965 2266 1018 id
2296 972 2380 1020 est
2408 984 2518 1021 non
2541 967 2754 1022 habens
2777 985 3024 1034 uxorem,
3044 987 3154 1024 non
3170 973 3415 1026 circum-

189 1057 342 1110 stiano
378 1069 481 1107 non
520 1051 784 1114 detrahit,
821 1068 933 1104 non
960 1053 1207 1104 dimittat
1239 1056 1396 1105 illam
1424 1070 1439 1103 :
1481 1051 1615 1122 quia
1644 1067 1739 1104 ac-
1821 1055 2062 1116 cidatur,
2089 1053 2142 1106 id
2167 1059 2270 1117 est,
2295 1071 2405 1108 non
2429 1057 2712 1126 relinquat
2729 1073 2960 1112 uxorem
2984 1075 3164 1124 suam,
3187 1058 3297 1113 nisi
3316 1058 3415 1114 illa

187 1144 344 1198 cidere
369 1140 594 1201 solebat,
611 1145 676 1194 ut
704 1140 822 1194 viro
849 1139 1112 1194 credente
1135 1139 1337 1194 mulier
1352 1139 1592 1194 inﬁdelis
1609 1157 1738 1210 per-
1819 1139 1963 1194 forte
1992 1145 2146 1194 casta
2175 1158 2504 1212 permanere
2533 1144 2858 1200 decreverit.
2937 1147 2940 1152 '

189 1232 396 1295 sisteret,
422 1235 474 1283 et
507 1230 836 1300 plerumque
868 1245 1039 1282 uxore
1067 1229 1347 1294 credente,
1391 1229 1473 1282 vir
1501 1229 1744 1284 inﬁdelis
1897 1231 2258 1284 Circumcisio
2305 1233 2450 1285 nihil
2477 1238 2572 1294 est,
2605 1233 2660 1286 id
2691 1239 2792 1299 est,
2833 1237 3062 1289 castitas
3091 1236 3210 1290 sine
3256 1235 3418 1292 bonis

187 1324 422 1373 maneret.
440 1316 569 1372 Ideo
586 1317 1368 1388 taliaprzeecepitApostolus,
1387 1317 1508 1371 utsi
1528 1317 1743 1371 nomini
1826 1317 2090 1386 Operibus
2137 1319 2276 1371 nihil
2329 1325 2435 1386 est,
2468 1326 2526 1373 et
2550 1320 2780 1390 insuper
2817 1323 2956 1376 ﬁdes
2997 1324 3117 1377 sine
3154 1324 3417 1394 operibus

187 1407 471 1462 Christiano
516 1423 628 1460 non
671 1407 1010 1471 detraheret,
1043 1422 1155 1459 non
1193 1405 1505 1460 dimitteret
1539 1405 1743 1476 aliquis
1826 1405 2006 1458 otiosa
2037 1412 2138 1470 est,
2173 1412 2218 1459 et
2248 1411 2582 1474 praeputium
2611 1409 2756 1462 nihil
2781 1413 2872 1469 est,
2904 1410 2959 1462 id
2991 1418 3076 1464 est
3095 1413 3417 1482 conjugium

186 1495 364 1549 sociam
397 1511 570 1548 suam.
1825 1492 2036 1563 absque
2066 1510 2231 1564 opere
2261 1493 2425 1548 bono.
2479 1495 2537 1549 Si
2565 1495 2736 1550 fuerit
2783 1497 2907 1567 quis
2949 1497 3328 1565 circumcisus,
3360 1500 3420 1554 id

243 1583 604 1648 Sanctiﬁcatus
629 1585 705 1634 est
751 1585 900 1634 enim
930 1584 1019 1635 ἐἰν
1047 1583 1286 1648 inﬁdelis
1321 1597 1425 1649 per
1451 1585 1743 1636 mulierem
1826 1589 1911 1634 est
1941 1587 2146 1647 castus,
2180 1583 2294 1636 sive
2325 1583 2632 1648 caelibatus,
2671 1586 2818 1654 quod
2849 1591 2936 1656 est
2955 1586 3076 1640 sine
3107 1603 3298 1652 uxore,
3323 1604 3420 1642 ca-

184 1672 384 1737 ﬁdelcm.
411 1668 536 1722 Jam
573 1670 680 1723 hoc
709 1675 972 1724 evenerat
1001 1669 1058 1722 in
1110 1670 1302 1723 multis
1349 1677 1478 1740 post
1521 1670 1767 1744 Domini,
1825 1670 2113 1740 rueritque
2143 1669 2302 1724 bonis
2331 1671 2612 1742 operibus,
2641 1673 2781 1726 nihil
2812 1674 2861 1727 ei
2882 1675 3111 1744 prodest
3131 1694 3233 1730 sua
3257 1677 3420 1731 casti-

183 1761 552 1820 ascensionem,
581 1765 644 1812 ut
668 1775 766 1828 per
793 1759 1084 1812 mulierem
1103 1759 1346 1823 ﬁdelem,
1361 1759 1743 1812 sanctiﬁcatus
1758 1743 1804 1802 Β
1825 1764 1930 1812 tas.
1957 1759 2014 1813 Si
2027 1759 2196 1812 etiam
2217 1759 2388 1813 fuerit
2413 1763 2764 1830 conjugatus.
2786 1767 2843 1816 et
2862 1743 2974 1816 non
2996 1763 3256 1818 habuerit
3278 1765 3422 1819 bona

184 1854 308 1901 esset
326 1847 658 1901 virinﬁdelis
677 1847 955 1900 credendo
977 1846 1035 1900 in
1057 1847 1524 1910 Christum,illius
1541 1847 1742 1918 prwdi-
1827 1863 2015 1916 opera,
2044 1848 2372 1916 conjugium
2413 1848 2563 1902 illius
2595 1865 2695 1902 nec
2725 1851 2970 1920 prodest,
3003 1869 3106 1906 nec
3150 1853 3312 1906 obest
3339 1853 3409 1907 ei.

183 1935 374 1988 catione
394 1939 449 1988 et
471 1934 617 1988 bono
647 1934 921 2004 extemplo,
945 1951 1066 2004 quae
1095 1934 1164 1987 de
1195 1935 1436 2005 superba
1461 1935 1607 1988 facta
1625 1939 1747 1988 erat
1826 1935 1928 1990 Sed
1957 1937 2255 1989 observatio
2287 1939 2681 1990 mandatorum
2711 1939 2824 2004 Dei,
2850 1941 3096 2009 prodest.

183 2024 381 2077 humilis
399 2030 455 2077 et
481 2022 734 2093 subjecta
765 2022 900 2086 viro,
933 2027 991 2075 et
1022 2039 1121 2092 per
1143 2023 1322 2077 virum
1355 2024 1595 2086 fidelem,
1627 2041 1748 2077 mu—
1905 2025 2284 2092 Unusquisque
2312 2029 2374 2078 in
2418 2042 2527 2092 qua
2554 2031 2828 2080 vocatione
2875 2034 3095 2082 vocatus
3125 2037 3220 2094 est,
3253 2029 3324 2083 ad
3352 2031 3422 2083 fi-

182 2112 271 2164 Iier
291 2111 518 2166 inﬁdelis
547 2112 766 2164 salvata
785 2116 872 2164 est
895 2111 1156 2164 similiter
1175 2112 1748 2182 quondam.Alz‘oquin
1829 2113 1975 2171 dem.
2016 2115 2076 2165 in
2099 2127 2160 2166 ea
2199 2118 2544 2180 permaneat,
2601 2114 2714 2167 sive
2742 2131 2869 2169 cum
2896 2133 3088 2184 uxore,
3138 2117 3252 2172 sive
3301 2117 3426 2172 sine

183 2203 274 2266 filii
298 2205 455 2254 vestri
480 2203 768 2255 immundi
786 2206 958 2254 essent
983 2218 1170 2255 :nunc
1187 2207 1382 2255 autem
1395 2206 1574 2255 sancti
1593 2206 1742 2263 sunt,
1829 2217 2017 2254 uxore.

185 2286 230 2340 id
257 2294 349 2352 est,
379 2289 423 2342 si
459 2287 627 2343 ambo
667 2289 923 2362 infideles
951 2289 1166 2354 essetis,
1195 2291 1278 2343 vel
1310 2290 1404 2343 ille
1434 2289 1530 2359 qui
1569 2289 1748 2342 ﬁdelis
1904 2288 2129 2352 Servus,
2161 2288 2430 2343 subaudis
2453 2290 2660 2351 uxoris,
2687 2297 2909 2346 vocatus
2949 2310 3020 2359 es,
3053 2295 3214 2364 cujus
3238 2295 3431 2350 volun-

184 2377 338 2430 factus
387 2383 488 2438 est.
544 2379 755 2431 iterum
805 2384 1185 2432 reverteretur
1231 2379 1300 2432 ad
1358 2379 1748 2448 paganismum
1829 2377 1936 2432 tati
1965 2377 2172 2431 servire
2201 2383 2259 2431 et
2289 2394 2486 2448 parere
2511 2378 2699 2442 debes,
2734 2397 2846 2434 non
2876 2384 2949 2434 sit
2981 2383 3082 2435 tibi
3105 2399 3268 2447 cura,
3312 2383 3429 2438 noli

183 2469 383 2535 prepter
419 2465 580 2519 illum
631 2465 724 2536 qui
772 2465 953 2520 noluit
979 2463 1226 2530 credere,
1273 2467 1468 2536 utique
1509 2467 1611 2520 ﬁlii
1659 2483 1752 2520 vos
1833 2466 2070 2520 deﬁcere
2101 2484 2282 2538 neque
2304 2467 2589 2522 dimittere
2611 2485 2733 2522 eam
2770 2487 2780 2520 :
2813 2470 2946 2540 quia
2969 2487 3082 2526 non
3103 2472 3229 2526 ideo
3258 2473 3429 2527 amit-

188 2552 517 2608 imitarentur
551 2573 562 2606 :
588 2555 673 2608 vel
703 2555 873 2608 etiam
911 2555 955 2608 si
986 2555 1169 2608 ﬁdelis
1198 2555 1507 2608 dimitteret
1539 2555 1750 2608 socium
1834 2560 1921 2608 tes
1952 2571 2187 2624 regnum
2219 2557 2338 2616 Dei,
2373 2557 2503 2610 licet
2540 2559 2876 2627 conjugatus
2907 2559 3006 2628 sis,
3033 2560 3080 2614 si
3109 2561 3190 2614 ita
3219 2561 3430 2615 servie-

185 2656 325 2694 suum
352 2642 654 2707 inﬁdelem,
680 2651 980 2714 essentque
1010 2645 1254 2714 separati
1287 2643 1356 2698 ab
1386 2643 1753 2708 invicem,ﬁlii
1835 2642 1914 2695 ris
1940 2643 2116 2710 uxori,
2139 2649 2204 2696 ut
2230 2660 2341 2696 non
2373 2645 2668 2714 displiceas
2699 2647 2972 2712 Creatori,
3004 2649 3095 2700 sed
3119 2652 3258 2722 et\si
3279 2655 3429 2716 potes

183 2729 388 2784 forsitan
428 2732 712 2785 immundi
762 2739 968 2798 essent,
1015 2732 1149 2802 quia
1185 2732 1346 2786 idolis
1389 2732 1750 2797 deservircnt,
1840 2732 1978 2784 liber
2007 2735 2146 2797 ﬁeri,
2181 2731 2448 2785 subaudis
2477 2749 2667 2796 uxore,
2686 2733 2740 2786 id
2771 2741 2855 2788 est
2881 2735 2926 2788 si
2955 2741 3053 2788 tua
3067 2737 3268 2806 conjux
3283 2736 3432 2791 obie-

187 2824 321 2887 patre
348 2819 574 2882 inﬁdeli,
608 2821 694 2874 vel
727 2825 907 2874 matre
928 2821 1140 2874 inﬁdeli
1172 2821 1527 2886 adhortante,
1562 2827 1619 2875 et
1648 2821 1756 2874 im-
1839 2819 1930 2879 rit,
1966 2825 2065 2872 aut
2083 2819 2252 2873 etiam
2287 2820 2341 2873 in
2386 2820 2644 2874 castitate
2690 2838 2918 2876 manere
2963 2823 3216 2892 elegerit,
3251 2827 3430 2891 magis

186 2908 355 2961 mundi
379 2917 568 2964 essent
601 2909 770 2963 etiam
799 2926 863 2963 ex
891 2909 1028 2962 cibis
1059 2927 1197 2980 quos
1217 2910 1758 2963 comederentidolis
1843 2913 2012 2967 utere.
2045 2907 2313 2961 subaudis
2348 2909 2456 2962 ista
2503 2908 2782 2977 libertate,
2814 2917 2878 2964 ut
2903 2912 3221 2967 consentias
3267 2912 3340 2977 ei,
3375 2918 3433 2967 et

188 2999 512 3052 consecratis.
541 2999 710 3052 Nunc
738 3004 927 3052 autem
953 2999 1086 3052 dum
1109 2999 1278 3052 simul
1308 3006 1602 3053 morantur
1620 2999 1758 3052 ﬁde-
1842 2996 2011 3050 aliam
2043 2997 2158 3049 noli
2182 2997 2454 3066 accipere.

191 3083 249 3138 lis
272 3102 384 3140 cum
411 3087 649 3150 inﬁdeli,
702 3086 936 3140 forsitan
975 3087 1076 3140 ﬁlii
1124 3085 1349 3140 illorum
1380 3087 1602 3140 ﬁdelem
1632 3085 1820 3153 imi-C
1913 3083 2020 3147 Qui
2048 3083 2195 3136 enim
2227 3083 2284 3136 in
2312 3083 2569 3149 Domino,
2603 3085 2660 3140 id
2687 3091 2773 3140 est
2799 3093 2864 3141 ut
2890 3087 2948 3141 in
2975 3087 3214 3143 Domino
3239 3090 3436 3143 crede-

187 3179 371 3237 tantur,
410 3180 466 3228 et
491 3175 678 3229 sancti
699 3181 850 3229 sunt.
1841 3179 1946 3236 ret,
1983 3178 2202 3226 vocatus
2230 3178 2307 3226 est
2335 3189 2542 3235 servus,
2577 3174 2846 3229 subaudis
2865 3177 3074 3244 uxoris,
3103 3180 3332 3232 libertus
3361 3183 3436 3232 est

245 3263 383 3328 Quod
407 3268 459 3318 si
487 3265 754 3331 inﬁdelis.
806 3265 890 3317 vir
934 3269 1034 3318 aut
1083 3263 1302 3328 mulier,
1347 3279 1380 3317 a
1421 3263 1569 3318 socio
1607 3264 1757 3318 ﬁdeli
1843 3265 2089 3326 Domini,
2113 3261 2168 3314 id
2200 3268 2286 3315 est
2305 3261 2575 3316 liberatus
2598 3268 2739 3317 esta
2768 3266 2975 3335 peccati
2990 3267 3149 3337 jugo,
3175 3273 3438 3338 etquam-

189 3349 403 3416 discedit,
457 3354 660 3407 nolens
707 3353 956 3417 credere,
990 3355 1246 3418 discedat,
1283 3353 1334 3406 id
1366 3359 1470 3414 est,
1521 3353 1756 3406 liberam
1841 3351 1971 3404 dam
2019 3349 2336 3405 libertatem
2385 3351 2556 3406 habet
2589 3353 2899 3420 aDomino,
2925 3360 2988 3408 ut
3014 3355 3220 3410 serviat
3254 3355 3436 3417 uxori,

187 3435 364 3493 habeat
409 3447 754 3512 potestatem
798 3441 1117 3496 discedendi
1150 3461 1166 3495 :
1214 3447 1404 3495 tamen
1434 3442 1611 3495 ﬁdelis
1647 3459 1759 3496 non
1843 3439 1923 3493 ita
1951 3445 2016 3494 ut
2038 3456 2150 3493 non
2171 3440 2464 3511 displiceat
2492 3442 3050 3498 Creatori.Similitc-r
3073 3448 3174 3512 qui
3195 3447 3334 3498 liber
3353 3461 3440 3498 vo-
3477 3511 3482 3516 ν

187 3525 415 3594 projiciat
455 3529 622 3582 illum
651 3545 685 3582 a
715 3545 794 3593 se,
827 3545 1007 3599 neque
1055 3533 1284 3599 propter
1322 3529 1480 3582 illum
1512 3529 1762 3584 discedat
1843 3534 1996 3583 catus
2017 3534 2109 3593 est,
2140 3529 2196 3582 id
2229 3535 2312 3584 est
2339 3529 2457 3584 sine
2479 3547 2668 3597 uxore,
2698 3547 2886 3586 servus
2904 3537 2978 3584 est
3002 3534 3228 3596 Christi,
3251 3533 3310 3586 id
3331 3539 3439 3598 est,

187 3627 214 3662 a
245 3613 360 3670 ﬁde.
392 3617 515 3670 Νοη
557 3620 710 3670 enim
745 3620 1004 3670 servituti
1035 3620 1304 3685 subjectus
1332 3623 1406 3672 est
1444 3619 1625 3684 frater
1661 3622 1760 3671 aut
1843 3634 1955 3672 non
1987 3617 2152 3671 debet
2181 3635 2241 3672 se
2285 3634 2560 3689 occupare
2585 3620 2812 3673 servitio
2859 3626 3084 3673 terreno
3125 3626 3182 3674 et
3219 3621 3436 3687 uxorio,

187 3716 319 3755 soror
347 3707 405 3757 in
433 3707 729 3773 ejusmodi,
761 3705 817 3759 id
847 3711 931 3759 est
959 3706 1014 3759 in
1042 3706 1142 3759 tali
1177 3706 1342 3772 facto,
1374 3705 1430 3758 id
1463 3712 1582 3760 est:
1631 3707 1761 3760 inﬁ-
1843 3706 1940 3759 sed
1970 3723 2033 3760 ex
2065 3712 2182 3760 toto
2210 3706 2377 3760 debet
2413 3707 2622 3762 servire
2653 3706 2910 3772 Domino,
2946 3707 3214 3778 quoniam
3253 3709 3440 3778 majus

187 3787 323 3854 delis,
343 3792 388 3845 si
410 3810 524 3847 non
557 3794 681 3847 vult
703 3809 929 3846 manere
951 3810 1074 3846 cum
1107 3793 1283 3861 ﬁdeli,
1329 3793 1422 3847 ille
1455 3793 1548 3863 qui
1581 3793 1761 3847 ﬁdelis
1843 3795 2132 3848 servitium
2153 3794 2462 3865 requiritur
2492 3796 2542 3848 ei
2579 3813 2612 3848 a
2651 3797 2888 3850 Domino
2915 3813 3084 3867 quam
3111 3797 3436 3866 conjugato.

186 3893 278 3931 non
305 3887 386 3935 est
415 3882 494 3936 ita
522 3882 813 3951 subjectus
845 3881 924 3934 illi
955 3889 1018 3934 ut
1041 3881 1242 3934 debeat
1273 3881 1426 3934 illum
1459 3882 1637 3952 sequi,
1663 3899 1761 3936 ne-
1918 3886 2096 3936 Pretio
2124 3886 2294 3951 empti
2321 3887 2466 3943 estis,
2501 3884 2552 3937 id
2583 3890 2669 3938 est
2697 3885 2971 3953 sanguine
3009 3885 3237 3950 Christi,
3268 3885 3442 3939 nolite

188 3984 278 4039 que
303 3971 586 4042 subjectus
608 3979 697 4026 est
717 3973 891 4043 culpae
921 3978 1148 4042 propter
1174 3972 1278 4026 hoc
1297 3973 1343 4024 si
1375 3972 1472 4024 ille
1488 3971 1758 4025 discedit:
1845 3971 1966 4024 ﬁeri
1997 3971 2141 4024 servi
2169 3971 2480 4036 hominum,
2513 3973 2570 4026 id
2601 3979 2686 4025 est
2714 3973 2858 4025 servi
2887 3989 3143 4026 uxorum.
3178 3973 3265 4028 llli
3295 3973 3442 4027 servi

187 4058 242 4109 In
269 4075 389 4125 pace
417 4065 592 4126 enim,
643 4060 699 4114 id
747 4066 850 4119 est,
886 4061 957 4113 ad
1013 4059 1367 4113 concordiam
1411 4058 1621 4112 vocavit
1666 4076 1762 4113 vos
1845 4059 2168 4114 efﬁciuntur
2213 4061 2502 4114 hominum
2533 4061 2628 4132 qui
2659 4067 2888 4132 propter
2915 4077 3144 4115 uxorem
3174 4062 3445 4117 deserunt

187 4143 331 4202 Deus.
353 4147 566 4204 Idcirco
590 4149 640 4203 si
668 4149 788 4202 vult
806 4148 1094 4202 discedere
1115 4148 1356 4202 inﬁdelis
1385 4147 1480 4218 qui
1501 4147 1761 4218 blasphe-
1846 4149 2191 4216 Creatorem,
2215 4159 2272 4204 et
2299 4150 2350 4202 ei
2390 4149 2688 4225 displicent
2724 4149 3092 4204 immoderate
3132 4151 3440 4206 servientes

185 4241 288 4288 mat
309 4252 510 4292 nomen
531 4237 1022 4301 Domini,recedat
1049 4244 1113 4292 ut
1144 4253 1334 4308 pacem
1365 4237 1541 4308 possit
1557 4236 1764 4290 habere
1845 4239 2022 4291 uxori.
2050 4239 2186 4292 Tam
2210 4239 2378 4292 charo
2405 4255 2537 4309 ergo
2567 4238 2748 4309 pretio
2767 4239 2940 4309 empti
2971 4257 3184 4304 sumus,
3205 4246 3268 4294 ut
3287 4239 3443 4294 nullo

187 4321 363 4388 ﬁdelis,
386 4315 448 4380 id
483 4333 590 4389 est,
625 4343 739 4381 non
769 4333 991 4398 oportet
1021 4327 1242 4396 litigare
1281 4343 1408 4380 cum
1433 4343 1498 4380 eo
1523 4326 1620 4398 qui
1649 4327 1763 4380 dis-
1845 4326 1956 4380 alio
1979 4327 2178 4380 redimi
2211 4343 2518 4397 possemus,
2543 4327 2652 4382 nisi
2681 4328 2954 4398 sanguine
2982 4329 3108 4382 Filii
3140 4329 3258 4383 Dei.
3293 4329 3446 4392 Qua-

187 4409 312 4464 cedit
341 4415 485 4468 Unde
515 4419 674 4469 enim
705 4418 826 4476 scis,
859 4418 1067 4468 mulier
1095 4421 1192 4468 aut
1217 4418 1324 4480 vir,
1367 4415 1415 4468 si
1436 4431 1582 4469 unus
1619 4414 1760 4468 alte-
1778 4407 1828 4465 D
1847 4421 2076 4486 propter
2098 4415 2245 4469 sicut
2263 4415 2356 4470 ille
2379 4416 2474 4486 qui
2503 4416 2730 4482 emitur,
2753 4417 2933 4488 magis
2949 4417 3157 4472 servire
3177 4417 3343 4472 debet
3363 4417 3447 4471 illi

187 4512 294 4552 mm
333 4505 548 4558 salvum
591 4503 780 4566 faciet,
831 4507 947 4558 nisi
979 4507 1121 4557 sicut
1155 4507 1475 4573 unicuique,
1532 4503 1652 4556 viro
1708 4509 1765 4558 et
1845 4521 1880 4558 a
1911 4521 2020 4574 quo
2050 4505 2276 4568 emitur,
2309 4509 2374 4558 ut
2401 4505 2704 4575 aliquando
2731 4506 2903 4560 vicem
2942 4507 3144 4560 reddat
3184 4507 3444 4577 emptori,

188 4587 403 4655 mulieri,
433 4593 650 4653 divisit,
692 4592 806 4646 sive
835 4592 1133 4663 disposuit.
1164 4594 1457 4658 Dominus,
1494 4591 1764 4646 subaudis
1847 4593 1925 4647 ita
1951 4599 2008 4648 et
2035 4611 2136 4647 nos
2175 4594 2327 4647 omni
2355 4594 2542 4648 studio
2571 4601 2740 4665 atque
2762 4595 3036 4649 instantia
3053 4595 3260 4649 servire
3283 4593 3448 4648 debe-

189 4679 419 4747 tempora
445 4681 735 4746 credendi,
763 4687 826 4735 ut
845 4681 1090 4752 primum
1121 4681 1314 4736 credat
1328 4682 1411 4735 vir
1429 4682 1630 4736 deinde
1649 4699 1766 4736 mu-
1847 4699 1976 4736 mus
2005 4683 2226 4737 Christo
2256 4700 2289 4736 a
2321 4699 2434 4753 quo
2457 4683 2633 4754 empti
2663 4699 2875 4737 sumus.

189 4761 290 4825 licr,
321 4773 418 4822 aut
442 4769 696 4840 primum
729 4770 950 4834 mulier,
982 4771 1184 4824 deinde
1202 4771 1302 4825 vir.
1317 4773 1764 4838 Unumquemquc
1923 4772 2298 4840 Unusquisque
2341 4771 2532 4834 frater,
2568 4770 2623 4823 id
2653 4776 2737 4824 est
2764 4770 2964 4836 ﬁdelis,
2991 4773 3055 4824 in
3085 4786 3189 4838 quo
3226 4777 3446 4826 vocatus

189 4855 310 4908 sicut
335 4862 543 4912 rocar-it
603 4860 872 4913 Dominus
911 4860 982 4914 ad
1020 4860 1208 4926 ﬁdem,
1252 4863 1333 4914 ita
1373 4861 1635 4924 ambulet,
1685 4860 1767 4913 ita
1847 4865 1920 4913 est
1951 4865 2016 4913 ut
2057 4859 2325 4923 crederet,
2361 4861 2421 4912 in
2453 4859 2548 4911 hoc
2572 4864 2934 4926 permaneat:
2967 4857 3224 4914 videlicet
3243 4859 3289 4913 si
3318 4877 3449 4916 cum

189 4951 410 5014 maneat,
442 4947 500 5002 id
528 4955 638 5014 est,
671 4949 720 5002 si
739 4947 911 5003 habes
936 4966 1190 5016 uxorem,
1225 4954 1355 5004 tene
1378 4965 1501 5003 eam
1529 4967 1542 5002 :
1575 4949 1623 5002 si
1652 4965 1766 5003 non
1852 4964 2022 5002 uxore
2053 4953 2278 5002 vocatus
2315 4953 2419 5015 est,
2467 4963 2579 5000 non
2618 4946 2869 5000 dimittat
2911 4946 3096 5015 illam;
3124 4948 3173 5002 si
3201 4949 3342 5004 liber
3376 4949 3450 5004 ab

187 5031 356 5101 habes,
388 5039 600 5094 ducere
622 5057 735 5094 non
763 5041 1134 5112 compelleris.
1850 5053 2042 5098 uxore,
2073 5037 2120 5090 si
2148 5053 2208 5090 se
2235 5040 2418 5107 potest
2439 5034 2746 5094 continere,
2773 5041 2968 5090 utatur
2997 5036 3092 5090 illa
3112 5037 3393 5094 libertate.

251 5124 618 5184 Cirmmcisus
637 5133 846 5199 aliquis
869 5136 1087 5184 vocatus
1103 5134 1176 5182 est
1193 5135 1216 5182 ?
1236 5145 1347 5183 non
1367 5131 1607 5182 adducat
1621 5144 1768 5195 prw-
1923 5128 1996 5180 De
2029 5127 2343 5193 virginibus
2367 5129 2695 5191 praceptum
2725 5125 2952 5178 Domini
2983 5142 3096 5180 non
3124 5128 3452 5200 habeo,quia

185 5217 386 5277 p'utium
416 5218 564 5281 Quid
597 5225 684 5273 est
711 5219 860 5290 quod
899 5219 1136 5288 loquens
1160 5217 1458 5288 Apostolus
1487 5218 1556 5270 de
1585 5217 1770 5270 uxori-
1851 5215 2123 5270 Dominus
2137 5213 2514 5283 virginitatem
2537 5212 2802 5280 laudavit;
2826 5229 2936 5268 non
2962 5220 3151 5271 tamen
3166 5219 3446 5290 praecepit,

191 5295 279 5354 bus
298 5307 460 5375 atque
477 5307 817 5377 conjugatis,
837 5306 918 5359 sic
937 5305 1122 5360 subito
1143 5304 1402 5358 transivit
1426 5304 1497 5358 ad
1526 5304 1766 5359 circum-
1852 5321 1924 5358 ne
1953 5304 2236 5357 videretur
2262 5301 2488 5372 nuptias
2516 5301 2810 5371 damnare,
2841 5303 2937 5356 sed
2970 5303 3112 5359 dixit
3143 5325 3154 5358 :
3179 5307 3323 5362 Sunt
3348 5324 3448 5361 cu-

192 5388 436 5448 cisionem
456 5401 634 5466 atque
651 5395 986 5466 praeputium
1007 5395 1031 5448 7
1051 5395 1120 5448 Et
1153 5393 1434 5464 quomodo
1464 5399 1650 5464 potest
1669 5394 1769 5447 ad-
1853 5394 2026 5447 nuc/ii
2053 5397 2149 5461 qui
2177 5395 2372 5459 seipsos
2386 5395 2772 5445 castraverunt
2799 5398 3022 5461 propter
3040 5411 3277 5463 regnum
3301 5399 3450 5450 cato-

193 5475 304 5532 duci
324 5484 657 5554 praeputium
685 5486 832 5555 quod
872 5483 1167 5555 praecisum
1205 5481 1326 5536 est?
1355 5482 1680 5536 Notandum
1709 5482 1770 5536 in
1853 5497 1983 5536 rum
2017 5480 2227 5546 (Matth.
2274 5485 2406 5544 χιχ),
2440 5487 2609 5550 atque
2639 5479 2939 5536 subintulit
2969 5499 2979 5530 τ
3017 5483 3126 5548 Qui
3145 5487 3315 5552 potest
3351 5499 3447 5536 ca-

193 5564 286 5619 hoc
324 5570 442 5628 loco
472 5573 613 5644 quia
638 5590 749 5630 non
786 5573 856 5628 de
886 5571 1326 5639 circumcisione,
1359 5570 1418 5625 id
1448 5575 1535 5626 est
1571 5587 1770 5642 exspo-
1844 5584 1974 5639 perc
2017 5571 2198 5636 capiat
2249 5568 2445 5640 (Ibid)
2482 5569 2791 5624 Consilium
2827 5574 3015 5624 autem
3050 5571 3118 5624 do
3155 5569 3304 5640 quod
3334 5583 3447 5624 non
