3850 6168
398 287 508 351 5ιῖ

821 287 1201 349 HAYMON'IS
1242 290 1734 348 HALBERQDAT.
1776 288 2003 348 EPISO.
2044 290 2208 347 Ο-ΡΡ.
2242 292 2436 350 PARS
2461 294 2519 353 ιῙ.
2558 323 2629 336 —=
2654 292 3041 352 comm.
3080 295 3266 352 BIBL.

3568 297 3652 356 5'18

395 414 692 487 displiceat
710 415 864 483 aliis,
884 421 1166 486 tanquam
1207 420 1649 473 misericordiam
1680 424 1996 475 consecutus
2012 421 2063 478 Α
2079 435 2191 472 non
2219 420 2488 489 gaudent,
2522 419 2655 490 quia
2674 419 2754 473 sic
2787 420 3040 490 gaudent
3062 421 3120 475 in
3150 420 3557 492 temporalibus
3583 423 3654 477 bo-

396 520 433 567 α
447 505 699 570 Domino,
724 509 786 557 ut
806 507 915 557 sim
934 507 1128 571 ﬁdelis,
1149 505 1417 560 subaudis
1439 505 1781 569 consiliator,
1807 512 1863 559 et
1882 507 2005 560 ido-

395 609 538 652 neus
566 593 635 649 in
665 592 864 647 dandis
886 594 1236 649 salutaribus
1262 595 1525 648 consiliis.
1552 596 1761 649 Paulus
1783 601 2005 665 aposto-

397 680 487 741 lus
514 681 850 740 consiliator
869 682 967 735 Dei
1001 683 1280 752 erat,quia
1302 683 1578 752 Spiritum
1610 684 1708 736 Dei
1736 683 1996 748 habebat,

397 758 547 843 sicut
577 770 695 840 ipse
733 770 873 825 alias
903 770 1041 831 dicit
1075 788 1087 822 :
1119 773 1258 824 Puto
1293 778 1483 825 autem
1512 775 1657 840 quod
1687 778 1735 826 et
1762 790 1857 839 ego
1880 774 2002 840 Spi-

396 860 576 928 ritum
602 859 703 913 Dei
731 858 982 913 habeam.
1001 856 1215 925 Idcirco
1239 858 1375 913 dicit
1397 860 1761 913 :Gratiamet
1790 860 2003 914 miseri-

396 946 647 1006 wrdiam
679 952 1012 1003 consecutus
1041 964 1189 1012 sum,
1220 953 1286 1002 ut
1312 949 1419 1002 sim
1465 950 1647 1003 ﬁdelis
1677 950 2005 1004 consiliator

394 1033 521 1101 Bel,
556 1035 808 1106 ideoque
858 1036 1160 1091 consilium
1214 1054 1402 1091 meum
1456 1054 1570 1092 non
1610 1037 1796 1092 «debeo
1844 1038 2000 1092 vobis

396 1121 761 1178 abscondere.
1786 1130 1789 1135 ’

458 1213 739 1271 Εωίειὶτηο
767 1228 893 1280 ergo
916 1214 1013 1268 hoc
1029 1216 1245 1267 bonum
1269 1232 1396 1280 esse,
1421 1215 1479 1269 id
1502 1220 1591 1270 est
1616 1216 1995 1285 virginitatem

394 1315 639 1371 sanare,
658 1306 887 1368 pnopter
911 1304 1214 1354 instantem
1240 1306 1620 1357 necessitatem
1648 1304 1995 1360 :Instantem

393 1387 509 1448 sine
529 1395 874 1461 praesentem
894 1390 1286 1444 necessitatem
1308 1391 1557 1460 appellat
1575 1391 1998 1447 tribulationem

398 1481 457 1535 et
484 1478 807 1547 angustiam
840 1494 1006 1547 quam
1039 1479 1318 1533 sustinent
1336 1481 1645 1550 conjugati.
1672 1487 1731 1538 et
1761 1482 1999 1535 maxime

399 1565 733 1635 εουὶιιεδιω,
766 1565 1052 1619 fastidium
1084 1565 1343 1620 videlicet
1363 1566 1421 1619 in
1453 1567 2001 1637 concipiendo,dolo-

396 1669 518 1713 nam
548 1654 607 1710 in
632 1653 1022 1724 parturiendo,
1063 1671 1173 1724 quo
1211 1654 1766 1726 dolore-plerumque
1814 1658 1997 1711 solent

2086 506 2194 571 nis,
2228 514 2293 560 ut
2318 524 2542 578 semper
2574 516 2857 562 tormenta
2900 517 3174 579 perpetua
3219 511 3586 575 considerent,
3614 519 3655 566 et

2085 603 2355 649 aeternum
2380 596 2478 650 Dei
2504 597 2781 665 judicium
2811 599 3079 663 timeant;
3109 605 3158 651 et
3194 602 3294 666 qui
3316 605 3530 663 emunt,
3564 606 3657 671 lan-

2082 699 2253 750 quam
2300 701 2412 737 non
2450 687 2804 752 possidentes.
2832 686 2990 739 'Emit
3017 687 3221 756 aliquis
3266 688 3478 759 praedia
3505 694 3658 743 terre-

2083 771 2390 837 na,-boves,
2438 789 2627 827 servos
2669 780 2725 827 et
2753 774 3003 838 ancillas,
3028 776 3125 828 sed
3150 776 3311 845 quasi
3356 792 3469 830 non
3512 778 3660 847 possi-

2085 859 2194 923 det,
2248 861 2382 913 dum
2412 869 2643 931 repente
2673 862 2743 915 ab
2774 862 2879 915 hoc
2922 864 3124 916 saeculo
3154 864 3358 918 transit
3394 882 3497 934 per
3535 882 3657 920 mor-

2078 955 2199 1001 tem
2228 949 2712 1019 corporis.Aliter:
2736 951 2947 1003 Emunt
2966 951 3129 1004 multi
3152 951 3297 1005 bona
3326 955 3659 1022 temporalia,

2084 1042 2254 1107 atque
2280 1037 2352 1090 ad
2384 1053 2548 1091 usum
2599 1054 2762 1092 suum
2801 1038 3154 1110 aliorumque
3191 1046 3515 1111 praeparant
3560 1059 3660 1112 qua

2083 1124 2144 1178 in
2169 1125 2274 1183 hoc
2294 1125 2497 1179 saeculo
2529 1126 2844 1180 necessaria
2874 1133 3025 1193 sunt,
3058 1112 3158 1181 sed
3208 1130 3367 1198 quasi
3403 1145 3516 1182 non
3557 1147 3662 1200 pos-

2078 1212 2284 1277 sident,
2313 1213 2451 1267 dum
2476 1214 2561 1267 sic
2586 1214 3151 1279 adhaerentterrenis,
3182 1222 3247 1270 ut
3274 1234 3383 1270 non
3416 1218 3662 1271 amittant

2078 1306 2306 1368 interna,
2343 1308 2509 1356 cauta
2522 1303 2975 1357 consideratione
3003 1305 3372 1374 praevidentes
3403 1306 3534 1377 quia
3566 1307 3663 1375 haec

2080 1391 2272 1445 omnia
2313 1392 2372 1445 in
2411 1392 2665 1462 proximo
2696 1392 2949 1445 relicturi
2988 1392 3120 1458 sint,
3153 1409 3488 1464 semperque
3518 1411 3662 1448 suam

2082 1479 2141 1531 in
2163 1480 2403 1533 terrenis
2433 1486 2491 1533 et
2531 1479 2871 1535 transitoriis
2919 1481 3086 1534 rebus
3129 1487 3187 1535 et
3235 1482 3663 1553 possessionibus

2083 1583 2196 1620 non
2230 1574 2465 1637 ponunt.

2146 1657 2211 1709 Et
2234 1659 2333 1723 qui
2354 1662 2603 1711 utuntur
2620 1658 2719 1711 hoc
2736 1659 2964 1721 mundo,
2993 1664 3263 1729 tanquam
3295 1676 3408 1713 non
3431 1666 3665 1715 utantur.

396 1741 665 1801 mulieres
688 1742 850 1807 mori,
885 1758 1078 1796 curam
1107 1743 1345 1805 multam
1377 1750 1433 1797 et
1460 1743 1707 1798 laborem
1739 1746 1797 1798 in
1838 1747 1994 1799 alen-
2022 1745 2248 1824 BMulti
2291 1752 2532 1799 utuntur
2568 1746 2730 1799 bonis
2762 1748 2942 1817 hujus
2981 1749 3188 1811 saeculi,
3241 1748 3389 1802 sicut
3420 1766 3571 1818 reges
3622 1756 3667 1803 et

399 1830 486 1889 dis
517 1836 575 1887 et
598 1830 929 1888 contuendis
957 1831 1105 1893 ﬁliis,
1131 1831 1420 1884 tristitiam
1448 1833 1516 1885 de
1549 1834 1915 1903 aegrotatione
1942 1841 2001 1889 et

398 1924 582 1971 morte
623 1933 836 1979 eorum,
873 1917 1227 1990 maximeque
1267 1917 1313 1971 si
1352 1920 1611 1973 omnibus
1653 1920 1780 1974 ﬁliis
1829 1920 1999 1975 fuerit

398 2005 614 2066 cubum.
672 2005 742 2063 de
789 2005 1093 2063 amissione
1145 2022 1367 2076 quoque
1422 2009 1697 2077 conjugis.
1724 2010 1998 2064 Similiter

396 2094 572 2155 etiam
591 2093 914 2152 .laboreset
934 2094 1154 2149 dolores
1180 2096 1427 2149 sustinet
1456 2096 1538 2148 vir
1581 2097 1652 2155 de
1692 2097 1995 2152 amissione

400 2183 643 2237 ﬁliorum
657 2188 715 2237 et
740 2188 918 2236 morte
944 2183 1152 2248 uxoris,
1173 2200 1207 2236 a
1227 2183 1431 2253 quibus
1461 2185 1722 2239 omnibus
1751 2192 1886 2240 sunt
1918 2187 2003 2240 illi

394 2270 581 2338 liberi,
612 2272 709 2342 qui
756 2270 1139 2341 virginitatem
1194 2278 1440 2332 servant,
1491 2272 1790 2328 imitantes
1846 2275 2003 2328 illam

398 2360 572 2421 uitam
628 2376 752 2430 quae
784 2366 909 2430 post
936 2366 1175 2419 mortem
1224 2360 1350 2414 erit.
1404 2360 1759 2432 Quapropter
1815 2362 2006 2416 subdit

399 2449 721 2519 Apostolus,
773 2451 1041 2516 quoniam
1066 2451 1268 2502 bonum
1304 2454 1380 2502 est
1408 2449 1629 2503 homini
1665 2454 1743 2503 sic
1773 2467 1898 2512 esse,
1946 2450 2003 2504 id

398 2543 489 2599 est
515 2537 1217 2608 inintegritatecorporis
1249 2542 1452 2603 vivere,
1478 2538 1856 2608 virginitatem
1883 2556 2004 2593 ser-

397 2642 551 2689 vare.
580 2632 646 2685 ut
662 2627 850 2697 possit
877 2626 1162 2680 esseliber
1180 2626 1251 2680 ab
1274 2626 1359 2681 his
1391 2628 2000 2691 nccessitatibus.Quod

393 2731 533 2775 sero
561 2716 835 2789 sequitur.

472 2805 912 2869 Iribulatignem
944 2809 1129 2858 tamen
1157 2807 1344 2858 carnis
1357 2806 1631 2858 habebunt
1647 2805 2003 2873 hujusmodi:

394 2891 482 2954 illi
511 2892 673 2957 tales,
697 2891 957 2952 uidelicet
983 2892 1081 2961 qui
1106 2892 1464 2946 matrimonio
1492 2893 2003 2963 capulantur,quod

401 2997 576 3051 supra
602 2981 904 3051 appellavit
932 2981 1322 3035 necessitatem
1352 2982 1676 3047 instantem,
1693 2982 1799 3035 hoc
1820 2982 1879 3035 in
1900 2982 2004 3036 hoc

396 3038 524 3129 lado
542 3038 845 3140 appellavit
858 3069 1418 3138 tribulationem.Ego
1437 3038 1622 3123 autem
1636 3038 1781 3124 uobis
1797 3086 1967 3138 parco
1983 3038 2066 3133 ,-C

400 3164 463 3215 οι
489 3164 578 3217 est
594 3175 826 3218 sensus:
856 3159 1080 3214 Suadeo
1105 3157 1359 3223 vobis,.et
1372 3158 1664 3213 consilium
1685 3160 1757 3212 do
1779 3165 1841 3213 ut
1860 3159 2001 3213 casti

396 3248 544 3310 sitis,
576 3248 768 3307 Naleus
788 3265 885 3302 vos
902 3248 1132 3303 servare
1160 3264 1231 3301 ne
1257 3248 1315 3300 in
1344 3247 1765 3302 tribulationem
1814 3248 2001 3302 carnis

399 3336 682 3395 indicatis.
708 3337 889 3393 Aliter
918 3353 933 3389 :
976 3338 1091 3407 Ego
1119 3336 1274 3390 vobis
1322 3352 1512 3406 parco,
1550 3336 1606 3388 id
1637 3343 1722 3389 est
1752 3336 1999 3406 dimitto,

400 3426 488 3482 vel
518 3425 819 3483 consentio
867 3424 1133 3480 accedere
1187 3441 1282 3478 vos
1310 3425 1381 3477 ad
1412 3425 1555 3477 hanc
1580 3424 2001 3479 tribulationem

400 3513 602 3584 carnis.
627 3514 678 3569 si
701 3529 815 3570 non
845 3512 1012 3568 vultis
1036 3512 1425 3582 integritatem
1449 3512 1698 3583 corporis
1719 3529 1961 3567 servare.

476 3605 706 3670 fiean
737 3601 1006 3658 subaudis
1027 3602 1152 3655 vitae
1181 3610 1406 3665 nostrae,
1438 3600 1604 3655 breve
1634 3606 1738 3664 est,
1776 3596 1910 3671 quia
1940 3602 2000 3655 in

396 3691 553 3763 brevi
572 3691 821 3751 ﬁnietur,
850 3689 1087 3761 ideoque
1109 3706 1218 3743 non
1240 3696 1326 3743 est
1354 3690 1591 3760 populus
1619 3690 1718 3743 Dei
1754 3690 1832 3744 ita
1869 3707 2000 3760 pro-

397 3781 689 3853 pagandus
707 3779 1071 3850 generatione
1093 3779 1325 3837 carnali.
1342 3779 1486 3832 sicut
1499 3780 1770 3834 hactenus
1790 3797 1824 3832 a
1839 3779 2002 3848 prin—

396 3867 782 3940 cipiomundi,
804 3867 904 3921 sed
926 3874 1012 3921 est
1030 3868 1154 3939 jam
1178 3868 1605 3938 regeneratione
1627 3868 1996 3938 colligendus.

395 3959 692 4026 Reliquum
718 3962 815 4022 est,
847 3956 1001 4011 idest
1033 3957 1136 4011 hoc
1160 3962 1436 4019 remanet,
1466 3958 1549 4011 vel
1577 3957 1682 4011 hoc
1717 3964 1994 4028 superest,

394 4053 460 4105 ut
483 4052 537 4103 et
564 4051 665 4117 qui
692 4049 891 4103 habent
915 4063 1109 4102 umores
1126 4047 1315 4113 modo,
1333 4052 1732 4116 tanquamnon
1752 4048 2004 4101 habentes

395 4137 1036 4206 sint..Uxoremnamque
1054 4136 1243 4201 habet,
1260 4137 1369 4200 sed
1386 4136 1546 4206 quasi
1568 4152 1678 4191 non
1692 4135 1891 4196 habet,
1902 4135 1999 4206 qui

394 4223 564 4281 hadie
581 4224 810 4287 videtur
828 4224 984 4278 illam
1006 4223 1232 4287 habere,
1251 4224 1353 4287 sed
1366 4224 1715 4277 crastinadie
1738 4225 1998 4289 moritur,

396 4311 683 4373 etdesinit
704 4311 1061 4380 postmodum
1086 4326 1314 4364 uxorem
1351 4311 1559 4365 habere
1587 4330 1598 4365 :
1637 4312 1875 4383 ideoque
1906 4313 2001 4366 de-

397 4398 496 4455 bet
534 4399 595 4453 in
624 4398 886 4469 presenti
924 4398 1138 4457 suacqu
1166 4399 1415 4453 futuram
1456 4394 1628 4454 vitam
1676 4402 1907 4469 imitari,
1939 4402 2017 4459 in'

394 4504 512 4561 qua
524 4493 693 4557 erunt
712 4486 893 4541 electi
920 4486 1134 4540 similes
1162 4488 1380 4558 angelis
1410 4489 1732 4555 Dei.Aliter,
1767 4507 1998 4544 uxorem

392 4576 585 4643 habet,
600 4575 898 4647 sedquasi
916 4576 1248 4642 nonhabet,
1286 4578 1381 4647 qui
1404 4577 1486 4632 sic
1510 4578 1619 4632 scit
1652 4578 1843 4633 debita
1871 4597 1997 4633 car-

393 4669 482 4724 nis
511 4667 894 4734 exsolvere,ut
920 4671 1114 4720 tamen
1143 4681 1399 4736 peream
1423 4668 1631 4731 mundo
1661 4674 1783 4722 tota
1810 4677 1998 4724 mente

391 4774 507 4817 non
534 4763 771 4828 cogatur
794 4755 1088 4819 inhaerere,
1110 4753 1367 4808 videlicet
1390 4754 1468 4809 sic
1486 4756 1726 4811 reddens
1742 4755 1994 4815 debitum

393 4849 575 4915 uxori,
600 4854 666 4904 ut
684 4863 800 4903 non
820 4846 1117 4917 displiceat
1143 4846 1417 4909 Creatori.

455 4939 531 4992 Et
559 4941 812 5006 quz'xﬂent
852 4942 1120 5004 tanquam
1146 4952 1262 4991 non
1281 4939 1488 5006 ﬂentes,
1513 4937 1646 4992 sint.
1674 4939 1798 4992 Flet
1826 4939 1995 5009 quili-

394 5023 811 5079 betamissione
848 5024 1248 5094 proximorum,
1282 5031 1339 5080 et
1376 5026 1635 5083 miserias
1676 5028 1854 5098 hujus
1885 5045 1989 5082 sae-

397 5112 529 5183 culi,
558 5127 663 5166 sua
690 5128 913 5181 quoque
942 5117 1000 5165 et
1021 5113 1260 5167 aliorum
1292 5121 1520 5184 peccata
1544 5134 1556 5169 :
1581 5117 1679 5170 sed
1703 5117 1863 5187 quasi
1880 5133 1994 5170 non

396 5199 617 5270 nataui
634 5198 1075 5261 consolationem
1096 5200 1268 5255 habet
1277 5202 1338 5256 in
1356 5220 1456 5274 spe
1472 5205 1719 5260 caelestis
1741 5220 1997 5258 remune-

393 5289 650 5352 rationis,
683 5292 749 5341 ut
786 5287 1091 5356 impleatur
1122 5290 1270 5358 quod
1301 5290 1571 5353 Dominus
1622 5293 1762 5347 dixit
1793 5312 1805 5346 :
1848 5296 1997 5348 Beati

393 5381 725 5451 quilugent,
754 5377 1021 5445 quoniam
1046 5378 1155 5443 ipsi
1190 5381 1626 5439 consolabuntur
1658 5383 1869 5447 (Matth.
1913 5386 1983 5450 v),

2084 1833 2383 1903 principes,
2408 1835 2504 1887 sed
2526 1836 2686 1902 quasi
2712 1852 2823 1889 non
2842 1838 3239 1893 utuntur.dum
3259 1838 3539 1919 insperate
3553 1854 3666 1890 mu-

2083 1936 2188 1974 nus
2217 1928 2275 1975 et
2296 1923 2806 1993 concupiscentiam
2829 1926 2952 1993 ejus
2976 1925 3306 1994 relinquunt
3325 1942 3426 1995 per
3447 1932 3665 1978 mortem

2078 2010 2344 2080 corporis.
2371 2011 2531 2064 Multi
2561 2013 2731 2065 etiam
2759 2018 3002 2066 utuntur
3023 2013 3111 2067 his
3131 2030 3254 2083 quae
3274 2014 3332 2066 in
3352 2014 3454 2067 hoc
3476 2014 3666 2067 mundo

2085 2103 2236 2163 sunt,
2272 2099 2417 2153 sicut
2440 2098 2575 2152 boni
2622 2116 2785 2170 reges
2828 2106 2885 2153 et
2934 2101 3214 2170 principes
3260 2102 3579 2172 divitesque,
3610 2108 3663 2155 ut

2084 2186 2198 2240 fuit
2224 2187 2528 2253 Abraham,
2554 2188 2659 2242 Job
2688 2195 2745 2242 et
2767 2189 3065 2258 David,qui
3096 2196 3327 2260 propter
3353 2190 3663 2265 dignitatem

2078 2275 2318 2329 honoris
2356 2281 2413 2330 et
2435 2277 2783 2347 principatus
2816 2294 2983 2347 quam
3005 2277 3278 2343 obtinent,
3314 2294 3425 2332 non
3456 2285 3665 2349 possunt

2088 2364 2175 2418 his
2198 2380 2311 2419 non
2352 2366 2456 2429 uti,
2490 2366 2586 2419 sed
2619 2366 2780 2436 quasi
2820 2382 2930 2419 non
2955 2374 3213 2429 utuntur,
3237 2367 3371 2420 dum
3406 2384 3513 2420 non
3542 2368 3664 2421 ﬁunt

2087 2453 2231 2506 servi
2252 2454 2592 2519 divitiarum,
2625 2470 2808 2524 neque
2836 2455 3171 2525 permittunt
3194 2456 3312 2511 haec
3340 2456 3535 2509 eadem
3564 2472 3659 2509 sum

2088 2542 2263 2594 menti
2294 2543 2593 2609 dominari,
2629 2543 2941 2612 cogitantes
2961 2550 3163 2597 cuncta
3182 2544 3507 2597 transitoria
3536 2560 3657 2598 esse.

2087 2632 2336 2684 Przterit
2366 2635 2517 2685 enim
2545 2636 2730 2699 ﬁgura
2762 2633 2928 2700 hujus
2958 2634 3180 2698 mundi,
3211 2633 3268 2685 id
3309 2640 3396 2685 est
3425 2632 3661 2685 transibit

2079 2719 2268 2789 ﬁgura
2292 2725 2358 2773 et
2383 2721 2595 2790 species
2629 2720 2823 2774 mundi
2849 2737 2950 2791 per
2972 2721 3179 2791 ignem,
3211 2720 3523 2775 remanebit
3547 2719 3656 2774 sub-

2088 2808 2581 2862 stantiarenovata
2604 2826 2705 2879 per
2732 2809 2919 2878 ignem
2942 2815 2999 2863 et
3026 2810 3280 2875 meliora,
3305 2810 3375 2863 ad
3407 2810 3509 2864 hoc
3535 2809 3658 2863 utin

2088 2904 2362 2950 aeternum
2388 2903 2618 2951 maneat
2640 2899 2803 2967 juxta
2825 2898 2973 2969 quod
3004 2898 3269 2953 Salomon
3299 2898 3437 2959 dicit
3469 2917 3482 2951 :
3517 2900 3657 2952 Terra

2090 2988 2153 3037 in
2178 2991 2447 3041 aeternum
2475 2987 2661 3040 stabit.
2697 2972 2881 3054 (Eccle.
2915 3001 2975 3046 ι).

2170 3076 2286 3128 Volo
2315 3080 2501 3127 autem
2524 3090 2613 3127 vos
2632 3078 2751 3128 sine
2780 3077 3159 3130 sollicitudine
3185 3092 3314 3141 esse,
3359 3076 3414 3129 id
3442 3081 3525 3130 est
3553 3075 3653 3129 sine

2085 3162 2266 3215 multa
2293 3166 2350 3215 et
2378 3163 2665 3231 superﬂua
2698 3178 2856 3231 cura,
2888 3179 3056 3233 quam
3078 3163 3288 3218 habent
3316 3164 3606 3235 conjugati.

2155 3253 2261 3317 Qui
2289 3267 2414 3302 cuni
2444 3266 2612 3303 umore
2641 3255 2738 3315 est,
2770 3252 2980 3303 divisus
3007 3256 3103 3316 est,
3134 3252 3405 3321 quoniam
3435 3269 3497 3306 ex
3515 3258 3651 3322 parte

2080 3339 2255 3393 servit
2280 3340 2526 3409 conjugi,
2558 3356 2622 3392 ex
2654 3345 2814 3409 parte
2833 3340 3097 3393 Domino.

2155 3430 2221 3481 Et
2250 3430 2457 3481 mulier
2483 3432 2724 3496 innupta
2752 3434 2801 3481 et
2817 3429 3146 3499 rirgo,quod
3169 3446 3346 3483 unum
3375 3431 3648 3497 estcogitat

2083 3521 2146 3569 ut
2173 3520 2245 3569 sit
2276 3522 2467 3570 sancta
2496 3532 2717 3583 corpore
2764 3524 2812 3568 et
2839 3520 3065 3584 spiritu,
3100 3518 3155 3571 id
3187 3525 3274 3572 est
3312 3525 3509 3572 mente.
3542 3518 3649 3571 Ideo

2082 3604 2321 3669 addidit,
2356 3611 2544 3658 mente
2591 3605 2705 3659 sive
2736 3605 2954 3676 spiritu,
2993 3607 3127 3676 quia
3171 3607 3362 3662 multa:
3402 3612 3526 3660 sunt
3550 3621 3650 3676 quae

2073 3692 2295 3746 habent
2323 3694 2707 3763 integritatem
2728 3695 2999 3764 corporis,
3022 3695 3120 3748 sed
3146 3712 3256 3749 non
3290 3702 3424 3749 sunt
3445 3694 3650 3764 virgines

2084 3787 2291 3845 mente,
2318 3781 2584 3851 quoniam
2611 3783 2657 3835 si
2681 3790 2929 3852 possent,
2952 3784 3073 3852 jam
3095 3784 3439 3853 nupsissent.

2152 3872 2272 3924 Haec
2300 3872 2371 3922 ad
2393 3874 2691 3924 utilitatem
2716 3876 2953 3924 restrain
2981 3873 3399 3941 dico,quoniam
3426 3877 3649 3925 sanctum

2082 3964 2175 4011 est
2202 3958 2350 4028 apud
2385 3958 2587 4023 Deum,
2619 3964 2676 4012 et
2694 3959 2812 4012 leve
2832 3959 2888 4013 in
2917 3959 3023 4013 hoc
3050 3960 3253 4013 saeculo
3276 3961 3333 4014 in
3366 3960 3650 4031 virginitate

2085 4036 2437 4117 permanere,
2472 4064 2582 4101 non
2612 4052 2675 4100 ut
2715 4051 2975 4116 laqueum
3003 4049 3150 4102 vobis
3177 4052 3455 4118 injiciam,
3489 4049 3541 4103 id
3561 4054 3649 4121 est.

2084 4135 2211 4190 ideo
2244 4136 2353 4189 ista
2381 4152 2494 4190 non
2514 4136 2668 4203 dico,
2704 4142 2768 4189 ut
2805 4141 3074 4191 aeternam
3116 4137 3485 4208 perditionem
3521 4135 3652 4189 vobis

2084 4224 2406 4291 immittam,
2442 4227 2533 4279 sed
2555 4227 2628 4279 ad
2658 4228 2717 4279 id
2745 4228 2889 4294 quod
2934 4228 3225 4280 honestum
3268 4234 3364 4292 est,
3415 4223 3652 4299 subaudis

2085 4331 2407 4384 provocans.
2433 4314 2827 4384 Virginitatem
2849 4331 3071 4369 servare
3096 4314 3399 4369 honestum
3420 4324 3517 4377 est,
3539 4326 3652 4382 ergo

2080 4414 2244 4452 omne
2289 4398 2589 4452 honestum
2622 4404 2898 4463 sanctum,
2938 4398 3177 4469 ideoque
3222 4399 3509 4469 virginitas
3540 4411 3652 4451 san-

2078 4495 2188 4553 cta,
2225 4488 2463 4541 honeste
2491 4492 2547 4541 et
2572 4487 2687 4541 Deo
2718 4493 2950 4558 accepta
2972 4493 3076 4541 est.

2129 4577 2194 4632 Si
2212 4580 2533 4646 quislautem
2559 4579 2830 4630 existimet
2852 4583 2909 4631 et
2927 4581 3091 4647 putat
3111 4581 3331 4644 turpem
3348 4593 3402 4630 se
3417 4570 3651 4630 uiderint)

2080 4665 2223 4733 aliis,
2254 4681 2421 4734 super
2443 4667 2661 4732 virgine
2687 4680 2808 4728 sua,
2844 4682 2902 4719 eo
2930 4667 3074 4733 quod
3110 4667 3185 4718 sit
3210 4665 3575 4733 supemdulta,
3603 4658 3651 4713 id

2079 4760 2167 4811 est
2179 4772 2245 4810 eo
2275 4754 2426 4825 quod
2457 4754 2526 4807 ad
2545 4752 2763 4808 nubiles
2789 4770 2967 4807 annos
2987 4754 3492 4825 perveneﬁt,timet
3516 4752 3651 4805 illam

2077 4844 2339 4899 fornicari
2372 4860 2499 4898 cum
2522 4844 2712 4913 aliquo
2740 4859 3030 4897 servorum
3068 4859 3325 4908 suorum,
3359 4860 3457 4898 nec
3491 4842 3651 4913 potest

2073 4933 2228 4988 illam
2253 4949 2476 4988 servare
2500 4932 2793 5003 virginem,
2822 4934 2980 5000 quod,
2996 4936 3111 4987 vult
3144 4934 3338 5000 faciat,
3369 4933 3425 4987 id
3450 4937 3529 4986 est
3552 4936 3649 4983 tra-

2075 5023 2174 5077 dat
2202 5023 2354 5077 illam
2387 5021 2846 5091 cuicunque-vult
2866 5041 2877 5074 :
2900 5038 3011 5077 non
3035 5027 3217 5089 peccat
3238 5022 3393 5093 virgo
3411 5025 3459 5076 si
3475 5020 3643 5079 nubat,

2077 5112 2124 5165 si
2151 5111 2463 5175 dormierit,
2498 5110 2554 5164 id
2585 5115 2673 5163 est
2700 5110 2745 5162 si
2785 5116 3039 5165 mortuus
3067 5110 3242 5166 fuerit
3271 5115 3361 5165 vir
3385 5114 3512 5179 ejus,
3557 5120 3645 5159 nu-

2079 5201 2406 5255 batmulier
2424 5199 2519 5253 cui
2549 5200 2920 5262 vult,tantum
2953 5200 3010 5254 in
3026 5200 3285 5266 Domino,
3308 5201 3363 5255 id
3386 5206 3483 5263 est,
3508 5190 3641 5249 ﬁdeli

2078 5307 2139 5345 se
2166 5291 2400 5344 misceat
2431 5289 2570 5344 viro.

2140 5384 2360 5437 Beatior
2387 5387 2577 5436 autem
2604 5385 2733 5448 erit,
2775 5384 2927 5436 sisic
2961 5383 3335 5450 permanserit
3367 5375 3636 5433 secundum

393 5475 445 5526 et
473 5471 572 5539 qui
597 5466 840 5534 gaudent
870 5468 1141 5531 tanquam
1170 5479 1284 5518 non
1300 5470 1618 5532 gaudentes.
1664 5471 1827 5526 Multi
1856 5477 1987 5526 sunt
2070 5488 2255 5526 meum
2288 5474 2614 5538 consilium,
2646 5471 2705 5525 id
2742 5476 2829 5526 est
2865 5471 2915 5525 si
2944 5472 2999 5526 in
3028 5470 3289 5527 castitate
3318 5465 3635 5541 etviduitate

394 5553 863 5632 quipaudentde
875 5552 1292 5626 temporalibus
1308 5559 1656 5629 commodis;
1690 5561 1796 5615 sed
1814 5563 1987 5633 quasi
2070 5561 2460 5636 peemanserit.
