  <div class='ocr_page' id='page_1' title='image "/cluster/home/n/w/nwhite01/storage/ocr_20150623/117/hvd.32044054759816/280.png"; bbox 0 0 3850 6168; ppageno 0'>
   <div class='ocr_carea' id='block_1_1' title="bbox 155 296 244 353">
    <p class='ocr_par' dir='ltr' id='par_1_1' title="bbox 155 296 244 353">
     <span class='ocr_line' id='line_1_1' title="bbox 155 296 244 353; baseline -0.011 0"><span class='ocrx_word' id='word_1_1' title='bbox 155 296 244 353; x_wconf 69' lang='grc'>549</span> 
     </span>
    </p>
   </div>
   <div class='ocr_carea' id='block_1_2' title="bbox 663 414 1087 468">
    <p class='ocr_par' dir='ltr' id='par_1_2' title="bbox 663 414 1087 468">
     <span class='ocr_line' id='line_1_2' title="bbox 663 414 1087 468; baseline 0.002 -1"><span class='ocrx_word' id='word_1_2' title='bbox 663 414 896 468; x_wconf 82' lang='lat' dir='ltr'>CAPUT</span> <span class='ocrx_word' id='word_1_3' title='bbox 932 414 1087 468; x_wconf 84' lang='lat' dir='ltr'>VIII.</span> 
     </span>
    </p>
   </div>
   <div class='ocr_carea' id='block_1_3' title="bbox 209 503 1681 572">
    <p class='ocr_par' dir='ltr' id='par_1_3' title="bbox 209 503 1681 572">
     <span class='ocr_line' id='line_1_3' title="bbox 209 503 1681 572; baseline -0.003 -9"><span class='ocrx_word' id='word_1_4' title='bbox 209 514 267 565; x_wconf 86' lang='lat' dir='ltr'>De</span> <span class='ocrx_word' id='word_1_5' title='bbox 291 510 363 560; x_wconf 85' lang='lat' dir='ltr'>his</span> <span class='ocrx_word' id='word_1_6' title='bbox 380 512 549 559; x_wconf 81' lang='lat' dir='ltr'>autem</span> <span class='ocrx_word' id='word_1_7' title='bbox 568 503 703 556; x_wconf 86' lang='lat' dir='ltr'>cibis</span> <span class='ocrx_word' id='word_1_8' title='bbox 733 510 788 556; x_wconf 89' lang='lat' dir='ltr'>et</span> <span class='ocrx_word' id='word_1_9' title='bbox 818 503 1170 572; x_wconf 66' lang='lat' dir='ltr'>potibusqua&#39;</span> <span class='ocrx_word' id='word_1_10' title='bbox 1200 506 1361 557; x_wconf 82' lang='lat' dir='ltr'>idolis</span> <span class='ocrx_word' id='word_1_11' title='bbox 1388 507 1681 558; x_wconf 85' lang='lat' dir='ltr'>immolan-</span> 
     </span>
    </p>
   </div>
   <div class='ocr_carea' id='block_1_4' title="bbox 149 591 1680 662">
    <p class='ocr_par' dir='ltr' id='par_1_4' title="bbox 149 591 1680 662">
     <span class='ocr_line' id='line_1_4' title="bbox 149 591 1680 662; baseline -0.005 -10"><span class='ocrx_word' id='word_1_12' title='bbox 149 608 240 662; x_wconf 84' lang='lat' dir='ltr'>tur,</span> <span class='ocrx_word' id='word_1_13' title='bbox 265 593 504 649; x_wconf 80' lang='lat' dir='ltr'>subaudis</span> <span class='ocrx_word' id='word_1_14' title='bbox 530 591 829 661; x_wconf 82' lang='lat' dir='ltr'>scripsistis</span> <span class='ocrx_word' id='word_1_15' title='bbox 862 592 1180 645; x_wconf 76' lang='lat' dir='ltr'>mihilnter</span> <span class='ocrx_word' id='word_1_16' title='bbox 1202 600 1404 646; x_wconf 78' lang='lat' dir='ltr'>caetera</span> <span class='ocrx_word' id='word_1_17' title='bbox 1434 609 1556 661; x_wconf 84' lang='lat' dir='ltr'>quae</span> <span class='ocrx_word' id='word_1_18' title='bbox 1573 592 1680 646; x_wconf 86' lang='lat' dir='ltr'>Co-</span> 
     </span>
    </p>
   </div>
   <div class='ocr_carea' id='block_1_5' title="bbox 146 680 1681 752">
    <p class='ocr_par' dir='ltr' id='par_1_5' title="bbox 146 680 1681 752">
     <span class='ocr_line' id='line_1_5' title="bbox 146 680 1681 752; baseline -0.005 -11"><span class='ocrx_word' id='word_1_19' title='bbox 146 682 555 752; x_wconf 85' lang='lat' dir='ltr'>rinthiiApostolo</span> <span class='ocrx_word' id='word_1_20' title='bbox 568 680 909 750; x_wconf 89' lang='lat' dir='ltr'>scripserunt</span> <span class='ocrx_word' id='word_1_21' title='bbox 925 697 1024 748; x_wconf 90' lang='lat' dir='ltr'>per</span> <span class='ocrx_word' id='word_1_22' title='bbox 1041 681 1342 750; x_wconf 85' lang='lat' dir='ltr'>Epistolam</span> <span class='ocrx_word' id='word_1_23' title='bbox 1355 721 1367 743; x_wconf 95' lang='lat'>,</span> <span class='ocrx_word' id='word_1_24' title='bbox 1388 681 1556 734; x_wconf 86' lang='lat' dir='ltr'>etiam</span> <span class='ocrx_word' id='word_1_25' title='bbox 1591 697 1681 734; x_wconf 81' lang='lat' dir='ltr'>su-</span> 
     </span>
    </p>
   </div>
   <div class='ocr_carea' id='block_1_6' title="bbox 144 769 1676 846">
    <p class='ocr_par' dir='ltr' id='par_1_6' title="bbox 144 769 1676 846">
     <span class='ocr_line' id='line_1_6' title="bbox 144 769 1676 846; baseline -0.003 -19"><span class='ocrx_word' id='word_1_26' title='bbox 144 792 224 846; x_wconf 87' lang='lat' dir='ltr'>per</span> <span class='ocrx_word' id='word_1_27' title='bbox 239 775 324 826; x_wconf 91' lang='lat' dir='ltr'>hoc</span> <span class='ocrx_word' id='word_1_28' title='bbox 341 771 669 839; x_wconf 88' lang='lat' dir='ltr'>scripserunt</span> <span class='ocrx_word' id='word_1_29' title='bbox 688 777 878 821; x_wconf 86' lang='lat' dir='ltr'>utrum</span> <span class='ocrx_word' id='word_1_30' title='bbox 896 769 1166 822; x_wconf 80' lang='lat' dir='ltr'>deberent</span> <span class='ocrx_word' id='word_1_31' title='bbox 1183 769 1372 822; x_wconf 83' lang='lat' dir='ltr'>omnia</span> <span class='ocrx_word' id='word_1_32' title='bbox 1382 770 1676 823; x_wconf 88' lang='lat' dir='ltr'>comedere</span> 
     </span>
    </p>
   </div>
   <div class='ocr_carea' id='block_1_7' title="bbox 143 857 1675 927">
    <p class='ocr_par' dir='ltr' id='par_1_7' title="bbox 143 857 1675 927">
     <span class='ocr_line' id='line_1_7' title="bbox 143 857 1675 927; baseline -0.007 -8"><span class='ocrx_word' id='word_1_33' title='bbox 143 880 299 925; x_wconf 83' lang='lat' dir='ltr'>necne,</span> <span class='ocrx_word' id='word_1_34' title='bbox 327 865 376 913; x_wconf 86' lang='lat' dir='ltr'>et</span> <span class='ocrx_word' id='word_1_35' title='bbox 397 865 574 914; x_wconf 86' lang='lat' dir='ltr'>utrum</span> <span class='ocrx_word' id='word_1_36' title='bbox 606 865 793 912; x_wconf 79' lang='lat' dir='ltr'>essent</span> <span class='ocrx_word' id='word_1_37' title='bbox 819 857 1007 911; x_wconf 80' lang='lat' dir='ltr'>omnia</span> <span class='ocrx_word' id='word_1_38' title='bbox 1039 858 1265 920; x_wconf 85' lang='lat' dir='ltr'>munda,</span> <span class='ocrx_word' id='word_1_39' title='bbox 1294 858 1424 926; x_wconf 78' lang='lat' dir='ltr'>quia</span> <span class='ocrx_word' id='word_1_40' title='bbox 1448 858 1675 927; x_wconf 80' lang='lat' dir='ltr'>quidam</span> 
     </span>
    </p>
   </div>
   <div class='ocr_carea' id='block_1_8' title="bbox 142 945 1680 1010">
    <p class='ocr_par' dir='ltr' id='par_1_8' title="bbox 142 945 1680 1010">
     <span class='ocr_line' id='line_1_8' title="bbox 142 945 1680 1010; baseline -0.005 -5"><span class='ocrx_word' id='word_1_41' title='bbox 142 948 604 1010; x_wconf 87' lang='lat' dir='ltr'>illorum,habentes</span> <span class='ocrx_word' id='word_1_42' title='bbox 620 945 909 999; x_wconf 79' lang='lat' dir='ltr'>scientiam</span> <span class='ocrx_word' id='word_1_43' title='bbox 939 951 1135 998; x_wconf 89' lang='lat' dir='ltr'>cuncta</span> <span class='ocrx_word' id='word_1_44' title='bbox 1152 962 1271 999; x_wconf 87' lang='lat' dir='ltr'>esse</span> <span class='ocrx_word' id='word_1_45' title='bbox 1294 963 1325 998; x_wconf 87' lang='lat' dir='ltr'>a</span> <span class='ocrx_word' id='word_1_46' title='bbox 1354 947 1467 998; x_wconf 87' lang='lat' dir='ltr'>Deo</span> <span class='ocrx_word' id='word_1_47' title='bbox 1491 952 1680 1000; x_wconf 81' lang='lat' dir='ltr'>creata</span> 
     </span>
    </p>
   </div>
   <div class='ocr_carea' id='block_1_9' title="bbox 143 1033 1677 1103">
    <p class='ocr_par' dir='ltr' id='par_1_9' title="bbox 143 1033 1677 1103">
     <span class='ocr_line' id='line_1_9' title="bbox 143 1033 1677 1103; baseline -0.005 -9"><span class='ocrx_word' id='word_1_48' title='bbox 143 1042 273 1097; x_wconf 79' lang='lat' dir='ltr'>bona.</span> <span class='ocrx_word' id='word_1_49' title='bbox 297 1035 688 1092; x_wconf 80' lang='lat' dir='ltr'>manducabant</span> <span class='ocrx_word' id='word_1_50' title='bbox 718 1035 774 1088; x_wconf 89' lang='lat' dir='ltr'>in</span> <span class='ocrx_word' id='word_1_51' title='bbox 806 1034 1029 1103; x_wconf 82' lang='lat' dir='ltr'>templis</span> <span class='ocrx_word' id='word_1_52' title='bbox 1059 1033 1421 1095; x_wconf 86' lang='lat' dir='ltr'>idolorum,et</span> <span class='ocrx_word' id='word_1_53' title='bbox 1440 1035 1677 1088; x_wconf 85' lang='lat' dir='ltr'>scanda-</span> 
     </span>
    </p>
   </div>
   <div class='ocr_carea' id='block_1_10' title="bbox 142 1121 1679 1192">
    <p class='ocr_par' dir='ltr' id='par_1_10' title="bbox 142 1121 1679 1192">
     <span class='ocr_line' id='line_1_10' title="bbox 142 1121 1679 1192; baseline -0.003 -11"><span class='ocrx_word' id='word_1_54' title='bbox 142 1127 338 1182; x_wconf 82' lang='lat' dir='ltr'>lizabant</span> <span class='ocrx_word' id='word_1_55' title='bbox 383 1123 740 1192; x_wconf 73' lang='lat' dir='ltr'>simpliciores</span> <span class='ocrx_word' id='word_1_56' title='bbox 796 1121 1018 1180; x_wconf 77' lang='lat' dir='ltr'>fratres,</span> <span class='ocrx_word' id='word_1_57' title='bbox 1067 1121 1162 1190; x_wconf 87' lang='lat' dir='ltr'>qui</span> <span class='ocrx_word' id='word_1_58' title='bbox 1207 1121 1505 1175; x_wconf 78' lang='lat' dir='ltr'>dicebant:</span> <span class='ocrx_word' id='word_1_59' title='bbox 1558 1123 1679 1176; x_wconf 72' lang='lat' dir='ltr'>Nisi</span> 
     </span>
    </p>
   </div>
   <div class='ocr_carea' id='block_1_11' title="bbox 140 1209 1676 1284">
    <p class='ocr_par' dir='ltr' id='par_1_11' title="bbox 140 1209 1676 1284">
     <span class='ocr_line' id='line_1_11' title="bbox 140 1209 1676 1284; baseline -0.003 -16"><span class='ocrx_word' id='word_1_60' title='bbox 140 1216 238 1278; x_wconf 82' lang='lat' dir='ltr'>istc,</span> <span class='ocrx_word' id='word_1_61' title='bbox 266 1213 348 1284; x_wconf 85' lang='lat' dir='ltr'>qui</span> <span class='ocrx_word' id='word_1_62' title='bbox 375 1211 594 1282; x_wconf 80' lang='lat' dir='ltr'>majoris</span> <span class='ocrx_word' id='word_1_63' title='bbox 620 1209 865 1265; x_wconf 70' lang='lat' dir='ltr'>scientiae</span> <span class='ocrx_word' id='word_1_64' title='bbox 891 1219 976 1263; x_wconf 90' lang='lat' dir='ltr'>est</span> <span class='ocrx_word' id='word_1_65' title='bbox 1005 1226 1172 1279; x_wconf 90' lang='lat' dir='ltr'>quam</span> <span class='ocrx_word' id='word_1_66' title='bbox 1203 1226 1325 1278; x_wconf 83' lang='lat' dir='ltr'>ego,</span> <span class='ocrx_word' id='word_1_67' title='bbox 1360 1212 1531 1264; x_wconf 85' lang='lat' dir='ltr'>sciret</span> <span class='ocrx_word' id='word_1_68' title='bbox 1579 1211 1676 1265; x_wconf 89' lang='lat' dir='ltr'>ali-</span> 
     </span>
    </p>
   </div>
   <div class='ocr_carea' id='block_1_12' title="bbox 142 1298 1674 1373">
    <p class='ocr_par' dir='ltr' id='par_1_12' title="bbox 142 1298 1674 1373">
     <span class='ocr_line' id='line_1_12' title="bbox 142 1298 1674 1373; baseline -0.003 -15"><span class='ocrx_word' id='word_1_69' title='bbox 142 1303 245 1373; x_wconf 83' lang='lat' dir='ltr'>quid</span> <span class='ocrx_word' id='word_1_70' title='bbox 271 1301 494 1356; x_wconf 87' lang='lat' dir='ltr'>numinis</span> <span class='ocrx_word' id='word_1_71' title='bbox 525 1307 583 1354; x_wconf 86' lang='lat' dir='ltr'>et</span> <span class='ocrx_word' id='word_1_72' title='bbox 604 1299 829 1356; x_wconf 86' lang='lat' dir='ltr'>deitatis</span> <span class='ocrx_word' id='word_1_73' title='bbox 859 1315 979 1352; x_wconf 88' lang='lat' dir='ltr'>esse</span> <span class='ocrx_word' id='word_1_74' title='bbox 1009 1298 1065 1352; x_wconf 90' lang='lat' dir='ltr'>in</span> <span class='ocrx_word' id='word_1_75' title='bbox 1088 1299 1190 1352; x_wconf 87' lang='lat' dir='ltr'>hoc</span> <span class='ocrx_word' id='word_1_76' title='bbox 1215 1299 1363 1354; x_wconf 92' lang='lat' dir='ltr'>idolo</span> <span class='ocrx_word' id='word_1_77' title='bbox 1397 1305 1452 1353; x_wconf 82' lang='lat' dir='ltr'>et</span> <span class='ocrx_word' id='word_1_78' title='bbox 1481 1300 1536 1353; x_wconf 91' lang='lat' dir='ltr'>in</span> <span class='ocrx_word' id='word_1_79' title='bbox 1558 1317 1674 1354; x_wconf 84' lang='lat' dir='ltr'>car-</span> 
     </span>
    </p>
   </div>
   <div class='ocr_carea' id='block_1_13' title="bbox 137 1386 1675 1462">
    <p class='ocr_par' dir='ltr' id='par_1_13' title="bbox 137 1386 1675 1462">
     <span class='ocr_line' id='line_1_13' title="bbox 137 1386 1675 1462; baseline -0.001 -16"><span class='ocrx_word' id='word_1_80' title='bbox 137 1392 266 1446; x_wconf 80' lang='lat' dir='ltr'>nibus</span> <span class='ocrx_word' id='word_1_81' title='bbox 291 1390 335 1443; x_wconf 86' lang='lat' dir='ltr'>ei</span> <span class='ocrx_word' id='word_1_82' title='bbox 360 1388 708 1449; x_wconf 80' lang='lat' dir='ltr'>consecratis,</span> <span class='ocrx_word' id='word_1_83' title='bbox 733 1403 1090 1458; x_wconf 70' lang='lat' dir='ltr'>nequaquam</span> <span class='ocrx_word' id='word_1_84' title='bbox 1119 1386 1175 1439; x_wconf 90' lang='lat' dir='ltr'>in</span> <span class='ocrx_word' id='word_1_85' title='bbox 1217 1387 1382 1462; x_wconf 80' lang='lat' dir='ltr'>idolo,</span> <span class='ocrx_word' id='word_1_86' title='bbox 1417 1387 1471 1442; x_wconf 92' lang='lat' dir='ltr'>id</span> <span class='ocrx_word' id='word_1_87' title='bbox 1504 1395 1588 1441; x_wconf 89' lang='lat' dir='ltr'>est</span> <span class='ocrx_word' id='word_1_88' title='bbox 1619 1388 1675 1444; x_wconf 86' lang='lat' dir='ltr'>in</span> 
     </span>
    </p>
   </div>
   <div class='ocr_carea' id='block_1_14' title="bbox 137 1475 1674 1546">
    <p class='ocr_par' dir='ltr' id='par_1_14' title="bbox 137 1475 1674 1546">
     <span class='ocr_line' id='line_1_14' title="bbox 137 1475 1674 1546; baseline -0.003 -12"><span class='ocrx_word' id='word_1_89' title='bbox 137 1479 307 1545; x_wconf 88' lang='lat' dir='ltr'>templo</span> <span class='ocrx_word' id='word_1_90' title='bbox 333 1477 482 1532; x_wconf 81' lang='lat' dir='ltr'>idolis</span> <span class='ocrx_word' id='word_1_91' title='bbox 511 1483 832 1530; x_wconf 84' lang='lat' dir='ltr'>consecrato</span> <span class='ocrx_word' id='word_1_92' title='bbox 872 1475 1142 1540; x_wconf 80' lang='lat' dir='ltr'>residens,</span> <span class='ocrx_word' id='word_1_93' title='bbox 1176 1493 1371 1529; x_wconf 87' lang='lat' dir='ltr'>carnes</span> <span class='ocrx_word' id='word_1_94' title='bbox 1423 1477 1674 1546; x_wconf 88' lang='lat' dir='ltr'>aliosque</span> 
     </span>
    </p>
   </div>
   <div class='ocr_carea' id='block_1_15' title="bbox 735 285 2700 357">
    <p class='ocr_par' dir='ltr' id='par_1_15' title="bbox 735 285 2700 357">
     <span class='ocr_line' id='line_1_15' title="bbox 735 285 2700 357; baseline 0.001 -14"><span class='ocrx_word' id='word_1_95' title='bbox 735 288 1116 344; x_wconf 76' lang='lat' dir='ltr'>EXPOSITIO</span> <span class='ocrx_word' id='word_1_96' title='bbox 1155 289 1234 344; x_wconf 88' lang='lat' dir='ltr'>IN</span> <span class='ocrx_word' id='word_1_97' title='bbox 1271 289 1425 346; x_wconf 85' lang='lat' dir='ltr'>EPP.</span> <span class='ocrx_word' id='word_1_98' title='bbox 1466 289 1525 344; x_wconf 86' lang='lat' dir='ltr'>S.</span> <span class='ocrx_word' id='word_1_99' title='bbox 1573 287 1810 344; x_wconf 82' lang='lat' dir='ltr'>PAULI.</span> <span class='ocrx_word' id='word_1_100' title='bbox 1849 313 1922 338; x_wconf 81' lang='grc' dir='ltr'>-ι-</span> <span class='ocrx_word' id='word_1_101' title='bbox 1957 287 2036 351; x_wconf 81' lang='grc' dir='ltr'>ΙΝ</span> <span class='ocrx_word' id='word_1_102' title='bbox 2073 287 2296 357; x_wconf 67' lang='lat' dir='ltr'>EPIST.</span> <span class='ocrx_word' id='word_1_103' title='bbox 2336 289 2361 351; x_wconf 77' lang='grc' dir='ltr'><strong>Ι</strong></span> <span class='ocrx_word' id='word_1_104' title='bbox 2399 289 2497 348; x_wconf 75' lang='lat' dir='ltr'>AD</span> <span class='ocrx_word' id='word_1_105' title='bbox 2531 285 2700 352; x_wconf 69' lang='lat'>008.</span> 
     </span>
    </p>
   </div>
   <div class='ocr_carea' id='block_1_16' title="bbox 3256 289 3363 370">
    <p class='ocr_par' dir='ltr' id='par_1_16' title="bbox 3256 289 3363 370">
     <span class='ocr_line' id='line_1_16' title="bbox 3256 289 3363 370; baseline 0 -2"><span class='ocrx_word' id='word_1_106' title='bbox 3256 289 3363 370; x_wconf 67' lang='lat'>559.</span> 
     </span>
    </p>
   </div>
   <div class='ocr_carea' id='block_1_17' title="bbox 1701 411 3362 490">
    <p class='ocr_par' dir='ltr' id='par_1_17' title="bbox 1701 411 3362 490">
     <span class='ocr_line' id='line_1_17' title="bbox 1701 411 3362 490; baseline 0.004 -28"><span class='ocrx_word' id='word_1_107' title='bbox 1701 411 1753 476; x_wconf 69' lang='grc' dir='ltr'>Α</span> <span class='ocrx_word' id='word_1_108' title='bbox 1770 411 1873 464; x_wconf 90' lang='lat' dir='ltr'>hoc</span> <span class='ocrx_word' id='word_1_109' title='bbox 1896 411 2067 466; x_wconf 86' lang='lat' dir='ltr'>etiam</span> <span class='ocrx_word' id='word_1_110' title='bbox 2093 411 2348 470; x_wconf 84' lang='lat' dir='ltr'>homines</span> <span class='ocrx_word' id='word_1_111' title='bbox 2369 412 2518 466; x_wconf 87' lang='lat' dir='ltr'>idola</span> <span class='ocrx_word' id='word_1_112' title='bbox 2543 413 2790 468; x_wconf 89' lang='lat' dir='ltr'>colentes</span> <span class='ocrx_word' id='word_1_113' title='bbox 2833 413 2972 470; x_wconf 79' lang='lat' dir='ltr'>nihil</span> <span class='ocrx_word' id='word_1_114' title='bbox 3018 421 3170 482; x_wconf 72' lang='lat' dir='ltr'>sunt,</span> <span class='ocrx_word' id='word_1_115' title='bbox 3228 419 3362 490; x_wconf 70' lang='lat' dir='ltr'>quia</span> 
     </span>
    </p>
   </div>
   <div class='ocr_carea' id='block_1_18' title="bbox 1761 499 3363 574">
    <p class='ocr_par' dir='ltr' id='par_1_18' title="bbox 1761 499 3363 574">
     <span class='ocr_line' id='line_1_18' title="bbox 1761 499 3363 574; baseline 0.006 -23"><span class='ocrx_word' id='word_1_116' title='bbox 1761 499 1942 552; x_wconf 90' lang='lat' dir='ltr'>omnis</span> <span class='ocrx_word' id='word_1_117' title='bbox 1968 506 2224 553; x_wconf 77' lang='lat' dir='ltr'>creatura</span> <span class='ocrx_word' id='word_1_118' title='bbox 2255 517 2377 570; x_wconf 83' lang='lat' dir='ltr'>quae</span> <span class='ocrx_word' id='word_1_119' title='bbox 2403 517 2515 554; x_wconf 90' lang='lat' dir='ltr'>non</span> <span class='ocrx_word' id='word_1_120' title='bbox 2545 502 2792 555; x_wconf 67' lang='lat' dir='ltr'>adhaeret</span> <span class='ocrx_word' id='word_1_121' title='bbox 2822 503 2872 554; x_wconf 88' lang='lat' dir='ltr'>ei</span> <span class='ocrx_word' id='word_1_122' title='bbox 2903 503 2998 572; x_wconf 91' lang='lat' dir='ltr'>qui</span> <span class='ocrx_word' id='word_1_123' title='bbox 3024 521 3245 574; x_wconf 85' lang='lat' dir='ltr'>semper</span> <span class='ocrx_word' id='word_1_124' title='bbox 3265 506 3363 569; x_wconf 77' lang='lat' dir='ltr'>ha-</span> 
     </span>
    </p>
   </div>
   <div class='ocr_carea' id='block_1_19' title="bbox 1761 587 3360 666">
    <p class='ocr_par' dir='ltr' id='par_1_19' title="bbox 1761 587 3360 666">
     <span class='ocr_line' id='line_1_19' title="bbox 1761 587 3360 666; baseline 0.004 -26"><span class='ocrx_word' id='word_1_125' title='bbox 1761 587 1854 640; x_wconf 88' lang='lat' dir='ltr'>bet</span> <span class='ocrx_word' id='word_1_126' title='bbox 1882 605 2022 653; x_wconf 87' lang='lat' dir='ltr'>esse,</span> <span class='ocrx_word' id='word_1_127' title='bbox 2051 589 2188 642; x_wconf 87' lang='lat' dir='ltr'>nihil</span> <span class='ocrx_word' id='word_1_128' title='bbox 2221 596 2302 642; x_wconf 83' lang='lat' dir='ltr'>est</span> <span class='ocrx_word' id='word_1_129' title='bbox 2325 590 2470 642; x_wconf 89' lang='lat' dir='ltr'>sicut</span> <span class='ocrx_word' id='word_1_130' title='bbox 2495 591 2770 660; x_wconf 80' lang='lat' dir='ltr'>propheta</span> <span class='ocrx_word' id='word_1_131' title='bbox 2798 591 2933 644; x_wconf 87' lang='lat' dir='ltr'>dicit</span> <span class='ocrx_word' id='word_1_132' title='bbox 2964 615 2976 648; x_wconf 87' lang='lat'><strong>:</strong></span> <span class='ocrx_word' id='word_1_133' title='bbox 3013 593 3207 647; x_wconf 82' lang='lat' dir='ltr'>Omnes</span> <span class='ocrx_word' id='word_1_134' title='bbox 3225 611 3360 666; x_wconf 79' lang='lat' dir='ltr'>gen-</span> 
     </span>
    </p>
   </div>
   <div class='ocr_carea' id='block_1_20' title="bbox 1763 679 3362 756">
    <p class='ocr_par' dir='ltr' id='par_1_20' title="bbox 1763 679 3362 756">
     <span class='ocr_line' id='line_1_20' title="bbox 1763 679 3362 756; baseline 0.007 -29"><span class='ocrx_word' id='word_1_135' title='bbox 1763 681 1834 729; x_wconf 88' lang='lat' dir='ltr'>tes</span> <span class='ocrx_word' id='word_1_136' title='bbox 1866 679 2012 730; x_wconf 80' lang='lat' dir='ltr'>idola</span> <span class='ocrx_word' id='word_1_137' title='bbox 2043 680 2374 740; x_wconf 73' lang='lat' dir='ltr'>rolcntes,sic</span> <span class='ocrx_word' id='word_1_138' title='bbox 2401 684 2530 732; x_wconf 87' lang='lat' dir='ltr'>sunt</span> <span class='ocrx_word' id='word_1_139' title='bbox 2553 683 2715 747; x_wconf 84' lang='lat' dir='ltr'>quasi</span> <span class='ocrx_word' id='word_1_140' title='bbox 2741 696 2852 736; x_wconf 79' lang='lat' dir='ltr'>non</span> <span class='ocrx_word' id='word_1_141' title='bbox 2874 683 3062 744; x_wconf 82' lang='lat' dir='ltr'>sint,et</span> <span class='ocrx_word' id='word_1_142' title='bbox 3082 685 3243 750; x_wconf 85' lang='lat' dir='ltr'>quasi</span> <span class='ocrx_word' id='word_1_143' title='bbox 3268 687 3362 756; x_wconf 49' lang='lat' dir='ltr'>ui;</span> 
     </span>
    </p>
   </div>
   <div class='ocr_carea' id='block_1_21' title="bbox 1763 766 3361 844">
    <p class='ocr_par' dir='ltr' id='par_1_21' title="bbox 1763 766 3361 844">
     <span class='ocr_line' id='line_1_21' title="bbox 1763 766 3361 844; baseline 0.008 -29"><span class='ocrx_word' id='word_1_144' title='bbox 1763 766 1862 827; x_wconf 83' lang='lat' dir='ltr'>hit,</span> <span class='ocrx_word' id='word_1_145' title='bbox 1892 772 1942 818; x_wconf 86' lang='lat' dir='ltr'>et</span> <span class='ocrx_word' id='word_1_146' title='bbox 1975 770 2140 819; x_wconf 83' lang='lat' dir='ltr'>inane</span> <span class='ocrx_word' id='word_1_147' title='bbox 2165 772 2424 833; x_wconf 59' lang='lat' dir='ltr'>reputatae</span> <span class='ocrx_word' id='word_1_148' title='bbox 2449 774 2577 821; x_wconf 86' lang='lat' dir='ltr'>sunt</span> <span class='ocrx_word' id='word_1_149' title='bbox 2599 771 2649 820; x_wconf 83' lang='lat' dir='ltr'>ei</span> <span class='ocrx_word' id='word_1_150' title='bbox 2668 768 2800 838; x_wconf 88' lang='lat' dir='ltr'>(Isa.</span> <span class='ocrx_word' id='word_1_151' title='bbox 2825 772 2938 835; x_wconf 80' lang='lat' dir='ltr'>XL).</span> <span class='ocrx_word' id='word_1_152' title='bbox 2963 770 3118 823; x_wconf 88' lang='lat' dir='ltr'>ldola</span> <span class='ocrx_word' id='word_1_153' title='bbox 3140 787 3361 844; x_wconf 73' lang='lat' dir='ltr'>quoque</span> 
     </span>
    </p>
   </div>
   <div class='ocr_carea' id='block_1_22' title="bbox 1760 855 3360 927">
    <p class='ocr_par' dir='ltr' id='par_1_22' title="bbox 1760 855 3360 927">
     <span class='ocr_line' id='line_1_22' title="bbox 1760 855 3360 927; baseline 0.006 -22"><span class='ocrx_word' id='word_1_154' title='bbox 1760 860 2056 922; x_wconf 77' lang='lat' dir='ltr'>propterea</span> <span class='ocrx_word' id='word_1_155' title='bbox 2079 855 2213 908; x_wconf 86' lang='lat' dir='ltr'>nihil</span> <span class='ocrx_word' id='word_1_156' title='bbox 2247 862 2397 916; x_wconf 80' lang='lat' dir='ltr'>sunt,</span> <span class='ocrx_word' id='word_1_157' title='bbox 2423 856 2554 925; x_wconf 90' lang='lat' dir='ltr'>quia</span> <span class='ocrx_word' id='word_1_158' title='bbox 2583 856 2715 910; x_wconf 81' lang='lat' dir='ltr'>facit</span> <span class='ocrx_word' id='word_1_159' title='bbox 2750 857 2918 910; x_wconf 87' lang='lat' dir='ltr'>homo</span> <span class='ocrx_word' id='word_1_160' title='bbox 2972 857 3212 927; x_wconf 82' lang='lat' dir='ltr'>formam</span> <span class='ocrx_word' id='word_1_161' title='bbox 3257 861 3360 916; x_wconf 83' lang='lat' dir='ltr'>ha-</span> 
     </span>
    </p>
   </div>
   <div class='ocr_carea' id='block_1_23' title="bbox 1759 940 3359 1019">
    <p class='ocr_par' dir='ltr' id='par_1_23' title="bbox 1759 940 3359 1019">
     <span class='ocr_line' id='line_1_23' title="bbox 1759 940 3359 1019; baseline 0.008 -27"><span class='ocrx_word' id='word_1_162' title='bbox 1759 940 1982 996; x_wconf 89' lang='lat' dir='ltr'>bentem</span> <span class='ocrx_word' id='word_1_163' title='bbox 2024 948 2191 1012; x_wconf 79' lang='lat' dir='ltr'>caput</span> <span class='ocrx_word' id='word_1_164' title='bbox 2211 944 2453 998; x_wconf 83' lang='lat' dir='ltr'>hominis</span> <span class='ocrx_word' id='word_1_165' title='bbox 2481 962 2544 1004; x_wconf 82' lang='lat' dir='ltr'>ex</span> <span class='ocrx_word' id='word_1_166' title='bbox 2581 961 2696 1008; x_wconf 84' lang='lat' dir='ltr'>una</span> <span class='ocrx_word' id='word_1_167' title='bbox 2726 951 2904 1014; x_wconf 83' lang='lat' dir='ltr'>parte,</span> <span class='ocrx_word' id='word_1_168' title='bbox 2931 953 3098 1019; x_wconf 83' lang='lat' dir='ltr'>caput</span> <span class='ocrx_word' id='word_1_169' title='bbox 3121 946 3271 1008; x_wconf 84' lang='lat' dir='ltr'>bovis</span> <span class='ocrx_word' id='word_1_170' title='bbox 3294 964 3359 1016; x_wconf 72' lang='lat' dir='ltr'>ex</span> 
     </span>
    </p>
   </div>
   <div class='ocr_carea' id='block_1_24' title="bbox 1761 1029 3359 1110">
    <p class='ocr_par' dir='ltr' id='par_1_24' title="bbox 1761 1029 3359 1110">
     <span class='ocr_line' id='line_1_24' title="bbox 1761 1029 3359 1110; baseline 0.005 -28"><span class='ocrx_word' id='word_1_171' title='bbox 1761 1029 1871 1086; x_wconf 87' lang='lat' dir='ltr'>alia</span> <span class='ocrx_word' id='word_1_172' title='bbox 1892 1036 2068 1098; x_wconf 88' lang='lat' dir='ltr'>parte,</span> <span class='ocrx_word' id='word_1_173' title='bbox 2100 1037 2270 1101; x_wconf 85' lang='lat' dir='ltr'>caput</span> <span class='ocrx_word' id='word_1_174' title='bbox 2295 1031 2472 1092; x_wconf 78' lang='lat' dir='ltr'>leonis</span> <span class='ocrx_word' id='word_1_175' title='bbox 2494 1049 2557 1096; x_wconf 71' lang='lat' dir='ltr'>ex</span> <span class='ocrx_word' id='word_1_176' title='bbox 2587 1033 2957 1104; x_wconf 79' lang='lat' dir='ltr'>tertia,c_aput</span> <span class='ocrx_word' id='word_1_177' title='bbox 2975 1035 3359 1110; x_wconf 68' lang='lat' dir='ltr'>aquilaequur;</span> 
     </span>
    </p>
   </div>
   <div class='ocr_carea' id='block_1_25' title="bbox 1762 1118 3357 1196">
    <p class='ocr_par' dir='ltr' id='par_1_25' title="bbox 1762 1118 3357 1196">
     <span class='ocr_line' id='line_1_25' title="bbox 1762 1118 3357 1196; baseline 0.005 -27"><span class='ocrx_word' id='word_1_178' title='bbox 1762 1127 1839 1182; x_wconf 84' lang='lat' dir='ltr'>ta,</span> <span class='ocrx_word' id='word_1_179' title='bbox 1871 1118 2149 1187; x_wconf 89' lang='lat' dir='ltr'>reliquum</span> <span class='ocrx_word' id='word_1_180' title='bbox 2176 1136 2378 1188; x_wconf 89' lang='lat' dir='ltr'>corpus</span> <span class='ocrx_word' id='word_1_181' title='bbox 2430 1122 2834 1190; x_wconf 82' lang='lat' dir='ltr'>serpentinum,</span> <span class='ocrx_word' id='word_1_182' title='bbox 2877 1123 3050 1194; x_wconf 79' lang='lat' dir='ltr'>pedes</span> <span class='ocrx_word' id='word_1_183' title='bbox 3099 1125 3357 1196; x_wconf 66' lang='lat' dir='ltr'>equinos,</span> 
     </span>
    </p>
   </div>
   <div class='ocr_carea' id='block_1_26' title="bbox 1763 1203 3358 1288">
    <p class='ocr_par' dir='ltr' id='par_1_26' title="bbox 1763 1203 3358 1288">
     <span class='ocr_line' id='line_1_26' title="bbox 1763 1203 3358 1288; baseline 0.005 -29"><span class='ocrx_word' id='word_1_184' title='bbox 1763 1206 1908 1275; x_wconf 90' lang='lat' dir='ltr'>quod</span> <span class='ocrx_word' id='word_1_185' title='bbox 1938 1206 2076 1260; x_wconf 87' lang='lat' dir='ltr'>nihil</span> <span class='ocrx_word' id='word_1_186' title='bbox 2097 1215 2202 1271; x_wconf 81' lang='lat' dir='ltr'>est,</span> <span class='ocrx_word' id='word_1_187' title='bbox 2232 1207 2364 1276; x_wconf 83' lang='lat' dir='ltr'>quia</span> <span class='ocrx_word' id='word_1_188' title='bbox 2390 1208 2540 1262; x_wconf 84' lang='lat' dir='ltr'>Deus</span> <span class='ocrx_word' id='word_1_189' title='bbox 2562 1209 2810 1280; x_wconf 74' lang='lat' dir='ltr'>aliquam</span> <span class='ocrx_word' id='word_1_190' title='bbox 2838 1203 3156 1276; x_wconf 58' lang='lat' dir='ltr'>creaturam</span> 
     </span>
    </p>
   </div>
   <div class='ocr_carea' id='block_1_27' title="bbox 1757 1294 2037 1352">
    <p class='ocr_par' dir='ltr' id='par_1_27' title="bbox 1757 1294 2037 1352">
     <span class='ocr_line' id='line_1_27' title="bbox 1757 1294 2037 1352; baseline -0.007 -2"><span class='ocrx_word' id='word_1_191' title='bbox 1757 1310 1868 1350; x_wconf 88' lang='lat' dir='ltr'>non</span> <span class='ocrx_word' id='word_1_192' title='bbox 1888 1294 2037 1352; x_wconf 80' lang='lat' dir='ltr'>fecit.</span> 
     </span>
    </p>
   </div>
   <div class='ocr_carea' id='block_1_28' title="bbox 1827 1387 3355 1463">
    <p class='ocr_par' dir='ltr' id='par_1_28' title="bbox 1827 1387 3355 1463">
     <span class='ocr_line' id='line_1_28' title="bbox 1827 1387 3355 1463; baseline 0.006 -26"><span class='ocrx_word' id='word_1_193' title='bbox 1827 1387 1971 1438; x_wconf 61' lang='lat' dir='ltr'>Nam</span> <span class='ocrx_word' id='word_1_194' title='bbox 1994 1389 2096 1438; x_wconf 97' lang='lat' dir='ltr'>etsi</span> <span class='ocrx_word' id='word_1_195' title='bbox 2120 1391 2250 1440; x_wconf 86' lang='lat' dir='ltr'>sunt</span> <span class='ocrx_word' id='word_1_196' title='bbox 2277 1389 2376 1452; x_wconf 84' lang='lat' dir='ltr'>qui</span> <span class='ocrx_word' id='word_1_197' title='bbox 2396 1391 2666 1446; x_wconf 72' lang='lat' dir='ltr'>vocantur</span> <span class='ocrx_word' id='word_1_198' title='bbox 2696 1404 2728 1439; x_wconf 90' lang='lat' dir='ltr'>a</span> <span class='ocrx_word' id='word_1_199' title='bbox 2751 1389 2983 1458; x_wconf 75' lang='lat' dir='ltr'>paganis</span> <span class='ocrx_word' id='word_1_200' title='bbox 3005 1391 3088 1442; x_wconf 84' lang='lat' dir='ltr'>dii</span> <span class='ocrx_word' id='word_1_201' title='bbox 3109 1393 3171 1446; x_wconf 73' lang='lat' dir='ltr'>in</span> <span class='ocrx_word' id='word_1_202' title='bbox 3198 1394 3355 1463; x_wconf 73' lang='lat' dir='ltr'>ecula,</span> 
     </span>
    </p>
   </div>
   <div class='ocr_carea' id='block_1_29' title="bbox 1759 1473 3361 1551">
    <p class='ocr_par' dir='ltr' id='par_1_29' title="bbox 1759 1473 3361 1551">
     <span class='ocr_line' id='line_1_29' title="bbox 1759 1473 3361 1551; baseline 0.004 -25"><span class='ocrx_word' id='word_1_203' title='bbox 1759 1478 1823 1526; x_wconf 85' lang='lat' dir='ltr'>ut</span> <span class='ocrx_word' id='word_1_204' title='bbox 1841 1473 2134 1538; x_wconf 87' lang='lat' dir='ltr'>Saturnus,</span> <span class='ocrx_word' id='word_1_205' title='bbox 2159 1474 2397 1543; x_wconf 80' lang='lat' dir='ltr'>Jupiter,</span> <span class='ocrx_word' id='word_1_206' title='bbox 2448 1476 2778 1542; x_wconf 82' lang='lat' dir='ltr'>Mercuri-us,</span> <span class='ocrx_word' id='word_1_207' title='bbox 2811 1484 2908 1530; x_wconf 85' lang='lat' dir='ltr'>aut</span> <span class='ocrx_word' id='word_1_208' title='bbox 2933 1485 3083 1548; x_wconf 71' lang='lat' dir='ltr'>certe</span> <span class='ocrx_word' id='word_1_209' title='bbox 3132 1496 3166 1548; x_wconf 62' lang='grc' dir='ltr'>ξ</span> <span class='ocrx_word' id='word_1_210' title='bbox 3195 1479 3361 1551; x_wconf 49' lang='lat' dir='ltr'>Curi:</span> 
     </span>
    </p>
   </div>
   <div class='ocr_carea' id='block_1_30' title="bbox 136 1562 3361 1636">
    <p class='ocr_par' dir='ltr' id='par_1_30' title="bbox 136 1562 3361 1636">
     <span class='ocr_line' id='line_1_30' title="bbox 136 1562 3361 1636; baseline 0.001 -14"><span class='ocrx_word' id='word_1_211' title='bbox 136 1568 270 1632; x_wconf 90' lang='lat' dir='ltr'>cibos,</span> <span class='ocrx_word' id='word_1_212' title='bbox 300 1572 350 1619; x_wconf 85' lang='lat' dir='ltr'>et</span> <span class='ocrx_word' id='word_1_213' title='bbox 375 1566 429 1620; x_wconf 89' lang='lat' dir='ltr'>in</span> <span class='ocrx_word' id='word_1_214' title='bbox 466 1566 650 1620; x_wconf 83' lang='lat' dir='ltr'>vinum</span> <span class='ocrx_word' id='word_1_215' title='bbox 680 1565 843 1618; x_wconf 89' lang='lat' dir='ltr'>idolis</span> <span class='ocrx_word' id='word_1_216' title='bbox 865 1570 1252 1619; x_wconf 85' lang='lat' dir='ltr'>consecratum</span> <span class='ocrx_word' id='word_1_217' title='bbox 1283 1572 1553 1622; x_wconf 89' lang='lat' dir='ltr'>sumeret.</span> <span class='ocrx_word' id='word_1_218' title='bbox 1595 1566 1674 1622; x_wconf 89' lang='lat' dir='ltr'>De</span> <span class='ocrx_word' id='word_1_219' title='bbox 1759 1562 1956 1616; x_wconf 88' lang='lat' dir='ltr'>stianis</span> <span class='ocrx_word' id='word_1_220' title='bbox 1984 1567 2046 1621; x_wconf 80' lang='lat' dir='ltr'>ut</span> <span class='ocrx_word' id='word_1_221' title='bbox 2075 1563 2260 1631; x_wconf 79' lang='lat' dir='ltr'>angeli</span> <span class='ocrx_word' id='word_1_222' title='bbox 2291 1569 2350 1616; x_wconf 90' lang='lat' dir='ltr'>et</span> <span class='ocrx_word' id='word_1_223' title='bbox 2375 1565 2553 1618; x_wconf 85' lang='lat' dir='ltr'>sancti</span> <span class='ocrx_word' id='word_1_224' title='bbox 2578 1567 2974 1636; x_wconf 83' lang='lat' dir='ltr'>nuncupative,</span> <span class='ocrx_word' id='word_1_225' title='bbox 3009 1573 3066 1620; x_wconf 87' lang='lat' dir='ltr'>et</span> <span class='ocrx_word' id='word_1_226' title='bbox 3094 1584 3208 1623; x_wconf 85' lang='lat' dir='ltr'>non</span> <span class='ocrx_word' id='word_1_227' title='bbox 3233 1568 3361 1628; x_wconf 84' lang='lat' dir='ltr'>sub..-</span> 
     </span>
    </p>
   </div>
   <div class='ocr_carea' id='block_1_31' title="bbox 135 1651 3357 1730">
    <p class='ocr_par' dir='ltr' id='par_1_31' title="bbox 135 1651 3357 1730">
     <span class='ocr_line' id='line_1_31' title="bbox 135 1651 3357 1730; baseline 0 -21"><span class='ocrx_word' id='word_1_228' title='bbox 135 1656 213 1709; x_wconf 87' lang='lat' dir='ltr'>hoc</span> <span class='ocrx_word' id='word_1_229' title='bbox 242 1653 404 1708; x_wconf 81' lang='lat' dir='ltr'>multa</span> <span class='ocrx_word' id='word_1_230' title='bbox 427 1653 676 1707; x_wconf 87' lang='lat' dir='ltr'>dicturus</span> <span class='ocrx_word' id='word_1_231' title='bbox 703 1659 790 1706; x_wconf 89' lang='lat' dir='ltr'>est</span> <span class='ocrx_word' id='word_1_232' title='bbox 812 1653 901 1705; x_wconf 91' lang='lat' dir='ltr'>hic</span> <span class='ocrx_word' id='word_1_233' title='bbox 936 1652 1261 1721; x_wconf 77' lang='lat' dir='ltr'>Apostolus.</span> <span class='ocrx_word' id='word_1_234' title='bbox 1279 1653 1510 1706; x_wconf 65' lang='grc' dir='ltr'>ςὸἐιήιυς</span> <span class='ocrx_word' id='word_1_235' title='bbox 1539 1669 1675 1722; x_wconf 85' lang='lat' dir='ltr'>quo-</span> <span class='ocrx_word' id='word_1_236' title='bbox 1760 1651 2100 1705; x_wconf 88' lang='lat' dir='ltr'>stantialiter</span> <span class='ocrx_word' id='word_1_237' title='bbox 2130 1669 2142 1714; x_wconf 89' lang='lat'><strong>;</strong></span> <span class='ocrx_word' id='word_1_238' title='bbox 2177 1655 2285 1706; x_wconf 71' lang='lat' dir='ltr'>sive</span> <span class='ocrx_word' id='word_1_239' title='bbox 2318 1655 2379 1705; x_wconf 84' lang='lat' dir='ltr'>in</span> <span class='ocrx_word' id='word_1_240' title='bbox 2412 1660 2584 1716; x_wconf 83' lang='lat' dir='ltr'>terra,</span> <span class='ocrx_word' id='word_1_241' title='bbox 2613 1670 2648 1708; x_wconf 66' lang='grc' dir='ltr'>τι</span> <span class='ocrx_word' id='word_1_242' title='bbox 2670 1654 2922 1723; x_wconf 78' lang='lat' dir='ltr'>paganis,</span> <span class='ocrx_word' id='word_1_243' title='bbox 2958 1661 3020 1727; x_wconf 79' lang='lat' dir='ltr'>ut</span> <span class='ocrx_word' id='word_1_244' title='bbox 3039 1657 3357 1730; x_wconf 67' lang='lat' dir='ltr'>Neptunus,</span> 
     </span>
    </p>
   </div>
   <div class='ocr_carea' id='block_1_32' title="bbox 132 1738 3356 1817">
    <p class='ocr_par' dir='ltr' id='par_1_32' title="bbox 132 1738 3356 1817">
     <span class='ocr_line' id='line_1_32' title="bbox 132 1738 3356 1817; baseline 0 -20"><span class='ocrx_word' id='word_1_245' title='bbox 132 1748 254 1798; x_wconf 75' lang='lat' dir='ltr'>niani</span> <span class='ocrx_word' id='word_1_246' title='bbox 302 1759 472 1796; x_wconf 85' lang='lat' dir='ltr'>omnes</span> <span class='ocrx_word' id='word_1_247' title='bbox 520 1745 808 1794; x_wconf 78' lang='lat' dir='ltr'>scientiam</span> <span class='ocrx_word' id='word_1_248' title='bbox 850 1743 1126 1806; x_wconf 82' lang='lat' dir='ltr'>habemus,</span> <span class='ocrx_word' id='word_1_249' title='bbox 1173 1741 1441 1798; x_wconf 82' lang='lat' dir='ltr'>subaudis</span> <span class='ocrx_word' id='word_1_250' title='bbox 1489 1738 1939 1814; x_wconf 73' lang='lat' dir='ltr'>omniaBPLuto,</span> <span class='ocrx_word' id='word_1_251' title='bbox 1967 1745 2068 1792; x_wconf 85' lang='lat' dir='ltr'>aut</span> <span class='ocrx_word' id='word_1_252' title='bbox 2095 1746 2246 1792; x_wconf 86' lang='lat' dir='ltr'>certe</span> <span class='ocrx_word' id='word_1_253' title='bbox 2270 1740 2411 1808; x_wconf 88' lang='lat' dir='ltr'>justi</span> <span class='ocrx_word' id='word_1_254' title='bbox 2444 1741 2721 1806; x_wconf 83' lang='lat' dir='ltr'>homines,</span> <span class='ocrx_word' id='word_1_255' title='bbox 2761 1745 3036 1810; x_wconf 73' lang='lat' dir='ltr'>siquidem</span> <span class='ocrx_word' id='word_1_256' title='bbox 3095 1749 3226 1798; x_wconf 84' lang='lat' dir='ltr'>sunt</span> <span class='ocrx_word' id='word_1_257' title='bbox 3272 1741 3356 1817; x_wconf 70' lang='lat' dir='ltr'>dii</span> 
     </span>
    </p>
   </div>
   <div class='ocr_carea' id='block_1_33' title="bbox 131 1829 3362 1907">
    <p class='ocr_par' dir='ltr' id='par_1_33' title="bbox 131 1829 3362 1907">
     <span class='ocr_line' id='line_1_33' title="bbox 131 1829 3362 1907; baseline 0.003 -22"><span class='ocrx_word' id='word_1_258' title='bbox 131 1849 222 1886; x_wconf 85' lang='lat' dir='ltr'>esse</span> <span class='ocrx_word' id='word_1_259' title='bbox 250 1832 439 1888; x_wconf 81' lang='lat' dir='ltr'>munda</span> <span class='ocrx_word' id='word_1_260' title='bbox 467 1847 565 1901; x_wconf 82' lang='lat' dir='ltr'>per</span> <span class='ocrx_word' id='word_1_261' title='bbox 595 1836 854 1886; x_wconf 86' lang='lat' dir='ltr'>naturam</span> <span class='ocrx_word' id='word_1_262' title='bbox 883 1849 894 1896; x_wconf 87' lang='lat'><strong>;</strong></span> <span class='ocrx_word' id='word_1_263' title='bbox 938 1831 1031 1884; x_wconf 86' lang='lat' dir='ltr'>sed</span> <span class='ocrx_word' id='word_1_264' title='bbox 1062 1830 1336 1884; x_wconf 78' lang='lat' dir='ltr'>invocatio</span> <span class='ocrx_word' id='word_1_265' title='bbox 1366 1831 1591 1885; x_wconf 86' lang='lat' dir='ltr'>illorum</span> <span class='ocrx_word' id='word_1_266' title='bbox 1619 1837 1674 1888; x_wconf 84' lang='lat' dir='ltr'>et</span> <span class='ocrx_word' id='word_1_267' title='bbox 1759 1830 1942 1886; x_wconf 72' lang='lat' dir='ltr'>multi.</span> <span class='ocrx_word' id='word_1_268' title='bbox 1979 1829 2212 1898; x_wconf 76' lang='lat' dir='ltr'>paganis</span> <span class='ocrx_word' id='word_1_269' title='bbox 2243 1829 2326 1881; x_wconf 84' lang='lat' dir='ltr'>vel</span> <span class='ocrx_word' id='word_1_270' title='bbox 2357 1830 2691 1890; x_wconf 81' lang='lat' dir='ltr'>Christian-is</span> <span class='ocrx_word' id='word_1_271' title='bbox 2713 1832 3104 1901; x_wconf 74' lang='lat' dir='ltr'>nuncupative,</span> <span class='ocrx_word' id='word_1_272' title='bbox 3129 1833 3362 1907; x_wconf 57' lang='lat' dir='ltr'>util-Iw-</span> 
     </span>
    </p>
   </div>
   <div class='ocr_carea' id='block_1_34' title="bbox 130 1917 1668 1990">
    <p class='ocr_par' dir='ltr' id='par_1_34' title="bbox 130 1917 1668 1990">
     <span class='ocr_line' id='line_1_34' title="bbox 130 1917 1668 1990; baseline 0.001 -18"><span class='ocrx_word' id='word_1_273' title='bbox 130 1919 418 1974; x_wconf 82' lang='lat' dir='ltr'>consecratio</span> <span class='ocrx_word' id='word_1_274' title='bbox 449 1935 557 1990; x_wconf 85' lang='lat' dir='ltr'>qua</span> <span class='ocrx_word' id='word_1_275' title='bbox 587 1917 698 1972; x_wconf 85' lang='lat' dir='ltr'>illis</span> <span class='ocrx_word' id='word_1_276' title='bbox 728 1918 1241 1979; x_wconf 84' lang='lat' dir='ltr'>consecratur,facit</span> <span class='ocrx_word' id='word_1_277' title='bbox 1262 1934 1327 1972; x_wconf 86' lang='lat' dir='ltr'>ea</span> <span class='ocrx_word' id='word_1_278' title='bbox 1356 1919 1668 1974; x_wconf 86' lang='lat' dir='ltr'>immunda.</span> 
     </span>
    </p>
   </div>
   <div class='ocr_carea' id='block_1_35' title="bbox 129 2006 1672 2076">
    <p class='ocr_par' dir='ltr' id='par_1_35' title="bbox 129 2006 1672 2076">
     <span class='ocr_line' id='line_1_35' title="bbox 129 2006 1672 2076; baseline 0.001 -14"><span class='ocrx_word' id='word_1_279' title='bbox 129 2006 326 2062; x_wconf 82' lang='lat' dir='ltr'>Scientia</span> <span class='ocrx_word' id='word_1_280' title='bbox 350 2007 747 2076; x_wconf 78' lang='lat' dir='ltr'>suba.udis,qua</span> <span class='ocrx_word' id='word_1_281' title='bbox 764 2006 1044 2060; x_wconf 85' lang='lat' dir='ltr'>credimus</span> <span class='ocrx_word' id='word_1_282' title='bbox 1069 2007 1258 2060; x_wconf 85' lang='lat' dir='ltr'>omnia</span> <span class='ocrx_word' id='word_1_283' title='bbox 1279 2007 1489 2064; x_wconf 83' lang='lat' dir='ltr'>munda</span> <span class='ocrx_word' id='word_1_284' title='bbox 1515 2024 1672 2063; x_wconf 91' lang='lat' dir='ltr'>mun-</span> 
     </span>
    </p>
   </div>
   <div class='ocr_carea' id='block_1_36' title="bbox 130 2094 1670 2165">
    <p class='ocr_par' dir='ltr' id='par_1_36' title="bbox 130 2094 1670 2165">
     <span class='ocr_line' id='line_1_36' title="bbox 130 2094 1670 2165; baseline 0.002 -17"><span class='ocrx_word' id='word_1_285' title='bbox 130 2094 210 2158; x_wconf 87' lang='lat' dir='ltr'>dis,</span> <span class='ocrx_word' id='word_1_286' title='bbox 231 2102 278 2149; x_wconf 88' lang='lat' dir='ltr'>et</span> <span class='ocrx_word' id='word_1_287' title='bbox 303 2096 476 2150; x_wconf 83' lang='lat' dir='ltr'>omnia</span> <span class='ocrx_word' id='word_1_288' title='bbox 505 2095 843 2150; x_wconf 79' lang='lat' dir='ltr'>sanctiﬁcari</span> <span class='ocrx_word' id='word_1_289' title='bbox 876 2095 1395 2165; x_wconf 84' lang='lat' dir='ltr'>perinvocationem</span> <span class='ocrx_word' id='word_1_290' title='bbox 1427 2097 1670 2151; x_wconf 86' lang='lat' dir='ltr'>nominis</span> 
     </span>
    </p>
   </div>
   <div class='ocr_carea' id='block_1_37' title="bbox 130 2183 1668 2256">
    <p class='ocr_par' dir='ltr' id='par_1_37' title="bbox 130 2183 1668 2256">
     <span class='ocr_line' id='line_1_37' title="bbox 130 2183 1668 2256; baseline 0.003 -20"><span class='ocrx_word' id='word_1_291' title='bbox 130 2183 549 2253; x_wconf 81' lang='lat' dir='ltr'>Christi,in/tat,id</span> <span class='ocrx_word' id='word_1_292' title='bbox 573 2190 668 2239; x_wconf 82' lang='lat' dir='ltr'>est</span> <span class='ocrx_word' id='word_1_293' title='bbox 698 2200 797 2256; x_wconf 88' lang='lat' dir='ltr'>per</span> <span class='ocrx_word' id='word_1_294' title='bbox 824 2183 1098 2256; x_wconf 69' lang='lat' dir='ltr'>superbire</span> <span class='ocrx_word' id='word_1_295' title='bbox 1127 2191 1407 2240; x_wconf 81' lang='lat' dir='ltr'>tumorem</span> <span class='ocrx_word' id='word_1_296' title='bbox 1427 2192 1668 2240; x_wconf 80' lang='lat' dir='ltr'>mentem</span> 
     </span>
    </p>
   </div>
   <div class='ocr_carea' id='block_1_38' title="bbox 132 2272 1668 2339">
    <p class='ocr_par' dir='ltr' id='par_1_38' title="bbox 132 2272 1668 2339">
     <span class='ocr_line' id='line_1_38' title="bbox 132 2272 1668 2339; baseline 0.001 -14"><span class='ocrx_word' id='word_1_297' title='bbox 132 2272 300 2326; x_wconf 61' lang='lat' dir='ltr'>elevat;</span> <span class='ocrx_word' id='word_1_298' title='bbox 334 2275 582 2328; x_wconf 69' lang='lat' dir='ltr'>Charitas</span> <span class='ocrx_word' id='word_1_299' title='bbox 612 2291 736 2326; x_wconf 71' lang='lat' dir='ltr'>vero</span> <span class='ocrx_word' id='word_1_300' title='bbox 763 2275 1009 2339; x_wconf 73' lang='lat' dir='ltr'>.rdiﬁcat,</span> <span class='ocrx_word' id='word_1_301' title='bbox 1044 2273 1099 2325; x_wconf 92' lang='lat' dir='ltr'>id</span> <span class='ocrx_word' id='word_1_302' title='bbox 1150 2279 1234 2326; x_wconf 90' lang='lat' dir='ltr'>est</span> <span class='ocrx_word' id='word_1_303' title='bbox 1289 2273 1510 2326; x_wconf 88' lang='lat' dir='ltr'>dilectio</span> <span class='ocrx_word' id='word_1_304' title='bbox 1555 2274 1668 2328; x_wconf 87' lang='lat' dir='ltr'>fra-</span> 
     </span>
    </p>
   </div>
   <div class='ocr_carea' id='block_1_39' title="bbox 132 2360 1676 2432">
    <p class='ocr_par' dir='ltr' id='par_1_39' title="bbox 132 2360 1676 2432">
     <span class='ocr_line' id='line_1_39' title="bbox 132 2360 1676 2432; baseline 0.003 -20"><span class='ocrx_word' id='word_1_305' title='bbox 132 2364 276 2421; x_wconf 77' lang='lat' dir='ltr'>terna.</span> <span class='ocrx_word' id='word_1_306' title='bbox 296 2378 395 2431; x_wconf 88' lang='lat' dir='ltr'>qua</span> <span class='ocrx_word' id='word_1_307' title='bbox 418 2362 761 2416; x_wconf 85' lang='lat' dir='ltr'>consulimus</span> <span class='ocrx_word' id='word_1_308' title='bbox 785 2360 1054 2416; x_wconf 79' lang='lat' dir='ltr'>fratribus</span> <span class='ocrx_word' id='word_1_309' title='bbox 1079 2361 1180 2413; x_wconf 86' lang='lat' dir='ltr'>sim</span> <span class='ocrx_word' id='word_1_310' title='bbox 1191 2360 1676 2432; x_wconf 81' lang='lat' dir='ltr'>plicioribus,qua-</span> 
     </span>
    </p>
   </div>
   <div class='ocr_carea' id='block_1_40' title="bbox 133 2449 1677 2523">
    <p class='ocr_par' dir='ltr' id='par_1_40' title="bbox 133 2449 1677 2523">
     <span class='ocr_line' id='line_1_40' title="bbox 133 2449 1677 2523; baseline -0.001 -19"><span class='ocrx_word' id='word_1_311' title='bbox 133 2454 261 2504; x_wconf 80' lang='lat' dir='ltr'>tenus</span> <span class='ocrx_word' id='word_1_312' title='bbox 284 2466 367 2502; x_wconf 88' lang='lat' dir='ltr'>eos</span> <span class='ocrx_word' id='word_1_313' title='bbox 390 2451 444 2504; x_wconf 87' lang='lat' dir='ltr'>in</span> <span class='ocrx_word' id='word_1_314' title='bbox 481 2450 765 2523; x_wconf 80' lang='lat' dir='ltr'>aliquibus</span> <span class='ocrx_word' id='word_1_315' title='bbox 797 2466 907 2504; x_wconf 90' lang='lat' dir='ltr'>non</span> <span class='ocrx_word' id='word_1_316' title='bbox 944 2449 1400 2510; x_wconf 82' lang='lat' dir='ltr'>scandalizemus,</span> <span class='ocrx_word' id='word_1_317' title='bbox 1435 2449 1677 2502; x_wconf 76' lang='lat' dir='ltr'>aedifica-</span> 
     </span>
    </p>
   </div>
   <div class='ocr_carea' id='block_1_41' title="bbox 133 2536 1676 2609">
    <p class='ocr_par' dir='ltr' id='par_1_41' title="bbox 133 2536 1676 2609">
     <span class='ocr_line' id='line_1_41' title="bbox 133 2536 1676 2609; baseline 0.001 -21"><span class='ocrx_word' id='word_1_318' title='bbox 133 2536 299 2591; x_wconf 87' lang='lat' dir='ltr'>tionem</span> <span class='ocrx_word' id='word_1_319' title='bbox 326 2537 502 2592; x_wconf 85' lang='lat' dir='ltr'>habet.</span> <span class='ocrx_word' id='word_1_320' title='bbox 534 2539 601 2593; x_wconf 78' lang='lat' dir='ltr'>In</span> <span class='ocrx_word' id='word_1_321' title='bbox 632 2555 745 2609; x_wconf 85' lang='lat' dir='ltr'>qua</span> <span class='ocrx_word' id='word_1_322' title='bbox 776 2537 1000 2600; x_wconf 82' lang='lat' dir='ltr'>virtute,</span> <span class='ocrx_word' id='word_1_323' title='bbox 1020 2537 1071 2590; x_wconf 88' lang='lat' dir='ltr'>id</span> <span class='ocrx_word' id='word_1_324' title='bbox 1098 2545 1188 2608; x_wconf 79' lang='lat' dir='ltr'>est</span> <span class='ocrx_word' id='word_1_325' title='bbox 1209 2537 1676 2596; x_wconf 84' lang='lat' dir='ltr'>charitatc.etiam</span> 
     </span>
    </p>
   </div>
   <div class='ocr_carea' id='block_1_42' title="bbox 134 2624 1669 2697">
    <p class='ocr_par' dir='ltr' id='par_1_42' title="bbox 134 2624 1669 2697">
     <span class='ocr_line' id='line_1_42' title="bbox 134 2624 1669 2697; baseline 0.001 -20"><span class='ocrx_word' id='word_1_326' title='bbox 134 2624 228 2678; x_wconf 67' lang='lat' dir='ltr'>alite</span> <span class='ocrx_word' id='word_1_327' title='bbox 247 2627 459 2681; x_wconf 76' lang='lat' dir='ltr'>virtutes</span> <span class='ocrx_word' id='word_1_328' title='bbox 489 2627 1063 2697; x_wconf 78' lang='lat' dir='ltr'>comprehenduntur,</span> <span class='ocrx_word' id='word_1_329' title='bbox 1099 2625 1369 2696; x_wconf 77' lang='lat' dir='ltr'>patientia</span> <span class='ocrx_word' id='word_1_330' title='bbox 1400 2625 1669 2689; x_wconf 81' lang='lat' dir='ltr'>videlicet,</span> 
     </span>
    </p>
   </div>
   <div class='ocr_carea' id='block_1_43' title="bbox 131 2714 1672 2787">
    <p class='ocr_par' dir='ltr' id='par_1_43' title="bbox 131 2714 1672 2787">
     <span class='ocr_line' id='line_1_43' title="bbox 131 2714 1672 2787; baseline 0.001 -21"><span class='ocrx_word' id='word_1_331' title='bbox 131 2714 385 2780; x_wconf 84' lang='lat' dir='ltr'>humilitas,</span> <span class='ocrx_word' id='word_1_332' title='bbox 418 2717 717 2787; x_wconf 82' lang='lat' dir='ltr'>cordisque</span> <span class='ocrx_word' id='word_1_333' title='bbox 742 2714 1092 2784; x_wconf 85' lang='lat' dir='ltr'>simplicitas.</span> <span class='ocrx_word' id='word_1_334' title='bbox 1121 2714 1272 2767; x_wconf 87' lang='lat' dir='ltr'>Sicut</span> <span class='ocrx_word' id='word_1_335' title='bbox 1303 2715 1452 2767; x_wconf 88' lang='lat' dir='ltr'>enim</span> <span class='ocrx_word' id='word_1_336' title='bbox 1484 2715 1672 2768; x_wconf 81' lang='lat' dir='ltr'>vinum</span> 
     </span>
    </p>
   </div>
   <div class='ocr_carea' id='block_1_44' title="bbox 133 2802 1670 2873">
    <p class='ocr_par' dir='ltr' id='par_1_44' title="bbox 133 2802 1670 2873">
     <span class='ocr_line' id='line_1_44' title="bbox 133 2802 1670 2873; baseline 0 -19"><span class='ocrx_word' id='word_1_337' title='bbox 133 2815 218 2854; x_wconf 85' lang='lat' dir='ltr'>non</span> <span class='ocrx_word' id='word_1_338' title='bbox 250 2809 606 2873; x_wconf 85' lang='lat' dir='ltr'>temperatum</span> <span class='ocrx_word' id='word_1_339' title='bbox 653 2803 987 2857; x_wconf 86' lang='lat' dir='ltr'>admistione</span> <span class='ocrx_word' id='word_1_340' title='bbox 1036 2802 1273 2871; x_wconf 79' lang='lat' dir='ltr'>alicujus</span> <span class='ocrx_word' id='word_1_341' title='bbox 1335 2802 1670 2872; x_wconf 82' lang='lat' dir='ltr'>dulcedinis,</span> 
     </span>
    </p>
   </div>
   <div class='ocr_carea' id='block_1_45' title="bbox 133 2890 1676 2964">
    <p class='ocr_par' dir='ltr' id='par_1_45' title="bbox 133 2890 1676 2964">
     <span class='ocr_line' id='line_1_45' title="bbox 133 2890 1676 2964; baseline 0.002 -22"><span class='ocrx_word' id='word_1_342' title='bbox 133 2895 208 2942; x_wconf 81' lang='lat' dir='ltr'>aut</span> <span class='ocrx_word' id='word_1_343' title='bbox 236 2890 386 2944; x_wconf 80' lang='lat' dir='ltr'>etiam</span> <span class='ocrx_word' id='word_1_344' title='bbox 424 2909 606 2964; x_wconf 73' lang='lat' dir='ltr'>aquze,</span> <span class='ocrx_word' id='word_1_345' title='bbox 653 2898 896 2945; x_wconf 85' lang='lat' dir='ltr'>mentem</span> <span class='ocrx_word' id='word_1_346' title='bbox 941 2891 1139 2955; x_wconf 87' lang='lat' dir='ltr'>elevat,</span> <span class='ocrx_word' id='word_1_347' title='bbox 1181 2898 1236 2944; x_wconf 89' lang='lat' dir='ltr'>et</span> <span class='ocrx_word' id='word_1_348' title='bbox 1289 2891 1432 2944; x_wconf 87' lang='lat' dir='ltr'>sicut</span> <span class='ocrx_word' id='word_1_349' title='bbox 1487 2891 1676 2946; x_wconf 86' lang='lat' dir='ltr'>omnia</span> 
     </span>
    </p>
   </div>
   <div class='ocr_carea' id='block_1_46' title="bbox 133 2978 1671 3050">
    <p class='ocr_par' dir='ltr' id='par_1_46' title="bbox 133 2978 1671 3050">
     <span class='ocr_line' id='line_1_46' title="bbox 133 2978 1671 3050; baseline 0.001 -18"><span class='ocrx_word' id='word_1_350' title='bbox 133 2992 253 3032; x_wconf 78' lang='lat' dir='ltr'>mera</span> <span class='ocrx_word' id='word_1_351' title='bbox 278 2986 324 3032; x_wconf 88' lang='lat' dir='ltr'>et</span> <span class='ocrx_word' id='word_1_352' title='bbox 345 2997 480 3050; x_wconf 84' lang='lat' dir='ltr'>pura</span> <span class='ocrx_word' id='word_1_353' title='bbox 508 2997 627 3036; x_wconf 87' lang='lat' dir='ltr'>non</span> <span class='ocrx_word' id='word_1_354' title='bbox 652 2981 731 3034; x_wconf 85' lang='lat' dir='ltr'>ita</span> <span class='ocrx_word' id='word_1_355' title='bbox 775 2980 1125 3034; x_wconf 84' lang='lat' dir='ltr'>delectantur</span> <span class='ocrx_word' id='word_1_356' title='bbox 1153 2978 1296 3032; x_wconf 82' lang='lat' dir='ltr'>sicut</span> <span class='ocrx_word' id='word_1_357' title='bbox 1333 2980 1626 3038; x_wconf 85' lang='lat' dir='ltr'>commista</span> <span class='ocrx_word' id='word_1_358' title='bbox 1659 3003 1671 3034; x_wconf 92' lang='lat'><strong>:</strong></span> 
     </span>
    </p>
   </div>
   <div class='ocr_carea' id='block_1_47' title="bbox 133 3062 1734 3141">
    <p class='ocr_par' dir='ltr' id='par_1_47' title="bbox 133 3062 1734 3141">
     <span class='ocr_line' id='line_1_47' title="bbox 133 3062 1734 3141; baseline 0.003 -24"><span class='ocrx_word' id='word_1_359' title='bbox 133 3065 193 3118; x_wconf 87' lang='lat' dir='ltr'>sic</span> <span class='ocrx_word' id='word_1_360' title='bbox 208 3066 408 3121; x_wconf 88' lang='lat' dir='ltr'>scientia</span> <span class='ocrx_word' id='word_1_361' title='bbox 434 3070 628 3122; x_wconf 85' lang='lat' dir='ltr'>divina</span> <span class='ocrx_word' id='word_1_362' title='bbox 655 3070 740 3122; x_wconf 86' lang='lat' dir='ltr'>vel</span> <span class='ocrx_word' id='word_1_363' title='bbox 765 3069 1010 3126; x_wconf 76' lang='lat' dir='ltr'>humana</span> <span class='ocrx_word' id='word_1_364' title='bbox 1067 3084 1179 3121; x_wconf 90' lang='lat' dir='ltr'>non</span> <span class='ocrx_word' id='word_1_365' title='bbox 1217 3072 1302 3122; x_wconf 87' lang='lat' dir='ltr'>est</span> <span class='ocrx_word' id='word_1_366' title='bbox 1343 3068 1514 3128; x_wconf 89' lang='lat' dir='ltr'>utilis,</span> <span class='ocrx_word' id='word_1_367' title='bbox 1546 3062 1734 3141; x_wconf 78' lang='lat' dir='ltr'>quiaU</span> 
     </span>
    </p>
   </div>
   <div class='ocr_carea' id='block_1_48' title="bbox 134 3156 1677 3228">
    <p class='ocr_par' dir='ltr' id='par_1_48' title="bbox 134 3156 1677 3228">
     <span class='ocr_line' id='line_1_48' title="bbox 134 3156 1677 3228; baseline 0.003 -24"><span class='ocrx_word' id='word_1_368' title='bbox 134 3163 331 3216; x_wconf 83' lang='lat' dir='ltr'>mentem</span> <span class='ocrx_word' id='word_1_369' title='bbox 361 3157 413 3212; x_wconf 88' lang='lat' dir='ltr'>in</span> <span class='ocrx_word' id='word_1_370' title='bbox 443 3157 768 3228; x_wconf 85' lang='lat' dir='ltr'>superbiam</span> <span class='ocrx_word' id='word_1_371' title='bbox 792 3158 987 3215; x_wconf 81' lang='lat' dir='ltr'>elevat,</span> <span class='ocrx_word' id='word_1_372' title='bbox 1024 3156 1129 3208; x_wconf 90' lang='lat' dir='ltr'>nisi</span> <span class='ocrx_word' id='word_1_373' title='bbox 1157 3160 1470 3225; x_wconf 84' lang='lat' dir='ltr'>temperata</span> <span class='ocrx_word' id='word_1_374' title='bbox 1506 3156 1677 3209; x_wconf 86' lang='lat' dir='ltr'>fuerit</span> 
     </span>
    </p>
   </div>
   <div class='ocr_carea' id='block_1_49' title="bbox 132 3239 1679 3316">
    <p class='ocr_par' dir='ltr' id='par_1_49' title="bbox 132 3239 1679 3316">
     <span class='ocr_line' id='line_1_49' title="bbox 132 3239 1679 3316; baseline 0.003 -25"><span class='ocrx_word' id='word_1_375' title='bbox 132 3239 376 3298; x_wconf 85' lang='lat' dir='ltr'>dilectione</span> <span class='ocrx_word' id='word_1_376' title='bbox 398 3245 659 3316; x_wconf 85' lang='lat' dir='ltr'>proximi,</span> <span class='ocrx_word' id='word_1_377' title='bbox 685 3245 1003 3298; x_wconf 89' lang='lat' dir='ltr'>humilitate</span> <span class='ocrx_word' id='word_1_378' title='bbox 1033 3260 1273 3313; x_wconf 89' lang='lat' dir='ltr'>quoque,</span> <span class='ocrx_word' id='word_1_379' title='bbox 1308 3244 1576 3313; x_wconf 86' lang='lat' dir='ltr'>patientia</span> <span class='ocrx_word' id='word_1_380' title='bbox 1599 3250 1679 3296; x_wconf 89' lang='lat' dir='ltr'>at-</span> 
     </span>
    </p>
   </div>
   <div class='ocr_carea' id='block_1_50' title="bbox 135 3332 1678 3403">
    <p class='ocr_par' dir='ltr' id='par_1_50' title="bbox 135 3332 1678 3403">
     <span class='ocr_line' id='line_1_50' title="bbox 135 3332 1678 3403; baseline 0.003 -21"><span class='ocrx_word' id='word_1_381' title='bbox 135 3346 214 3398; x_wconf 80' lang='lat' dir='ltr'>que</span> <span class='ocrx_word' id='word_1_382' title='bbox 237 3333 589 3403; x_wconf 83' lang='lat' dir='ltr'>simplicitate.</span> <span class='ocrx_word' id='word_1_383' title='bbox 619 3335 775 3388; x_wconf 83' lang='lat' dir='ltr'>Tunc</span> <span class='ocrx_word' id='word_1_384' title='bbox 805 3339 992 3387; x_wconf 87' lang='lat' dir='ltr'>autem</span> <span class='ocrx_word' id='word_1_385' title='bbox 1021 3332 1256 3386; x_wconf 89' lang='lat' dir='ltr'>scientia</span> <span class='ocrx_word' id='word_1_386' title='bbox 1286 3349 1491 3401; x_wconf 78' lang='lat' dir='ltr'>magna</span> <span class='ocrx_word' id='word_1_387' title='bbox 1519 3339 1600 3386; x_wconf 85' lang='lat' dir='ltr'>est</span> <span class='ocrx_word' id='word_1_388' title='bbox 1624 3339 1678 3386; x_wconf 91' lang='lat' dir='ltr'>et</span> 
     </span>
    </p>
   </div>
   <div class='ocr_carea' id='block_1_51' title="bbox 131 3417 1679 3490">
    <p class='ocr_par' dir='ltr' id='par_1_51' title="bbox 131 3417 1679 3490">
     <span class='ocr_line' id='line_1_51' title="bbox 131 3417 1679 3490; baseline 0.004 -21"><span class='ocrx_word' id='word_1_389' title='bbox 131 3417 211 3472; x_wconf 84' lang='lat' dir='ltr'>sibi</span> <span class='ocrx_word' id='word_1_390' title='bbox 232 3422 366 3475; x_wconf 86' lang='lat' dir='ltr'>utilis</span> <span class='ocrx_word' id='word_1_391' title='bbox 391 3423 434 3476; x_wconf 88' lang='lat' dir='ltr'>si</span> <span class='ocrx_word' id='word_1_392' title='bbox 461 3425 743 3481; x_wconf 76' lang='lat' dir='ltr'>cliaritate</span> <span class='ocrx_word' id='word_1_393' title='bbox 791 3422 1121 3475; x_wconf 87' lang='lat' dir='ltr'>humilietur</span> <span class='ocrx_word' id='word_1_394' title='bbox 1178 3439 1301 3474; x_wconf 89' lang='lat' dir='ltr'>cum</span> <span class='ocrx_word' id='word_1_395' title='bbox 1357 3438 1468 3490; x_wconf 91' lang='lat' dir='ltr'>qua</span> <span class='ocrx_word' id='word_1_396' title='bbox 1511 3423 1679 3475; x_wconf 88' lang='lat' dir='ltr'>etiam</span> 
     </span>
    </p>
   </div>
   <div class='ocr_carea' id='block_1_52' title="bbox 134 3498 572 3578">
    <p class='ocr_par' dir='ltr' id='par_1_52' title="bbox 134 3498 572 3578">
     <span class='ocr_line' id='line_1_52' title="bbox 134 3498 572 3578; baseline 0.016 -19"><span class='ocrx_word' id='word_1_397' title='bbox 134 3498 328 3578; x_wconf 74' lang='lat' dir='ltr'>amplius</span> <span class='ocrx_word' id='word_1_398' title='bbox 355 3513 572 3566; x_wconf 86' lang='lat' dir='ltr'>crescit.</span> 
     </span>
    </p>
   </div>
   <div class='ocr_carea' id='block_1_53' title="bbox 183 3597 1680 3667">
    <p class='ocr_par' dir='ltr' id='par_1_53' title="bbox 183 3597 1680 3667">
     <span class='ocr_line' id='line_1_53' title="bbox 183 3597 1680 3667; baseline 0.003 -18"><span class='ocrx_word' id='word_1_399' title='bbox 183 3597 238 3650; x_wconf 86' lang='lat' dir='ltr'>Si</span> <span class='ocrx_word' id='word_1_400' title='bbox 256 3604 367 3667; x_wconf 83' lang='lat' dir='ltr'>quis</span> <span class='ocrx_word' id='word_1_401' title='bbox 395 3607 576 3656; x_wconf 83' lang='lat' dir='ltr'>autem</span> <span class='ocrx_word' id='word_1_402' title='bbox 605 3604 886 3654; x_wconf 64' lang='lat' dir='ltr'>existimat</span> <span class='ocrx_word' id='word_1_403' title='bbox 911 3617 962 3653; x_wconf 88' lang='lat' dir='ltr'>se</span> <span class='ocrx_word' id='word_1_404' title='bbox 992 3600 1440 3666; x_wconf 78' lang='lat' dir='ltr'>scirealiqm’d,id</span> <span class='ocrx_word' id='word_1_405' title='bbox 1461 3606 1542 3653; x_wconf 88' lang='lat' dir='ltr'>est</span> <span class='ocrx_word' id='word_1_406' title='bbox 1557 3616 1680 3653; x_wconf 89' lang='lat' dir='ltr'>om-</span> 
     </span>
    </p>
   </div>
   <div class='ocr_carea' id='block_1_54' title="bbox 134 3683 1683 3760">
    <p class='ocr_par' dir='ltr' id='par_1_54' title="bbox 134 3683 1683 3760">
     <span class='ocr_line' id='line_1_54' title="bbox 134 3683 1683 3760; baseline 0.005 -26"><span class='ocrx_word' id='word_1_407' title='bbox 134 3683 205 3735; x_wconf 86' lang='lat' dir='ltr'>nia</span> <span class='ocrx_word' id='word_1_408' title='bbox 229 3689 417 3741; x_wconf 87' lang='lat' dir='ltr'>munda</span> <span class='ocrx_word' id='word_1_409' title='bbox 444 3697 652 3754; x_wconf 87' lang='lat' dir='ltr'>esse,et</span> <span class='ocrx_word' id='word_1_410' title='bbox 680 3690 826 3760; x_wconf 91' lang='lat' dir='ltr'>quod</span> <span class='ocrx_word' id='word_1_411' title='bbox 858 3689 1007 3741; x_wconf 88' lang='lat' dir='ltr'>licita</span> <span class='ocrx_word' id='word_1_412' title='bbox 1031 3687 1285 3741; x_wconf 84' lang='lat' dir='ltr'>fidelibus</span> <span class='ocrx_word' id='word_1_413' title='bbox 1306 3689 1419 3740; x_wconf 89' lang='lat' dir='ltr'>sint</span> <span class='ocrx_word' id='word_1_414' title='bbox 1434 3689 1500 3740; x_wconf 84' lang='lat' dir='ltr'>ad</span> <span class='ocrx_word' id='word_1_415' title='bbox 1527 3697 1683 3741; x_wconf 75' lang='lat' dir='ltr'>uten-</span> 
     </span>
    </p>
   </div>
   <div class='ocr_carea' id='block_1_55' title="bbox 133 3771 1682 3845">
    <p class='ocr_par' dir='ltr' id='par_1_55' title="bbox 133 3771 1682 3845">
     <span class='ocr_line' id='line_1_55' title="bbox 133 3771 1682 3845; baseline 0.003 -19"><span class='ocrx_word' id='word_1_416' title='bbox 133 3771 251 3840; x_wconf 88' lang='lat' dir='ltr'>dum,</span> <span class='ocrx_word' id='word_1_417' title='bbox 268 3779 500 3831; x_wconf 82' lang='lat' dir='ltr'>nondum</span> <span class='ocrx_word' id='word_1_418' title='bbox 535 3782 786 3845; x_wconf 74' lang='lat' dir='ltr'>cognorit</span> <span class='ocrx_word' id='word_1_419' title='bbox 816 3779 1278 3844; x_wconf 79' lang='lat' dir='ltr'>quemadmodum</span> <span class='ocrx_word' id='word_1_420' title='bbox 1303 3783 1682 3844; x_wconf 79' lang='lat' dir='ltr'>opo-rtcatcum</span> 
     </span>
    </p>
   </div>
   <div class='ocr_carea' id='block_1_56' title="bbox 131 3865 1679 3936">
    <p class='ocr_par' dir='ltr' id='par_1_56' title="bbox 131 3865 1679 3936">
     <span class='ocr_line' id='line_1_56' title="bbox 131 3865 1679 3936; baseline 0.005 -25"><span class='ocrx_word' id='word_1_421' title='bbox 131 3865 254 3925; x_wconf 80' lang='lat' dir='ltr'>scire,</span> <span class='ocrx_word' id='word_1_422' title='bbox 307 3865 360 3918; x_wconf 92' lang='lat' dir='ltr'>id</span> <span class='ocrx_word' id='word_1_423' title='bbox 413 3874 498 3920; x_wconf 90' lang='lat' dir='ltr'>est</span> <span class='ocrx_word' id='word_1_424' title='bbox 554 3867 811 3922; x_wconf 89' lang='lat' dir='ltr'>nondum</span> <span class='ocrx_word' id='word_1_425' title='bbox 867 3865 1185 3919; x_wconf 88' lang='lat' dir='ltr'>considerat</span> <span class='ocrx_word' id='word_1_426' title='bbox 1249 3865 1396 3934; x_wconf 89' lang='lat' dir='ltr'>quod</span> <span class='ocrx_word' id='word_1_427' title='bbox 1457 3866 1679 3936; x_wconf 85' lang='lat' dir='ltr'>expedit</span> 
     </span>
    </p>
   </div>
   <div class='ocr_carea' id='block_1_57' title="bbox 130 3950 1680 4024">
    <p class='ocr_par' dir='ltr' id='par_1_57' title="bbox 130 3950 1680 4024">
     <span class='ocr_line' id='line_1_57' title="bbox 130 3950 1680 4024; baseline 0.005 -24"><span class='ocrx_word' id='word_1_428' title='bbox 130 3950 263 4005; x_wconf 86' lang='lat' dir='ltr'>etiam</span> <span class='ocrx_word' id='word_1_429' title='bbox 290 3955 470 4010; x_wconf 90' lang='lat' dir='ltr'>multis</span> <span class='ocrx_word' id='word_1_430' title='bbox 490 3956 662 4010; x_wconf 86' lang='lat' dir='ltr'>licitis</span> <span class='ocrx_word' id='word_1_431' title='bbox 682 3955 962 4009; x_wconf 88' lang='lat' dir='ltr'>abstinere</span> <span class='ocrx_word' id='word_1_432' title='bbox 983 3960 1210 4024; x_wconf 86' lang='lat' dir='ltr'>prOpter</span> <span class='ocrx_word' id='word_1_433' title='bbox 1230 3954 1559 4008; x_wconf 78' lang='lat' dir='ltr'>scandalum</span> <span class='ocrx_word' id='word_1_434' title='bbox 1573 3954 1680 4007; x_wconf 86' lang='lat' dir='ltr'>fra-</span> 
     </span>
    </p>
   </div>
   <div class='ocr_carea' id='block_1_58' title="bbox 129 4042 268 4094">
    <p class='ocr_par' dir='ltr' id='par_1_58' title="bbox 129 4042 268 4094">
     <span class='ocr_line' id='line_1_58' title="bbox 129 4042 268 4094; baseline 0.014 -2"><span class='ocrx_word' id='word_1_435' title='bbox 129 4042 268 4094; x_wconf 75' lang='lat' dir='ltr'>trum.</span> 
     </span>
    </p>
   </div>
   <div class='ocr_carea' id='block_1_59' title="bbox 184 4129 1681 4201">
    <p class='ocr_par' dir='ltr' id='par_1_59' title="bbox 184 4129 1681 4201">
     <span class='ocr_line' id='line_1_59' title="bbox 184 4129 1681 4201; baseline 0.005 -20"><span class='ocrx_word' id='word_1_436' title='bbox 184 4129 234 4182; x_wconf 84' lang='lat' dir='ltr'>Si</span> <span class='ocrx_word' id='word_1_437' title='bbox 257 4136 366 4198; x_wconf 83' lang='lat' dir='ltr'>quis</span> <span class='ocrx_word' id='word_1_438' title='bbox 392 4139 577 4187; x_wconf 87' lang='lat' dir='ltr'>autem</span> <span class='ocrx_word' id='word_1_439' title='bbox 605 4136 794 4201; x_wconf 84' lang='lat' dir='ltr'>diligit</span> <span class='ocrx_word' id='word_1_440' title='bbox 841 4134 1012 4186; x_wconf 84' lang='lat' dir='ltr'>Deum</span> <span class='ocrx_word' id='word_1_441' title='bbox 1062 4137 1118 4185; x_wconf 91' lang='lat' dir='ltr'>et</span> <span class='ocrx_word' id='word_1_442' title='bbox 1161 4147 1332 4185; x_wconf 85' lang='lat' dir='ltr'>causa</span> <span class='ocrx_word' id='word_1_443' title='bbox 1389 4131 1681 4189; x_wconf 81' lang='lat' dir='ltr'>charitatis</span> 
     </span>
    </p>
   </div>
   <div class='ocr_carea' id='block_1_60' title="bbox 1756 1915 3355 1990">
    <p class='ocr_par' dir='ltr' id='par_1_60' title="bbox 1756 1915 3355 1990">
     <span class='ocr_line' id='line_1_60' title="bbox 1756 1915 3355 1990; baseline 0.006 -23"><span class='ocrx_word' id='word_1_444' title='bbox 1756 1932 1863 1979; x_wconf 89' lang='lat' dir='ltr'>ses,</span> <span class='ocrx_word' id='word_1_445' title='bbox 1895 1915 1982 1969; x_wconf 86' lang='lat' dir='ltr'>cui</span> <span class='ocrx_word' id='word_1_446' title='bbox 1997 1916 2208 1972; x_wconf 82' lang='lat' dir='ltr'>dictum</span> <span class='ocrx_word' id='word_1_447' title='bbox 2240 1924 2356 1971; x_wconf 84' lang='lat' dir='ltr'>est:</span> <span class='ocrx_word' id='word_1_448' title='bbox 2386 1921 2662 1973; x_wconf 81' lang='lat' dir='ltr'>Constitui</span> <span class='ocrx_word' id='word_1_449' title='bbox 2731 1925 2776 1972; x_wconf 88' lang='lat' dir='ltr'>te</span> <span class='ocrx_word' id='word_1_450' title='bbox 2826 1922 2988 1973; x_wconf 83' lang='lat' dir='ltr'>deum</span> <span class='ocrx_word' id='word_1_451' title='bbox 3040 1922 3355 1990; x_wconf 76' lang='lat' dir='ltr'>Pharaonis</span> 
     </span>
    </p>
   </div>
   <div class='ocr_carea' id='block_1_61' title="bbox 1758 2004 3354 2084">
    <p class='ocr_par' dir='ltr' id='par_1_61' title="bbox 1758 2004 3354 2084">
     <span class='ocr_line' id='line_1_61' title="bbox 1758 2004 3354 2084; baseline 0.008 -29"><span class='ocrx_word' id='word_1_452' title='bbox 1758 2004 1941 2069; x_wconf 62' lang='lat' dir='ltr'>(Exod.</span> <span class='ocrx_word' id='word_1_453' title='bbox 1966 2011 2087 2070; x_wconf 68' lang='lat' dir='ltr'>VII),</span> <span class='ocrx_word' id='word_1_454' title='bbox 2121 2011 2178 2059; x_wconf 88' lang='lat' dir='ltr'>et</span> <span class='ocrx_word' id='word_1_455' title='bbox 2195 2006 2264 2058; x_wconf 88' lang='lat' dir='ltr'>de</span> <span class='ocrx_word' id='word_1_456' title='bbox 2295 2006 2495 2075; x_wconf 85' lang='lat' dir='ltr'>quibus</span> <span class='ocrx_word' id='word_1_457' title='bbox 2517 2007 2758 2070; x_wconf 66' lang='lat' dir='ltr'>dicitur;</span> <span class='ocrx_word' id='word_1_458' title='bbox 2788 2009 2896 2074; x_wconf 81' lang='lat' dir='ltr'>Ego</span> <span class='ocrx_word' id='word_1_459' title='bbox 2917 2010 3054 2074; x_wconf 67' lang='lat' dir='ltr'>dixi,</span> <span class='ocrx_word' id='word_1_460' title='bbox 3089 2011 3172 2074; x_wconf 71' lang='lat' dir='ltr'>dii</span> <span class='ocrx_word' id='word_1_461' title='bbox 3199 2013 3354 2084; x_wconf 65' lang='lat' dir='ltr'>estis.</span> 
     </span>
    </p>
   </div>
   <div class='ocr_carea' id='block_1_62' title="bbox 1759 2094 2178 2162">
    <p class='ocr_par' dir='ltr' id='par_1_62' title="bbox 1759 2094 2178 2162">
     <span class='ocr_line' id='line_1_62' title="bbox 1759 2094 2178 2162; baseline 0.005 -18"><span class='ocrx_word' id='word_1_462' title='bbox 1759 2094 1920 2160; x_wconf 86' lang='lat' dir='ltr'>(Psal.</span> <span class='ocrx_word' id='word_1_463' title='bbox 1969 2100 2178 2162; x_wconf 73' lang='lat' dir='ltr'>Lxxxx).</span> 
     </span>
    </p>
   </div>
   <div class='ocr_carea' id='block_1_63' title="bbox 1823 2181 3354 2260">
    <p class='ocr_par' dir='ltr' id='par_1_63' title="bbox 1823 2181 3354 2260">
     <span class='ocr_line' id='line_1_63' title="bbox 1823 2181 3354 2260; baseline 0.008 -26"><span class='ocrx_word' id='word_1_464' title='bbox 1823 2181 1986 2235; x_wconf 76' lang='lat' dir='ltr'>Nobis</span> <span class='ocrx_word' id='word_1_465' title='bbox 2019 2187 2205 2238; x_wconf 72' lang='lat' dir='ltr'>tamen</span> <span class='ocrx_word' id='word_1_466' title='bbox 2235 2183 2500 2253; x_wconf 85' lang='lat' dir='ltr'>apostolis</span> <span class='ocrx_word' id='word_1_467' title='bbox 2529 2183 2766 2255; x_wconf 78' lang='lat' dir='ltr'>aliisque</span> <span class='ocrx_word' id='word_1_468' title='bbox 2795 2185 3074 2260; x_wconf 71' lang='lat' dir='ltr'>ﬁdelibus,</span> <span class='ocrx_word' id='word_1_469' title='bbox 3100 2203 3247 2256; x_wconf 69' lang='lat' dir='ltr'>unus</span> <span class='ocrx_word' id='word_1_470' title='bbox 3277 2197 3354 2256; x_wconf 75' lang='lat' dir='ltr'>est</span> 
     </span>
    </p>
   </div>
   <div class='ocr_carea' id='block_1_64' title="bbox 1759 2269 3355 2345">
    <p class='ocr_par' dir='ltr' id='par_1_64' title="bbox 1759 2269 3355 2345">
     <span class='ocr_line' id='line_1_64' title="bbox 1759 2269 3355 2345; baseline 0.006 -23"><span class='ocrx_word' id='word_1_471' title='bbox 1759 2269 1900 2323; x_wconf 75' lang='lat' dir='ltr'>Deus</span> <span class='ocrx_word' id='word_1_472' title='bbox 1925 2271 2105 2332; x_wconf 86' lang='lat' dir='ltr'>Pater,</span> <span class='ocrx_word' id='word_1_473' title='bbox 2130 2270 2591 2337; x_wconf 77' lang='lat' dir='ltr'>substantialiter,</span> <span class='ocrx_word' id='word_1_474' title='bbox 2623 2291 2686 2326; x_wconf 75' lang='lat' dir='ltr'>ea:</span> <span class='ocrx_word' id='word_1_475' title='bbox 2712 2290 2818 2340; x_wconf 87' lang='lat' dir='ltr'>quo</span> <span class='ocrx_word' id='word_1_476' title='bbox 2844 2277 3032 2344; x_wconf 81' lang='lat' dir='ltr'>omnia</span> <span class='ocrx_word' id='word_1_477' title='bbox 3075 2282 3355 2345; x_wconf 67' lang='lat' dir='ltr'>constant,</span> 
     </span>
    </p>
   </div>
   <div class='ocr_carea' id='block_1_65' title="bbox 1761 2358 3352 2438">
    <p class='ocr_par' dir='ltr' id='par_1_65' title="bbox 1761 2358 3352 2438">
     <span class='ocr_line' id='line_1_65' title="bbox 1761 2358 3352 2438; baseline 0.005 -29"><span class='ocrx_word' id='word_1_478' title='bbox 1761 2363 1818 2410; x_wconf 86' lang='lat' dir='ltr'>et</span> <span class='ocrx_word' id='word_1_479' title='bbox 1837 2373 1871 2412; x_wconf 87' lang='lat' dir='ltr'>a</span> <span class='ocrx_word' id='word_1_480' title='bbox 1890 2374 1999 2426; x_wconf 87' lang='lat' dir='ltr'>quo</span> <span class='ocrx_word' id='word_1_481' title='bbox 2030 2358 2304 2427; x_wconf 82' lang='lat' dir='ltr'>originem</span> <span class='ocrx_word' id='word_1_482' title='bbox 2330 2366 2529 2429; x_wconf 85' lang='lat' dir='ltr'>cuncta</span> <span class='ocrx_word' id='word_1_483' title='bbox 2567 2367 3004 2432; x_wconf 81' lang='lat' dir='ltr'>sumpserunt,et</span> <span class='ocrx_word' id='word_1_484' title='bbox 3032 2379 3127 2416; x_wconf 90' lang='lat' dir='ltr'>nos</span> <span class='ocrx_word' id='word_1_485' title='bbox 3149 2366 3210 2417; x_wconf 83' lang='lat' dir='ltr'>in</span> <span class='ocrx_word' id='word_1_486' title='bbox 3227 2367 3352 2438; x_wconf 63' lang='lat' dir='ltr'>illa,</span> 
     </span>
    </p>
   </div>
   <div class='ocr_carea' id='block_1_66' title="bbox 1761 2444 3362 2528">
    <p class='ocr_par' dir='ltr' id='par_1_66' title="bbox 1761 2444 3362 2528">
     <span class='ocr_line' id='line_1_66' title="bbox 1761 2444 3362 2528; baseline 0.01 -31"><span class='ocrx_word' id='word_1_487' title='bbox 1761 2444 2256 2502; x_wconf 71' lang='lat' dir='ltr'>subsistimussive</span> <span class='ocrx_word' id='word_1_488' title='bbox 2284 2447 2341 2502; x_wconf 88' lang='lat' dir='ltr'>in</span> <span class='ocrx_word' id='word_1_489' title='bbox 2363 2447 2712 2518; x_wconf 77' lang='lat' dir='ltr'>illum,quasi</span> <span class='ocrx_word' id='word_1_490' title='bbox 2735 2449 2890 2508; x_wconf 81' lang='lat' dir='ltr'>intra</span> <span class='ocrx_word' id='word_1_491' title='bbox 2920 2451 3079 2512; x_wconf 80' lang='lat' dir='ltr'>illum</span> <span class='ocrx_word' id='word_1_492' title='bbox 3107 2452 3362 2528; x_wconf 60' lang='lat' dir='ltr'>subsisti;</span> 
     </span>
    </p>
   </div>
   <div class='ocr_carea' id='block_1_67' title="bbox 1761 2533 3359 2613">
    <p class='ocr_par' dir='ltr' id='par_1_67' title="bbox 1761 2533 3359 2613">
     <span class='ocr_line' id='line_1_67' title="bbox 1761 2533 3359 2613; baseline 0.007 -29"><span class='ocrx_word' id='word_1_493' title='bbox 1761 2547 1903 2595; x_wconf 87' lang='lat' dir='ltr'>mus,</span> <span class='ocrx_word' id='word_1_494' title='bbox 1931 2533 2062 2603; x_wconf 88' lang='lat' dir='ltr'>quia</span> <span class='ocrx_word' id='word_1_495' title='bbox 2091 2534 2271 2586; x_wconf 89' lang='lat' dir='ltr'>omnis</span> <span class='ocrx_word' id='word_1_496' title='bbox 2301 2541 2560 2591; x_wconf 80' lang='lat' dir='ltr'>creatura</span> <span class='ocrx_word' id='word_1_497' title='bbox 2591 2537 2740 2592; x_wconf 85' lang='lat' dir='ltr'>intra</span> <span class='ocrx_word' id='word_1_498' title='bbox 2793 2538 2951 2607; x_wconf 83' lang='lat' dir='ltr'>illum</span> <span class='ocrx_word' id='word_1_499' title='bbox 2991 2541 3267 2608; x_wconf 81' lang='lat' dir='ltr'>consistit,</span> <span class='ocrx_word' id='word_1_500' title='bbox 3302 2552 3359 2613; x_wconf 72' lang='lat' dir='ltr'>et</span> 
     </span>
    </p>
   </div>
   <div class='ocr_carea' id='block_1_68' title="bbox 1759 2621 3358 2690">
    <p class='ocr_par' dir='ltr' id='par_1_68' title="bbox 1759 2621 3358 2690">
     <span class='ocr_line' id='line_1_68' title="bbox 1759 2621 3358 2690; baseline 0.007 -17"><span class='ocrx_word' id='word_1_501' title='bbox 1759 2621 1877 2689; x_wconf 89' lang='lat' dir='ltr'>ipse</span> <span class='ocrx_word' id='word_1_502' title='bbox 1898 2628 1983 2674; x_wconf 90' lang='lat' dir='ltr'>est</span> <span class='ocrx_word' id='word_1_503' title='bbox 2003 2628 2160 2675; x_wconf 82' lang='lat' dir='ltr'>extra</span> <span class='ocrx_word' id='word_1_504' title='bbox 2197 2624 2384 2676; x_wconf 88' lang='lat' dir='ltr'>omnia</span> <span class='ocrx_word' id='word_1_505' title='bbox 2414 2636 2468 2678; x_wconf 88' lang='lat' dir='ltr'>et</span> <span class='ocrx_word' id='word_1_506' title='bbox 2490 2625 2640 2678; x_wconf 84' lang='lat' dir='ltr'>intra</span> <span class='ocrx_word' id='word_1_507' title='bbox 2665 2626 2873 2690; x_wconf 86' lang='lat' dir='ltr'>omnia,</span> <span class='ocrx_word' id='word_1_508' title='bbox 2907 2633 2952 2679; x_wconf 88' lang='lat' dir='ltr'>et</span> <span class='ocrx_word' id='word_1_509' title='bbox 2985 2645 3130 2681; x_wconf 85' lang='lat' dir='ltr'>unus</span> <span class='ocrx_word' id='word_1_510' title='bbox 3168 2631 3358 2683; x_wconf 80' lang='lat' dir='ltr'>Domi-</span> 
     </span>
    </p>
   </div>
   <div class='ocr_carea' id='block_1_69' title="bbox 1759 2712 3357 2786">
    <p class='ocr_par' dir='ltr' id='par_1_69' title="bbox 1759 2712 3357 2786">
     <span class='ocr_line' id='line_1_69' title="bbox 1759 2712 3357 2786; baseline 0.006 -24"><span class='ocrx_word' id='word_1_511' title='bbox 1759 2725 1864 2762; x_wconf 79' lang='lat' dir='ltr'>nus</span> <span class='ocrx_word' id='word_1_512' title='bbox 1888 2713 2040 2763; x_wconf 76' lang='lat' dir='ltr'>Jrsus</span> <span class='ocrx_word' id='word_1_513' title='bbox 2072 2712 2342 2775; x_wconf 75' lang='lat' dir='ltr'>Christus,</span> <span class='ocrx_word' id='word_1_514' title='bbox 2367 2727 2491 2768; x_wconf 89' lang='lat' dir='ltr'>cum</span> <span class='ocrx_word' id='word_1_515' title='bbox 2515 2713 2678 2766; x_wconf 81' lang='lat' dir='ltr'>Patre</span> <span class='ocrx_word' id='word_1_516' title='bbox 2701 2720 2758 2774; x_wconf 82' lang='lat' dir='ltr'>et</span> <span class='ocrx_word' id='word_1_517' title='bbox 2778 2714 2988 2783; x_wconf 90' lang='lat' dir='ltr'>Spiritu</span> <span class='ocrx_word' id='word_1_518' title='bbox 3014 2722 3227 2782; x_wconf 86' lang='lat' dir='ltr'>sancto,</span> <span class='ocrx_word' id='word_1_519' title='bbox 3255 2735 3357 2786; x_wconf 78' lang='lat' dir='ltr'>per</span> 
     </span>
    </p>
   </div>
   <div class='ocr_carea' id='block_1_70' title="bbox 1759 2799 3353 2876">
    <p class='ocr_par' dir='ltr' id='par_1_70' title="bbox 1759 2799 3353 2876">
     <span class='ocr_line' id='line_1_70' title="bbox 1759 2799 3353 2876; baseline 0.006 -27"><span class='ocrx_word' id='word_1_520' title='bbox 1759 2815 1918 2866; x_wconf 85' lang='lat' dir='ltr'>quem</span> <span class='ocrx_word' id='word_1_521' title='bbox 1949 2799 2248 2856; x_wconf 88' lang='lat' dir='ltr'>Dominum</span> <span class='ocrx_word' id='word_1_522' title='bbox 2277 2799 2467 2854; x_wconf 87' lang='lat' dir='ltr'>Jesum</span> <span class='ocrx_word' id='word_1_523' title='bbox 2499 2804 2689 2854; x_wconf 87' lang='lat' dir='ltr'>omnia</span> <span class='ocrx_word' id='word_1_524' title='bbox 2733 2801 2878 2866; x_wconf 79' lang='lat' dir='ltr'>facta</span> <span class='ocrx_word' id='word_1_525' title='bbox 2906 2809 3038 2866; x_wconf 79' lang='lat' dir='ltr'>sunt</span> <span class='ocrx_word' id='word_1_526' title='bbox 3064 2803 3353 2876; x_wconf 72' lang='lat' dir='ltr'>subaudis,</span> 
     </span>
    </p>
   </div>
   <div class='ocr_carea' id='block_1_71' title="bbox 1757 2887 3138 2961">
    <p class='ocr_par' dir='ltr' id='par_1_71' title="bbox 1757 2887 3138 2961">
     <span class='ocr_line' id='line_1_71' title="bbox 1757 2887 3138 2961; baseline 0.005 -24"><span class='ocrx_word' id='word_1_527' title='bbox 1757 2892 1805 2937; x_wconf 84' lang='lat' dir='ltr'>et</span> <span class='ocrx_word' id='word_1_528' title='bbox 1845 2902 1940 2938; x_wconf 84' lang='lat' dir='ltr'>nos</span> <span class='ocrx_word' id='word_1_529' title='bbox 1965 2902 2060 2954; x_wconf 83' lang='lat' dir='ltr'>per</span> <span class='ocrx_word' id='word_1_530' title='bbox 2095 2891 2298 2954; x_wconf 81' lang='lat' dir='ltr'>ipsum,</span> <span class='ocrx_word' id='word_1_531' title='bbox 2335 2887 2506 2948; x_wconf 78' lang='lat' dir='ltr'>creati</span> <span class='ocrx_word' id='word_1_532' title='bbox 2536 2904 2731 2942; x_wconf 88' lang='lat' dir='ltr'>sumus</span> <span class='ocrx_word' id='word_1_533' title='bbox 2763 2895 2818 2942; x_wconf 86' lang='lat' dir='ltr'>et</span> <span class='ocrx_word' id='word_1_534' title='bbox 2844 2890 3138 2961; x_wconf 80' lang='lat' dir='ltr'>redempti.</span> 
     </span>
    </p>
   </div>
   <div class='ocr_carea' id='block_1_72' title="bbox 1826 2973 3359 3052">
    <p class='ocr_par' dir='ltr' id='par_1_72' title="bbox 1826 2973 3359 3052">
     <span class='ocr_line' id='line_1_72' title="bbox 1826 2973 3359 3052; baseline 0.007 -26"><span class='ocrx_word' id='word_1_535' title='bbox 1826 2973 1929 3026; x_wconf 87' lang='lat' dir='ltr'>Sed</span> <span class='ocrx_word' id='word_1_536' title='bbox 1959 2991 2069 3028; x_wconf 85' lang='lat' dir='ltr'>non</span> <span class='ocrx_word' id='word_1_537' title='bbox 2091 2979 2152 3028; x_wconf 84' lang='lat' dir='ltr'>in</span> <span class='ocrx_word' id='word_1_538' title='bbox 2194 2979 2450 3032; x_wconf 83' lang='lat' dir='ltr'>omnibus</span> <span class='ocrx_word' id='word_1_539' title='bbox 2479 2983 2553 3028; x_wconf 82' lang='lat' dir='ltr'>est</span> <span class='ocrx_word' id='word_1_540' title='bbox 2574 2980 2824 3046; x_wconf 72' lang='lat' dir='ltr'>scientia,</span> <span class='ocrx_word' id='word_1_541' title='bbox 2857 2978 3127 3052; x_wconf 76' lang='lat' dir='ltr'>subaudis</span> <span class='ocrx_word' id='word_1_542' title='bbox 3149 2981 3359 3048; x_wconf 51' lang='lat' dir='ltr'>istam;</span> 
     </span>
    </p>
   </div>
   <div class='ocr_carea' id='block_1_73' title="bbox 1758 3053 3359 3141">
    <p class='ocr_par' dir='ltr' id='par_1_73' title="bbox 1758 3053 3359 3141">
     <span class='ocr_line' id='line_1_73' title="bbox 1758 3053 3359 3141; baseline 0.008 -27"><span class='ocrx_word' id='word_1_543' title='bbox 1758 3062 1987 3120; x_wconf 84' lang='lat' dir='ltr'>credant</span> <span class='ocrx_word' id='word_1_544' title='bbox 2014 3080 2188 3122; x_wconf 88' lang='lat' dir='ltr'>unum</span> <span class='ocrx_word' id='word_1_545' title='bbox 2219 3080 2410 3124; x_wconf 80' lang='lat' dir='ltr'>verum</span> <span class='ocrx_word' id='word_1_546' title='bbox 2442 3065 2618 3123; x_wconf 83' lang='lat' dir='ltr'>Deum</span> <span class='ocrx_word' id='word_1_547' title='bbox 2666 3066 2845 3120; x_wconf 90' lang='lat' dir='ltr'>solum</span> <span class='ocrx_word' id='word_1_548' title='bbox 2885 3068 3050 3131; x_wconf 83' lang='lat' dir='ltr'>modo</span> <span class='ocrx_word' id='word_1_549' title='bbox 3099 3086 3220 3135; x_wconf 82' lang='lat' dir='ltr'>esse</span> 
     </span>
    </p>
   </div>
   <div class='ocr_carea' id='block_1_74' title="bbox 1757 3150 3360 3224">
    <p class='ocr_par' dir='ltr' id='par_1_74' title="bbox 1757 3150 3360 3224">
     <span class='ocr_line' id='line_1_74' title="bbox 1757 3150 3360 3224; baseline 0.009 -22"><span class='ocrx_word' id='word_1_550' title='bbox 1757 3150 2068 3206; x_wconf 84' lang='lat' dir='ltr'>trinitatem</span> <span class='ocrx_word' id='word_1_551' title='bbox 2092 3152 2260 3211; x_wconf 87' lang='lat' dir='ltr'>habet</span> <span class='ocrx_word' id='word_1_552' title='bbox 2277 3152 2332 3206; x_wconf 90' lang='lat' dir='ltr'>in</span> <span class='ocrx_word' id='word_1_553' title='bbox 2358 3153 2696 3224; x_wconf 84' lang='lat' dir='ltr'>personis.et</span> <span class='ocrx_word' id='word_1_554' title='bbox 2725 3155 2998 3218; x_wconf 79' lang='lat' dir='ltr'>unitatem</span> <span class='ocrx_word' id='word_1_555' title='bbox 3015 3157 3074 3218; x_wconf 85' lang='lat' dir='ltr'>in</span> <span class='ocrx_word' id='word_1_556' title='bbox 3096 3157 3360 3224; x_wconf 74' lang='lat' dir='ltr'>substan:</span> 
     </span>
    </p>
   </div>
   <div class='ocr_carea' id='block_1_75' title="bbox 1761 3231 3361 3316">
    <p class='ocr_par' dir='ltr' id='par_1_75' title="bbox 1761 3231 3361 3316">
     <span class='ocr_line' id='line_1_75' title="bbox 1761 3231 3361 3316; baseline 0.008 -24"><span class='ocrx_word' id='word_1_557' title='bbox 1761 3239 1858 3293; x_wconf 83' lang='lat' dir='ltr'>tia.</span> <span class='ocrx_word' id='word_1_558' title='bbox 1895 3243 2130 3306; x_wconf 74' lang='lat' dir='ltr'>Quidam</span> <span class='ocrx_word' id='word_1_559' title='bbox 2160 3247 2345 3296; x_wconf 85' lang='lat' dir='ltr'>autem</span> <span class='ocrx_word' id='word_1_560' title='bbox 2365 3246 2699 3312; x_wconf 79' lang='lat' dir='ltr'>conscientia</span> <span class='ocrx_word' id='word_1_561' title='bbox 2735 3260 2904 3312; x_wconf 85' lang='lat' dir='ltr'>usque</span> <span class='ocrx_word' id='word_1_562' title='bbox 2934 3262 3086 3302; x_wconf 85' lang='lat' dir='ltr'>nunc</span> <span class='ocrx_word' id='word_1_563' title='bbox 3105 3251 3165 3301; x_wconf 87' lang='lat' dir='ltr'>in</span> <span class='ocrx_word' id='word_1_564' title='bbox 3201 3231 3361 3316; x_wconf 77' lang='lat' dir='ltr'>idolis</span> 
     </span>
    </p>
   </div>
   <div class='ocr_carea' id='block_1_76' title="bbox 1761 3330 3360 3409">
    <p class='ocr_par' dir='ltr' id='par_1_76' title="bbox 1761 3330 3360 3409">
     <span class='ocr_line' id='line_1_76' title="bbox 1761 3330 3360 3409; baseline 0.009 -30"><span class='ocrx_word' id='word_1_565' title='bbox 1761 3333 1922 3396; x_wconf 85' lang='lat' dir='ltr'>quasi</span> <span class='ocrx_word' id='word_1_566' title='bbox 1951 3331 2338 3397; x_wconf 78' lang='lat' dir='ltr'>idolothytum,</span> <span class='ocrx_word' id='word_1_567' title='bbox 2373 3330 2427 3383; x_wconf 89' lang='lat' dir='ltr'>id</span> <span class='ocrx_word' id='word_1_568' title='bbox 2467 3337 2553 3390; x_wconf 86' lang='lat' dir='ltr'>est</span> <span class='ocrx_word' id='word_1_569' title='bbox 2571 3330 2734 3402; x_wconf 84' lang='lat' dir='ltr'>idolis</span> <span class='ocrx_word' id='word_1_570' title='bbox 2765 3333 2960 3394; x_wconf 87' lang='lat' dir='ltr'>datum</span> <span class='ocrx_word' id='word_1_571' title='bbox 2991 3341 3047 3409; x_wconf 79' lang='lat' dir='ltr'>et</span> <span class='ocrx_word' id='word_1_572' title='bbox 3066 3351 3360 3404; x_wconf 59' lang='lat' dir='ltr'>consecras-</span> 
     </span>
    </p>
   </div>
   <div class='ocr_carea' id='block_1_77' title="bbox 1763 3418 3363 3498">
    <p class='ocr_par' dir='ltr' id='par_1_77' title="bbox 1763 3418 3363 3498">
     <span class='ocr_line' id='line_1_77' title="bbox 1763 3418 3363 3498; baseline 0.005 -26"><span class='ocrx_word' id='word_1_573' title='bbox 1763 3418 2324 3485; x_wconf 81' lang='lat' dir='ltr'>tum,manducant,et</span> <span class='ocrx_word' id='word_1_574' title='bbox 2346 3423 2673 3477; x_wconf 81' lang='lat' dir='ltr'>conscientia</span> <span class='ocrx_word' id='word_1_575' title='bbox 2699 3425 2946 3488; x_wconf 80' lang='lat' dir='ltr'>ipsorum</span> <span class='ocrx_word' id='word_1_576' title='bbox 2967 3440 3093 3488; x_wconf 68' lang='lat' dir='ltr'>cum</span> <span class='ocrx_word' id='word_1_577' title='bbox 3107 3429 3176 3484; x_wconf 81' lang='lat' dir='ltr'>sit</span> <span class='ocrx_word' id='word_1_578' title='bbox 3201 3429 3363 3498; x_wconf 56' lang='lat' dir='ltr'>ili/&#39;51:;</span> 
     </span>
    </p>
   </div>
   <div class='ocr_carea' id='block_1_78' title="bbox 1765 3508 3360 3588">
    <p class='ocr_par' dir='ltr' id='par_1_78' title="bbox 1765 3508 3360 3588">
     <span class='ocr_line' id='line_1_78' title="bbox 1765 3508 3360 3588; baseline 0.005 -32"><span class='ocrx_word' id='word_1_579' title='bbox 1765 3521 1874 3566; x_wconf 82' lang='lat' dir='ltr'>ma,</span> <span class='ocrx_word' id='word_1_580' title='bbox 1903 3508 2200 3572; x_wconf 80' lang='lat' dir='ltr'>polluitur,</span> <span class='ocrx_word' id='word_1_581' title='bbox 2235 3508 2498 3577; x_wconf 83' lang='lat' dir='ltr'>quoniam</span> <span class='ocrx_word' id='word_1_582' title='bbox 2527 3509 2660 3563; x_wconf 88' lang='lat' dir='ltr'>dum</span> <span class='ocrx_word' id='word_1_583' title='bbox 2685 3511 2963 3572; x_wconf 79' lang='lat' dir='ltr'>ﬁrmiores</span> <span class='ocrx_word' id='word_1_584' title='bbox 2991 3512 3045 3576; x_wconf 81' lang='lat' dir='ltr'>in</span> <span class='ocrx_word' id='word_1_585' title='bbox 3068 3514 3176 3568; x_wconf 82' lang='lat' dir='ltr'>ﬁde</span> <span class='ocrx_word' id='word_1_586' title='bbox 3207 3514 3360 3588; x_wconf 39' lang='lat' dir='ltr'>vide;-</span> 
     </span>
    </p>
   </div>
   <div class='ocr_carea' id='block_1_79' title="bbox 1763 3594 3361 3677">
    <p class='ocr_par' dir='ltr' id='par_1_79' title="bbox 1763 3594 3361 3677">
     <span class='ocr_line' id='line_1_79' title="bbox 1763 3594 3361 3677; baseline 0.007 -32"><span class='ocrx_word' id='word_1_587' title='bbox 1763 3594 1876 3646; x_wconf 84' lang='lat' dir='ltr'>rint</span> <span class='ocrx_word' id='word_1_588' title='bbox 1897 3595 2221 3660; x_wconf 85' lang='lat' dir='ltr'>recumbere</span> <span class='ocrx_word' id='word_1_589' title='bbox 2243 3596 2474 3660; x_wconf 86' lang='lat' dir='ltr'>idolo,et</span> <span class='ocrx_word' id='word_1_590' title='bbox 2494 3597 2786 3663; x_wconf 86' lang='lat' dir='ltr'>comedere</span> <span class='ocrx_word' id='word_1_591' title='bbox 2811 3599 3361 3677; x_wconf 72' lang='lat' dir='ltr'>idolqthyta,aliquid</span> 
     </span>
    </p>
   </div>
   <div class='ocr_carea' id='block_1_80' title="bbox 1763 3683 3361 3759">
    <p class='ocr_par' dir='ltr' id='par_1_80' title="bbox 1763 3683 3361 3759">
     <span class='ocr_line' id='line_1_80' title="bbox 1763 3683 3361 3759; baseline 0.005 -23"><span class='ocrx_word' id='word_1_592' title='bbox 1763 3683 2013 3736; x_wconf 88' lang='lat' dir='ltr'>numinis</span> <span class='ocrx_word' id='word_1_593' title='bbox 2053 3690 2108 3740; x_wconf 84' lang='lat' dir='ltr'>et</span> <span class='ocrx_word' id='word_1_594' title='bbox 2153 3683 2476 3754; x_wconf 79' lang='lat' dir='ltr'>religiosum</span> <span class='ocrx_word' id='word_1_595' title='bbox 2516 3692 2718 3754; x_wconf 82' lang='lat' dir='ltr'>putant</span> <span class='ocrx_word' id='word_1_596' title='bbox 2747 3702 2868 3740; x_wconf 87' lang='lat' dir='ltr'>esse</span> <span class='ocrx_word' id='word_1_597' title='bbox 2898 3687 2954 3740; x_wconf 94' lang='lat' dir='ltr'>in</span> <span class='ocrx_word' id='word_1_598' title='bbox 2979 3688 3161 3759; x_wconf 81' lang='lat' dir='ltr'>idolis.</span> <span class='ocrx_word' id='word_1_599' title='bbox 3205 3691 3273 3753; x_wconf 77' lang='lat' dir='ltr'>Et</span> <span class='ocrx_word' id='word_1_600' title='bbox 3300 3690 3361 3752; x_wconf 83' lang='lat' dir='ltr'>in</span> 
     </span>
    </p>
   </div>
   <div class='ocr_carea' id='block_1_81' title="bbox 1767 3770 3362 3853">
    <p class='ocr_par' dir='ltr' id='par_1_81' title="bbox 1767 3770 3362 3853">
     <span class='ocr_line' id='line_1_81' title="bbox 1767 3770 3362 3853; baseline 0.006 -31"><span class='ocrx_word' id='word_1_601' title='bbox 1767 3770 1872 3822; x_wconf 90' lang='lat' dir='ltr'>hoc</span> <span class='ocrx_word' id='word_1_602' title='bbox 1894 3776 1980 3824; x_wconf 88' lang='lat' dir='ltr'>est</span> <span class='ocrx_word' id='word_1_603' title='bbox 2007 3770 2230 3823; x_wconf 88' lang='lat' dir='ltr'>illorum</span> <span class='ocrx_word' id='word_1_604' title='bbox 2261 3771 2603 3824; x_wconf 86' lang='lat' dir='ltr'>conscientia</span> <span class='ocrx_word' id='word_1_605' title='bbox 2625 3772 2867 3836; x_wconf 84' lang='lat' dir='ltr'>inﬁrma,</span> <span class='ocrx_word' id='word_1_606' title='bbox 2886 3775 2967 3828; x_wconf 87' lang='lat' dir='ltr'>vel</span> <span class='ocrx_word' id='word_1_607' title='bbox 2997 3777 3129 3849; x_wconf 88' lang='lat' dir='ltr'>quia</span> <span class='ocrx_word' id='word_1_608' title='bbox 3155 3784 3362 3853; x_wconf 49' lang='lat' dir='ltr'>putati?</span> 
     </span>
    </p>
   </div>
   <div class='ocr_carea' id='block_1_82' title="bbox 1761 3860 3362 3946">
    <p class='ocr_par' dir='ltr' id='par_1_82' title="bbox 1761 3860 3362 3946">
     <span class='ocr_line' id='line_1_82' title="bbox 1761 3860 3362 3946; baseline 0.003 -30"><span class='ocrx_word' id='word_1_609' title='bbox 1761 3865 1846 3916; x_wconf 80' lang='lat' dir='ltr'>tes</span> <span class='ocrx_word' id='word_1_610' title='bbox 1877 3862 2066 3916; x_wconf 86' lang='lat' dir='ltr'>omnia</span> <span class='ocrx_word' id='word_1_611' title='bbox 2094 3876 2215 3916; x_wconf 81' lang='lat' dir='ltr'>esse</span> <span class='ocrx_word' id='word_1_612' title='bbox 2232 3860 2775 3928; x_wconf 75' lang='lat' dir='ltr'>munda.comedunt</span> <span class='ocrx_word' id='word_1_613' title='bbox 2790 3863 3216 3943; x_wconf 79' lang='lat' dir='ltr'>idolothyta,vel</span> 
     </span>
    </p>
   </div>
   <div class='ocr_carea' id='block_1_83' title="bbox 1761 3947 2962 4018">
    <p class='ocr_par' dir='ltr' id='par_1_83' title="bbox 1761 3947 2962 4018">
     <span class='ocr_line' id='line_1_83' title="bbox 1761 3947 2962 4018; baseline 0.004 -18"><span class='ocrx_word' id='word_1_614' title='bbox 1761 3948 1976 4017; x_wconf 84' lang='lat' dir='ltr'>aliquid</span> <span class='ocrx_word' id='word_1_615' title='bbox 2006 3947 2251 4001; x_wconf 90' lang='lat' dir='ltr'>numinis</span> <span class='ocrx_word' id='word_1_616' title='bbox 2280 3948 2518 4018; x_wconf 78' lang='lat' dir='ltr'>credunt</span> <span class='ocrx_word' id='word_1_617' title='bbox 2543 3965 2673 4018; x_wconf 74' lang='lat' dir='ltr'>esse</span> <span class='ocrx_word' id='word_1_618' title='bbox 2696 3948 2752 4002; x_wconf 92' lang='lat' dir='ltr'>in</span> <span class='ocrx_word' id='word_1_619' title='bbox 2782 3949 2962 4018; x_wconf 83' lang='lat' dir='ltr'>idolis.</span> 
     </span>
    </p>
   </div>
   <div class='ocr_carea' id='block_1_84' title="bbox 1836 4039 3359 4110">
    <p class='ocr_par' dir='ltr' id='par_1_84' title="bbox 1836 4039 3359 4110">
     <span class='ocr_line' id='line_1_84' title="bbox 1836 4039 3359 4110; baseline 0.005 -21"><span class='ocrx_word' id='word_1_620' title='bbox 1836 4039 1968 4091; x_wconf 87' lang='lat' dir='ltr'>Esca</span> <span class='ocrx_word' id='word_1_621' title='bbox 1996 4042 2182 4094; x_wconf 87' lang='lat' dir='ltr'>autem</span> <span class='ocrx_word' id='word_1_622' title='bbox 2221 4053 2318 4090; x_wconf 81' lang='lat' dir='ltr'>nos</span> <span class='ocrx_word' id='word_1_623' title='bbox 2365 4053 2477 4090; x_wconf 84' lang='lat' dir='ltr'>non</span> <span class='ocrx_word' id='word_1_624' title='bbox 2537 4041 2878 4104; x_wconf 78' lang='lat' dir='ltr'>conmicndat</span> <span class='ocrx_word' id='word_1_625' title='bbox 2931 4042 3054 4107; x_wconf 63' lang='lat' dir='ltr'>ﬂeo,</span> <span class='ocrx_word' id='word_1_626' title='bbox 3089 4041 3359 4110; x_wconf 74' lang='lat' dir='ltr'>subaudis</span> 
     </span>
    </p>
   </div>
   <div class='ocr_carea' id='block_1_85' title="bbox 1763 4124 3360 4202">
    <p class='ocr_par' dir='ltr' id='par_1_85' title="bbox 1763 4124 3360 4202">
     <span class='ocr_line' id='line_1_85' title="bbox 1763 4124 3360 4202; baseline -0.005 -23"><span class='ocrx_word' id='word_1_627' title='bbox 1763 4142 1932 4196; x_wconf 86' lang='lat' dir='ltr'>quam</span> <span class='ocrx_word' id='word_1_628' title='bbox 1955 4125 2234 4179; x_wconf 89' lang='lat' dir='ltr'>credimus</span> <span class='ocrx_word' id='word_1_629' title='bbox 2261 4124 2549 4189; x_wconf 87' lang='lat' dir='ltr'>mundam,</span> <span class='ocrx_word' id='word_1_630' title='bbox 2591 4125 2645 4177; x_wconf 91' lang='lat' dir='ltr'>id</span> <span class='ocrx_word' id='word_1_631' title='bbox 2677 4132 2780 4192; x_wconf 89' lang='lat' dir='ltr'>est,</span> <span class='ocrx_word' id='word_1_632' title='bbox 2808 4143 2921 4180; x_wconf 90' lang='lat' dir='ltr'>non</span> <span class='ocrx_word' id='word_1_633' title='bbox 2957 4128 3099 4184; x_wconf 77' lang='lat' dir='ltr'>facit</span> <span class='ocrx_word' id='word_1_634' title='bbox 3143 4146 3244 4202; x_wconf 55' lang='lat' dir='ltr'>nos</span> <span class='ocrx_word' id='word_1_635' title='bbox 3263 4146 3360 4195; x_wconf 54' lang='lat' dir='ltr'>ac,</span> 
     </span>
    </p>
   </div>
   <div class='ocr_carea' id='block_1_86' title="bbox 131 4213 3445 4292">
    <p class='ocr_par' dir='ltr' id='par_1_86' title="bbox 131 4213 3445 4292">
     <span class='ocr_line' id='line_1_86' title="bbox 131 4213 3445 4292; baseline 0.002 -26"><span class='ocrx_word' id='word_1_636' title='bbox 131 4216 370 4275; x_wconf 82' lang='lat' dir='ltr'>scientiam</span> <span class='ocrx_word' id='word_1_637' title='bbox 398 4223 643 4292; x_wconf 81' lang='lat' dir='ltr'>mitigat,</span> <span class='ocrx_word' id='word_1_638' title='bbox 681 4223 770 4275; x_wconf 85' lang='lat' dir='ltr'>hic</span> <span class='ocrx_word' id='word_1_639' title='bbox 797 4224 1046 4288; x_wconf 85' lang='lat' dir='ltr'>cognitus</span> <span class='ocrx_word' id='word_1_640' title='bbox 1064 4227 1139 4274; x_wconf 87' lang='lat' dir='ltr'>est</span> <span class='ocrx_word' id='word_1_641' title='bbox 1168 4222 1236 4273; x_wconf 88' lang='lat' dir='ltr'>ab</span> <span class='ocrx_word' id='word_1_642' title='bbox 1265 4237 1341 4285; x_wconf 86' lang='lat' dir='ltr'>eo,</span> <span class='ocrx_word' id='word_1_643' title='bbox 1375 4221 1432 4278; x_wconf 90' lang='lat' dir='ltr'>id</span> <span class='ocrx_word' id='word_1_644' title='bbox 1460 4227 1546 4279; x_wconf 83' lang='lat' dir='ltr'>est</span> <span class='ocrx_word' id='word_1_645' title='bbox 1590 4221 1681 4281; x_wconf 82' lang='lat' dir='ltr'>hic</span> <span class='ocrx_word' id='word_1_646' title='bbox 1762 4214 2066 4285; x_wconf 87' lang='lat' dir='ltr'>ceptabiles</span> <span class='ocrx_word' id='word_1_647' title='bbox 2087 4215 2219 4282; x_wconf 84' lang='lat' dir='ltr'>Deo,</span> <span class='ocrx_word' id='word_1_648' title='bbox 2237 4213 2615 4280; x_wconf 46' lang='lat' dir='ltr'>etllaudabiles</span> <span class='ocrx_word' id='word_1_649' title='bbox 2629 4213 2778 4285; x_wconf 87' lang='lat' dir='ltr'>apud</span> <span class='ocrx_word' id='word_1_650' title='bbox 2799 4215 2986 4276; x_wconf 82' lang='lat' dir='ltr'>illum.</span> <span class='ocrx_word' id='word_1_651' title='bbox 3023 4233 3192 4287; x_wconf 76' lang='lat' dir='ltr'>neque</span> <span class='ocrx_word' id='word_1_652' title='bbox 3211 4223 3362 4274; x_wconf 82' lang='lat' dir='ltr'>enim</span> <span class='ocrx_word' id='word_1_653' title='bbox 3433 4230 3445 4244; x_wconf 89' lang='lat'><strong><em>‘</em></strong></span> 
     </span>
    </p>
   </div>
   <div class='ocr_carea' id='block_1_87' title="bbox 133 4303 3366 4400">
    <p class='ocr_par' dir='ltr' id='par_1_87' title="bbox 133 4303 3366 4400">
     <span class='ocr_line' id='line_1_87' title="bbox 133 4303 3366 4400; baseline 0.002 -44"><span class='ocrx_word' id='word_1_654' title='bbox 133 4311 198 4357; x_wconf 86' lang='lat' dir='ltr'>est</span> <span class='ocrx_word' id='word_1_655' title='bbox 220 4309 406 4365; x_wconf 84' lang='lat' dir='ltr'>electus</span> <span class='ocrx_word' id='word_1_656' title='bbox 441 4311 510 4365; x_wconf 87' lang='lat' dir='ltr'>ab</span> <span class='ocrx_word' id='word_1_657' title='bbox 531 4329 624 4366; x_wconf 89' lang='lat' dir='ltr'>eo.</span> <span class='ocrx_word' id='word_1_658' title='bbox 1695 4343 1744 4400; x_wconf 83' lang='lat' dir='ltr'>D</span> <span class='ocrx_word' id='word_1_659' title='bbox 1761 4308 1810 4360; x_wconf 85' lang='lat' dir='ltr'>si</span> <span class='ocrx_word' id='word_1_660' title='bbox 1827 4320 1938 4358; x_wconf 85' lang='lat' dir='ltr'>non</span> <span class='ocrx_word' id='word_1_661' title='bbox 1959 4303 2777 4372; x_wconf 52' lang='lat' dir='ltr'>manducauerimussubaudis</span> <span class='ocrx_word' id='word_1_662' title='bbox 2797 4305 2866 4360; x_wconf 81' lang='lat' dir='ltr'>de</span> <span class='ocrx_word' id='word_1_663' title='bbox 2887 4306 3176 4374; x_wconf 80' lang='lat' dir='ltr'>sacriﬁciis</span> <span class='ocrx_word' id='word_1_664' title='bbox 3191 4307 3366 4370; x_wconf 81' lang='lat' dir='ltr'>idolo-</span> 
     </span>
    </p>
   </div>
   <div class='ocr_carea' id='block_1_88' title="bbox 189 4392 3363 4476">
    <p class='ocr_par' dir='ltr' id='par_1_88' title="bbox 189 4392 3363 4476">
     <span class='ocr_line' id='line_1_88' title="bbox 189 4392 3363 4476; baseline 0.002 -28"><span class='ocrx_word' id='word_1_665' title='bbox 189 4396 241 4448; x_wconf 83' lang='lat' dir='ltr'>De</span> <span class='ocrx_word' id='word_1_666' title='bbox 257 4403 374 4452; x_wconf 76' lang='lat' dir='ltr'>escis</span> <span class='ocrx_word' id='word_1_667' title='bbox 397 4407 586 4454; x_wconf 86' lang='lat' dir='ltr'>autem</span> <span class='ocrx_word' id='word_1_668' title='bbox 605 4416 726 4467; x_wconf 73' lang='lat' dir='ltr'>quae</span> <span class='ocrx_word' id='word_1_669' title='bbox 747 4400 906 4452; x_wconf 83' lang='lat' dir='ltr'>idolis</span> <span class='ocrx_word' id='word_1_670' title='bbox 929 4400 1528 4463; x_wconf 81' lang='lat' dir='ltr'>immolantur,scimus</span> <span class='ocrx_word' id='word_1_671' title='bbox 1544 4403 1678 4467; x_wconf 84' lang='lat' dir='ltr'>quia</span> <span class='ocrx_word' id='word_1_672' title='bbox 1699 4392 1738 4400; x_wconf 82' lang='grc'><em>”</em></span> <span class='ocrx_word' id='word_1_673' title='bbox 1762 4409 1910 4456; x_wconf 73' lang='lat' dir='ltr'>mm,</span> <span class='ocrx_word' id='word_1_674' title='bbox 1941 4395 2273 4459; x_wconf 73' lang='lat' dir='ltr'>deﬁciamus,</span> <span class='ocrx_word' id='word_1_675' title='bbox 2305 4398 2369 4445; x_wconf 92' lang='lat' dir='ltr'>ut</span> <span class='ocrx_word' id='word_1_676' title='bbox 2388 4393 2531 4448; x_wconf 89' lang='lat' dir='ltr'>alios</span> <span class='ocrx_word' id='word_1_677' title='bbox 2559 4392 2840 4468; x_wconf 56' lang='lat' dir='ltr'>ci_bos,n0n</span> <span class='ocrx_word' id='word_1_678' title='bbox 2863 4395 3196 4470; x_wconf 63' lang='lat' dir='ltr'>habeamus,</span> <span class='ocrx_word' id='word_1_679' title='bbox 3223 4413 3363 4476; x_wconf 63' lang='lat' dir='ltr'>quos</span> 
     </span>
    </p>
   </div>
   <div class='ocr_carea' id='block_1_89' title="bbox 136 4475 3366 4560">
    <p class='ocr_par' dir='ltr' id='par_1_89' title="bbox 136 4475 3366 4560">
     <span class='ocr_line' id='line_1_89' title="bbox 136 4475 3366 4560; baseline 0.003 -30"><span class='ocrx_word' id='word_1_680' title='bbox 136 4483 246 4537; x_wconf 77' lang='lat' dir='ltr'>nihil</span> <span class='ocrx_word' id='word_1_681' title='bbox 268 4495 332 4539; x_wconf 85' lang='lat' dir='ltr'>est</span> <span class='ocrx_word' id='word_1_682' title='bbox 358 4491 660 4542; x_wconf 82' lang='lat' dir='ltr'>idolum-in</span> <span class='ocrx_word' id='word_1_683' title='bbox 687 4488 1041 4541; x_wconf 83' lang='lat' dir='ltr'>mundonos</span> <span class='ocrx_word' id='word_1_684' title='bbox 1057 4486 1246 4542; x_wconf 63' lang='lat' dir='ltr'>Griece</span> <span class='ocrx_word' id='word_1_685' title='bbox 1265 4488 1461 4545; x_wconf 77' lang='lat' dir='ltr'>Latine</span> <span class='ocrx_word' id='word_1_686' title='bbox 1475 4487 1681 4546; x_wconf 83' lang='lat' dir='ltr'>dicitur</span> <span class='ocrx_word' id='word_1_687' title='bbox 1763 4499 2060 4556; x_wconf 76' lang='lat' dir='ltr'>possumus</span> <span class='ocrx_word' id='word_1_688' title='bbox 2080 4482 2620 4554; x_wconf 60' lang='lat' dir='ltr'>manducareanue</span> <span class='ocrx_word' id='word_1_689' title='bbox 2634 4487 2688 4538; x_wconf 69' lang='lat' dir='ltr'>Si</span> <span class='ocrx_word' id='word_1_690' title='bbox 2710 4475 3230 4560; x_wconf 63' lang='lat' dir='ltr'>Vitanducatferimus</span> <span class='ocrx_word' id='word_1_691' title='bbox 3241 4475 3366 4556; x_wconf 51' lang='lat' dir='ltr'>Cari-</span> 
     </span>
    </p>
   </div>
   <div class='ocr_carea' id='block_1_90' title="bbox 131 4573 3362 4653">
    <p class='ocr_par' dir='ltr' id='par_1_90' title="bbox 131 4573 3362 4653">
     <span class='ocr_line' id='line_1_90' title="bbox 131 4573 3362 4653; baseline 0.003 -26"><span class='ocrx_word' id='word_1_692' title='bbox 131 4573 300 4639; x_wconf 80' lang='lat' dir='ltr'>species</span> <span class='ocrx_word' id='word_1_693' title='bbox 317 4578 398 4631; x_wconf 77' lang='lat' dir='ltr'>vel</span> <span class='ocrx_word' id='word_1_694' title='bbox 417 4576 760 4639; x_wconf 85' lang='lat' dir='ltr'>forma,inde</span> <span class='ocrx_word' id='word_1_695' title='bbox 780 4575 1112 4630; x_wconf 82' lang='lat' dir='ltr'>diminutive</span> <span class='ocrx_word' id='word_1_696' title='bbox 1141 4576 1372 4642; x_wconf 89' lang='lat' dir='ltr'>idolum,</span> <span class='ocrx_word' id='word_1_697' title='bbox 1397 4577 1680 4637; x_wconf 81' lang='lat' dir='ltr'>idestfor-</span> <span class='ocrx_word' id='word_1_698' title='bbox 1761 4592 1863 4632; x_wconf 87' lang='lat' dir='ltr'>nes</span> <span class='ocrx_word' id='word_1_699' title='bbox 1889 4574 2049 4632; x_wconf 88' lang='lat' dir='ltr'>idolis</span> <span class='ocrx_word' id='word_1_700' title='bbox 2095 4580 2468 4639; x_wconf 69' lang='lat' dir='ltr'>consecratas,</span> <span class='ocrx_word' id='word_1_701' title='bbox 2521 4576 2953 4650; x_wconf 76' lang='lat' dir='ltr'>abundavimus,</span> <span class='ocrx_word' id='word_1_702' title='bbox 2993 4575 3262 4647; x_wconf 78' lang='lat' dir='ltr'>subaudis</span> <span class='ocrx_word' id='word_1_703' title='bbox 3297 4581 3362 4653; x_wconf 62' lang='lat' dir='ltr'>ut</span> 
     </span>
    </p>
   </div>
   <div class='ocr_carea' id='block_1_91' title="bbox 134 4662 3176 4742">
    <p class='ocr_par' dir='ltr' id='par_1_91' title="bbox 134 4662 3176 4742">
     <span class='ocr_line' id='line_1_91' title="bbox 134 4662 3176 4742; baseline 0.002 -33"><span class='ocrx_word' id='word_1_704' title='bbox 134 4662 250 4715; x_wconf 83' lang='lat' dir='ltr'>mula</span> <span class='ocrx_word' id='word_1_705' title='bbox 271 4683 329 4718; x_wconf 83' lang='lat' dir='ltr'>ex</span> <span class='ocrx_word' id='word_1_706' title='bbox 349 4668 534 4737; x_wconf 88' lang='lat' dir='ltr'>aliquo</span> <span class='ocrx_word' id='word_1_707' title='bbox 565 4665 821 4727; x_wconf 87' lang='lat' dir='ltr'>metallo,</span> <span class='ocrx_word' id='word_1_708' title='bbox 848 4671 947 4718; x_wconf 86' lang='lat' dir='ltr'>aut</span> <span class='ocrx_word' id='word_1_709' title='bbox 967 4681 1031 4718; x_wconf 84' lang='lat' dir='ltr'>ex</span> <span class='ocrx_word' id='word_1_710' title='bbox 1052 4665 1356 4734; x_wconf 49' lang='lat' dir='ltr'>lignis-sive</span> <span class='ocrx_word' id='word_1_711' title='bbox 1376 4665 1674 4736; x_wconf 75' lang='lat' dir='ltr'>lapidibus.</span> <span class='ocrx_word' id='word_1_712' title='bbox 1765 4665 2003 4728; x_wconf 76' lang='lat' dir='ltr'>aliorum</span> <span class='ocrx_word' id='word_1_713' title='bbox 2034 4662 2286 4722; x_wconf 85' lang='lat' dir='ltr'>ciborum</span> <span class='ocrx_word' id='word_1_714' title='bbox 2315 4662 2671 4735; x_wconf 73' lang='lat' dir='ltr'>refectionem</span> <span class='ocrx_word' id='word_1_715' title='bbox 2699 4680 2809 4733; x_wconf 81' lang='lat' dir='ltr'>non</span> <span class='ocrx_word' id='word_1_716' title='bbox 2840 4679 3176 4742; x_wconf 54' lang='lat' dir='ltr'>quaeramus.</span> 
     </span>
    </p>
   </div>
   <div class='ocr_carea' id='block_1_92' title="bbox 132 4745 3360 4831">
    <p class='ocr_par' dir='ltr' id='par_1_92' title="bbox 132 4745 3360 4831">
     <span class='ocr_line' id='line_1_92' title="bbox 132 4745 3360 4831; baseline 0.001 -28"><span class='ocrx_word' id='word_1_717' title='bbox 132 4745 230 4803; x_wconf 76' lang='lat' dir='ltr'>ideo</span> <span class='ocrx_word' id='word_1_718' title='bbox 247 4761 364 4824; x_wconf 78' lang='lat' dir='ltr'>ergo</span> <span class='ocrx_word' id='word_1_719' title='bbox 396 4755 610 4810; x_wconf 89' lang='lat' dir='ltr'>idolum</span> <span class='ocrx_word' id='word_1_720' title='bbox 630 4754 787 4808; x_wconf 82' lang='lat' dir='ltr'>nihil</span> <span class='ocrx_word' id='word_1_721' title='bbox 813 4759 916 4817; x_wconf 87' lang='lat' dir='ltr'>est,</span> <span class='ocrx_word' id='word_1_722' title='bbox 951 4753 1082 4824; x_wconf 86' lang='lat' dir='ltr'>quia</span> <span class='ocrx_word' id='word_1_723' title='bbox 1101 4754 1332 4813; x_wconf 75' lang='lat' dir='ltr'>videtur</span> <span class='ocrx_word' id='word_1_724' title='bbox 1378 4755 1681 4824; x_wconf 80' lang='lat' dir='ltr'>imaginem</span> <span class='ocrx_word' id='word_1_725' title='bbox 1851 4753 2022 4808; x_wconf 83' lang='lat' dir='ltr'>Videte</span> <span class='ocrx_word' id='word_1_726' title='bbox 2050 4758 2236 4810; x_wconf 84' lang='lat' dir='ltr'>autem</span> <span class='ocrx_word' id='word_1_727' title='bbox 2259 4769 2323 4807; x_wconf 78' lang='lat' dir='ltr'>ne</span> <span class='ocrx_word' id='word_1_728' title='bbox 2349 4754 2488 4818; x_wconf 82' lang='lat' dir='ltr'>forte</span> <span class='ocrx_word' id='word_1_729' title='bbox 2511 4754 2616 4816; x_wconf 61' lang='lat' dir='ltr'>hac</span> <span class='ocrx_word' id='word_1_730' title='bbox 2640 4755 2863 4809; x_wconf 83' lang='lat' dir='ltr'>licentia</span> <span class='ocrx_word' id='word_1_731' title='bbox 2892 4757 3071 4815; x_wconf 79' lang='lat' dir='ltr'>vestra</span> <span class='ocrx_word' id='word_1_732' title='bbox 3096 4767 3209 4831; x_wconf 75' lang='lat' dir='ltr'>qua</span> <span class='ocrx_word' id='word_1_733' title='bbox 3237 4767 3360 4824; x_wconf 62' lang='lat' dir='ltr'>ere;-</span> 
     </span>
    </p>
   </div>
   <div class='ocr_carea' id='block_1_93' title="bbox 131 4833 3362 4912">
    <p class='ocr_par' dir='ltr' id='par_1_93' title="bbox 131 4833 3362 4912">
     <span class='ocr_line' id='line_1_93' title="bbox 131 4833 3362 4912; baseline 0.001 -22"><span class='ocrx_word' id='word_1_734' title='bbox 131 4833 326 4895; x_wconf 78' lang='lat' dir='ltr'>hominis</span> <span class='ocrx_word' id='word_1_735' title='bbox 345 4843 637 4910; x_wconf 83' lang='lat' dir='ltr'>habere,et</span> <span class='ocrx_word' id='word_1_736' title='bbox 659 4859 771 4898; x_wconf 90' lang='lat' dir='ltr'>non</span> <span class='ocrx_word' id='word_1_737' title='bbox 799 4848 888 4897; x_wconf 86' lang='lat' dir='ltr'>cst</span> <span class='ocrx_word' id='word_1_738' title='bbox 915 4843 1114 4898; x_wconf 86' lang='lat' dir='ltr'>homo:</span> <span class='ocrx_word' id='word_1_739' title='bbox 1137 4843 1680 4912; x_wconf 17' lang='lat' dir='ltr'>.videturiimaginem</span> <span class='ocrx_word' id='word_1_740' title='bbox 1764 4841 1897 4903; x_wconf 82' lang='lat' dir='ltr'>ditis</span> <span class='ocrx_word' id='word_1_741' title='bbox 1931 4841 2121 4896; x_wconf 87' lang='lat' dir='ltr'>omnia</span> <span class='ocrx_word' id='word_1_742' title='bbox 2149 4841 2362 4904; x_wconf 80' lang='lat' dir='ltr'>munda</span> <span class='ocrx_word' id='word_1_743' title='bbox 2381 4840 2688 4903; x_wconf 85' lang='lat' dir='ltr'>mundis,e_t</span> <span class='ocrx_word' id='word_1_744' title='bbox 2709 4857 2809 4910; x_wconf 87' lang='lat' dir='ltr'>per</span> <span class='ocrx_word' id='word_1_745' title='bbox 2827 4839 3240 4906; x_wconf 78' lang='lat' dir='ltr'>invocationem</span> <span class='ocrx_word' id='word_1_746' title='bbox 3257 4857 3362 4902; x_wconf 69' lang='lat' dir='ltr'>nq-</span> 
     </span>
    </p>
   </div>
   <div class='ocr_carea' id='block_1_94' title="bbox 127 4924 3363 5000">
    <p class='ocr_par' dir='ltr' id='par_1_94' title="bbox 127 4924 3363 5000">
     <span class='ocr_line' id='line_1_94' title="bbox 127 4924 3363 5000; baseline 0.004 -20"><span class='ocrx_word' id='word_1_747' title='bbox 127 4924 317 4998; x_wconf 74' lang='lat' dir='ltr'>alicujus</span> <span class='ocrx_word' id='word_1_748' title='bbox 345 4931 531 4987; x_wconf 70' lang='lat' dir='ltr'>bestia:</span> <span class='ocrx_word' id='word_1_749' title='bbox 561 4933 794 4993; x_wconf 73' lang='lat' dir='ltr'>habere,</span> <span class='ocrx_word' id='word_1_750' title='bbox 827 4937 883 4985; x_wconf 91' lang='lat' dir='ltr'>et</span> <span class='ocrx_word' id='word_1_751' title='bbox 909 4947 1020 4986; x_wconf 91' lang='lat' dir='ltr'>non</span> <span class='ocrx_word' id='word_1_752' title='bbox 1064 4936 1150 4984; x_wconf 90' lang='lat' dir='ltr'>est</span> <span class='ocrx_word' id='word_1_753' title='bbox 1194 4930 1374 4988; x_wconf 80' lang='lat' dir='ltr'>bestia</span> <span class='ocrx_word' id='word_1_754' title='bbox 1406 4946 1417 4977; x_wconf 74' lang='grc' dir='ltr'><strong>ε</strong></span> <span class='ocrx_word' id='word_1_755' title='bbox 1463 4931 1684 4986; x_wconf 84' lang='lat' dir='ltr'>videtur</span> <span class='ocrx_word' id='word_1_756' title='bbox 1765 4931 1934 4990; x_wconf 80' lang='lat' dir='ltr'>minis</span> <span class='ocrx_word' id='word_1_757' title='bbox 1965 4930 2171 4986; x_wconf 85' lang='lat' dir='ltr'>Christi</span> <span class='ocrx_word' id='word_1_758' title='bbox 2203 4929 2392 4995; x_wconf 70' lang='lat' dir='ltr'>ania</span> <span class='ocrx_word' id='word_1_759' title='bbox 2439 4928 2795 4994; x_wconf 65' lang='lat' dir='ltr'>sanctiﬁcari.</span> <span class='ocrx_word' id='word_1_760' title='bbox 2845 4930 3238 5000; x_wconf 69' lang='grc' dir='ltr'>οΙῙεηιιῖόαιωη</span> <span class='ocrx_word' id='word_1_761' title='bbox 3263 4932 3363 4998; x_wconf 62' lang='grc' dir='ltr'>βαι</span> 
     </span>
    </p>
   </div>
   <div class='ocr_carea' id='block_1_95' title="bbox 125 5017 3363 5092">
    <p class='ocr_par' dir='ltr' id='par_1_95' title="bbox 125 5017 3363 5092">
     <span class='ocr_line' id='line_1_95' title="bbox 125 5017 3363 5092; baseline 0.005 -29"><span class='ocrx_word' id='word_1_762' title='bbox 125 5028 273 5080; x_wconf 84' lang='lat' dir='ltr'>aures,</span> <span class='ocrx_word' id='word_1_763' title='bbox 300 5023 501 5084; x_wconf 88' lang='lat' dir='ltr'>oculos,</span> <span class='ocrx_word' id='word_1_764' title='bbox 535 5039 709 5076; x_wconf 85' lang='lat' dir='ltr'>nares</span> <span class='ocrx_word' id='word_1_765' title='bbox 730 5027 786 5074; x_wconf 90' lang='lat' dir='ltr'>ct</span> <span class='ocrx_word' id='word_1_766' title='bbox 805 5037 866 5074; x_wconf 89' lang='lat' dir='ltr'>os</span> <span class='ocrx_word' id='word_1_767' title='bbox 896 5020 1122 5080; x_wconf 83' lang='lat' dir='ltr'>habere.</span> <span class='ocrx_word' id='word_1_768' title='bbox 1151 5020 1246 5075; x_wconf 90' lang='lat' dir='ltr'>sed</span> <span class='ocrx_word' id='word_1_769' title='bbox 1269 5021 1394 5074; x_wconf 91' lang='lat' dir='ltr'>ideo</span> <span class='ocrx_word' id='word_1_770' title='bbox 1416 5019 1552 5076; x_wconf 89' lang='lat' dir='ltr'>nihil</span> <span class='ocrx_word' id='word_1_771' title='bbox 1573 5023 1679 5082; x_wconf 84' lang='lat' dir='ltr'>est,</span> <span class='ocrx_word' id='word_1_772' title='bbox 1765 5022 2012 5085; x_wconf 81' lang='lat' dir='ltr'>inﬁrmis</span> <span class='ocrx_word' id='word_1_773' title='bbox 2035 5019 2091 5072; x_wconf 94' lang='lat' dir='ltr'>in</span> <span class='ocrx_word' id='word_1_774' title='bbox 2123 5019 2251 5081; x_wconf 80' lang='lat' dir='ltr'>fide,</span> <span class='ocrx_word' id='word_1_775' title='bbox 2284 5024 2346 5076; x_wconf 80' lang='lat' dir='ltr'>nt</span> <span class='ocrx_word' id='word_1_776' title='bbox 2383 5017 2612 5078; x_wconf 77' lang='lat' dir='ltr'>credant</span> <span class='ocrx_word' id='word_1_777' title='bbox 2640 5017 2848 5092; x_wconf 73' lang='lat' dir='ltr'>aliquid</span> <span class='ocrx_word' id='word_1_778' title='bbox 2872 5017 3097 5084; x_wconf 77' lang='lat' dir='ltr'>deitatis</span> <span class='ocrx_word' id='word_1_779' title='bbox 3129 5034 3266 5088; x_wconf 56' lang='lat'>£558</span> <span class='ocrx_word' id='word_1_780' title='bbox 3303 5017 3363 5084; x_wconf 82' lang='lat' dir='ltr'>in</span> 
     </span>
    </p>
   </div>
   <div class='ocr_carea' id='block_1_96' title="bbox 126 5103 3365 5176">
    <p class='ocr_par' dir='ltr' id='par_1_96' title="bbox 126 5103 3365 5176">
     <span class='ocr_line' id='line_1_96' title="bbox 126 5103 3365 5176; baseline 0.003 -23"><span class='ocrx_word' id='word_1_781' title='bbox 126 5103 229 5169; x_wconf 83' lang='lat' dir='ltr'>quia</span> <span class='ocrx_word' id='word_1_782' title='bbox 257 5123 354 5161; x_wconf 83' lang='lat' dir='ltr'>non</span> <span class='ocrx_word' id='word_1_783' title='bbox 379 5110 545 5173; x_wconf 85' lang='lat' dir='ltr'>videt,</span> <span class='ocrx_word' id='word_1_784' title='bbox 573 5126 692 5163; x_wconf 88' lang='lat' dir='ltr'>non</span> <span class='ocrx_word' id='word_1_785' title='bbox 708 5108 892 5170; x_wconf 82' lang='lat' dir='ltr'>audit,</span> <span class='ocrx_word' id='word_1_786' title='bbox 925 5125 1037 5162; x_wconf 90' lang='lat' dir='ltr'>non</span> <span class='ocrx_word' id='word_1_787' title='bbox 1065 5107 1390 5172; x_wconf 82' lang='lat' dir='ltr'>olfacit,non</span> <span class='ocrx_word' id='word_1_788' title='bbox 1412 5107 1680 5176; x_wconf 86' lang='lat' dir='ltr'>loquitur.</span> <span class='ocrx_word' id='word_1_789' title='bbox 1768 5107 1918 5160; x_wconf 87' lang='lat' dir='ltr'>idolo</span> <span class='ocrx_word' id='word_1_790' title='bbox 1939 5112 1997 5159; x_wconf 88' lang='lat' dir='ltr'>et</span> <span class='ocrx_word' id='word_1_791' title='bbox 2023 5107 2320 5159; x_wconf 90' lang='lat' dir='ltr'>comedant</span> <span class='ocrx_word' id='word_1_792' title='bbox 2344 5111 2574 5175; x_wconf 84' lang='lat' dir='ltr'>propter</span> <span class='ocrx_word' id='word_1_793' title='bbox 2606 5109 2708 5159; x_wconf 89' lang='lat' dir='ltr'>hoc</span> <span class='ocrx_word' id='word_1_794' title='bbox 2740 5123 2936 5159; x_wconf 87' lang='lat' dir='ltr'>carnes</span> <span class='ocrx_word' id='word_1_795' title='bbox 2959 5106 3039 5159; x_wconf 89' lang='lat' dir='ltr'>illi</span> <span class='ocrx_word' id='word_1_796' title='bbox 3070 5123 3365 5176; x_wconf 67' lang='lat' dir='ltr'>consecro..-</span> 
     </span>
    </p>
   </div>
   <div class='ocr_carea' id='block_1_97' title="bbox 129 5186 1874 5259">
    <p class='ocr_par' dir='ltr' id='par_1_97' title="bbox 129 5186 1874 5259">
     <span class='ocr_line' id='line_1_97' title="bbox 129 5186 1874 5259; baseline 0.005 -17"><span class='ocrx_word' id='word_1_797' title='bbox 129 5186 302 5245; x_wconf 80' lang='lat' dir='ltr'>Dieitur</span> <span class='ocrx_word' id='word_1_798' title='bbox 325 5196 487 5250; x_wconf 81' lang='lat' dir='ltr'>homo</span> <span class='ocrx_word' id='word_1_799' title='bbox 505 5214 773 5259; x_wconf 86' lang='lat' dir='ltr'>esse,non</span> <span class='ocrx_word' id='word_1_800' title='bbox 801 5203 888 5250; x_wconf 89' lang='lat' dir='ltr'>est</span> <span class='ocrx_word' id='word_1_801' title='bbox 918 5197 1084 5252; x_wconf 85' lang='lat' dir='ltr'>homo</span> <span class='ocrx_word' id='word_1_802' title='bbox 1110 5214 1122 5254; x_wconf 85' lang='lat'><strong>;</strong></span> <span class='ocrx_word' id='word_1_803' title='bbox 1146 5196 1354 5254; x_wconf 86' lang='lat' dir='ltr'>dicitur</span> <span class='ocrx_word' id='word_1_804' title='bbox 1373 5196 1522 5252; x_wconf 86' lang='lat' dir='ltr'>Deus</span> <span class='ocrx_word' id='word_1_805' title='bbox 1541 5211 1682 5259; x_wconf 84' lang='lat' dir='ltr'>esse,</span> <span class='ocrx_word' id='word_1_806' title='bbox 1765 5202 1874 5258; x_wconf 75' lang='lat' dir='ltr'>tas.</span> 
     </span>
    </p>
   </div>
   <div class='ocr_carea' id='block_1_98' title="bbox 131 5282 3368 5357">
    <p class='ocr_par' dir='ltr' id='par_1_98' title="bbox 131 5282 3368 5357">
     <span class='ocr_line' id='line_1_98' title="bbox 131 5282 3368 5357; baseline 0.002 -22"><span class='ocrx_word' id='word_1_807' title='bbox 131 5291 215 5343; x_wconf 74' lang='lat' dir='ltr'>non</span> <span class='ocrx_word' id='word_1_808' title='bbox 239 5290 320 5338; x_wconf 85' lang='lat' dir='ltr'>est</span> <span class='ocrx_word' id='word_1_809' title='bbox 341 5285 483 5342; x_wconf 86' lang='lat' dir='ltr'>Deus</span> <span class='ocrx_word' id='word_1_810' title='bbox 509 5288 799 5357; x_wconf 61' lang='lat' dir='ltr'>,ideoque</span> <span class='ocrx_word' id='word_1_811' title='bbox 829 5287 970 5341; x_wconf 89' lang='lat' dir='ltr'>nihil</span> <span class='ocrx_word' id='word_1_812' title='bbox 997 5288 1102 5348; x_wconf 83' lang='lat' dir='ltr'>est,</span> <span class='ocrx_word' id='word_1_813' title='bbox 1147 5285 1280 5355; x_wconf 83' lang='lat' dir='ltr'>quia</span> <span class='ocrx_word' id='word_1_814' title='bbox 1305 5285 1452 5355; x_wconf 87' lang='lat' dir='ltr'>quod</span> <span class='ocrx_word' id='word_1_815' title='bbox 1481 5284 1688 5344; x_wconf 73' lang='lat' dir='ltr'>dicitur</span> <span class='ocrx_word' id='word_1_816' title='bbox 1839 5286 1903 5342; x_wconf 82' lang='lat' dir='ltr'>Si</span> <span class='ocrx_word' id='word_1_817' title='bbox 1929 5287 2051 5352; x_wconf 84' lang='lat' dir='ltr'>quis</span> <span class='ocrx_word' id='word_1_818' title='bbox 2080 5285 2224 5340; x_wconf 79' lang='lat' dir='ltr'>enim</span> <span class='ocrx_word' id='word_1_819' title='bbox 2260 5282 2458 5340; x_wconf 79' lang='lat' dir='ltr'>viderit</span> <span class='ocrx_word' id='word_1_820' title='bbox 2487 5299 2613 5336; x_wconf 86' lang='lat' dir='ltr'>eum</span> <span class='ocrx_word' id='word_1_821' title='bbox 2643 5285 2787 5356; x_wconf 76' lang='lat' dir='ltr'>quod</span> <span class='ocrx_word' id='word_1_822' title='bbox 2812 5283 2966 5345; x_wconf 73' lang='lat' dir='ltr'>habet</span> <span class='ocrx_word' id='word_1_823' title='bbox 2996 5285 3368 5354; x_wconf 71' lang='lat' dir='ltr'>scientiam.id</span> 
     </span>
    </p>
   </div>
   <div class='ocr_carea' id='block_1_99' title="bbox 130 5368 3364 5445">
    <p class='ocr_par' dir='ltr' id='par_1_99' title="bbox 130 5368 3364 5445">
     <span class='ocr_line' id='line_1_99' title="bbox 130 5368 3364 5445; baseline -0 -20"><span class='ocrx_word' id='word_1_824' title='bbox 130 5381 352 5427; x_wconf 65' lang='lat' dir='ltr'>esse-non</span> <span class='ocrx_word' id='word_1_825' title='bbox 380 5385 498 5441; x_wconf 84' lang='lat' dir='ltr'>est;</span> <span class='ocrx_word' id='word_1_826' title='bbox 532 5377 864 5430; x_wconf 88' lang='lat' dir='ltr'>adoratores</span> <span class='ocrx_word' id='word_1_827' title='bbox 896 5391 1118 5445; x_wconf 85' lang='lat' dir='ltr'>quoque</span> <span class='ocrx_word' id='word_1_828' title='bbox 1161 5374 1514 5442; x_wconf 83' lang='lat' dir='ltr'>cultoresque</span> <span class='ocrx_word' id='word_1_829' title='bbox 1545 5374 1685 5442; x_wconf 85' lang='lat' dir='ltr'>ejus,</span> <span class='ocrx_word' id='word_1_830' title='bbox 1773 5379 1859 5428; x_wconf 85' lang='lat' dir='ltr'>est</span> <span class='ocrx_word' id='word_1_831' title='bbox 1878 5372 1973 5441; x_wconf 81' lang='lat' dir='ltr'>qui</span> <span class='ocrx_word' id='word_1_832' title='bbox 1988 5371 2268 5440; x_wconf 80' lang='lat' dir='ltr'>perfectus</span> <span class='ocrx_word' id='word_1_833' title='bbox 2286 5368 2450 5426; x_wconf 82' lang='lat' dir='ltr'>estin</span> <span class='ocrx_word' id='word_1_834' title='bbox 2481 5369 2591 5441; x_wconf 80' lang='lat' dir='ltr'>fide</span> <span class='ocrx_word' id='word_1_835' title='bbox 2620 5370 2884 5434; x_wconf 79' lang='lat' dir='ltr'>etcredit</span> <span class='ocrx_word' id='word_1_836' title='bbox 2915 5371 3105 5436; x_wconf 79' lang='lat' dir='ltr'>omnia</span> <span class='ocrx_word' id='word_1_837' title='bbox 3133 5371 3364 5445; x_wconf 66' lang='lat' dir='ltr'>munda,</span> 
     </span>
    </p>
   </div>
   <div class='ocr_carea' id='block_1_100' title="bbox 129 5457 3368 5534">
    <p class='ocr_par' dir='ltr' id='par_1_100' title="bbox 129 5457 3368 5534">
     <span class='ocr_line' id='line_1_100' title="bbox 129 5457 3368 5534; baseline 0.002 -23"><span class='ocrx_word' id='word_1_838' title='bbox 129 5461 266 5526; x_wconf 79' lang='lat' dir='ltr'>atque</span> <span class='ocrx_word' id='word_1_839' title='bbox 294 5462 394 5516; x_wconf 89' lang='lat' dir='ltr'>cibi</span> <span class='ocrx_word' id='word_1_840' title='bbox 421 5466 516 5534; x_wconf 86' lang='lat' dir='ltr'>qui</span> <span class='ocrx_word' id='word_1_841' title='bbox 541 5466 656 5519; x_wconf 85' lang='lat' dir='ltr'>illis</span> <span class='ocrx_word' id='word_1_842' title='bbox 679 5470 1100 5529; x_wconf 85' lang='lat' dir='ltr'>consecrantur,</span> <span class='ocrx_word' id='word_1_843' title='bbox 1121 5462 1260 5519; x_wconf 85' lang='lat' dir='ltr'>nihil</span> <span class='ocrx_word' id='word_1_844' title='bbox 1281 5468 1435 5525; x_wconf 82' lang='lat' dir='ltr'>sunt,</span> <span class='ocrx_word' id='word_1_845' title='bbox 1471 5464 1690 5533; x_wconf 82' lang='lat' dir='ltr'>quiail-</span> <span class='ocrx_word' id='word_1_846' title='bbox 1775 5466 1835 5518; x_wconf 79' lang='lat' dir='ltr'>in</span> <span class='ocrx_word' id='word_1_847' title='bbox 1869 5463 2034 5520; x_wconf 77' lang='lat' dir='ltr'>idolio</span> <span class='ocrx_word' id='word_1_848' title='bbox 2060 5458 2482 5529; x_wconf 58' lang='lat' dir='ltr'>incumbentem,</span> <span class='ocrx_word' id='word_1_849' title='bbox 2518 5457 2576 5525; x_wconf 79' lang='lat' dir='ltr'>id</span> <span class='ocrx_word' id='word_1_850' title='bbox 2599 5464 2702 5524; x_wconf 85' lang='lat' dir='ltr'>est,</span> <span class='ocrx_word' id='word_1_851' title='bbox 2730 5458 3105 5524; x_wconf 69' lang='lat' dir='ltr'>rewmbendo</span> <span class='ocrx_word' id='word_1_852' title='bbox 3136 5459 3368 5528; x_wconf 58' lang='lat' dir='ltr'>mandu-</span> 
     </span>
    </p>
   </div>
   <div class='ocr_carea' id='block_1_101' title="bbox 133 5541 3364 5625">
    <p class='ocr_par' dir='ltr' id='par_1_101' title="bbox 133 5541 3364 5625">
     <span class='ocr_line' id='line_1_101' title="bbox 133 5541 3364 5625; baseline 0.002 -31"><span class='ocrx_word' id='word_1_853' title='bbox 133 5541 220 5596; x_wconf 74' lang='lat' dir='ltr'>1ius</span> <span class='ocrx_word' id='word_1_854' title='bbox 245 5549 446 5605; x_wconf 82' lang='lat' dir='ltr'>cultura</span> <span class='ocrx_word' id='word_1_855' title='bbox 472 5557 530 5608; x_wconf 91' lang='lat' dir='ltr'>et</span> <span class='ocrx_word' id='word_1_856' title='bbox 554 5553 904 5609; x_wconf 89' lang='lat' dir='ltr'>consecratio</span> <span class='ocrx_word' id='word_1_857' title='bbox 934 5551 1066 5604; x_wconf 87' lang='lat' dir='ltr'>facit</span> <span class='ocrx_word' id='word_1_858' title='bbox 1091 5566 1186 5605; x_wconf 90' lang='lat' dir='ltr'>eos</span> <span class='ocrx_word' id='word_1_859' title='bbox 1237 5549 1374 5603; x_wconf 88' lang='lat' dir='ltr'>nihil</span> <span class='ocrx_word' id='word_1_860' title='bbox 1416 5567 1558 5604; x_wconf 90' lang='lat' dir='ltr'>esse.</span> <span class='ocrx_word' id='word_1_861' title='bbox 1608 5549 1692 5614; x_wconf 74' lang='lat' dir='ltr'>Ex</span> <span class='ocrx_word' id='word_1_862' title='bbox 1776 5567 1923 5606; x_wconf 88' lang='lat' dir='ltr'>care.</span> <span class='ocrx_word' id='word_1_863' title='bbox 1965 5547 2058 5602; x_wconf 90' lang='lat' dir='ltr'>Sic</span> <span class='ocrx_word' id='word_1_864' title='bbox 2087 5546 2328 5622; x_wconf 85' lang='lat' dir='ltr'>peccatis</span> <span class='ocrx_word' id='word_1_865' title='bbox 2356 5546 2415 5601; x_wconf 89' lang='lat' dir='ltr'>in</span> <span class='ocrx_word' id='word_1_866' title='bbox 2440 5547 3153 5625; x_wconf 60' lang='lat' dir='ltr'>fratres,.dumcqrpedjtis</span> <span class='ocrx_word' id='word_1_867' title='bbox 3177 5561 3364 5614; x_wconf 61' lang='lat' dir='ltr'>caram</span> 
     </span>
    </p>
   </div>
  </div>
