3936 6164
498 281 597 338 551

494 402 608 457 illis
663 418 858 456 carnes
919 400 1084 454 idolis
1159 405 1530 465 consecratas,
1584 398 1970 453 recumbentes
2029 397 2158 455 inA

493 490 682 545 idolio.

562 580 627 635 Si
645 595 760 632 esca
791 579 1130 631 scandalizat
1159 579 1393 644 fratrem
1426 575 1946 646 meum,quemlibet
1967 592 2087 628 cre-

496 667 720 721 dentem
739 667 1042 736 simplicem
1076 671 1130 718 et
1161 665 1345 718 adhuc
1377 665 1663 718 inﬁrmum
1703 665 1760 718 in
1802 665 1931 726 ﬁde,
1979 681 2090 718 non

496 757 836 808 manducabo
852 770 1073 806 carnem.
1086 752 1250 805 idolis
1263 759 1640 805 consecratam
1657 755 1714 804 in
1731 757 2090 814 adernumme

494 845 732 910 fratrem.
759 859 940 894 meum
964 842 1537 897 seandalisem.Erant
1557 841 1781 910 quidam
1815 841 1964 910 apud
1983 841 2089 894 Co-

493 929 1172 1001 rinthios,qui,scientiam
1190 928 1461 983 habentes
1481 929 1670 983 omnia
1702 930 1912 983 munda
1943 945 2083 994 esse,

493 1019 861 1074 comedebant
899 1018 1049 1073 cibos
1093 1019 1256 1071 idolis
1309 1025 1678 1083 consecratos,
1717 1025 1774 1072 et
1819 1035 2084 1088 provoca-

494 1109 632 1162 bant
656 1108 936 1179 simplices
969 1114 1026 1161 et
1049 1107 1302 1160 inﬁrmos
1329 1107 1386 1160 in
1417 1108 1526 1160 ﬁde
1582 1107 1651 1160 ad
1708 1106 1932 1164 similia.
1991 1106 2086 1177 qui

492 1197 792 1254 dicebant:
828 1196 949 1250 Nisi
978 1195 1072 1249 isti
1095 1195 1191 1265 qui
1228 1195 1584 1264 prudentiam
1607 1185 1970 1248 et‘scientiam
1991 1195 2087 1248 ha-

489 1285 644 1351 bent,
669 1285 877 1339 scirent
908 1284 1174 1338 deitatem
1205 1300 1328 1336 esse
1357 1283 1412 1336 in
1430 1284 1516 1337 his
1541 1284 2084 1354 idolis,nequaquam

489 1375 595 1428 hoc
625 1379 874 1443 agerent.
904 1371 1252 1426 Manducabo
1279 1389 1413 1441 ergo
1453 1378 1506 1426 et
1537 1389 1639 1441 ego
1685 1379 1750 1426 ut
1795 1390 2088 1426 consecrer

492 1479 593 1533 per
621 1463 724 1514 has
753 1477 970 1515 carnes.
1029 1459 1270 1514 Econt'ra
1324 1467 1487 1514 erant
1546 1462 1643 1514 alii
1704 1461 2082 1532 perfectiores,

488 1549 602 1619 qui,
634 1549 767 1604 licet
789 1550 996 1604 scirent
1027 1549 1218 1604 omnia
1264 1566 1385 1602 esse
1414 1551 1625 1603 munda
1671 1567 1706 1603 a
1753 1551 1866 1604 Deo
1912 1551 2080 1615 facta,

492 1637 759 1692 nolebant
787 1655 984 1692 carnes
1031 1639 1372 1708 idolothytas
1424 1639 1733 1702 comedere,
1768 1639 1900 1709 quia
1949 1639 2084 1694 scie-

908 276 1286 332 HAYMONIS
1325 274 1810 334 HALBERSTAT.
1855 272 2080 328 EPISC.
2127 269 2284 326 OPP.
2327 271 2530 327 PARS.
2575 273 2618 330 Ι.
2661 303 2720 314 ·-
2755 273 3126 330 COMMENT.
3165 272 3348 330 BIBL.

3635 276 3719 333 552

2241 398 2514 466 Nunquid
2539 415 2652 452 non
2675 399 2958 463 habemus,
2992 415 3095 470 ego
3123 404 3181 454 et
3199 399 3502 468 Barnabas,
3529 407 3724 468 potesta-

2177 490 2280 538 tem
2309 488 2692 540 manducandi
2711 493 2759 540 et
2785 491 3040 542 bibendi?
3064 487 3330 543 subaudis
3342 507 3409 544 ex
3420 489 3596 544 ofﬁcio
3611 508 3722 562 pree-

2173 571 2550 641 dicationis,et
2563 592 2597 628 a
2614 575 2766 628 vobis
2795 575 3102 645 accipiendi
3125 593 3247 646 qua:
3269 579 3582 631 necessaria
3600 585 3724 645 sunt,

2173 663 2482 715 secundum
2507 664 2654 733 quod
2679 664 2838 718 nobis
2849 665 3120 718 Dominus
3145 671 3480 735 potestatem
3499 667 3657 732 dedit,
3670 668 3727 720 si-

2172 755 2267 803 cut.
2288 757 2345 804 et
2373 751 2498 804 aliis
2521 753 2808 822 apostolis.

2241 867 2515 934 Nunquid
2543 883 2655 920 non
2681 869 2959 932 habemus,
2995 885 3096 938 ego
3117 873 3172 923 et
3201 865 3508 930 Barnabas,
3538 875 3732 937 potesta-

2172 959 2276 1006 tem
2295 971 2536 1008 sororem
2560 959 2972 1022 mulierculam,
2989 958 3043 1010 id
3074 965 3159 1012 est
3179 958 3490 1028 quamlibet
3516 958 3730 1026 ﬁdelem,

2167 1045 2636 1108 circumducendi,
2663 1045 2718 1097 id
2751 1056 2837 1098 est
2864 1045 2933 1098 de
2954 1046 3075 1099 loco
3105 1047 3176 1100 ad
3205 1047 3390 1100 locum
3419 1046 3667 1110 ducendi,
3682 1053 3734 1100 ut

2169 1129 2453 1184 ministret
2481 1132 2639 1186 nobis
2660 1137 2801 1186 sicut
2829 1139 2878 1186 et
2908 1137 3086 1187 caeteri
3113 1137 3344 1203 apostoli
3363 1141 3412 1188 et
3441 1137 3644 1202 fratres
3657 1137 3735 1190 Do-

2169 1221 2332 1278 mini,
2369 1218 2598 1282 faciunt,
2629 1219 2874 1274 Jacobus
2907 1221 3162 1275 videlicet
3181 1223 3497 1276 etJoannes
3514 1221 3736 1276 Zebedaai

2167 1307 2270 1360 filii
2299 1315 2356 1360 et
2384 1313 2698 1362 matertera:
2719 1299 2940 1363 Dbmini
2957 1327 3059 1364 nec
3078 1327 3189 1365 non
3203 1311 3372 1365 etiam
3400 1311 3640 1364 Jacobus
3664 1312 3740 1364 Al-

2168 1396 2378 1465 phazus.
2412 1406 2470 1450 et
2495 1399 2524 1452 J
2531 1398 2686 1462 udas,
2717 1404 2774 1452 et
2799 1400 3005 1470 Joseph
3031 1399 3129 1452 ﬁlii
3159 1399 3423 1454 similiter
3443 1406 3738 1454 matertera:

2168 1484 2388 1538 Domini
2405 1502 2507 1540 nec
2533 1503 2644 1540 non
2671 1487 2843 1540 etiam
2876 1493 2926 1540 et
2945 1488 3146 1556 Gephas
3165 1494 3189 1541 ?
3209 1488 3304 1559 qui
3328 1494 3387 1542 et
3411 1489 3634 1542 Petrus.
3661 1490 3739 1543 Ge-

2165 1575 2300 1642 plias
2323 1573 2616 1628 Hebraeum
2639 1581 2726 1628 est
2748 1581 2804 1628 et
2823 1576 3047 1644 Syrum,
3075 1576 3271 1630 Petrus
3287 1576 3544 1630 Gnaeum
3579 1582 3634 1630 et
3658 1577 3740 1630 La-

2165 1661 2345 1715 tinum
2375 1677 2385 1709 :
2418 1664 2610 1717 Simon
2634 1664 2888 1717 Graacum
2911 1669 3016 1717 est.
3050 1664 3288 1727 Quidam
3311 1681 3424 1718 non
3445 1665 3740 1735 intelligen-

487 1725 776 1821 ba"t_i”as
810 1744 909 1798 Per
937 1727 1341 1821 ίηνοεξιίξφηθιη
1376 1729 1779 1821 άίξηηθηίοτίιτη
1810 1746 1930 1782 esse
1956 1729 2130 1808 im‘B
2155 1757 2238 1803 tes
2287 1750 2686 1821 proprietatem
2735 1752 2940 1806 Graecae
2968 1752 3194 1821 lingua),
3229 1753 3425 1806 fefellit
3451 1770 3549 1807 eos
3581 1753 3740 1806 ambi-

485 1817 744 1875 mundas.
772 1823 828 1869 et
847 1833 918 1870 ne
951 1815 1392 1870 scandalizarent
1418 1817 1648 1870 fiatrem
1680 1835 1842 1871 suum
1865 1825 2078 1888 ἰη-ονο-

486 1905 664 1958 cando
696 1921 822 1958 eum
856 1905 921 1958 ad
945 1905 1371 1972 comedendum,
1399 1905 1776 1959 dicebantista
1790 1909 2078 1976 quwApo-

481 1993 658 2047 stolus
679 2010 743 2046 ex
797 2010 1040 2064 persona
1083 1993 1309 2048 illorum
1347 1995 1634 2064 loquitur:
1667 1997 1832 2056 Ante,
1869 1995 2073 2064 inquit,

478 2083 690 2136 moriar
719 2081 884 2145 fame,
915 2099 1084 2152 quam
1107 2089 1171 2150 ut
1195 2083 1434 2136 fratrem
1467 2099 1652 2136 meum
1701 2083 2074 2136 scandalizem

483 2171 873 2224 manducando
902 2187 1098 2224 carnes
1126 2170 1484 2242 idolothytas.
1511 2173 1580 2225 Et
1610 2188 1722 2226 non
1743 2173 1922 2226 solum
1952 2171 2075 2226 abs-

480 2257 669 2312 tinebo
705 2259 774 2312 ab
809 2259 940 2322 illis,
977 2259 1074 2312 sed
1103 2259 1274 2312 etiam
1295 2259 1364 2312 ab
1409 2260 1670 2314 omnibus
1713 2278 1814 2331 pro
1871 2260 2074 2331 quibus

482 2347 576 2401 ille
605 2354 791 2418 potest
817 2348 1198 2403 scandalizari.
1233 2349 1425 2402 Potest
1471 2357 1660 2403 tamen
1715 2367 1781 2403 ex
1837 2365 2076 2420 persona

477 2437 729 2506 Apostoli
759 2452 880 2490 esse
901 2437 1135 2498 dictum,
1169 2441 1235 2490 ut
1261 2437 1561 2507 Apostolus
1588 2455 1652 2491 ex
1681 2455 1741 2491 se
1765 2437 1905 2491 talia
1931 2437 2077 2491 dice-

481 2529 588 2588 ret,
622 2541 927 2597 provocans
947 2542 1042 2580 eos
1062 2525 1131 2578 ad
1162 2525 1513 2580 charitatem.

1085 2614 1318 2668 CAPUT
1371 2615 1466 2668 IX.

547 2705 669 2757 Non
701 2720 830 2756 sum
863 2705 1042 2756 liber?
1077 2702 1262 2756 Verba
1302 2702 1596 2756 irascentis
1639 2707 1788 2768 sunt,
1823 2708 1878 2756 et
1923 2704 2070 2774 quod

477 2793 702 2847 videtur
722 2809 948 2862 negare,
979 2793 1292 2846 conﬁrmat.
1338 2793 1482 2847 Sunt
1510 2798 1699 2846 autem
1731 2791 2072 2862 increpative

477 2882 718 2952 legenda
747 2899 759 2936 ;
785 2883 910 2936 Non.
941 2898 1062 2935 sum
1093 2882 1229 2934 liber
1255 2888 1279 2934 ?
1310 2881 1444 2935 Sum
1493 2881 1704 2952 utique.
1741 2881 1906 2934 Liber
1952 2886 2074 2935 erat

479 2971 782 3042 Apostolus
817 2970 1122 3024 secundum
1152 2970 1336 3022 carnis
1368 2970 1705 3040 prosapiam,
1738 2977 1802 3022 ut
1829 2975 1957 3040 pote
2004 2970 2073 3023 de

2159 1839 2348 1907 guitas
2375 1839 2526 1892 verbi
2557 1840 2753 1904 Graeci,
2786 1841 2843 1894 in
2875 1841 2980 1894 hoc
2999 1841 3147 1911 quod
3186 1841 3325 1896 dicit
3349 1858 3604 1896 sororem
3634 1859 3738 1896 mu-

2161 1927 2375 1990 lierem,
2405 1928 2562 1998 quasi
2593 1945 2794 1983 uxores
2822 1928 3124 1983 habuerint
3151 1931 3388 2000 apostoli
3407 1947 3547 2000 quas
3571 1947 3739 1985 secum

2159 2015 2447 2082 ducerent,
2477 2033 2604 2070 nam
2633 2034 2776 2085 gyne
2800 2023 3104 2089 utrumque
3135 2018 3411 2088 signiﬁcat
3438 2026 3498 2073 et
3526 2036 3739 2074 uxorem

2158 2109 2216 2158 et
2240 2105 2550 2161 mulierem.
2583 2107 2744 2160 Unde
2781 2123 3077 2174 gyneceum
3123 2107 3442 2178 appellatur
3474 2107 3633 2162 locus
3660 2107 3740 2162 ubi

2156 2194 2412 2264 plurimae
2435 2195 2684 2249 resident
2704 2197 3212 2251 mulieres.Fideles
3225 2198 3376 2251 enim
3390 2198 3651 2252 mulieres
3662 2199 3740 2251 ha-

2160 2281 2353 2336 bentes
2371 2289 2650 2337 terrenam
2675 2283 3236 2347 substantiam,ibant
3262 2303 3388 2340 cum
3421 2287 3591 2340 Petro
3612 2286 3740 2340 aliis-

2159 2389 2266 2442 que
2304 2373 2570 2442 apostolis
2603 2374 2946 2442 Judaeorum,
2987 2375 3374 2428 ministrantes
3405 2375 3484 2429 eis
3521 2375 3592 2428 de
3629 2374 3738 2428 sub-

2157 2460 2367 2514 stantia
2395 2477 2497 2515 sua
2521 2477 2644 2532 quae
2657 2462 2972 2516 necessaria
2985 2469 3148 2518 erant
3165 2463 3312 2518 sicut
3329 2463 3508 2518 Maria
3522 2463 3734 2534 Magda-

2157 2547 2302 2614 lene,
2335 2553 2391 2601 et
2421 2549 2664 2615 Martha,
2695 2550 2929 2621 aliaeque
2947 2551 3214 2606 mulieres
3231 2557 3570 2622 quaesecutte
3591 2557 3735 2606 erant

2156 2635 2457 2690 Dominum
2479 2635 2547 2690 de
2569 2637 2818 2700 Galilzea,
2843 2637 3224 2707 sequebantur
3250 2639 3408 2692 illum
3433 2638 3734 2692 ministran-

2155 2731 2239 2778 tes
2267 2723 2337 2783 ei.
2367 2725 2512 2795 quod
2547 2725 2742 2780 beatus
2785 2726 2993 2780 Paulus
3035 2727 3321 2797 apostolus
3349 2743 3462 2780 non
3487 2726 3727 2791 faciebat,

2156 2814 2253 2884 qui
2280 2815 2541 2884 gentibus
2575 2815 2915 2887 praedicavit,
2941 2815 3071 2868 licet
3101 2821 3434 2886 potestatem
3463 2816 3688 2870 haberet
3712 2831 3724 2866 :

2155 2909 2343 2957 tamen
2373 2921 2481 2958 non
2513 2904 2755 2959 ducebat
2783 2905 3050 2958 mulieres
3077 2921 3286 2962 secum.
3320 2922 3391 2958 ne
3419 2905 3728 2958 scandalum

2157 2991 2400 3046 oriretur
2429 2993 2574 3064 apud
2609 3001 2828 3064 gentes,
2863 3010 3101 3064 quarum
3125 2994 3378 3064 magistri
3396 3000 3454 3048 et
3476 2991 3728 3065 propositi

475 3075 682 3130 genere
703 3058 1150 3129 patriarcharum
1172 3058 1535 3111 descendens:
1556 3057 1695 3111 liber
1710 3075 1930 3128 quoque
1952 3064 2074 3112 erat
2093 3063 2136 3124 C
2157 3079 2302 3134 hanc
2320 3057 2784 3136 consﬁetud'inem
2811 3057 2926 3136 'no'n
2947 3057 3248 3136 habebant:

477 3147 548 3202 ab
571 3147 924 3201 omnidebito
945 3147 1215 3218 ipsorum,
1253 3147 1385 3216 quia
1405 3145 1543 3201 nihil
1559 3147 1628 3200 ab
1653 3147 1734 3200 eis
1755 3153 2062 3218 acceperat.

474 3238 597 3292 Non
623 3253 744 3290 sum
777 3238 1056 3304 Apostolus
1083 3241 1106 3288 ?
1135 3233 1435 3288 Dicebatur
1455 3253 1490 3288 a
1509 3235 1842 3306 quibusdam
1863 3237 2070 3290 Judaeis

476 3339 590 3377 non
623 3321 1001 3386 credentibus,
1026 3321 1332 3392 etinsuper
1359 3339 1393 3375 a
1413 3322 1720 3376 Corinthiis
1751 3323 1994 3376 seductis
2033 3340 2068 3376 a

471 3412 628 3466 falsis
657 3411 1100 3484 apostolis,quod
1120 3409 1326 3464 Paulus
1353 3426 1464 3464 non
1503 3416 1651 3464 esset
1677 3411 1980 3480 apostolus,
2001 3428 2066 3466 eo

475 3500 624 3571 quod
655 3499 940 3554 Christum
964 3515 1073 3554 non
1107 3499 1326 3564 viderit;
1344 3515 1483 3569 quos
1497 3497 1749 3568 increpat
1767 3500 2066 3568 Apostolus

471 3587 732 3661 inquiens
769 3607 778 3642 :
815 3589 1078 3660 Nunquid
1114 3604 1224 3642 non
1256 3605 1382 3642 sum
1415 3587 1716 3656 Apostolus
1761 3603 1794 3640 a
1845 3588 2068 3642 Christo

473 3680 725 3734 missus?
751 3679 886 3734 Sum
916 3679 1128 3748 utique,
1165 3677 1298 3748 quia
1347 3678 1464 3747 ipse
1511 3676 1646 3729 mihi
1679 3676 1856 3730 dixit:
1898 3681 2068 3746 Longe

475 3771 698 3820 mittam
727 3773 773 3819 te
801 3769 876 3819 ad
927 3772 1108 3833 gentes
1151 3768 1291 3828 (Act.
1322 3771 1476 3830 xxn).
1506 3767 1701 3819 Nonne
1767 3767 2069 3821 Dominum

470 3857 658 3910 Jesum
689 3855 846 3907 vidi?
871 3853 1078 3923 Utique
1125 3853 1234 3906 vidi
1279 3854 1439 3908 illum
1473 3853 1606 3906 dum
1641 3871 1930 3924 pergerem
1964 3856 2070 3910 Da-

471 3959 743 4010 mascum,
777 3948 834 3998 et
853 3949 1048 4014 postea
1076 3943 1134 3996 in
1157 3943 1386 4013 templo.
1411 3944 1604 3996 Nonne
1623 3958 1756 4010 opus
1781 3960 1987 4009 meum,
2011 3944 2067 3998 id

472 4041 574 4098 est,
605 4031 857 4104 operatio
887 4037 945 4086 et
967 4030 1242 4103 plantatio
1273 4047 1420 4099 mea,
1450 4046 1540 4084 vos
1562 4033 1689 4084 estis
1703 4033 1764 4084 in
1793 4033 2024 4086 Domino
2047 4038 2072 4085 ?

469 4123 621 4178 Estis
649 4123 900 4178 omnino.

545 4213 613 4266 Et
637 4215 686 4264 si
713 4213 865 4274 aliis,
896 4208 1166 4262 subaudis
1211 4206 1473 4277 gentibus
1510 4207 1738 4273 Iudaeis,
1779 4224 1891 4262 non
1939 4225 2064 4264 sum

2226 3196 2357 3262 Quis
2385 3196 2548 3250 miles
2577 3200 2786 3250 militat
2815 3214 2916 3268 pro
2948 3197 3062 3250 vita
3093 3199 3262 3268 regis,
3297 3214 3398 3268 pro
3427 3195 3732 3250 defensione

2153 3285 2367 3355 patria},
2401 3285 2518 3340 suis
2538 3287 2826 3352 stipendiis
2855 3302 3107 3355 unquam
3130 3292 3153 3338 ?
3173 3285 3230 3340 id
3250 3292 3334 3340 est
3354 3285 3590 3356 propriis
3608 3283 3732 3340 sub-

2148 3373 2388 3438 stantiis,
2422 3373 2690 3428 subaudis
2741 3375 2954 3432 nullus.
3005 3375 3216 3430 Tamen
3249 3391 3351 3445 ego
3399 3375 3574 3428 milito
3602 3373 3732 3428 meis

2150 3461 2460 3532 stipendiis,
2480 3463 2669 3516 labore
2691 3479 2960 3517 manuum
2987 3480 3237 3518 mearum
3255 3461 3462 3518 victum
3494 3469 3548 3517 et
3573 3461 3727 3516 vesti-

2151 3554 2272 3603 tum
2291 3550 2749 3620 acquirensQuis
2769 3555 2988 3619 plantat
3018 3556 3258 3619 vincam,
3291 3559 3338 3606 et
3357 3555 3571 3618 fructus
3596 3556 3724 3620 ejus,

2151 3638 2204 3691 id
2225 3647 2594 3709 estracemos,
2617 3657 2729 3694 non
2743 3641 2892 3694 edit?
2910 3641 3082 3695 Vinea
3097 3641 3368 3712 Apostoli,
3385 3640 3733 3696 erantCorin-

2151 3727 2422 3797 thii,quos
2435 3728 2784 3800 plantaverat
2797 3729 2812 3782 i
2818 3746 2915 3800 pse
2931 3729 2988 3783 in
3004 3731 3112 3784 ﬁde
3125 3729 3354 3796 Christi,
3386 3730 3482 3784 sed
3501 3731 3731 3783 fructum

2153 3817 2274 3885 ejus
2295 3833 2406 3870 non
2435 3819 2681 3889 suscepit
2714 3837 2726 3876 :
2761 3825 3016 3890 sumptus
3048 3819 3306 3873 videlicet
3327 3820 3475 3874 unde
3502 3819 3722 3874 viveret.

2222 3925 2496 3992 Nunquid
2535 3917 2837 3978 secundum
2885 3921 3161 3980 hominem
3212 3927 3322 3980 Ιιεεο
3361 3929 3523 3980 dico?
3548 3924 3600 3978 id
3627 3929 3727 3990 est,

2152 4013 2406 4082 nunquid
2462 4013 2770 4068 secundum
2822 4014 3130 4068 humanum
3188 4013 3556 4082 intellectum,
3581 4017 3634 4066 et
3667 4028 3730 4066 ex

2152 4101 2379 4172 proprio
2407 4119 2578 4157 sensu
2607 4103 2716 4156 ista
2746 4103 2987 4174 loquor?

2218 4210 2341 4262 Non
2371 4211 2628 4277 alligabis
2655 4227 2712 4263 os
2745 4211 2865 4264 bori
2895 4213 3218 4271 trituranti,
3249 4209 3305 4264 id
3342 4215 3430 4264 est
3454 4226 3515 4263 os
3541 4206 3725 4280 pne-di-

469 4301 776 4366 Apostolus,
808 4299 900 4351 sed
919 4308 1104 4351 tamen
1133 4298 1296 4360 vobis,
1329 4295 1654 4360 Corinthiis,
1687 4303 2065 4368 sum.aposto-
2147 4297 2358 4351 catoris
2385 4298 2636 4352 alienum
2664 4315 2699 4351 a
2726 4299 2980 4352 mercede
3012 4315 3125 4352 non
3167 4298 3355 4352 facies.
3399 4299 3564 4352 Recte
3596 4311 3725 4365 ergo

475 4387 732 4459 lus.quos
760 4387 818 4440 in
846 4385 1027 4458 spatio
1057 4385 1224 4439 unius
1250 4385 1386 4438 anni
1417 4390 1474 4438 et
1511 4401 1606 4439 sex
1654 4385 1959 4452 mensibus,
1992 4378 2123 4440 θαι)
2146 4386 2540 4456 praadicatores
2561 4386 2735 4440 bobus
2765 4392 3184 4458 comparantur,
3217 4387 3351 4457 quia
3380 4387 3525 4441 sicut
3540 4385 3616 4439 illi
3634 4400 3722 4438 vo-

467 4477 638 4531 ﬁdem
671 4475 878 4531 Christi
907 4491 1034 4529 mea
1065 4473 1458 4547 praedicatione
1479 4473 1702 4528 adduxi.
1734 4475 1858 4528 Non
1882 4476 2064 4530 solum
2147 4491 2300 4528 mere
2324 4479 2559 4528 exarant
2585 4480 2819 4542 terram,
2853 4475 2930 4529 ita
2959 4475 3350 4546 prazdicatores
3379 4491 3592 4530 vomere
3617 4473 3724 4526 sive

467 4583 600 4638 ergo
631 4564 940 4620 Corinthiis
975 4569 1099 4617 erat
1135 4562 1442 4634 apostolus,
1476 4561 1572 4616 sed
1607 4579 1748 4632 pene
1804 4563 2064 4618 omnibus
2145 4563 2329 4634 ligone
2349 4563 2502 4617 verbi
2525 4563 2621 4616 Dei
2643 4565 2900 4618 excolunt
2922 4565 3092 4618 corda
3107 4565 3447 4629 auditorum,
3474 4570 3536 4618 ut
3554 4563 3724 4616 ferant

458 4655 745 4726 gentibus,
777 4655 922 4708 sicut
941 4651 1060 4724 ipse
1087 4652 1253 4705 dixit”:
1289 4651 1394 4717 Qui
1429 4655 1682 4718 operatus
1707 4656 1783 4704 est
1822 4657 1978 4706 Petro
1998 4656 2061 4707 in

463 4749 826 4814 aposto’atum
849 4743 1574 4809 circumcisionis,operatus
1591 4745 1730 4794 estet
1747 4742 1892 4794 mihi
1911 4745 2060 4795 inter

461 4839 640 4900 gentes
669 4834 812 4898 (Gal.
854 4830 950 4902 II):
976 4833 1120 4886 Nam
1151 4833 1341 4896 signac
1387 4831 1524 4893 lum,
1553 4829 1608 4882 id
1627 4835 1713 4883 est
1755 4829 1977 4898 signum
2001 4835 2059 4884 et

461 4922 750 4984 indicium,
783 4924 1119 4990 apostolatus
1149 4922 1258 4972 mei
1277 4935 1368 4972 vos
1395 4921 1521 4972 estis
1547 4922 1604 4971 et
1621 4923 1803 4971 vestra
1823 4919 2059 4972 creduli-

459 5015 569 5070 tas,
596 5009 692 5080 qui
726 5025 825 5080 per
843 5024 1026 5062 meam
1050 5005 1502 5078 praedicationem
1525 5005 1840 5060 credidistis
1865 5011 1926 5060 in
1951 5009 2056 5060 Do-

465 5101 620 5151 mino
635 5142 646 5153 .

535 5187 652 5240 Mea
671 5186 911 5250 defensio
925 5185 1074 5251 apud
1087 5200 1169 5236 eos
1190 5186 1289 5252 qui
1309 5199 1391 5236 me
1412 5183 2056 5250 interrogant,subaudis

460 5280 655 5330 utrum
686 5272 787 5326 sim
821 5271 1106 5342 apostolus
1136 5287 1328 5331 necne,
1363 5271 1471 5324 hac
1501 5277 1594 5336 est,
1631 5273 1765 5342 quia
1795 5289 1890 5327 vos
1919 5274 2055 5328 estis

460 5363 682 5434 signum
713 5361 1058 5433 apostolatus
1079 5359 1188 5414 mei
1219 5359 1274 5413 in
1307 5359 1564 5424 Domino,
1599 5366 1656 5414 et
1679 5378 1777 5430 per
1823 5361 1927 5416 hoc
1957 5362 2055 5416 de-

459 5452 662 5508 fendor
687 5467 808 5506 esse
839 5451 1139 5520 apostolus.
1175 5449 1287 5503 Vos
1317 5447 1466 5502 enim
1499 5449 1632 5504 estis
1661 5450 1908 5505 defensio
1932 5467 2059 5504 mea

462 5541 666 5616 quibus
695 5537 1055 5611 Evangelium
1085 5535 1398 5610 praedicavi.

2145 4653 2361 4706 fructus
2389 4653 2590 4706 salutis
2617 4652 2865 4710 aeternae.
2905 4654 3177 4720 Nunquid
3204 4655 3268 4706 dc
3309 4654 3471 4706 bobus
3498 4667 3626 4704 cura
3650 4653 3720 4702 est

2141 4744 2284 4796 Deo?
2329 4740 2434 4794 Est
2474 4741 2667 4812 utique
2708 4743 2820 4796 Deo
2855 4759 2990 4796 cura
3021 4742 3090 4796 de
3119 4741 3320 4808 bobus,
3360 4741 3456 4812 qui
3486 4739 3717 4794 omnium

2142 4847 2264 4900 quae
2287 4830 2420 4885 fecit
2446 4847 2638 4885 curam
2667 4831 2858 4893 habet.
2880 4832 3027 4886 sicut
3055 4831 3108 4886 ei
3139 4831 3345 4886 dicitur
3366 4850 3378 4885 :
3402 4829 3720 4886 Nihitodisti

2140 4935 2332 4973 eorum
2361 4935 2478 4988 qua
2505 4921 2683 4988 fecisti
2714 4920 2857 4988 (Sap.
2877 4921 2973 4988 XI).
3015 4919 3084 4974 Et
3112 4935 3222 4974 non
3243 4919 3423 4973 solum
3446 4918 3514 4972 de
3533 4915 3709 4972 bobus.

2139 5024 2332 5062 verum
2381 5009 2552 5062 etiam
2601 5009 2670 5062 de
2721 5009 3039 5077 passeribus
3085 5025 3222 5062 cura
3260 5015 3346 5061 est
3371 5007 3473 5070 illi,
3504 5007 3634 5060 sicut
3663 5002 3716 5055 in

2141 5096 2438 5166 Evangelio
2459 5096 2791 5151 ostenditur.
2819 5096 2914 5150 ubi
2936 5097 3142 5150 dicitur
3161 5113 3392 5168 pascere
3433 5096 3552 5150 illos
3577 5095 3709 5160 (Luc.

2137 5191 2256 5248 x11).
2289 5185 2394 5239 Sed
2420 5202 2526 5239 non
2549 5185 2780 5239 curabat
2813 5185 2890 5239 ita
2911 5185 2982 5239 de
3003 5185 3430 5248 bobus,utinter
3454 5185 3707 5255 praecepta

2139 5289 2261 5343 quae
2280 5273 2492 5327 homini
2514 5273 2668 5327 dedit
2687 5275 2757 5328 ad
2779 5274 3018 5328 salutem
3049 5274 3157 5338 sui,
3195 5273 3518 5344 praeciperet
3536 5283 3711 5324 curam

2139 5360 2294 5416 bovis
2338 5363 2561 5417 habere.
2614 5364 2730 5417 Nec
2769 5362 2916 5416 enim
2961 5379 3187 5417 necesse
3213 5367 3296 5416 est
3327 5378 3428 5432 per
3466 5359 3706 5430 scriptam

2140 5451 2317 5522 legem
2351 5468 2580 5506 monere
2612 5452 2919 5519 hominem,
2951 5451 3230 5522 quomodo
3261 5449 3383 5504 bovi
3405 5465 3504 5504 suo
3533 5459 3710 5502 consu-

2137 5541 2238 5595 lat.
