3936 6164
183 340 265 399 553
843 340 1224 398 EXPOSITIO
1254 344 1332 398 IN
1362 343 1517 398 EPP.
1548 343 1607 397 S.
1639 340 1875 397 PAULI.
1911 370 1975 381 —
2006 341 2085 395 IN
2116 338 2341 397 EPIST.
2372 340 2399 395 Ι
2435 339 2533 395 AD
2561 339 2726 396 COR.
3318 330 3422 402 554

238 467 501 533 Quoniam
546 468 691 521 debet
733 471 798 523 in
841 484 951 537 spe,
1005 470 1275 526 subaudis
1316 472 1528 526 fructus
1568 467 1997 541 perci-Anibus
2036 467 2325 539 quaerebat
2369 468 2427 522 in
2455 468 2743 539 praesenti,
2773 469 2980 525 timens
3014 470 3210 526 audire
3236 471 3297 526 in
3332 472 3425 526 die

181 554 364 627 piendi,
387 558 487 623 qui
513 561 643 610 arat
668 572 855 614 arare.
1827 556 2027 626 judicii
2055 574 2066 607 :
2100 558 2359 624 Recepisti
2388 557 2685 610 mercedem
2725 563 2899 623 tuam,
2940 558 2985 612 si
3015 558 3304 614 laborasti.
3346 561 3426 614 Vas

238 644 294 699 Si
318 660 412 697 nos
449 646 597 697 vobis
623 648 927 712 spiritalia,
963 647 1231 702 subaudis
1255 648 1424 713 bona,
1452 651 1750 702 seminaci-
1831 648 1980 698 enim
1992 645 2137 698 mihi
2153 650 2248 707 est,
2282 645 2339 721 id
2365 650 2452 698 est
2470 645 2777 716 indigentia
2798 662 2887 700 me
2904 647 3202 718 opprimet,
3234 653 3292 702 et
3326 664 3426 719 pe-

184 749 305 796 mus,
336 732 688 802 prmdicando
715 736 963 804 gratiam
993 737 1252 791 videlicet
1280 737 1412 791 fidei
1457 742 1515 790 et
1542 735 1750 791 doctri-
1831 733 2054 786 nuriam
2082 733 2249 786 famis
2270 733 2579 797 sustinebo,
2599 738 2649 787 si
2682 752 2794 789 non
2823 739 3281 803 euangelizavero.
3300 738 3427 791 Non

181 838 270 881 nae,
298 836 565 887 magnum
594 828 689 883 est,
723 826 774 876 si
801 840 898 877 nos
925 831 1106 878 vestra
1134 828 1393 879 carnalia
1428 831 1699 879 metamus
1730 830 1754 876 Ρ
1833 838 1897 875 ex
1927 837 2031 875 sua
2056 837 2295 891 persona
2322 822 2459 875 talia
2490 822 2641 889 dicit,
2668 824 2764 877 sed
2790 824 2974 893 potius
2990 841 3056 878 ex
3084 825 3308 879 illorum
3331 824 3429 895 qui

183 911 232 964 id
254 913 349 972 est,
383 915 448 963 ut
492 926 527 962 a
568 908 723 963 vobis
770 912 1110 982 accipiamus
1157 913 1511 984 temporalia,
1553 912 1754 983 quibus
1832 910 2037 964 idcirco
2064 909 2441 981 praedicabant
2469 910 2602 981 quia
2639 928 2751 965 non
2784 912 3065 968 habebant
3096 913 3244 967 unde
3285 914 3429 969 vive-

181 996 499 1052 contulimus
527 998 776 1052 aeterna?
800 999 927 1053 Non
955 999 1062 1053 hoc
1090 1015 1361 1067 magnum
1402 1006 1478 1054 est
1504 999 1755 1070 increpa-
1834 1004 1962 1052 rent
1988 998 2097 1052 nisi
2127 1014 2193 1052 ex
2212 996 2625 1067 praedicatione,
2646 1000 2883 1070 ideoque
2905 1001 3166 1055 favebant
3187 1003 3304 1057 suis
3323 1017 3428 1057 au-

182 1086 272 1141 tive
294 1086 591 1154 legendum
616 1092 722 1151 est,
743 1087 842 1140 sed
872 1087 1289 1158 interrogative.
1834 1085 2127 1142 ditoribus.

237 1174 293 1228 Si
316 1177 444 1238 alii,
491 1174 549 1228 id
589 1180 677 1228 est
721 1176 1194 1247 pseudoapostoli,
1238 1180 1518 1245 potestatis
1547 1182 1751 1241 vestra,
1906 1175 1969 1230 Si
1998 1177 2149 1228 enim
2174 1175 2357 1227 volens
2386 1174 2503 1228 sive
2531 1180 2731 1244 sponte
2763 1177 2860 1229 hoc
2880 1194 2999 1243 ago,
3029 1178 3087 1232 id
3116 1183 3223 1248 est,
3240 1179 3287 1233 si
3316 1195 3428 1235 non

182 1264 269 1316 hoc
293 1268 377 1316 est
406 1263 687 1317 facultatis
714 1270 910 1318 vestrae
924 1264 1315 1337 bonorumque
1334 1265 1751 1336 temporalium,
1837 1262 2212 1334 praedicavero
2248 1268 2477 1333 pr0pter
2505 1268 2766 1333 sumptus
2795 1266 3070 1331 carnales,
3100 1272 3157 1320 et
3184 1268 3426 1322 admini-

177 1353 455 1419 participes
483 1357 635 1419 sunt,
657 1368 832 1420 quare
857 1370 970 1407 non
993 1358 1179 1422 potius
1202 1359 1337 1408 nos?
1365 1353 1760 1417 subaudis,de—
1838 1356 2088 1405 stravero
2116 1350 2485 1420 Evangelium
2515 1350 2635 1404 sine
2666 1353 2922 1406 mercede
2951 1354 3431 1423 temporali,mer-

181 1438 356 1493 bemus
387 1439 728 1511 participare
758 1440 920 1495 bonis
963 1442 1181 1505 vestris,
1215 1442 1310 1513 qui
1354 1458 1514 1496 sacra
1545 1441 1762 1495 monita
1840 1442 2018 1493 cedem
2048 1440 2213 1493 habeo
2251 1444 2505 1508 paratam
2547 1456 2580 1493 a
2623 1439 2866 1505 Christo,
2916 1442 3435 1496 remunerationem

181 1527 451 1597 Evangelii
477 1527 632 1582 vobis
661 1530 1051 1600 praedicamus.
1083 1531 1293 1584 Verum
1330 1531 1521 1585 omnia
1545 1530 1760 1584 incom-
1841 1528 2101 1582 videlicet
2145 1532 2437 1593 aeternam,
2479 1528 2778 1583 auditurus
2826 1528 2896 1583 ab
2948 1530 3071 1601 ipso
3119 1543 3132 1579 :
3169 1533 3332 1585 Intra
3370 1534 3438 1586 in

183 1616 328 1670 moda
364 1617 712 1672 sustinemus
744 1635 848 1688 ego
879 1623 936 1672 et
962 1619 1270 1684 Barnabas,
1302 1618 1452 1674 sitim
1483 1618 1759 1680 videlicet,
1841 1618 2111 1684 gaudium
2135 1618 2361 1670 Domini
2389 1619 2494 1669 tui.

179 1705 391 1771 famem,
418 1706 734 1760 nuditatem
760 1723 1099 1778 omnemque
1115 1708 1504 1778 indigentiam,
1528 1724 1595 1761 ne
1620 1708 1805 1778 quod_
1915 1706 2041 1770 Quas
2066 1710 2141 1758 est
2179 1720 2305 1771 ergo
2352 1719 2552 1759 merces
2591 1721 2712 1759 mea
2731 1712 2754 1758 ?
2783 1707 3104 1777 Interrogat
3138 1709 3438 1778 Apostolus

182 1795 563 1859 o/fendiculum
591 1796 781 1849 demus
807 1775 1100 1864 Evangelio
1131 1775 1356 1859 Christi,
1380 1796 1437 1850 id
1461 1801 1565 1861 est,
1586 1812 1657 1849 ne
1682 1775 1820 1849 di-B
1845 1792 2092 1863 seipsum
2122 1809 2244 1863 quae
2274 1792 2347 1847 sit
2370 1809 2585 1847 merces
2615 1775 3030 1864 praedicationis
3056 1797 3178 1866 ejus
3189 1775 3262 1851 in
3302 1813 3441 1868 prae-

182 1887 324 1936 catur
347 1882 423 1937 de
455 1882 636 1947 nobis,
659 1882 810 1954 quod
839 1900 1009 1938 causa
1029 1890 1274 1955 quaestus
1301 1890 1357 1939 et
1376 1901 1523 1939 curae
1546 1888 1764 1954 tempo-
1846 1881 2011 1945 senti,
2043 1887 2100 1934 et
2126 1881 2279 1947 dicit,
2298 1883 2417 1951 jam
2448 1882 2709 1952 inquiens
2733 1901 2744 1936 :
2769 1883 2907 1937 Volo
2921 1889 3120 1954 sponte
3140 1884 3441 1954 praedicare
3500 1910 3511 1914 δ

182 1971 302 2024 ralis
330 1971 529 2042 potius
557 1972 926 2043 praedicamus
970 1973 1354 2042 Evangelium,
1396 1989 1566 2042 quam
1594 1988 1765 2026 causa
1847 1969 2233 2038 Evangelium,
2261 1986 2385 2040 quae
2413 1974 2501 2024 est
2529 1986 2742 2025 merces
2781 1988 2910 2026 mea
2946 1972 3004 2025 in
3030 1974 3290 2042 praesenti
3318 1974 3344 2026 ’ἶ
3374 1973 3443 2028 Et

179 2059 365 2113 salutis
394 2060 719 2113 animarum
736 2064 794 2115 et
807 2059 1279 2114 remunerationis
1291 2058 1767 2125 reternze,habeat-
1847 2058 2151 2128 respondet
2170 2057 2288 2128 ipse
2308 2057 2434 2123 sibi,
2469 2063 2566 2113 aut
2604 2059 2769 2113 alicui
2795 2060 3168 2130 interroganti
3194 2078 3318 2131 qua;
3356 2066 3444 2116 est

179 2162 275 2218 que
302 2148 673 2218 Evangelium
700 2149 915 2203 venale.
1846 2162 2063 2200 merces
2082 2146 2227 2200 tua?
2257 2146 2387 2200 Haec
2420 2151 2506 2200 est
2534 2163 2751 2201 merces
2774 2164 2899 2202 mea
2918 2148 2977 2201 in
3006 2149 3268 2219 prasenti
3284 2154 3341 2203 et
3363 2149 3447 2203 in-

238 2238 470 2289 Nescitis
500 2240 766 2303 quoniam
781 2239 881 2304 qui
902 2241 963 2291 in
983 2239 1255 2300 sacrario,
1278 2236 1334 2289 id
1362 2240 1450 2289 est
1475 2235 1532 2288 in
1551 2235 1765 2305 templo
1790 2232 1791 2235 “
1844 2235 2040 2300 tentio,
2070 2240 2133 2288 ut
2151 2236 2515 2302 Evangelium
2524 2237 2830 2303 praedicans
2856 2235 3135 2303 fidelibus,
3161 2237 3449 2291 omnibus-

177 2323 471 2389 idolorum,
495 2324 1157 2393 operantur,excoriando
1176 2324 1432 2378 victimas
1452 2328 1511 2376 et
1530 2338 1769 2393 conque-
1851 2338 1959 2393 que
1987 2321 2183 2377 audire
2210 2321 2544 2387 volentibus,
2575 2325 2692 2377 sine
2721 2328 2948 2392 sumptu
2973 2339 3181 2392 ponam
3201 2325 3451 2393 Evange-

179 2412 363 2480 rendo,
382 2429 510 2481 qua
536 2414 600 2466 de
618 2416 867 2466 sacrario
886 2414 1205 2467 suntedunt
1226 2412 1323 2466 ?id
1352 2415 1438 2465 est
1467 2412 1537 2465 de
1566 2412 1656 2466 his
1696 2411 1770 2464 vi-
1853 2415 2017 2477 tium,
2056 2410 2326 2466 subaudis
2364 2412 2421 2465 in
2453 2410 2713 2479 cordibus
2743 2428 2961 2475 eorum,
2992 2419 3056 2467 ut
3079 2429 3191 2467 non
3219 2415 3443 2479 abutar,

175 2506 303 2554 runt
329 2518 463 2571 quae
488 2500 566 2554 ibi
597 2501 927 2565 offeruntur,
954 2506 1011 2554 et
1043 2518 1167 2571 quae
1195 2501 1484 2571 pertinent
1499 2500 1570 2554 ad
1587 2516 1771 2554 sacra-
1851 2500 1967 2554 sive
1993 2516 2107 2554 non
2132 2505 2262 2554 utar
2284 2505 2546 2568 potestate
2572 2516 2691 2554 mea
2716 2503 2781 2554 in
2814 2502 3107 2568 Evangelia
3132 2518 3302 2572 quam
3322 2519 3452 2557 cum

176 2588 333 2655 rium,
366 2595 417 2643 et
451 2592 554 2656 qui
578 2588 1048 2653 altari,subaudis
1064 2589 1191 2653 Dei,
1215 2590 1532 2643 deserviunt
1548 2589 1606 2642 in
1624 2590 1768 2659 lege,
1853 2588 1981 2642 aliis
2011 2589 2279 2659 apostolis
2307 2587 2507 2654 habeo,
2539 2587 2597 2641 id
2625 2592 2712 2641 est
2734 2604 2805 2642 ne
2834 2588 3101 2658 accipiam
3136 2589 3350 2660 aliquid
3378 2590 3451 2644 ab

175 2677 225 2730 id
254 2683 341 2731 est
367 2678 569 2731 Veteri
597 2678 975 2742 Testamento,
1024 2693 1151 2731 cum
1194 2680 1372 2731 altari
1402 2681 1768 2745 participant.
1857 2676 2226 2741 auditoribus,
2261 2676 2526 2747 quoniam
2559 2692 2765 2747 magna
2795 2692 3007 2731 merces
3037 2677 3178 2731 mihi
3208 2694 3456 2732 reserva-

178 2766 231 2819 Si
260 2766 495 2836 quando
522 2765 911 2820 holocaustum
938 2765 1279 2820 oll'erebatur
1305 2767 1365 2820 in
1393 2766 1561 2820 altari
1573 2766 1775 2822 domus
1856 2771 1952 2820 tur
1974 2782 2009 2819 a
2039 2766 2280 2820 Christo.

178 2853 421 2923 Domini,
473 2857 656 2907 totum
705 2854 918 2908 animal
966 2853 1072 2907 sibi
1106 2854 1424 2909 vindicabat
1469 2856 1684 2921 altare;
1727 2854 1776 2908 si
1928 2855 2074 2908 Nam
2103 2869 2230 2907 cum
2254 2854 2392 2908 liber
2412 2869 2599 2919 essem,
2625 2870 2737 2918 non
2758 2856 2939 2909 solum
2965 2855 3273 2909 secundum
3292 2859 3457 2910 natu-

175 2943 392 3012 quando
412 2958 553 2996 vero
574 2942 812 2997 victimae
833 2943 1055 3014 aliaque
1079 2944 1355 2998 sacriﬁcia
1375 2944 1774 3011 offerebantur,
1859 2959 2002 3008 ram,
2034 2946 2229 3013 utpote
2267 2942 2336 2996 de
2367 2958 2575 3012 genere
2604 2943 3051 3014 patriarcharum
3089 2943 3452 3008 descendens,

172 3031 373 3100 partim
425 3030 833 3085 cremabantur
876 3031 935 3086 in
982 3033 1170 3097 altari,
1221 3032 1429 3103 partim
1480 3031 1779 3087 sumebant
1815 3047 2049 3103 “verum
2083 3030 2253 3083 etiam
2287 3046 2351 3083 ea;
2372 3031 2881 3102 omnibusnegotiis
2899 3031 3369 3098 hominum,nihil
3383 3031 3457 3086 ab

168 3118 469 3174 servitores
503 3119 562 3173 in
591 3136 723 3174 suos
744 3136 901 3176 usus.
1812 3086 1942 3175 Ceis
1968 3118 2311 3188 accipiendo,
2332 3122 2607 3185 omnium,
2628 3119 2897 3174 subaudis
2909 3120 3221 3187 hominum,
3246 3138 3331 3175 me
3348 3137 3459 3175 ser-

240 3209 325 3261 Ita
346 3213 399 3261 et
428 3210 710 3263 Dominus
732 3210 1033 3276 ordinavit,
1056 3209 1115 3263 id
1139 3214 1226 3263 est
1252 3208 1529 3280 disposuit
1551 3213 1607 3263 et
1626 3212 1780 3279 pote-
1860 3225 1991 3262 vum
2012 3210 2117 3275 feci
2144 3207 2527 3278 supportando
2548 3224 2763 3270 omnes,
2781 3208 2950 3262 veluti
2979 3208 3158 3264 bonus
3188 3225 3458 3280 procura-

170 3301 372 3351 statem
404 3296 588 3350 dedit.
1860 3301 1968 3363 tor,
2000 3295 2238 3351 subaudi
2268 3299 2565 3367 supportat
2588 3296 2861 3363 inﬁrmos,
2892 3297 3134 3352 maxime
3162 3314 3278 3363 vos,
3302 3314 3336 3352 o
3357 3297 3459 3353 Co-

236 3387 347 3452 Ego
375 3390 579 3440 autem
598 3385 727 3439 licet
747 3388 1081 3455 potestatem
1107 3385 1372 3439 haberem
1393 3385 1463 3439 de
1482 3385 1780 3454 Evangelio
1860 3384 2057 3439 rinthii
2082 3385 2094 3437 !
2126 3400 2229 3455 per
2247 3401 2434 3439 meam
2463 3385 2814 3456 patientiam.
2842 3386 2969 3440 Feci
2996 3392 3188 3441 autem
3212 3387 3319 3441 hoc
3346 3402 3461 3441 non

169 3472 373 3538 vivere,
413 3476 583 3529 nullo
627 3475 829 3527 horum
879 3490 1000 3544 quae
1044 3474 1303 3544 superius
1331 3473 1443 3527 dixi
1470 3490 1603 3527 usus
1630 3490 1776 3538 sum,
1862 3470 2186 3526 calliditatis
2237 3472 2464 3534 astutia,
2528 3473 2626 3527 sed
2666 3473 3066 3544 compatientis
3113 3474 3336 3542 affectu,
3394 3480 3457 3528 ut

169 3562 299 3631 quia
318 3564 522 3618 nullos
548 3567 811 3632 sumptus
854 3579 889 3616 a
907 3561 1061 3616 vobis
1089 3562 1296 3632 accepi,
1324 3567 1389 3616 ut
1416 3561 1781 3631 Evangelium
1857 3562 2048 3627 plures
2079 3561 2463 3627 lucrifacerem
2494 3560 2736 3615 Christo.

164 3666 274 3706 non
318 3652 585 3707 facerem
631 3651 848 3717 venale,
901 3655 959 3705 et
1004 3667 1099 3704 vos
1130 3650 1307 3705 libere
1337 3666 1557 3721 possem
1594 3651 1785 3704 redar—
1936 3648 2003 3701 Et
2025 3649 2205 3715 factus
2233 3664 2360 3700 sum
2384 3649 2586 3701 Judasis
2617 3654 2887 3717 tanquam
2914 3652 3157 3716 Judatus,
3187 3649 3457 3706 subaudis

162 3756 359 3808 gnere.
391 3743 534 3795 Non
559 3744 747 3793 autem
766 3742 965 3806 scripsi
983 3740 1093 3793 hac
1110 3744 1170 3793 ut
1192 3743 1273 3793 ita
1294 3742 1433 3807 ﬁant
1462 3742 1527 3792 in
1555 3756 1660 3792 me.
1683 3738 1785 3793 Po-
1864 3736 2004 3806 legis
2034 3734 2379 3804 observator,
2405 3736 2589 3790 adhuc
2616 3737 3152 3810 tondendocaputin
3170 3740 3459 3804 Cenchris,

163 3833 352 3883 terant
379 3829 473 3883 illi
501 3828 721 3882 dicere:
754 3828 900 3881 Vere
929 3827 1056 3881 ideo
1078 3828 1379 3898 Apostolus
1400 3827 1538 3881 talia
1563 3827 1786 3897 scripsit
1867 3840 1990 3894 quae
2005 3828 2092 3877 est
2109 3827 2305 3893 portus
2319 3823 2591 3888 Corinthi,
2616 3824 2899 3880 offerendo
2914 3843 3151 3881 munera
3169 3827 3228 3881 in
3250 3828 3460 3899 templo

160 3916 340 3983 nobis,
379 3923 452 3972 ut
486 3916 643 3986 quod
668 3921 837 3970 antea
862 3932 974 3970 non
1003 3916 1217 3987 accepit
1244 3933 1277 3970 a
1302 3916 1481 3982 nobis,
1514 3916 1679 3970 modo
1700 3931 1786 3969 ac-
1867 3911 2291 3982 Hierosolymis,
2325 3911 2630 3965 secundum
2662 3914 2808 3982 quod
2831 3914 2888 3968 in
2918 3915 3150 3969 Actibus
3179 3916 3463 3986 apostolo-

159 4003 851 4076 cipiahutdeunuseiquaa
870 4006 1187 4060 necessaria
1211 4011 1359 4060 sunt.
1390 4005 1479 4059 Ad
1508 4006 1625 4059 haec
1657 4004 1780 4059 ille:
1868 4017 1993 4055 rum
2024 3998 2282 4064 habetur,
2316 3999 2539 4069 quando
2572 4002 2904 4067 puriﬁcatus
2936 4004 3182 4056 ascendit
3228 4006 3291 4056 in
3333 4009 3463 4057 tem-

164 4094 289 4148 Non
302 4095 469 4161 ideo,
493 4093 703 4164 inquit,
723 4093 834 4147 ista
855 4094 1002 4160 dico,
1033 4100 1098 4149 ut
1116 4095 1263 4166 quod
1284 4095 1554 4148 hactenus
1584 4109 1696 4147 non
1713 4092 1788 4146 fe-
1864 4092 2024 4159 plum
2055 4088 2192 4155 (Act.
2218 4088 2351 4154 xm),
2385 4092 2444 4141 et
2469 4087 2916 4143 circumcidendo
2944 4090 3301 4145 Timotheum
3337 4107 3463 4162 pro-

166 4180 231 4248 ci,
274 4198 443 4237 nunc
486 4181 678 4235 facere
713 4181 1002 4252 incipiam,
1033 4182 1132 4236 sed
1156 4186 1221 4236 ut
1238 4198 1334 4236 vos
1353 4180 1427 4235 ad
1455 4180 1788 4236 charitatem
1870 4182 1996 4249 pter
2025 4176 2266 4241 Judaeos,
2302 4180 2363 4229 ut
2389 4177 2602 4230 Judaeos
2632 4179 2886 4232 lucrarer
2909 4178 3151 4245 Christo,
3184 4196 3219 4234 a
3241 4181 3464 4236 cultura

161 4286 507 4340 provocem.
536 4272 747 4324 Bonum
777 4276 851 4324 est
874 4273 1023 4324 enim
1050 4271 1195 4324 mihi
1219 4272 1397 4338 magis
1429 4285 1539 4323 non
1551 4272 1696 4322 mori
1714 4269 1793 4322 fa—
1871 4266 2131 4320 videlicet
2174 4264 2335 4335 legis,
2387 4264 2460 4318 ad
2495 4264 2739 4334 gratiam
2768 4267 3123 4336 perducendo
3155 4269 3463 4341 Evangelii.

164 4375 271 4423 me,
322 4360 455 4425 siti,
518 4358 794 4423 nuditate,
829 4374 999 4427 quam
1038 4363 1102 4411 ut
1128 4361 1369 4426 gloriam
1390 4373 1588 4422 meam,
1623 4372 1789 4426 quam
1943 4356 2042 4409 His
2060 4356 2160 4421 qui
2174 4354 2274 4405 sub
2298 4355 2405 4420 lege
2436 4358 2589 4417 sunt,
2620 4354 2679 4407 id
2711 4360 2797 4408 est
2822 4372 2857 4409 a
2883 4354 3277 4426 Samaritanis,
3309 4361 3469 4431 quin-

160 4465 325 4518 spero
360 4464 467 4502 me
516 4451 878 4516 recepturum
912 4462 1015 4516 pro
1059 4446 1317 4500 mercede
1355 4445 1788 4516 praedicationis,
1809 4433 1983 4514 une
2008 4440 2180 4495 libros
2205 4440 2348 4510 legis
2376 4440 2735 4509 habentibus,
2778 4445 3003 4500 veniens
3032 4447 3102 4500 ad
3131 4448 3257 4502 illos
3285 4450 3467 4505 tactus

162 4541 283 4603 quis
310 4540 561 4591 evacuet
582 4533 695 4588 sive
710 4534 984 4599 destruat,
1008 4534 1193 4589 dando
1210 4535 1351 4588 mihi
1370 4534 1794 4588 munera.Tunc
1874 4548 1997 4587 sum
2024 4530 2104 4584 eis
2127 4532 2291 4598 quasi
2313 4531 2415 4584 sub
2439 4533 2548 4598 lege
2575 4548 2761 4599 essem,
2784 4532 2842 4586 id
2862 4539 2948 4588 est
2976 4536 3136 4605 quasi
3165 4539 3470 4592 carnaliter

159 4627 311 4680 enim
340 4624 558 4697 gloria
600 4623 753 4677 illius
799 4628 1183 4687 evacuaretur,
1224 4622 1270 4677 si
1303 4622 1615 4677 mercedem
1644 4621 1787 4675 acci-
1874 4620 1985 4690 legi
2013 4618 2302 4685 servirem,
2336 4635 2460 4673 cum
2490 4622 2601 4688 ipse
2637 4637 2749 4674 non
2795 4638 2960 4676 essem
3003 4625 3103 4677 sub
3134 4627 3241 4692 lege
3289 4626 3470 4698 Moysi

160 4714 320 4782 piens
349 4715 419 4769 in
452 4713 878 4785 praesenti,non
900 4719 1152 4783 speraret
1183 4712 1495 4766 mercedem
1517 4711 1687 4764 aliam
1708 4727 1795 4764 ac-
1877 4708 2085 4773 animo,
2118 4707 2216 4761 sed
2245 4706 2349 4761 sub
2376 4708 2562 4778 gratia
2590 4709 2892 4778 Evangelii,
2916 4715 2977 4763 ut
3000 4727 3085 4764 eos
3105 4715 3205 4778 qui
3231 4715 3332 4766 sub
3362 4717 3470 4782 lege

157 4802 351 4875 cipere
394 4804 466 4859 in
520 4803 803 4865 futurum,
851 4817 954 4855 nec
990 4801 1355 4871 redargueret
1383 4800 1793 4870 delinquentes.
1877 4797 2784 4865 erantlucrifacercm.Feciautem
2804 4797 3471 4858 hocnonsimulandiver—

212 4894 369 4946 Nam
417 4897 476 4947 et
540 4893 590 4944 si
634 4893 1101 4958 ecangelizavero,
1143 4888 1409 4944 subaudis
1445 4888 1797 4943 solummodo
1878 4885 2045 4953 sutia,
2076 4884 2176 4939 sed
2192 4884 2567 4955 compatiendi
2582 4884 2977 4940 misericordia.
3004 4889 3216 4956 Hisqui
3233 4893 3474 4961 sinelegc

156 4984 404 5052 propter
433 4980 580 5042 hoc,
611 4984 678 5032 ut
702 4983 932 5048 propter
961 4977 1353 5032 assiduitatem
1384 4975 1799 5046 praedicationis
1879 4974 2119 5037 erant,id
2143 4978 2229 5027 est
2240 4971 2750 5043 gentilibus,factus
2764 4990 2910 5039 sum,
2930 4980 3199 5045 tanquam
3213 4981 3333 5033 sine
3363 4984 3473 5050 lege

157 5069 508 5125 mercedem
547 5067 607 5119 in
626 5066 889 5137 praesenti
918 5066 1274 5137 accipiam,et.
1291 5065 1515 5119 laudem
1536 5063 1606 5118 ab
1624 5063 1802 5117 homi-
1881 5079 2087 5120 essem:
2137 5061 2536 5115 consentiendo
2587 5061 2885 5130 gentilium
2933 5065 3282 5138 philosophis
3323 5072 3475 5142 apud

157 5157 493 5224 nibus,non
518 5160 601 5208 est
622 5155 768 5208 mihi
780 5155 1260 5221 gloria,subaudis
1275 5159 1487 5208 (eterna
1505 5153 1561 5206 in
1578 5153 1796 5207 futuro:
1880 5151 2150 5217 Athenas,
2173 5166 2347 5204 unum
2368 5150 2546 5203 Deum
2561 5165 2681 5203 esse
2694 5150 2789 5222 qui
2803 5158 3002 5209 cuncta
3016 5155 3245 5223 fecerat,
3275 5165 3332 5214 et
3359 5162 3480 5217 ani-

160 5251 475 5301 necessitas
498 5246 683 5307 enim,
701 5242 971 5297 subaudis
1001 5242 1401 5309 manducandi,
1431 5241 1676 5307 bibendi,
1710 5257 1802 5294 ve-
1883 5256 2006 5293 mas
2028 5238 2374 5293 immortales
2389 5252 2531 5303 esse,
2559 5242 2616 5292 et
2633 5238 2889 5296 homines
2908 5242 2980 5296 ab
2999 5259 3112 5298 uno
3132 5246 3248 5302 Deo
3269 5249 3478 5319 princi-

156 5335 401 5401 stiendi,
438 5332 608 5386 mihi
638 5334 930 5387 incumbit.
971 5332 1216 5403 Ideoque
1248 5330 1511 5402 praedico,
1536 5329 1803 5400 quoniam
1884 5329 2040 5400 pium
2058 5326 2382 5397 sumpsisse,
2405 5325 2557 5380 visus
2572 5331 2658 5380 est
2675 5327 2757 5381 eis
2777 5331 2935 5400 quasi
2954 5348 3102 5388 unus
3127 5352 3191 5389 ex
3218 5336 3375 5408 ipsis,
3406 5339 3479 5392 li-

153 5427 313 5480 unde
342 5424 588 5480 vivam,
621 5420 846 5476 aliunde
875 5438 988 5475 non
1007 5420 1202 5475 habeo.
1234 5421 1443 5475 Haecin
1469 5418 1803 5490 quibusdam
1886 5422 1974 5471 cet
1992 5416 2141 5470 idola
2168 5430 2281 5467 non
2296 5414 2579 5483 adoraret,
2610 5416 2994 5491 paulatimque
3008 5423 3270 5479 trahebat
3290 5442 3383 5479 eos
3411 5426 3483 5479 ad

153 5514 404 5579 ﬁebant,
446 5510 619 5564 sicut
646 5509 706 5563 in
734 5510 1239 5581 pseudoapostolis,
1273 5510 1371 5564 sed
1400 5510 1460 5562 in
1489 5508 1664 5562 Paulo
1692 5522 1806 5560 non
1886 5505 1986 5559 illa
2012 5520 2135 5575 quae
2154 5502 2342 5557 minus
2370 5503 2691 5573 credebant,
2715 5508 2958 5564 suadens
2979 5511 3121 5565 utin
3147 5530 3273 5567 eum
3295 5513 3485 5567 crede-

154 5610 304 5673 erat,
328 5601 446 5676 qui
469 5613 672 5668 neque
700 5599 1239 5671 mercedem,neque
1266 5596 1492 5665 laudem
1520 5595 1592 5651 ab
1618 5594 1805 5650 homi-
1887 5597 2035 5661 rent,
2062 5607 2161 5663 per
2185 5608 2348 5662 quem
2372 5595 2563 5648 omnia
2600 5595 2750 5662 facta
2772 5601 2924 5664 sunt,
2958 5597 3014 5652 id
3050 5604 3138 5653 est
3161 5599 3221 5653 in
3250 5598 3487 5680 Filium.

424 5701 725 5760 Panos.
774 5698 1014 5763 CXVII.
3165 5691 3241 5753 18
