3850 6168
584 337 691 397 559

1001 336 1378 393 HAYMONIS
1417 334 1906 391 HALBERSTAT.
1949 336 2113 391 EPISl

2214 334 2374 390 OPP.
2416 332 2601 387 PARS
2639 334 2683 387 1.
2733 363 2796 374 -
2837 333 3201 394 COMMENT.
3241 329 3405 398 BIBL.

3663 352 3737 409 560

580 468 835 519 secratur
879 468 938 517 et
981 462 1291 533 percipitur
1327 461 1384 513 in
1432 459 1700 526 Ecclesia,
1740 461 1824 513 vel
1869 461 2000 531 quia
2053 458 2490 528 nonAspiritali
2518 463 2895 527 consequente
2910 457 3170 515 bibebant
3192 463 3287 529 illi,
3317 466 3436 535 quia
3474 469 3737 543 ubicumque

575 554 864 607 mundana
890 552 1013 621 lege
1041 556 1098 604 et
1124 548 1527 603 consuetudine
1551 553 1748 618 parata
1767 553 1916 613 sunt,
1940 549 2036 601 sed
2055 548 2164 601 vir-

2248 545 2542 599 deﬁciebat
2569 546 2649 599 eis
2678 547 2987 601 humanum
3013 550 3295 617 auxilium,
3325 553 3499 609 aderat
3521 557 3737 627 Christus;

473 692 479 697 .
574 648 696 697 tute
716 642 816 696 Dei
836 640 956 694 sine
970 639 1361 693 commistione
1381 638 1808 701 elementorum,
1833 654 1991 708 aquae
2020 638 2167 691 vide-
2248 639 2518 704 praestans
2537 634 2980 706 suffragium,ch
2990 654 3054 690 us
3076 640 3313 707 potentia
3331 642 3432 711 (qui
3454 652 3528 697 est
3545 646 3736 704 Verbum

572 731 704 785 licet
726 735 785 785 et
810 728 1023 782 farinae.
1057 728 1143 781 Ad
1179 733 1404 796 tempus
1433 726 1694 779 videlicet
1722 732 1911 779 creata
1947 732 2032 780 est
2068 726 2164 780 illa

2248 722 2347 775 Dei
2377 723 2573 789 Patris)
2601 722 2822 777 liberati
2852 732 2986 778 sunt
3017 726 3085 779 de
3116 733 3263 781 terra
3289 729 3504 801 Egypti,
3531 734 3638 788 etin
3654 740 3738 790 ter-

568 833 694 872 esca
723 822 892 887 atque
907 815 988 869 eis
1015 815 1167 880 data,
1186 819 1243 867 et
1270 828 1417 883 aqua
1446 812 1706 867 similiter
1732 830 1845 868 non
1868 821 2165 869 consuetu-
2245 826 2366 865 ram
2392 812 2845 882 repromissionis
2864 813 3188 871 introducti.
3219 816 3444 889 Ideoque
3461 821 3739 887 dicitur,con-

566 905 698 960 dine
726 904 1031 969 mundana,
1063 902 1162 957 sed
1204 902 1410 956 virtute
1459 902 1699 971 spiritali
1759 903 2159 974 omnipotentis
2243 906 2540 970 sequentes
2568 917 2683 965 eos,
2708 902 2842 971 quia
2866 902 3228 958 subveniebat
3254 906 3345 960 eis.
3367 908 3471 962 Nec
3483 909 3606 963 enim
3620 918 3738 981 petra

564 994 687 1060 Dei,
711 995 793 1048 eis
820 992 1086 1064 proﬂuxit
1105 1008 1170 1045 ex
1201 996 1380 1061 petra.
1405 988 1618 1044 Idcirco
1645 997 1703 1044 et
1723 991 1816 1044 ille
1859 992 2020 1062 panis
2064 1009 2160 1047 an-
2239 1003 2445 1058 aquam
2475 989 2630 1042 dedit
2657 990 2811 1043 illam
2841 1007 2956 1045 una
2974 991 3109 1058 vice,
3132 994 3230 1047 sed
3246 995 3480 1051 Christus
3499 1016 3583 1068 per
3598 1007 3740 1069 poten-

559 1084 817 1154 gelorum
839 1081 1020 1135 dictus
1031 1079 1276 1150 est,quia
1289 1079 1492 1132 virtute
1505 1079 1907 1149 omnipotentis
1930 1079 2029 1133 Dei
2045 1097 2157 1150 qua
2237 1076 2375 1130 tiam
2388 1079 2898 1132 suam.Notandum
2920 1079 2990 1133 ab
3011 1082 3273 1150 Apostolo
3291 1084 3464 1137 omnia
3480 1084 3572 1138 ista
3583 1086 3737 1140 idcirco

558 1173 746 1243 angeli
770 1172 964 1225 vivunt
974 1176 1034 1223 et
1048 1169 1364 1223 subsistunt
1382 1167 1502 1221 sine
1524 1167 1713 1221 labore
1732 1168 1939 1238 aliquo,
1967 1185 2034 1223 ea
2049 1169 2155 1223 vir—
2236 1181 2358 1219 esse
2386 1166 2555 1233 dicta,
2588 1183 2658 1220 ne
2684 1167 2809 1237 quis
2831 1167 2938 1221 sibi
2969 1168 3025 1222 in
3049 1168 3737 1239 baptismateconﬁdatmutin

557 1267 681 1315 tute
710 1266 931 1314 creatus
962 1263 1050 1312 est
1071 1258 1166 1310 ille
1193 1256 1369 1321 cibus,
1403 1261 1459 1309 et
1479 1257 1771 1326 appositus
1813 1262 1899 1310 est
1918 1257 1999 1310 eis
2028 1257 2150 1312 sine
2232 1270 2357 1308 esca
2378 1260 2435 1308 et
2462 1260 2599 1325 potu
2625 1255 2885 1325 spiritali,
2919 1261 2981 1310 ut
3009 1258 3189 1312 Deum
3219 1264 3372 1328 putet
3392 1260 3487 1314 sibi
3507 1277 3689 1330 parcere
3700 1264 3733 1316 si

554 1351 745 1421 aliquo
788 1348 977 1401 labore
1002 1345 1373 1401 illorum.Hoc
1386 1345 1559 1398 etiam
1582 1345 2058 1416 signiﬁcans,quia
2078 1348 2148 1401 de
2230 1343 2542 1411 peccaverit
2578 1344 2970 1410 criminaliter,
3004 1346 3113 1399 nisi
3136 1348 3456 1416 paenitentia
3478 1350 3624 1420 digna
3657 1352 3731 1406 hoc

551 1439 708 1493 ccelis
735 1441 1003 1491 venturus
1031 1439 1152 1488 erat
1188 1433 1466 1497 Christus,
1498 1433 1802 1504 spiritualis
1846 1436 2025 1505 panis,
2049 1436 2147 1505 qui
2229 1431 2982 1504 promeruerit.Quapropter
3005 1434 3266 1489 omnibus
3293 1442 3373 1490 est
3400 1438 3683 1507 vigilandum
3694 1446 3733 1493 et

551 1526 921 1599 spiritualiter
948 1528 1221 1595 pasceret.
1248 1522 1408 1577 Unde
1446 1528 1503 1576 et
1539 1539 1746 1577 manna
1772 1524 1955 1594 prima
1980 1524 2137 1589 feria,

548 1615 664 1670 sive
693 1615 876 1685 prima
896 1611 1132 1673 sabbati,
1165 1627 1287 1681 quae
1307 1626 1456 1663 nunc
1478 1609 1549 1663 ob
1571 1611 1937 1665 reverentiam
1958 1612 2141 1666 Domi-

544 1704 683 1757 nicm
712 1700 1138 1756 resurrectionis
1160 1700 1278 1753 dies
1304 1698 1597 1758 Dominica
1621 1705 1867 1762 vocatur,
1890 1700 2138 1770 primum

2227 1518 2620 1585 laborandum,
2651 1521 2917 1591 quoniam
2946 1529 3168 1593 tempus
3198 1524 3316 1579 vitae
3345 1526 3734 1583 nostraebrevissi-

2224 1623 2377 1661 mum
2405 1614 2509 1662 est.

2290 1696 2398 1751 Sed
2427 1714 2539 1751 non
2563 1701 2625 1751 in
2648 1701 2911 1766 pluribus
2941 1715 3136 1753 eorum
3161 1703 3536 1770 beneplacitum
3558 1711 3619 1759 est
3641 1707 3728 1762 Deo.

538 1791 694 1845 venit
720 1791 790 1844 de
818 1789 956 1843 caelo
986 1789 1057 1842 ad
1082 1788 1437 1842 saturitatem
1455 1788 1929 1858 populi.Bibebant
1948 1794 2133 1867 autem
2154 1806 2201 1865 Β
2218 1784 2495 1847 Quoniam
2516 1787 2680 1840 multi
2709 1792 2940 1858 propter
2957 1788 3346 1845 inﬁdelitatem
3371 1794 3555 1846 mortui
3567 1800 3671 1848 sunt
3691 1796 3730 1849 in

542 1880 607 1933 de
628 1880 896 1946 spiritali,
932 1876 1199 1931 subaudis
1237 1880 1417 1946 petra,
1449 1882 1801 1943 consequente
1830 1895 1914 1930 eos
1940 1878 2135 1933 eadem
2219 1888 2429 1938 eremo.
2472 1890 2585 1928 non
2634 1875 3016 1944 intelligentes
3055 1878 3381 1933 beneﬁcium
3422 1881 3529 1947 Dei,
3555 1881 3732 1951 quadra-

535 1973 715 2036 petra.
751 1964 929 2019 Judaei
950 1970 1007 2019 et
1022 1964 1249 2035 quidam
1271 1963 1609 2034 simplicium
1629 1965 1921 2019 doctorum
1940 1982 2010 2020 ex
2030 1966 2136 2021 hoc
2214 1958 2373 2028 ginta
2398 1960 2660 2015 Videlicet
2689 1962 2884 2016 millia.

537 2056 660 2110 loco
701 2054 955 2109 fabulose
1004 2053 1313 2123 disputant,
1359 2052 1607 2106 volentes
1656 2053 1940 2108 afﬁrmare
1986 2056 2134 2125 quod

534 2150 833 2216 postquam
854 2145 1073 2213 Moyses
1095 2140 1375 2211 percussit
1400 2140 1556 2209 virga
1572 2139 1658 2194 bis
1686 2141 1919 2207 silicem,
1960 2159 2134 2213 popu-

2285 2048 2407 2101 Ilrec
2434 2053 2619 2101 autem
2650 2049 2842 2103 omnia
2884 2066 3008 2120 quae
3052 2051 3293 2107 dicimus
3329 2053 3396 2108 de
3436 2054 3582 2121 nube,
3608 2055 3726 2120 mari,

2214 2134 2414 2205 Moysi,
2446 2152 2591 2205 esca,
2624 2143 2761 2207 potu
2786 2144 2843 2192 et
2867 2144 3044 2209 petra,
3078 2144 3141 2194 in
3165 2144 3346 2209 ﬁgura
3383 2145 3517 2210 facta
3542 2150 3728 2197 suntne—

528 2232 728 2304 lusque
756 2230 898 2285 bibit
923 2247 989 2284 ac
1014 2229 1287 2299 iumenta,
1316 2244 1540 2299 semper
1569 2233 1762 2282 secuta
1791 2230 1864 2283 sit
1903 2246 1999 2283 eos
2033 2231 2131 2285 illa
2211 2227 2334 2290 8m}
2369 2224 2426 2278 id
2457 2231 2544 2278 est
2567 2231 2772 2280 nostra!
2804 2228 3055 2282 veritatis
3080 2247 3094 2295 ;
3129 2230 3330 2300 quibus
3351 2232 3407 2285 in
3425 2232 3625 2285 veritate
3639 2248 3728 2285 con-

528 2327 709 2392 petra,
733 2326 790 2375 et
807 2318 1126 2388 ubicunque
1157 2316 1408 2387 ﬁgebant
1440 2316 1703 2384 tentoria,
1727 2317 2052 2372 volvebatur
2069 2320 2127 2374 in
2212 2311 2459 2381 tigerunt
2492 2318 2549 2366 et
2568 2320 2799 2369 manent
2811 2316 2997 2381 modo,
3023 2317 3159 2387 quia
3178 2319 3237 2372 in
3257 2320 3724 2390 exemplumillomm

525 2408 775 2463 medium
826 2412 1160 2469 castrorum,
1213 2404 1368 2458 nullo
1416 2403 1711 2458 hominum
1776 2405 2120 2476 impellente,

526 2498 789 2553 emittens
817 2494 1162 2565 largissimas
1183 2492 1391 2546 rivulos
1419 2492 1489 2546 ad
1520 2492 1837 2547 satietatem
1861 2496 2050 2565 populi
2068 2502 2125 2550 et

518 2587 930 2657 jumentorum.
961 2582 1169 2637 Dicunt
1196 2587 1387 2635 autem
1419 2581 1617 2635 tandiu
1634 2581 1738 2635 hoc
1759 2582 1971 2636 factum
2000 2600 2122 2639 esse

520 2692 625 2747 per
653 2672 1026 2746 quadraginta
1039 2687 1236 2735 annos,
1260 2686 1439 2740 usque
1468 2669 1602 2723 dum
1634 2671 1888 2725 venirent
1900 2672 1960 2725 in
1971 2676 2122 2727 terra

520 2763 767 2829 Madian,
787 2761 885 2817 ubi
912 2760 1174 2815 foderunt
1191 2762 1411 2829 puteos,
1441 2758 1988 2829 inveneruntaquam
2003 2761 2122 2814 dul-

520 2868 643 2907 cem
671 2850 810 2905 satis
836 2847 1436 2918 abundeque.Quidam
1468 2846 1636 2900 etiam
1666 2848 1998 2902 somniando
2011 2852 2120 2903 ﬁn-

517 2945 663 3011 gunt
690 2938 838 3010 quod
867 2942 1039 2991 tanta:
1058 2935 1348 3006 parvitatis
1371 2934 1544 2988 fuerit
1567 2934 1661 2988 ille
1681 2935 1843 3005 lapis,
1861 2941 1924 2990 ut
1939 2936 2119 2992 Maria

519 3045 681 3084 soror
705 3026 887 3098 Moysi
914 3026 1085 3080 ferret
1097 3024 1255 3077 illum
1282 3023 1341 3076 in
1360 3028 1581 3093 pectore
1610 3039 1711 3077 suo
1742 3041 1842 3094 per
1858 3025 2014 3079 illam
2029 3043 2118 3080 va-

2206 2400 2392 2455 educti
2417 2418 2613 2456 sumus
2633 2403 2703 2456 de
2728 2405 2988 2475 Egypto,
3022 2405 3094 2460 de
3123 2423 3315 2461 errore
3341 2408 3571 2462 videlicet
3601 2409 3722 2477 hujus

2206 2490 2422 2543 mundi.
2434 2493 2495 2544 Ut
2512 2508 2623 2545 non
2642 2494 2818 2545 simus
2838 2497 3148 2562 concupisce
3157 2502 3275 2549 ntes
3292 2496 3725 2561 malorum,subau-

2204 2577 2290 2632 dis
2309 2578 2559 2633 ciborum
2589 2586 2646 2634 et
2675 2581 2960 2648 vitiorum,
2986 2585 3128 2637 sicut
3149 2590 3200 2638 el
3213 2588 3323 2646 illi,
3338 2586 3392 2639 id
3413 2586 3719 2647 estlsraelitz,

2204 2671 2618 2735 concupierunt,
2650 2685 2847 2724 carnes
2867 2676 2925 2725 et
2948 2688 3217 2742 pepones,
3242 2680 3298 2728 et
3326 2691 3390 2728 ea
3416 2691 3525 2746 quae
3542 2675 3589 2728 in
3605 2673 3724 2743 1E3;-

2201 2759 2299 2824 pto
2317 2754 2636 2810 habuerunt
2652 2757 2711 2811 in
2736 2774 2900 2811 usum
2920 2761 3274 2815 comedendi.
3302 2763 3478 2816 Istain
3491 2760 3722 2832 superiori-

2202 2841 2306 2898 bus
2336 2845 2591 2915 Apostoli
2621 2846 2802 2900 verbis
2828 2848 3092 2917 pendent,
3127 2849 3227 2903 ubi
3257 2851 3388 2905 dicit
3430 2852 3592 2905 omnia
3634 2866 3719 2921 qua

2200 2933 2406 2987 Judaeis
2457 2934 2817 3004 contigerunt
2844 2936 2904 2990 in
2961 2944 3159 2992 nostra
3208 2940 3387 3009 ﬁgura
3428 2939 3716 3010 praecessisse,

2200 3020 2346 3074 sicut
2368 3027 2424 3075 et
2437 3024 2730 3093 sequentia
2747 3026 3200 3091 manifestant,et
3218 3026 3275 3081 in
3292 3033 3524 3081 nostram
3541 3028 3717 3081 salutem

515 3126 664 3176 stam
692 3117 1070 3174 solitudinem.
1101 3113 1209 3168 Sed
1236 3112 1319 3166 illi
1349 3112 1445 3182 qui
1470 3112 1607 3166 talia
1649 3114 1996 3183 conﬁngunt,
2031 3113 2111 3169 di-
2131 3118 2173 3177 Ο
2197 3109 2405 3179 scripta
2434 3127 2574 3177 esse,
2607 3116 2795 3166 utnon
2815 3113 2993 3167 simus
3026 3116 3481 3186 concupiscentes
3506 3117 3714 3169 malorum

512 3214 643 3265 cant
654 3207 773 3274 ubi,
798 3213 855 3262 et
873 3203 1096 3276 quando
1121 3202 1205 3255 vel
1221 3200 1498 3270 quomodo
1517 3201 1829 3255 secundum
1850 3202 2103 3257 litteram

513 3299 811 3371 impletum
828 3295 919 3358 sit,
950 3291 1098 3364 quod
1113 3288 1421 3344 secundum
1440 3289 1810 3359 Septuaginta
1825 3290 2108 3361 interpre-

512 3393 601 3442 tes
618 3386 676 3440 in
691 3383 909 3439 cantico
933 3378 1114 3451 Moysi
1139 3377 1415 3431 habetur:
1445 3376 1586 3440 Quia
1609 3383 1883 3431 auxerunt
1907 3380 2017 3432 mel
2038 3379 2107 3433 de

514 3481 699 3548 petra,
719 3474 1017 3542 oleumque
1037 3468 1107 3522 de
1139 3468 1303 3521 ﬁrma
1328 3470 1506 3536 petra,
1540 3471 1597 3519 et
1623 3470 1757 3519 tunc
1777 3466 2108 3537 praebendus

511 3579 777 3620 assensus
789 3560 937 3631 quod
956 3566 1150 3613 secuta
1173 3556 1244 3610 sit
1263 3571 1359 3609 eos
1377 3554 1579 3625 petra?
1599 3556 1673 3608 At
1690 3571 1816 3608 cum
1828 3572 2108 3625 nusquam

514 3654 574 3708 in
592 3652 784 3707 Veteri
804 3651 1162 3705 Testamento
1190 3646 1297 3699 hoc
1345 3644 1554 3698 factum
1592 3644 1827 3714 reperiri
1879 3646 2105 3715 poterit,

518 3741 858 3797 submittant
875 3753 1061 3791 vocem
1082 3741 1140 3789 et
1158 3734 1430 3788 inclinent
1446 3749 1639 3786 aurem
1658 3738 1723 3787 ut
1740 3734 2111 3804 spiritualiter

515 3831 627 3885 ista
646 3831 943 3900 penetrare
959 3821 1471 3892 valeant,quoniam
1493 3821 1738 3875 litteram
1760 3823 1817 3875 in
1844 3823 1932 3876 his
1951 3824 2109 3894 sequi

515 3936 630 3975 non
657 3920 909 3990 possunt.
942 3914 1110 3978 Nam,
1132 3912 1277 3967 sicut
1305 3910 1561 3965 doctores
1592 3910 1997 3978 tradunt,0reb
2018 3930 2111 3983 pe-

516 4016 609 4065 tra
637 4024 807 4080 quam
828 4004 1051 4075 Moyses
1066 4000 1364 4073 percussit,
1383 4015 1545 4053 mons
1558 4004 1647 4053 est
1666 3999 2110 4072 lapideus,cujus

514 4100 665 4154 latus
693 4092 964 4167 percussit
994 4092 1231 4161 Moyses.
1274 4088 1626 4158 Quapropter
1670 4088 1874 4142 melius
1921 4094 2006 4143 est
2046 4095 2109 4144 ut

512 4184 844 4256 spiritaliter
895 4180 1005 4233 ista
1041 4178 1440 4246 intelligamus,
1491 4175 1638 4228 sicut
1688 4182 1744 4229 et
1795 4177 2102 4247 superiora.

515 4273 677 4328 Unde
703 4274 761 4324 et
788 4267 1089 4338 Apostolus
1116 4264 1426 4335 spiritalem
1457 4263 1703 4333 appellat
1730 4265 1985 4319 eamdem
2014 4283 2107 4337 pe-

2187 3197 2440 3252 ciborum
2467 3200 2858 3271 vitiorumque.
2898 3203 3149 3266 Quaestio
3185 3210 3291 3271 est,
3321 3221 3442 3258 cum
3459 3202 3718 3259 Judaeimul-

2194 3286 2493 3342 titudinem
2522 3290 2853 3344 animalium
2884 3297 2942 3355 et
2969 3308 3240 3362 pecorum
3270 3310 3452 3347 secum
3492 3293 3714 3355 haberent,

2190 3390 2364 3444 quare
2388 3376 2775 3432 desiderarent
2790 3395 3008 3444 carnes,
3039 3385 3094 3434 et
3116 3397 3296 3451 quare
3318 3399 3424 3436 non
3436 3382 3715 3437 comederent

2189 3480 2387 3519 carnes
2403 3468 2774 3524 animalium?
2800 3472 2935 3535 Quae
2958 3473 3064 3527 hoc
3084 3474 3256 3528 modo
3278 3473 3624 3544 solvitur,quia
3637 3487 3714 3525 non

2190 3552 2583 3609 desiderabant
2601 3556 2681 3610 illi
2707 3574 2905 3613 carnes
2937 3577 3227 3629 pecorum,
3257 3563 3354 3616 sed
3373 3579 3548 3617 carnes
3580 3560 3712 3614 avium

2191 3642 2613 3711 concupiebant,
2631 3644 2834 3714 quibus
2862 3647 3014 3700 soliti
3035 3648 3269 3703 fuerunt
3286 3651 3426 3704 vesci
3450 3652 3502 3703 in
3517 3649 3711 3717 ίΕεγΡῐοι

2191 3729 2353 3783 Nilus
2372 3732 2522 3785 enim
2539 3733 2827 3796 ﬂuvius,in
2848 3734 3131 3790 littoribus
3144 3738 3265 3792 suis
3286 3744 3343 3792 et
3358 3736 3648 3809 palustribus
3662 3735 3714 3785 lo-

2191 3817 2270 3870 cis
2298 3820 2479 3873 multa
2498 3838 2706 3890 genera
2719 3823 2906 3877 avium
2927 3823 3112 3889 habet,
3122 3832 3183 3880 et
3202 3827 3343 3880 talia
3356 3828 3529 3897 qualia
3546 3841 3633 3879 non
3650 3824 3717 3875 ha-

2191 3906 2395 3963 bentur
2413 3910 2472 3964 in
2486 3911 2723 3966 circuitu
2745 3912 2987 3967 aliorum
3008 3914 3607 3985 ﬂuminum.Fugiamus
3618 3927 3711 3979 ergo

2192 3999 2703 4069 concupiscentiam
2724 4002 3017 4068 malam,et
3037 4019 3359 4073 pugnemus
3377 4011 3551 4060 contra
3568 4019 3660 4057 eam
3673 4000 3713 4053 in
3800 4036 3801 4043 η

2191 4092 2462 4156 quantum
2485 4090 2753 4155 valemus,
2784 4090 2917 4161 quia
2946 4094 3027 4155 (ut
3052 4090 3255 4147 beatus
3271 4089 3709 4165 Augustinusdicit)
3798 4114 3799 4133 :

2190 4180 2245 4228 et
2274 4175 2333 4230 in
2360 4175 2520 4230 nobis
2540 4194 2762 4248 quoque
2790 4179 3172 4250 experimento
3202 4182 3439 4252 probare
3464 4193 3709 4253 possumus.
3796 4194 3797 4221 ι

2189 4263 2320 4332 quia
2346 4281 2448 4335 per
2467 4265 2972 4336 concupiscentiam
3009 4268 3219 4323 malam
3252 4272 3439 4325 omnia
3456 4269 3585 4323 mala
3612 4267 3710 4318 fiunt
3792 4260 3795 4336 ἦ

513 4326 663 4416 tram
697 4326 1205 4429 quiaispiritaliter
1249 4355 1335 4405 est
1374 4326 1758 4420 intelligenda.
1818 4326 3226 4449 SigniﬁcatDatquepatrantur.Concupiscentiam
3240 4353 3710 4449 autemmalamidee

511 4450 665 4506 enim
695 4446 1003 4508 Christum,
1035 4442 1180 4496 sicut
1198 4439 1492 4511 sequentia
1511 4440 1905 4500 manifestant:
1942 4446 2103 4499 Petra
2122 4439 2164 4449 ”
2186 4440 2318 4505 dixi,
2351 4443 2483 4512 quia
2506 4448 2593 4497 est
2629 4448 2685 4497 et
2707 4445 3163 4515 concupiscentia
3207 4447 3374 4514 bona,
3404 4448 3469 4501 de
3503 4462 3595 4515 qua
3616 4439 3709 4495 dicit

510 4544 718 4604 autem,
745 4533 952 4606 inquit,
973 4537 1091 4586 erat
1118 4531 1387 4586 Christus.
1420 4530 1545 4583 Non
1563 4529 1719 4595 dixit,
1752 4537 1914 4601 petra
1934 4531 2101 4603 signi-

505 4628 712 4685 ﬁcabat
734 4624 1040 4687 Christum,
1060 4619 1158 4675 sed
1181 4624 1454 4689 tanquam
1478 4620 1536 4671 in
1556 4617 1792 4673 veritate
1822 4626 1971 4674 esset
1998 4639 2097 4692 pe-

504 4726 595 4775 tra
616 4716 892 4780 Christus,
915 4728 1045 4766 cum
1074 4710 1272 4780 utique
1294 4723 1395 4778 per
1415 4706 1787 4761 substantiam
1818 4724 1931 4762 non
1953 4717 2101 4765 esset

499 4809 599 4864 sed
614 4824 715 4880 per
731 4800 1217 4876 signiﬁcationem.
1244 4796 1515 4851 Similiter
1531 4796 1764 4866 loquens
1793 4796 1862 4851 de
1881 4797 2096 4854 duobus

498 4895 627 4949 ﬁliis
663 4894 920 4958 Abrahae,
948 4905 1062 4944 non
1097 4887 1254 4951 dixit,
1281 4886 1400 4939 hinc
1428 4884 1747 4955 signiﬁcant
1775 4885 1887 4939 duo
1906 4886 2095 4941 Testa-

499 4986 708 5047 menta,
742 4981 869 5035 sed:
917 4980 1038 5033 Hac
1075 4981 1205 5032 sunt
1252 4977 1361 5029 duo
1424 4976 1779 5028 Testamenta.
1836 4973 2092 5029 Christus

497 5086 630 5138 ergo
651 5086 751 5139 per
773 5066 1239 5137 signiﬁcationem
1270 5068 1503 5135 propter
1528 5063 1852 5117 ﬁrmitatem
1883 5068 1969 5117 est
1992 5080 2090 5134 pe-

2185 4530 2483 4585 Salomon:
2519 4534 2647 4597 Fili,
2682 4536 2994 4601 concupisce
3041 4538 3381 4603 sapientiam
3426 4537 3569 4607 (Eccl.
3595 4535 3639 4599 1).
3663 4528 3709 4582 Et

2181 4618 2478 4673 Psalmista
2502 4638 2515 4672 :
2551 4621 2872 4689 Concupivit
2891 4625 3087 4677 anima
3110 4640 3235 4677 mea
3254 4627 3547 4679 desiderare
3554 4619 3710 4690 justiﬁ-

2180 4710 2418 4761 cationes
2458 4714 2581 4762 tuas
2616 4711 2779 4779 (Psal.
2813 4712 3020 4777 cxvm).
3068 4712 3529 4784 Concupiscentia
3566 4712 3706 4762 autem

2178 4795 2329 4850 mala
2348 4800 2451 4863 est,
2459 4814 2582 4867 quae
2604 4799 2857 4868 suggerit
2877 4798 3038 4854 nobis
3060 4806 3125 4854 ut
3141 4803 3581 4873 concupiscamus
3594 4796 3704 4850 cibos

2177 4883 2400 4939 illicitos
2424 4891 2481 4939 et
2504 4886 2655 4940 ultra
2694 4887 2944 4954 modum,
2981 4894 3045 4943 ut
3073 4888 3347 4945 faciamus
3388 4886 3699 4945 homicidium.

2175 4972 2478 5035 furtum,ut
2498 4981 2885 5047 perpetremus
2912 4978 3344 5047 adulterium,et
3368 4975 3702 5042 czeterahujus-

2174 5061 2345 5115 modi.
2380 5063 2625 5134 Ideoque
2649 5066 2951 5136 Apostolus
2981 5068 3169 5121 volens
3215 5085 3321 5124 nos
3357 5066 3594 5123 sollicitos
3607 5059 3699 5115 red-

492 5163 602 5222 tra,
633 5172 746 5210 non
774 5171 875 5226 per
902 5153 1303 5221 substantiam;
1336 5158 1395 5207 et
1437 5168 1587 5223 aqua
1638 5152 1736 5205 illa
1788 5168 1911 5223 qua:
1946 5153 2087 5206 ﬂue-
2170 5149 2322 5216 dere,
2351 5150 2524 5205 donat
2544 5152 2706 5206 nobis
2732 5156 3051 5225 exemplum
3071 5155 3301 5211 illorum
3328 5146 3699 5219 Judaeorum,qui

485 5246 585 5300 bat
610 5261 675 5299 ex
706 5248 869 5315 petra
890 5240 1241 5311 signiﬁcabat
1261 5242 1573 5295 doctrinam
1606 5240 1813 5295 Christi
1854 5244 1911 5294 et
1952 5256 2084 5310 gra-
2167 5254 2269 5308 per
2287 5241 2798 5310 concupiscentiam
2831 5243 3184 5299 offenderunt
3213 5246 3396 5301 Deum
3414 5245 3470 5299 in
3488 5240 3699 5301 eremo,et

483 5334 622 5388 tiam
644 5331 887 5402 Spiritus
914 5328 1115 5393 sancti,
1146 5328 1214 5382 de
1245 5345 1354 5397 qua
1378 5329 1498 5399 ipse
1521 5328 1580 5382 in
1608 5328 1907 5397 Evangelia
1933 5347 1944 5380 :
1978 5329 2085 5394 Qui
2165 5328 2472 5397 perierunt.

479 5427 618 5489 silit,
648 5423 831 5476 veniat
859 5420 933 5471 ad
957 5433 1041 5470 me
1068 5423 1116 5470 et
1150 5418 1296 5469 bibat
1328 5417 1503 5483 (Joan.
1522 5420 1633 5487 vn),
1662 5422 1768 5471 etc.
1801 5416 2080 5487 Spiritalis

474 5528 698 5588 quoque
726 5514 784 5565 et
805 5521 1152 5576 consequens
1180 5509 1341 5576 petra
1377 5505 1600 5569 dicitur,
1630 5506 1764 5576 quia
1788 5506 2077 5562 Christum
2163 5507 2440 5561 Subaudis
2471 5508 2567 5580 qui
2596 5509 2833 5565 vitulum
2862 5511 3173 5566 adorabunt
3196 5512 3271 5565 ad
3306 5516 3540 5567 montem
3559 5502 3692 5562 Sinni.

460 5605 907 5677 subsequentem
925 5594 1257 5670 spiritaliter
1277 5592 1644 5674 signiﬁcabat.
1672 5595 1753 5651 De
1784 5610 1897 5667 qua
1914 5600 2077 5667 petra
2160 5595 2635 5663 Quemadmodum
2654 5603 2928 5668 scriptum
2957 5606 3055 5667 est,
3076 5600 3137 5656 in
3153 5599 3347 5656 Exodo
3369 5619 3383 5654 :
3407 5602 3521 5656 Idas
3540 5596 3692 5650 Grece

2234 5419 2412 5486 Neque
2432 5419 2739 5474 idololatm:
2749 5423 3246 5488 efﬁciamini,sicut
3261 5424 3486 5491 quidam
3500 5422 3693 5472 illorum.

3765 5443 3768 5529 Ι

3762 5662 3763 5705 ι

3760 5732 3761 5791 ι

3758 5832 3759 5879 ι
