3850 6168
154 254 228 311 561

759 248 1144 305 EXPOSITIO
1174 250 1253 305 IN
1283 251 1436 305 EPP.
1471 250 1528 305 S.
1562 248 1799 304 PAULI.
1834 278 1899 289 —
1930 248 2008 302 IN
2040 247 2261 303 EPIST.
2295 248 2318 300 Ι
2358 247 2453 301 AD
2493 248 2654 302 COR:

3247 244 3352 303 562

150 379 319 434 dicitur
342 373 541 445 species
565 372 679 427 sive
722 374 921 440 forma,
951 374 1080 428 inde
1109 374 1442 430 diminutive
1470 375 1742 435 diciturA
1760 390 1857 460 qui
1887 395 2048 444 erant
2076 390 2136 443 in
2166 391 2378 459 Moyse,
2409 388 2556 443 sicut
2580 390 2699 460 ipse
2732 390 2954 461 Moyses
2992 390 3129 444 dicit
3176 411 3188 446 ε
3240 388 3351 444 Na,

147 468 320 522 idolum
347 463 569 517 formula
591 479 657 515 ex
690 462 879 533 aliquo
898 463 1146 529 metallo,
1171 464 1285 517 sive
1315 480 1381 517 ex
1397 463 1676 535 lapidibus

145 556 211 609 vel
235 553 379 624 ignis.
401 554 583 605 Latria
608 567 829 622 quoque
848 553 1040 606 Graeco
1058 551 1323 607 vocabulo
1339 553 1545 606 dicitur
1565 569 1678 606 ser-

146 644 392 712 vitusque
410 639 770 710 omnipotenti
791 641 907 694 Deo
936 640 1340 712 solicompetit.
1366 642 1443 695 Ex
1472 640 1675 711 quibus

146 728 415 784 nominibus
441 728 792 799 componitur
808 735 866 782 et
892 729 1100 783 dicitur
1128 730 1445 792 idololatra,
1464 729 1557 782 ille
1575 730 1673 799 qui

147 821 370 873 honorem
421 823 475 870 et
526 817 852 871 servitutem
900 835 1071 889 quam
1132 818 1504 889 omnipotenti
1558 819 1675 873 Deo

145 905 227 960 soli
250 905 393 959 debet
415 904 688 971 exhibere,
722 905 889 960 idolis
929 907 1223 978 impendit.
1261 907 1421 961 Unde
1468 912 1525 960 et
1553 907 1677 961 ido-

143 993 325 1048 lolatria
363 992 477 1063 ipsa
529 1009 620 1047 res
668 1000 772 1050 est.
819 995 968 1050 Sedit
992 999 1230 1064 populus
1261 997 1602 1049 manducare
1626 1000 1675 1049 et

144 1084 297 1146 bibere,
327 1087 371 1134 et
394 1089 815 1137 resurremerunt
839 1085 1043 1139 ludere.
1087 1085 1345 1137 Veterem
1377 1084 1675 1137 historiam

140 1169 210 1224 hic
231 1170 389 1239 tangit
408 1172 705 1241 Apostolus
731 1190 742 1224 :
771 1172 995 1242 Egressi
1023 1173 1126 1226 ﬁlii
1155 1172 1331 1226 Israel
1351 1174 1419 1226 de
1432 1173 1673 1244 Egypto

140 1259 242 1312 dum
273 1260 635 1328 pervenissent
666 1261 736 1313 ad
771 1261 927 1315 Sinai
957 1266 1227 1328 montem,
1261 1263 1451 1331 Moyse
1482 1278 1671 1316 ascen-

135 1346 264 1405 dente
292 1357 523 1406 montem
556 1354 625 1407 ad
648 1354 848 1419 Deum,
865 1359 922 1407 et
948 1359 1201 1408 morante
1223 1354 1525 1425 aliquantis
1554 1354 1670 1408 die-

133 1439 229 1500 bus,
269 1446 632 1495 convenerunt
673 1442 743 1495 ad
784 1445 993 1507 Aaron,
1046 1447 1299 1513 petentes
1345 1449 1410 1497 ut
1461 1442 1667 1495 faceret

134 1529 192 1583 eis
215 1528 344 1596 deos,
369 1530 458 1601 qui
487 1530 615 1584 illos
646 1531 1044 1601 praecederent,
1071 1532 1318 1586 dicentes
1353 1550 1364 1583 :
1406 1534 1510 1585 Fac
1539 1532 1660 1584 deos

132 1622 206 1688 qui
220 1621 498 1687 praecedant
538 1636 655 1674 nos.
688 1622 863 1689 Moysi
889 1625 1056 1683 enim,
1094 1625 1193 1689 qui
1231 1623 1421 1675 eduxit
1473 1637 1567 1674 nos
1596 1622 1660 1673 de

1759 480 1895 547 quid
1927 484 2159 532 sumus?
2187 480 2307 532 Non
2337 483 2528 531 contra
2553 495 2650 531 nos
2687 484 2763 532 est
2790 494 3059 533 murmur
3086 483 3349 546 vestrum,

1757 569 1848 620 sed
1871 572 2069 620 contra
2098 569 2397 620 Dominum
2431 567 2618 633 (Exod.
2640 572 2773 633 xvn).
2795 567 3053 621 Christus
3074 567 3224 621 enim
3254 568 3351 637 qui

1757 660 1843 708 est
1853 654 2100 709 Verbum
2122 655 2305 708 Patris
2332 654 2453 725 ipse
2474 660 2597 709 erat
2624 655 2683 708 in
2707 655 2917 726 Moyse,
2943 661 3000 709 et
3022 655 3141 726 ipse
3161 656 3354 726 loque-

1758 742 1925 797 batur
1954 760 2054 814 per
2090 760 2153 796 os
2183 744 2324 813 ejus.
2349 744 2419 797 Et
2444 743 2667 814 quando
2688 744 2990 798 tentabant
3009 744 3262 815 Moysen,
3295 749 3353 799 et

1759 832 1984 902 quando
2029 830 2462 886 murmurabant
2490 838 2687 886 contra
2727 832 2909 896 illum,
2942 837 3138 886 contra
3166 832 3347 886 Deum

1757 918 2214 974 murmurabant.
2245 921 2353 974 Sed
2382 920 2514 990 quid
2538 920 2773 991 contigit
2791 920 2945 974 illis?
2966 922 3033 974 Et
3061 936 3097 974 α
3124 935 3349 989 serpen-

1758 1010 1902 1061 tibus
1924 1012 2215 1077 perierunt
2243 1006 2454 1078 ignitis,
2480 1009 2574 1079 qui
2621 1014 2925 1080 utrumque
2950 1008 3251 1074 faciebant;
3293 1013 3351 1062 et

1756 1096 2108 1163 mordebant,
2141 1096 2448 1150 mordendo
2497 1112 2719 1168 quoque
2768 1113 3045 1151 venenum
3090 1097 3349 1151 infunde-

1753 1184 2155 1240 bant.Reducit
2184 1202 2317 1255 ergo
2347 1185 2419 1239 ad
2449 1186 2779 1240 memoriam
2802 1186 2941 1240 talia
2961 1186 3262 1257 Apostolus
3292 1192 3349 1239 et

1755 1280 2093 1339 commonet,
2127 1290 2198 1327 ne
2227 1290 2328 1328 nos
2356 1275 2413 1327 in
2454 1275 2652 1328 eadem
2699 1291 2867 1328 causa
2897 1275 3111 1329 inventi
3153 1270 3348 1329 trada-

1752 1378 1882 1416 mur
1907 1362 2150 1426 diabolo,
2185 1364 2347 1432 cujus
2376 1363 2613 1432 ﬁguram
2646 1368 2934 1433 serpentes
2960 1362 3261 1417 habebant.

1819 1452 2003 1519 Neque
2030 1454 2549 1517 murmuraveritis,
2583 1450 2852 1504 subaudis
2897 1455 3093 1507 contra
3137 1450 3338 1517 Deum,

1746 1554 1928 1609 neque
1956 1545 2151 1593 contra
2191 1540 2452 1610 praelatos
2501 1545 2557 1593 et
2599 1544 2864 1593 rectores.
2914 1540 3069 1595 Sicut
3109 1540 3342 1607 quidam

1743 1630 1973 1681 illorum
1996 1633 2516 1682 murmuraverunt.
2528 1629 2749 1682 Dathan
2759 1629 3019 1682 videlicet
3036 1628 3328 1694 etAbiron,

130 1711 320 1775 igypto,
339 1712 601 1762 nescimus
614 1712 751 1777 quid
769 1712 1028 1763 acciderit
1052 1712 1241 1777 (Exod.
1275 1716 1479 1779 xxxn).
1503 1710 1659 1763 Tunc
1679 1717 1990 1786 Bsociique
2035 1733 2252 1781 eorum,
2309 1722 2506 1770 contra
2536 1718 2766 1788 Moysen
2795 1722 2853 1770 et
2896 1719 3104 1771 Aaron.
3146 1719 3216 1772 Et
3241 1732 3334 1785 pe-

131 1796 239 1849 sicut
260 1796 472 1850 historia
500 1803 718 1861 narrat,
749 1798 1026 1869 accipiens
1056 1799 1250 1851 Aaron
1270 1797 1341 1851 ab
1369 1797 1451 1850 eis
1470 1796 1660 1851 armil-

128 1883 250 1938 laset
270 1885 496 1951 inaures,
531 1886 665 1940 fecit
688 1886 819 1941 inde
858 1888 1094 1941 vitulum
1115 1886 1651 1957 conﬂatilem,quein

127 1972 328 2027 colebant
359 1974 625 2046 Egyptii,
657 1976 961 2046 statimque
989 1976 1329 2030 aediﬁcantes
1360 1991 1486 2029 aras
1526 1980 1657 2029 ante

124 2060 259 2128 illum,
280 2062 701 2119 immolaverunt
716 2064 767 2119 ei
791 2064 1021 2131 hostias,
1043 2065 1291 2119 dicentes
1316 2082 1327 2116 :
1350 2067 1403 2119 1i
1421 2070 1553 2123 sunt
1572 2067 1657 2118 dii

127 2153 202 2215 tui,
227 2154 393 2218 Israel,
416 2158 516 2207 etc.
560 2154 964 2224 Completoque
980 2153 1270 2218 sacriﬁcio,
1286 2152 1556 2207 sederunt
1583 2153 1654 2206 ad

123 2240 510 2305 manducandum
528 2248 588 2297 et
598 2242 924 2313 bibendum,
937 2261 1000 2297 ac
1012 2243 1371 2314 postmodum
1391 2258 1654 2296 surrexe-

120 2336 220 2382 runt
240 2330 411 2385 ludere
439 2333 508 2386 ad
533 2332 755 2386 diversa
776 2334 903 2403 joca
932 2339 989 2386 et
1016 2333 1091 2385 ad
1108 2332 1327 2399 choros,
1344 2336 1401 2385 et
1420 2332 1655 2402 insuper

120 2426 351 2486 coeperunt
376 2420 662 2477 fornicari.
699 2421 1054 2491 Quapropter
1092 2420 1396 2474 multitudo
1425 2419 1651 2473 illorum

120 2504 355 2561 interfecta
380 2516 463 2563 est
490 2527 527 2563 a
548 2509 819 2563 fratribus
839 2510 975 2575 suis,
988 2510 1125 2580 jube
1134 2514 1229 2562 nte
1250 2508 1445 2580 Moyse
1465 2514 1523 2562 et
1539 2508 1650 2562 Do-

121 2594 236 2649 mino
264 2597 480 2651 volente.
498 2599 661 2662 Quod
692 2600 904 2652 factum
919 2598 1045 2653 ideo
1070 2599 1305 2669 replicat
1324 2598 1647 2668 Apostolus,

118 2688 263 2738 utnon
294 2688 575 2742 crederent
608 2687 883 2741 Corinthii
913 2703 972 2741 se
1002 2687 1283 2740 immunes
1313 2703 1435 2739 esse
1455 2686 1525 2739 ab
1544 2686 1648 2739 hoc

118 2771 408 2846 crimine,qui
422 2777 477 2830 in
490 2776 665 2831 idolio
685 2776 1076 2847 epulabantur.
1100 2774 1406 2829 Idololatra
1427 2790 1650 2845 quoque

116 2867 179 2913 est
199 2865 351 2917 omnis
378 2882 579 2920 avarus
608 2866 706 2937 qui
733 2882 1029 2920 nummum
1072 2865 1234 2936 quasi
1266 2865 1448 2918 Deum
1491 2864 1647 2930 colit,

116 2948 272 3004 timens
296 2953 443 3008 illum
473 2956 758 3009 amittere.

1740 1809 1963 1859 rierunt
2016 1808 2084 1859 ab
2136 1810 2583 1867 exterminatore,
2621 1806 2735 1860 Deo
2774 1806 2858 1859 vel
2907 1806 3057 1876 igne.
3110 1806 3335 1860 Dathan

1741 1896 1892 1949 enim
1933 1901 1989 1949 et
2039 1896 2252 1950 Abiron
2294 1913 2423 1950 cum
2454 1896 2609 1949 omni
2634 1896 2803 1950 domo
2833 1912 2936 1949 sua
2971 1895 3333 1951 exterminati

1740 1990 1873 2038 sunt
1893 1985 1962 2038 de
1978 1986 2271 2055 superﬁcie
2290 1990 2455 2039 terrae
2473 1984 2796 2054 aDeo,quia
2816 1984 3173 2055 pracipiente
3192 1984 3309 2039 Deo
3319 2024 3331 2051 ,

1738 2073 1887 2127 vivos
1918 2073 2214 2143 deglutivit
2247 2090 2341 2127 eos
2368 2078 2549 2139 terra;
2596 2072 2936 2143 fueruntque
2971 2077 3102 2126 ante
3124 2073 3333 2143 sepulti

1738 2177 1909 2231 quam
1940 2162 2173 2229 mortui,
2199 2161 2463 2232 quoniam
2489 2161 2636 2214 sicut
2662 2161 2956 2231 Scriptura
2979 2166 3191 2223 narrat,
3224 2161 3335 2216 vivi

1737 2251 2150 2305 descenderunt
2180 2251 2238 2304 in
2264 2250 2578 2304 internum:
2626 2249 2762 2303 socii
2792 2266 2921 2303 vero
2950 2250 3195 2316 illorum,
3235 2250 3332 2321 qui

1735 2340 1795 2392 in
1844 2342 1967 2410 ipsa
1996 2340 2412 2409 conspiratione
2450 2338 2662 2393 similes
2696 2338 3051 2405 exstiterunt,
3095 2337 3166 2392 ab
3199 2338 3331 2409 igne

1734 2428 1946 2481 caelesti
1990 2427 2349 2482 exterminati
2400 2435 2549 2481 sunt.
2602 2428 2958 2481 Murmurare
3007 2431 3199 2481 autem
3246 2432 3334 2482 est

1747 2517 2082 2587 plerumque
2109 2516 2250 2570 falso
2262 2516 2332 2569 ad
2345 2516 2581 2569 invicem
2611 2515 2681 2568 de
2709 2514 3022 2586 praepositis
3051 2520 3220 2586 atque
3237 2532 3330 2570 re-

1733 2604 1981 2659 ctoribus
2019 2605 2178 2675 queri
2225 2609 2282 2658 et
2316 2604 2552 2658 causari.
2600 2603 2940 2673 Plerumque
2966 2604 3135 2657 etiam
3185 2604 3329 2658 solet

1732 2710 1991 2747 murmur
2032 2693 2152 2747 ﬁeri
2182 2695 2340 2763 justa
2376 2709 2443 2746 ex
2472 2707 2659 2757 causa,
2707 2691 2933 2761 quando
2963 2691 3181 2762 praelati
3210 2707 3326 2746 non

1730 2780 2063 2852 simpliciter
2095 2787 2357 2852 recteque
2380 2796 2515 2851 erga
2536 2779 2790 2833 subditos
2804 2779 3092 2833 incedunt.
3109 2779 3324 2833 Tamen

1732 2886 2067 2941 quocunque
2095 2871 2259 2924 modo
2289 2873 2553 2923 nascatur
2577 2873 2633 2922 et
2658 2868 2774 2931 ﬁat,
2802 2868 3017 2921 malum
3029 2872 3141 2935 est;
3165 2871 3223 2921 et
3240 2884 3320 2923 va:

1730 2959 1813 3013 illi
1842 2975 1952 3030 quo
1994 2959 2268 3013 excitante
2299 2957 2570 3029 provenit,
2602 2962 2797 3011 utrum
2835 2955 2910 3010 sit
2947 2956 3211 3027 praelatus
3247 2972 3322 3010 an

162 3040 306 3108 Neque
328 3045 690 3111 fornicamur,
713 3049 855 3098 sicut
883 3046 1113 3113 quidam
1125 3060 1189 3097 ex
1214 3047 1347 3111 ipsis
1375 3044 1644 3110 fornicati
1662 3040 1705 3062 υ
1727 3047 2031 3117 subjectus.
2078 3047 2226 3101 Dicit
2264 3047 2417 3101 enim
2449 3046 2647 3100 beatus
2692 3044 3044 3115 Augustinus
3086 3045 3220 3115 quia
3261 3046 3322 3099 in

111 3132 223 3194 sunt,
237 3130 476 3187 subaudis
495 3151 628 3188 cum
651 3133 999 3198 Madianitis,
1022 3138 1071 3186 et
1089 3134 1401 3186 ceciderunt
1421 3147 1537 3184 una
1553 3133 1641 3185 die
1722 3137 1878 3191 nulla
1902 3137 2014 3191 alia
2043 3152 2213 3190 causa
2246 3136 2327 3189 ita
2350 3135 2706 3189 offenderunt
2724 3133 2902 3188 Judaei
2922 3134 3104 3188 Deum
3124 3134 3183 3188 in
3203 3150 3323 3189 ere-

111 3218 266 3282 riginti
283 3224 384 3275 tria
412 3226 622 3277 millia.
641 3224 758 3276 Hoc
787 3224 845 3276 in
874 3229 1027 3276 terra
1052 3222 1278 3276 Madian
1298 3221 1507 3274 factum
1528 3224 1635 3286 est,
1720 3243 1831 3292 mo,
1868 3226 2014 3280 sicut
2039 3225 2098 3279 in
2122 3224 2589 3290 murmuratione,
2620 3223 2889 3293 quoniam
2919 3239 3143 3294 semper
3168 3239 3321 3279 mur.

111 3304 245 3359 ethoc
268 3310 591 3366 retributum
626 3318 711 3365 est
728 3311 839 3365 illis
870 3312 1093 3382 quando
1118 3328 1178 3365 se
1202 3327 1328 3364 cum
1360 3308 1636 3363 Madiani-
1720 3320 2038 3369 muratores
2080 3314 2431 3369 exstiterunt.
2490 3314 2846 3383 Quapropter
2881 3312 3193 3366 cavendum
3231 3317 3319 3367 est

107 3391 159 3445 tis
173 3400 702 3466 commaculaverunt,
718 3401 1027 3454 adorantes
1052 3400 1295 3471 primum
1326 3398 1476 3452 idola
1506 3402 1637 3450 ante
1720 3404 1875 3458 omni
1918 3404 2084 3458 modo
2114 3403 2184 3457 ab
2214 3401 2605 3473 hujuscemodi
2634 3400 2789 3466 vitio,
2829 3417 2901 3455 ne
2920 3400 3128 3454 similia
3155 3399 3317 3455 nobis

107 3482 212 3537 ostia
231 3486 502 3544 domorum
533 3491 780 3544 illarum.
811 3491 956 3544 Nam
984 3490 1211 3551 Balaam
1249 3488 1459 3542 ariolus
1488 3487 1638 3540 ﬁlius
1720 3493 1997 3547 eveniant.

104 3569 211 3627 3901‘
215 3616 226 3641 ν
251 3594 466 3634 cernens
495 3582 718 3634 animos
746 3580 1068 3635 Judaeorum
1099 3596 1305 3650 pronos
1342 3578 1413 3632 ad
1445 3576 1639 3631 libidi-
1788 3585 1910 3636 Hac
1928 3587 2115 3635 autem
2136 3579 2613 3651 omnia,superius
2633 3578 2783 3632 dicta
2801 3578 2870 3631 de
2889 3577 3243 3648 serpentibus
3258 3583 3317 3633 et

103 3674 214 3727 nem,
243 3671 288 3719 et
310 3669 577 3739 proclivas
611 3670 679 3723 ad
707 3669 858 3723 idola
883 3669 1135 3734 colenda,
1160 3669 1423 3723 seductus
1458 3675 1513 3722 et
1543 3689 1633 3726 ca-
1718 3671 1787 3724 de
1817 3671 1968 3740 igne,
2001 3671 2095 3741 qui
2139 3686 2233 3723 eos
2270 3668 2557 3723 devoravit
2600 3669 2664 3719 in
2702 3671 2890 3735 ﬁgura
2925 3667 3313 3733 contingebant

101 3755 197 3817 ptus
210 3768 379 3811 amore
390 3758 755 3829 pecuniarum
777 3757 1105 3812 deditBalac
1126 3757 1246 3825 regi
1260 3756 1633 3814 Moabitarum
1716 3760 2166 3813 illis.Videamus
2180 3758 2459 3829 quomodo
2489 3762 2780 3827 serpentes
2807 3754 2971 3826 igniti
3000 3754 3207 3825 quibus
3227 3754 3312 3808 illi

102 3844 227 3911 atque
290 3846 720 3902 Madianitarum
780 3846 1098 3915 consilium,
1157 3852 1219 3900 ut
1266 3847 1634 3902 constitueret
1713 3847 1908 3900 traditi
1938 3852 2090 3910 sunt,
2125 3846 2184 3898 in
2209 3847 2390 3915 ﬁgura
2434 3846 2700 3910 fuerunt;
2749 3850 2805 3897 et
2836 3858 3068 3914 serpens
3097 3859 3306 3908 aeneus,

100 3931 264 3996 puellas
276 3935 597 4004 juvenculas
624 3942 681 3990 et
700 3936 1024 3990 meretrices
1046 3935 1103 3988 in
1133 3935 1429 3989 domorum
1449 3937 1625 4003 ostiis,
1714 3937 1811 4006 qui
1861 3951 2165 4006 suspensus
2196 3942 2282 3987 est
2311 3950 2345 3986 a
2373 3934 2564 4003 Moyse
2591 3949 2603 3983 :
2638 3949 2762 4003 quae
2793 3932 2889 4003 qui
2937 3930 3304 4001 aspiciebant,

100 4028 295 4089 comptas
312 4030 642 4079 ornamento
668 4023 1002 4089 meretricio,
1025 4029 1083 4077 et
1107 4030 1237 4077 ante
1266 4024 1411 4077 ostia
1440 4024 1631 4078 domo-
1712 4025 2057 4078 sanabantur
2074 4024 2263 4090 (Num.
2286 4023 2420 4086 xxx).
2446 4022 2748 4091 Serpentes
2773 4020 2855 4074 illi
2877 4020 2973 4090 qui
2995 4019 3305 4074 mordendo

98 4118 189 4159 rum
213 4108 342 4166 idola
362 4119 417 4167 et
445 4130 598 4177 aras,
632 4120 698 4168 ut
724 4113 1010 4167 venientes
1036 4111 1331 4178 Israelita,
1362 4129 1629 4184 caperen-
1714 4129 1988 4166 venenum
2013 4110 2403 4173 infundebant,
2446 4110 2728 4164 daemones
2758 4106 3174 4180 signiﬁcabant,
3206 4108 3304 4179 qui

97 4197 162 4245 tur
178 4213 342 4254 amore
364 4203 616 4271 illarum,
649 4208 704 4256 et
731 4202 947 4256 coirent
983 4218 1110 4256 cum
1142 4202 1273 4267 illis,
1304 4202 1386 4255 ita
1413 4208 1623 4271 tamen,
1711 4201 2062 4272 suggerendo
2092 4200 2252 4255 nobis
2281 4215 2559 4254 venenum
2588 4198 2887 4253 mortiferas
2915 4197 3303 4252 delectationis

98 4289 143 4333 ut
164 4287 374 4354 primum
420 4293 726 4346 adorarent
778 4292 968 4345 idola:
1009 4308 1117 4361 quo
1150 4291 1318 4353 facto,
1366 4292 1671 4361 cognovit_
1708 4292 2032 4345 infundunt.
2084 4290 2299 4354 Quibus
2358 4289 2529 4343 etiam
2555 4288 2857 4355 tradimur,
2889 4287 2937 4341 si
2981 4291 3303 4357 serpentem

97 4368 182 4439 ipse
204 4376 324 4432 iram
354 4381 453 4434 Dei
484 4387 684 4436 contra
702 4381 825 4435 illos
840 4381 1210 4434 excitandam.
1232 4381 1390 4434 Unde
1411 4359 1689 4434 factumD
1709 4397 1925 4435 aeneum
1953 4381 2011 4434 in
2031 4380 2183 4450 ligno
2214 4378 2550 4450 pendentem
2587 4394 2699 4431 non
2743 4376 3100 4448 aspiciamus,
3128 4376 3186 4429 id
3216 4380 3305 4430 est

96 4468 156 4512 est
171 4471 221 4518 ut
230 4468 405 4537 viginti
426 4471 537 4524 tria
557 4471 733 4524 millia
753 4470 824 4524 ab
846 4470 975 4539 igne
992 4470 1202 4524 cmlesti
1228 4486 1625 4524 consumeren-
1709 4470 2016 4524 Christum.
2036 4470 2277 4539 Serpens
2293 4484 2483 4522 aeneus
2510 4468 2608 4538 qui
2637 4465 3061 4521 similitudinem
3075 4480 3303 4535 serpen-

92 4550 174 4615 tur,
196 4562 241 4608 et
266 4574 396 4626 pene
434 4577 632 4613 omnes
660 4560 955 4631 perissent,
1001 4559 1105 4612 nisi
1140 4558 1380 4612 Phinees
1411 4560 1623 4613 zelatus
1707 4559 1780 4612 tis
1804 4558 2065 4623 habebat,
2083 4558 2178 4611 sed
2195 4563 2388 4611 tamen
2408 4572 2684 4610 venenum
2704 4570 2817 4608 non
2841 4553 3102 4620 habebat,
3129 4569 3299 4623 quem

93 4637 178 4690 zelo
197 4642 295 4707 Dei,
325 4649 665 4703 confodisset
695 4649 921 4720 cuspide
949 4648 1131 4701 virum
1161 4647 1458 4701 Hebraeum
1489 4664 1619 4701 cum

92 4723 392 4790 Madianitide
442 4744 629 4792 scorto
672 4738 730 4791 in
759 4739 895 4791 locis
940 4735 1299 4808 genitalibus,
1336 4738 1499 4807 cujus
1538 4737 1620 4791 rei

90 4827 217 4872 causa
240 4825 432 4891 quievit
455 4827 543 4880 ira
583 4827 683 4881 Dei
713 4843 747 4880 a
774 4827 998 4898 populo.
1032 4826 1357 4880 Notandum
1397 4842 1620 4898 quoque

58 4916 63 4920 ‘
88 4905 187 4971 quia
207 4926 303 4966 non
330 4917 506 4970 solum
538 4916 622 4969 illi
652 4916 916 4970 dicuntur
943 4932 1065 4969 esse
1104 4916 1487 4981 fornicatores,
1522 4917 1619 4987 qui

87 5005 358 5070 ﬂuminaque
380 5005 549 5058 modo
581 5004 863 5058 libidinem
888 5022 1050 5059 suam
1076 5006 1422 5077 explent,sed
1444 5007 1616 5060 etiam

86 5077 143 5166 illi
159 5087 235 5154 qui
258 5106 349 5159 per
371 5093 482 5146 alia
510 5094 645 5147 vitia
674 5111 708 5147 a
733 5095 847 5148 Deo
865 5095 1151 5159 recedunt,
1172 5096 1240 5149 de
1262 5095 1463 5166 quibus
1481 5095 1616 5148 dicit

87 5165 366 5233 Psalmista:
406 5184 602 5236 Perdes
644 5200 826 5237 omnes
887 5187 985 5252 qui
1039 5165 1402 5251 fornicantur
1431 5186 1526 5238 abs
1570 5191 1617 5237 te

88 5258 213 5317 {PsaL
242 5275 460 5338 LXXVII),
492 5272 548 5325 id
581 5278 685 5340 est,
725 5273 821 5343 qui
844 5273 1115 5327 recedunt
1142 5290 1175 5327 a
1202 5279 1278 5327 te.

139 5350 289 5419 Neque
316 5365 579 5414 tentemus
617 5364 918 5427 Christum,
951 5365 1091 5415 sicut
1122 5364 1351 5430 quidam
1382 5364 1611 5417 illorum

88 5436 402 5513 tentarerunt,
427 5450 694 5504 subaudis
725 5451 975 5521 Moysen,
1009 5451 1104 5520 qui
1137 5450 1347 5505 Christi
1376 5452 1615 5520 ﬁguram

87 5529 289 5591 gerebat.
317 5536 415 5589 Vel
451 5539 624 5593 etiam
669 5540 856 5610 ipsum
894 5539 1180 5595 Christum
1228 5546 1610 5607 tentaverunt,

1706 4648 1800 4719 qui
1826 4646 2189 4719 aspiciebant,
2240 4652 2483 4700 mortem
2522 4644 2889 4714 temporalem
2931 4658 2966 4695 a
3013 4640 3295 4694 morsibus

1704 4737 2051 4809 serpentium
2072 4736 2400 4790 evadebant.
2428 4733 2715 4788 Christum
2732 4731 3011 4801 signiﬁcat
3039 4745 3291 4800 serpens,

1702 4830 1847 4883 sicut
1862 4828 1982 4899 ipse
2001 4826 2143 4881 dixit
2167 4844 2179 4879 :
2203 4825 2357 4880 Sicut
2378 4825 2579 4890 Moyses
2613 4822 2871 4875 exultavit
2900 4823 3200 4887 serpentem
3228 4820 3294 4871 in

1700 4920 1924 4983 deserto,
1946 4921 2026 4970 ita
2051 4917 2293 4969 exaltari
2307 4917 2512 4983 oportet
2530 4912 2735 4965 Filium
2762 4909 3093 4974 hominis,ut
3111 4909 3295 4960 omnis

1699 5009 1798 5073 qui
1807 5007 1977 5058 credit
1994 5007 2055 5057 in
2066 5019 2191 5056 eum
2213 5017 2325 5055 non
2346 5003 2527 5068 pereat
2542 4998 2835 5064 (Joan.m).
2854 4993 3294 5050 Similitudinem

1700 5111 1832 5164 ergo
1861 5092 2138 5164 serpentis
2163 5089 2360 5144 habuit
2384 5087 2477 5140 ille
2510 5101 2760 5156 serpens,
2809 5085 2908 5139 sed
2936 5099 3150 5138 veneno
3197 5100 3293 5139 ca-

1697 5183 1970 5253 ruit,quia
1990 5180 2247 5235 Christus
2266 5175 2692 5231 similitudinem
2712 5174 2936 5246 quidem
2957 5173 3144 5228 carnis
3160 5189 3295 5245 pec-

1698 5273 1808 5327 cati
1830 5271 2044 5333 habuit,
2070 5269 2167 5324 sed
2187 5266 2401 5340 peccati
2420 5282 2635 5320 veneno
2655 5264 2855 5319 caruit.
2876 5264 2985 5319 Per
3010 5264 3118 5318 hoc
3141 5264 3295 5319 enim

1696 5362 1846 5433 quod
1860 5377 2047 5415 aeneus
2066 5359 2189 5424 fuit,
2215 5356 2496 5427 signiﬁcat
2517 5354 2888 5410 aeternitatem
2906 5353 3139 5421 Christi,
3160 5353 3295 5424 quia

1695 5468 1770 5506 aes
1798 5449 2051 5505 durabile
2094 5447 2387 5502 metallum
2425 5451 2528 5501 est.
2565 5446 2883 5517 Suspensus
2911 5448 2998 5497 est
3022 5443 3083 5497 in
3108 5443 3283 5512 ligno,

1696 5545 1754 5594 et
1777 5539 2033 5594 Christus
2062 5539 2122 5592 in
2140 5536 2321 5593 crucis
2347 5535 2619 5608 patibulo.
2653 5533 2762 5598 Qui
2793 5535 2957 5589 illum
2982 5529 3289 5603 aspiciebat
