3936 6164
271 245 375 303 503

965 241 1344 299 EXPOSITIO
1372 240 1454 296 IN
1486 242 1640 297 EPP.
1674 243 1731 297 S.
1765 243 2004 300 PAULI.
2034 264 2099 285 -ω
2130 244 2209 299 ΙΝ
2239 243 2461 299 EPIST.
2493 243 2519 299 Ι
2547 243 2645 299 ΑΒ
2674 241 2839 300 COB.

3431 235 3538 299 566

268 369 329 425 in
358 380 470 440 quo
491 369 761 425 ofibrebet
773 368 950 425 Israel
967 367 1268 423 carnaliter
1284 366 1474 421 vivens
1492 366 1705 420 hostias
1723 367 1859 421 Deo.
1879 369 1931 427 Α
1945 368 2151 425 dicitur
2177 385 2213 423 a
2240 369 2558 428 mactanda.
2581 384 2648 422 eo
2677 369 2826 440 quod
2853 367 2931 423 ibi
2970 371 3291 427 mactatum
3315 374 3534 428 carnes:

269 458 568 514 (larualem
598 466 786 514 autem
820 458 981 512 illum
1009 456 1271 527 appellat,
1305 456 1437 525 quia
1460 455 1641 524 legem
1671 470 1865 509 carna-

268 547 401 602 liter
427 548 648 604 volebat
676 548 1010 614 observare;
1044 548 1129 601 vel
1162 547 1233 600 ad
1285 546 1658 600 diil‘erentiam
1689 547 1864 600 Israel

270 637 561 708 spiritalis,
594 638 690 708 qui
714 639 835 708 iam
864 642 1078 693 veteres
1110 636 1339 691 umbras
1364 647 1474 689 non
1502 634 1861 706 sequebatur,

269 742 337 780 ex
364 727 528 796 cujus
556 739 794 781 numero
824 731 949 780 erat
980 725 1130 780 idem
1156 724 1482 794 Apostolus.
1519 724 1655 778 Vult
1674 729 1865 778 autem

267 815 566 870 ostendere
603 814 929 880 Corinthiis,
981 814 1112 884 quia
1161 814 1308 869 sicut
1350 813 1433 866 illi
1464 824 1627 866 erant.
1653 812 1788 866 socii
1809 818 1868 867 et

266 903 573 975 participes
589 903 801 968 altaris,
834 902 930 974 qui
957 901 1326 957 comedebant
1370 917 1437 956 ea
1462 916 1585 971 quae
1612 901 1670 955 in
1700 901 1866 955 altari

267 991 666 1057 oiferebantur,
699 992 782 1046 ita
806 997 864 1046 et
881 992 974 1046 isti
1001 990 1272 1045 Corinthii
1289 991 1646 1047 comedentes
1665 1002 1866 1044 carnes

265 1079 631 1152 idolothytas,
655 1080 789 1135 sccii
818 1086 982 1135 erant
998 1080 1403 1134 daemoniorum
1419 1126 1428 1136 .
1443 1078 1604 1134 Unde
1619 1084 1674 1132 et
1684 1078 1867 1149 sequi-

263 1174 397 1223 tur:
421 1171 619 1224 Nonne
649 1172 750 1237 qui
777 1170 949 1223 edunt
977 1170 1201 1233 hostias,
1224 1168 1491 1222 subaudis
1511 1167 1862 1222 victimarum

262 1256 323 1311 in
342 1257 796 1327 lcge,participes
825 1263 958 1312 sunt
988 1260 1191 1311 altaris
1213 1264 1237 1309 ?
1265 1257 1409 1310 Sunt
1445 1257 1660 1327 utique.
1694 1255 1784 1309 Ita
1808 1262 1865 1310 et

262 1353 367 1399 vos
397 1347 495 1416 qui
526 1346 693 1401 editis
721 1346 778 1400 in
801 1346 973 1400 idolio
1029 1361 1227 1400 carnes
1272 1345 1437 1399 idolis
1486 1351 1859 1411 consecratas,

258 1433 571 1505 partiCipes
591 1435 725 1489 estis
753 1435 1052 1489 idolorum.

336 1524 487 1589 Quid
500 1539 627 1591 ergo
640 1528 666 1576 Ρ
677 1525 797 1577 dico
812 1525 956 1592 quod
972 1525 1135 1577 idolis
1156 1525 1510 1577 immolatum
1528 1526 1601 1577 sit
1622 1524 1861 1591 aliquid,

1946 457 2077 510 Ideo
2105 463 2293 510 autem
2324 456 2626 527 Apostolus
2655 456 2962 527 prohibuit,
2995 462 3060 512 ut
3086 465 3199 512 non
3221 456 3537 528 interroga-

1946 551 2072 598 rent
2101 545 2313 615 aliquid
2334 544 2404 598 de
2433 544 2714 610 carnibus,
2755 550 2945 601 utrum
2985 552 3321 602 consecrata
3351 552 3540 601 essent

1944 633 2107 686 idolis
2136 650 2338 700 necne,
2368 633 2498 704 quia
2527 634 2575 688 si
2612 634 3047 705 interrogarent,
3095 635 3307 689 diceret
3334 635 3431 689 ille
3456 635 3541 689 ini

1945 722 2207 776 saltando
2264 727 2323 777 et
2372 722 2677 777 deridendo
2715 723 2813 793 qui
2874 724 3257 797 interrogatus
3306 724 3495 779 fuerat
3521 741 3541 779 ι

1947 810 2156 865 Omnes
2183 810 2305 865 ista
2332 823 2530 865 carnes
2555 823 2696 882 quas
2725 812 2957 867 cernitis
2987 812 3047 869 in
3078 812 3333 879 macello,
3373 813 3541 868 idolis

1948 898 2220 953 dedicata
2251 905 2400 954 sunt.
2424 900 2481 953 Si
2519 900 2723 971 aliquis
2748 901 3000 956 ﬁdelium
3026 901 3144 955 haec
3170 900 3406 956 audiens
3432 918 3540 972 po-

1947 993 2070 1042 stea
2127 995 2359 1055 emeret,
2399 988 2683 1043 derideret
2731 998 2860 1044 eum
2904 989 2999 1045 ille
3049 995 3302 1060 paganus
3338 989 3399 1044 in
3435 998 3541 1045 sua

1948 1083 2138 1131 mente
2159 1083 2217 1130 et
2239 1077 2596 1139 conscientia,
2652 1077 2875 1133 dicens:
2907 1079 3063 1143 Ecce,
3094 1078 3229 1149 quid
3280 1078 3416 1133 ﬁcit
3444 1077 3540 1135 me

1948 1165 2322 1229 Christianus,
2350 1165 2448 1236 qui
2479 1177 2567 1220 me
2596 1165 2930 1236 prohibebat
2956 1166 3159 1222 oﬁ‘erre
3184 1167 3351 1222 idolis
3378 1167 3537 1223 ﬁcti-1

1945 1270 2064 1308 mas
2097 1255 2258 1326 quasi
2291 1255 2520 1319 malum,
2552 1254 2719 1308 modo
2758 1255 2898 1309 emit
2943 1264 3141 1310 carnes
3187 1261 3541 1311 consecratas

1946 1342 2128 1407 idolis,
2153 1344 2459 1398 etcomedit
2488 1349 2551 1397 ut
2567 1350 2808 1397 sanctas.
2830 1343 2953 1398 Nisi
2965 1344 3181 1414 aliquid
3198 1344 3448 1399 numinis
3478 1345 3539 1399 in

1944 1430 2110 1485 idolis
2140 1437 2520 1502 cognosceret,
2548 1448 2908 1502 nequaquam
2952 1432 3060 1486 hoc
3101 1436 3308 1503 ageret.
3353 1433 3541 1497 Quan-

1944 1519 2042 1573 diu
2070 1519 2210 1574 talia
2236 1520 2426 1575 videro
2473 1537 2604 1575 eum
2652 1520 2975 1589 facientem,
3020 1536 3135 1576 non
3175 1520 3431 1577 mea
3465 1522 3539 1576 ad

256 1616 365 1664 aut
390 1612 543 1679 quod
568 1613 782 1665 idolum
812 1614 883 1664 sit
908 1612 1130 1678 aliquid
1143 1617 1167 1664 ?
1194 1612 1320 1666 Non
1336 1612 1441 1665 hoc
1458 1611 1582 1665 dico
1602 1611 1750 1681 quod
1767 1609 1865 1663 ali-
1885 1678 1917 1681 _
1947 1607 2464 1662 Christianismum.

259 1678 417 1769 quid,
435 1700 531 1765 sit,
574 1700 707 1770 quia
732 1700 943 1754 idolum
974 1699 1117 1754 nihil
1145 1706 1250 1766 est,
1283 1706 1341 1754 et
1370 1700 1520 1771 quod
1550 1699 1600 1753 ei
1618 1678 1928 1753 tollerturB
2017 1697 2081 1751 Si
2102 1700 2226 1765 quis
2254 1700 2572 1765 inﬁdelium
2595 1704 2748 1753 vocat
2775 1711 2887 1763 vos,
2917 1699 2990 1754 ad
3019 1702 3255 1764 cenam,-
3289 1704 3343 1753 et
3366 1701 3538 1755 multis

257 1787 527 1842 nihilost.
556 1788 837 1859 Quidquid
860 1788 919 1841 in
953 1788 1049 1842 illo
1068 1804 1182 1842 non
1205 1794 1309 1853 est,
1328 1788 1413 1841 vel
1438 1788 1519 1841 illi
1537 1800 1652 1841 non
1681 1788 1864 1842 adhae-

255 1880 352 1930 rei
368 1876 468 1945 qui
486 1875 655 1930 habet
673 1884 814 1939 esse,
831 1876 973 1931 nihil
994 1883 1099 1931 est.
1116 1875 1183 1930 In
1220 1876 1325 1931 hoc
1356 1875 1568 1930 idolum
1591 1874 1731 1930 nihil
1756 1882 1860 1941 est,

256 1963 402 2034 quia
424 1964 598 2018 habet
616 1965 922 2035 imaginem
951 1965 1216 2030 hominis,
1249 1965 1347 2019 sed
1386 1981 1499 2019 non
1556 1970 1641 2019 est
1671 1965 1858 2029 homo,

255 2052 401 2122 quia
428 2063 613 2123 neque
640 2062 866 2108 sensum
905 2064 1087 2124 neque
1116 2060 1332 2107 motum
1384 2053 1554 2107 habet
1584 2066 1596 2101 :
1626 2053 1710 2106 vel
1732 2053 1865 2122 quia

253 2140 475 2197 dicitur
493 2141 651 2208 deus,
676 2147 732 2196 et
749 2159 861 2197 non
882 2148 968 2197 est
986 2143 1126 2197 deus
1144 2161 1157 2209 ;
1193 2141 1400 2196 dicitur
1417 2141 1688 2196 Hercules
1717 2158 1858 2207 esse,

251 2229 359 2283 sed
392 2245 511 2283 non
540 2235 644 2284 est.
666 2231 735 2285 Et
772 2232 918 2286 sicut
944 2231 1158 2285 idolum
1196 2230 1338 2284 nihil
1366 2238 1471 2296 est,
1501 2230 1583 2284 ita
1607 2230 1756 2300 quod
1779 2228 1861 2283 illi

249 2317 597 2372 immolatur
623 2319 764 2373 nihil
792 2326 895 2374 est.

324 2407 474 2460 Nolo
503 2411 690 2460 autem
736 2424 826 2461 vos
879 2414 1046 2463 sccios
1090 2411 1220 2475 ﬁeri
1246 2409 1666 2462 dmuoniorum.
1707 2408 1863 2462 Tunc

248 2492 477 2548 ﬁebant
504 2488 637 2548 socii
665 2495 1088 2562 diemoniorum,
1113 2497 1337 2568 quando
1358 2496 1727 2551 comedebant
1746 2497 1863 2550 ido-

245 2582 503 2652 lothyta,
533 2590 591 2637 et
621 2585 844 2655 quando
884 2587 1230 2641 voluntatem
1276 2586 1502 2641 illorum
1530 2585 1859 2657 implebant.

1944 1788 2048 1849 ire,
2072 1784 2341 1841 subaudis
2360 1787 2430 1841 ad
2452 1787 2681 1843 domum
2701 1788 2839 1856 ejus.
2864 1788 2990 1842 Non
3008 1787 3277 1858 praecipit
3300 1786 3404 1849 ire;
3436 1792 3540 1843 nec

1944 1874 2254 1944 prohibuit,
2276 1875 2373 1929 sed
2406 1876 2670 1946 praestitit
2694 1875 3000 1930 licentiam.
3036 1875 3211 1930 cana
3235 1881 3471 1930 Vocatur
3505 1890 3541 1930 ι

1946 1964 2340 2017 communione
2384 1964 2749 2030 vescentium,
2783 1963 2964 2036 quasi,
3013 1979 3313 2018 commune
3353 1964 3539 2019 convi-

1947 2051 2115 2115 vium,
2150 2061 2208 2106 et
2236 2053 2552 2106 communis
2602 2058 2731 2106 eSca
2773 2049 2886 2106 sive
2931 2052 3178 2106 reiectio.
3229 2052 3416 2107 Κοινόν
3455 2052 3538 2107 di-

1944 2146 2085 2195 cunt
2112 2141 2291 2195 Grieci
2320 2154 2635 2195 commune.
2664 2141 2823 2196 Unde
2854 2146 2913 2195 et
2940 2141 3421 2196 communicantes
3454 2141 3543 2196 di-

1944 2234 2166 2287 cuntur,
2201 2246 2268 2283 eo
2298 2229 2446 2300 quod
2476 2230 2873 2295 communiter,
2902 2229 2961 2285 id
2984 2234 3071 2284 est
3093 2230 3328 2301 pariter,
3348 2238 3538 2284 cemo-

1944 2316 2171 2372 debant.
2208 2318 2373 2388 Apud
2392 2323 2609 2373 veteres
2637 2319 2787 2373 enim
2838 2319 3185 2374 consuetudo
3239 2323 3364 2373 erat
3397 2317 3541 2373 hora

1945 2421 2095 2461 nona
2122 2422 2364 2468 camare,
2402 2420 2512 2461 non
2538 2407 2598 2461 in
2617 2406 2964 2473 abscondito,
2994 2408 3094 2462 sed
3126 2407 3184 2462 in'
3216 2407 3534 2479 prbpatulo,

1946 2512 2019 2550 ne
2045 2495 2409 2564 singularitas
2437 2495 2718 2550 luxuriam
2739 2495 3016 2567 gigneret.-

2015 2584 2079 2638 Si
2102 2585 2227 2651 quis
2247 2589 2435 2637 autem
2459 2586 2700 2638 dixerit:
2731 2586 2841 2639 Hoc
2868 2586 3221 2638 immolatum
3250 2589 3328 2638 ut
3351 2584 3535 2650 idolis,

248 2672 384 2727 Non
408 2676 633 2739 potestis
662 2678 906 2741 calicem,
930 2675 988 2729 id
1016 2681 1105 2729 est.
1131 2676 1485 2746 sanguinem,
1518 2677 1747 2730 Dorm’m’
1775 2675 1858 2727 bi-
1941 2671 1998 2725 id
2022 2678 2111 2725 est
2137 2671 2303 2725 idolis
2332 2678 2419 2725 est
2444 2674 3036 2737 consecratum,nolite
3062 2674 3541 2740 manducarcpro-

249 2760 402 2825 bere,
436 2761 706 2816 subaudis
735 2769 887 2818 recte
914 2765 1060 2819 sicut
1110 2764 1388 2820 bibendus
1419 2773 1523 2827 est,
1556 2770 1605 2817 et
1634 2766 1860 2817 calicem
1937 2766 2062 2829 pter
2093 2763 2748 2835 conscientiamalterius
2775 2764 2873 2828 qui
2890 2761 3169 2828 judicavit
3195 2765 3253 2815 et
3292 2760 3537 2815 circum.

250 2851 689 2915 (inuenturum,
706 2852 763 2906 id
778 2858 880 2919 est,
902 2854 1150 2924 corporis
1169 2853 1717 2921 Dominiparticipes
1731 2868 1856 2916 esse,
1943 2848 2234 2911 stantium,
2258 2865 2329 2903 ne
2352 2865 2445 2902 vos
2465 2848 2768 2915 dirideant,
2815 2848 2961 2904 sicut
2985 2860 3157 2919 supra
3183 2848 3397 2904 ﬁctum
3426 2855 3534 2905 uti

248 2944 429 3002 recte,
456 2944 509 2992 et
538 2950 738 2996 mensae
767 2943 1188 3007 dwmoniorum,
1214 2942 1488 3012 quiidolis
1508 2940 1712 2994 libatis.
1739 2940 1863 2993 Non
1885 2992 1924 3012 η
1949 2939 2011 2992 ω
2040 2940 2176 3006 quid
2204 2942 2354 2994 enim
2382 2940 2603 2993 libertas
2634 2948 2774 2999 mea,
2809 2953 2922 3008 qua
2968 2937 3136 2992 credo
3174 2938 3369 2993 omnia
3413 2955 3538 2995 sese

248 3028 502 3097 potestis
528 3044 736 3083 mensae
762 3030 1166 3086 daemoniorum
1186 3031 1338 3086 cibos
1361 3031 1672 3085 camedere.
1706 3028 1863 3083 Sicut
1883 3026 1926 3051 υ
1945 3028 2175 3092 munda,
2199 3030 2513 3096 judicatur,
2550 3026 2608 3080 id
2646 3031 2732 3081 est
2759 3026 3209 3096 reprelienditur,
3239 3028 3308 3081 σὺ
3349 3030 3538 3085 alim

248 3130 374 3169 non
407 3118 648 3186 potestis
677 3126 827 3174 recte
847 3119 1065 3174 duobus
1082 3120 1325 3174 dominis
1362 3119 1591 3187 aervire,
1630 3118 1711 3172 sic
1746 3132 1860 3171 non
1942 3120 2291 3181 conscientia,
2313 3117 2369 3171 id
2392 3117 2566 3172 est:si
2589 3126 2723 3186 ergo
2735 3116 3012 3170 manduco
3030 3115 3241 3183 omnia,
3258 3116 3393 3188 quid
3406 3122 3538 3187 per-

248 3206 503 3275 potestis
533 3219 835 3278 utrumque
854 3215 1007 3263 recte
1026 3220 1213 3279 agere,
1238 3215 1294 3262 et
1312 3208 1534 3263 diabolo
1554 3206 1781 3272 servire,
1804 3211 1862 3259 et
1941 3204 2086 3260 tinet
2114 3206 2185 3260 ad
2210 3207 2455 3278 aliquem
2472 3211 2535 3261 ut
2556 3214 2648 3259 me
2675 3205 3068 3276 reprehendat,
3094 3206 3183 3260 Vel
3210 3205 3347 3277 quid
3373 3212 3539 3262 nocet
3588 3224 3595 3227 ·

248 3293 491 3347 Christo
516 3295 754 3363 placere.
786 3303 845 3351 et
875 3314 1076 3368 corpus
1106 3299 1229 3367 ejus
1253 3297 1418 3368 digne
1447 3314 1669 3352 sumere
1945 3296 2066 3365 ejus
2093 3295 2497 3366 reprehensio?

321 3388 419 3436 An
449 3385 791 3438 aemulemur
808 3387 1152 3440 Dominum?
1171 3387 1362 3456 jungit
1380 3398 1440 3440 se
1456 3386 1778 3451 Corinthiis,
1805 3392 1862 3440 et
2013 3383 2077 3439 Si
2096 3396 2224 3452 ergo
2248 3396 2373 3439 cum
2397 3388 2606 3453 gratia.
2640 3383 2913 3439 subaudis
2947 3384 3070 3450 Dei,
3094 3388 3395 3453 participe,
3421 3386 3539 3441 sive

248 3470 519 3540 loquitur
535 3487 601 3524 ex
620 3485 863 3543 persona
885 3474 1111 3527 illorum
1142 3474 1238 3544 qui
1276 3474 1564 3529 dicebant:
1591 3474 1859 3545 Nunquid

245 3574 367 3612 non
390 3559 691 3614 imitamur
702 3562 1000 3615 Dominum
1018 3562 1042 3615 Τ
1061 3564 1125 3616 in
1148 3564 1249 3617 hoc
1260 3580 1392 3633 ergo
1406 3563 1551 3634 quod
1576 3564 1860 3633 pergimus

246 3647 323 3700 ad
356 3649 623 3717 exempla
644 3648 1017 3714 idolorum,et
1047 3651 1390 3705 comedimus
1413 3650 1491 3704 ibi
1520 3668 1647 3705 cum
1667 3650 1861 3704 inﬁde-

246 3734 428 3801 libus,
458 3752 601 3805 quos
619 3738 878 3793 volumus
905 3740 1112 3794 lucrari
1136 3741 1208 3793 ad
1237 3740 1543 3805 Christum,
1568 3739 1861 3794 imitamur

244 3823 591 3891 Dominum,
624 3827 721 3897 qui
749 3828 821 3881 ad
850 3829 1047 3883 domos
1071 3824 1495 3900 publicanorum
1526 3834 1583 3882 et
1610 3832 1858 3898 peccato-

1942 3472 2236 3539 manduco,
2260 3475 2393 3542 quid
2419 3474 2758 3541 blasphemor
2805 3488 2913 3540 pro
2939 3482 2999 3526 eo
3024 3475 3171 3540 quod
3192 3476 3408 3540 gratius
3434 3479 3539 3542 ego

1941 3561 2055 3615 Deo
2070 3562 2093 3614 7
2108 3562 2186 3615 Ex
2207 3563 2677 3632 personaillorum
2694 3563 2966 3632 loquitur;
2981 3561 3077 3631 qui
3096 3561 3236 3615 talia
3253 3561 3534 3630 dicebant,

1910 3668 1923 3677 ‘
1942 3651 2102 3720 quasi
2123 3650 2487 3720 subjungeret
2530 3652 2830 3721 Apestolus
2861 3660 2873 3699 ε
2904 3651 3029 3715 Non
3054 3648 3272 3704 debetis
3323 3649 3430 3703 hoc
3455 3650 3537 3704 dié

1940 3754 2086 3801 cere,
2121 3738 2253 3792 licet
2280 3738 2642 3793 sanctiﬁcetis
2668 3738 2808 3793 illud
2826 3738 2976 3809 quod
3004 3738 3229 3793 sumitis
3246 3738 3535 3808 signaculo

1940 3827 2136 3890 crucis,
2169 3831 2224 3880 et
2251 3826 2599 3881 invocatione
2622 3827 2866 3881 nominis
2905 3826 3131 3881 Domini
3162 3844 3175 3879 :
3201 3831 3394 3882 tanien
3421 3841 3536 3882 non

247 3928 383 3966 rum
416 3914 697 3982 veniebat,
716 3918 1139 3972 utoCcasionem
1162 3916 1396 3972 haberet
1415 3916 1669 3971 docendi.
1700 3916 1857 3970 Nun-
1937 3915 2065 3970 ideo
2095 3915 2310 3971 debetis
2351 3915 2664 3982 camedere,
2713 3916 2847 3985 quia
2888 3915 3314 3987 blasphematur
3334 3915 3536 3971 exinde

245 4004 400 4069 quid
431 4005 690 4069 fortiores
718 4009 816 4060 illo
844 4013 1075 4061 sumus?
1102 4006 1274 4070 Quasi
1310 4006 1552 4060 diceret:
1590 4002 1858 4074 Nunquid
1940 4014 2145 4057 nomen
2167 4001 2410 4065 Domini,
2442 4008 2500 4056 et
2529 4012 2625 4057 Vos
2653 4001 3142 4073 blasphemamini.

244 4091 528 4147 fortiores
553 4092 647 4146 illo
671 4095 808 4149 estis
835 4095 894 4149 in
918 4096 1023 4149 hac
1051 4103 1210 4166 parte
1230 4095 1258 4147 Ἰ
1306 4096 1433 4149 Non
1463 4094 1616 4148 estis.
1654 4095 1719 4148 In
1757 4094 1862 4148 hoc
2019 4095 2217 4146 Omnia
2236 4094 2298 4145 in
2315 4093 2558 4158 gloriam
2583 4093 2681 4144 Dei
2709 4091 2893 4157 facile,
2915 4090 2972 4145 id
2994 4096 3080 4145 est
3102 4091 3161 4145 in
3183 4090 3536 4147 invocatione

247 4180 531 4235 volebant
548 4166 806 4237 fortiores
835 4200 957 4238 esse
978 4185 1220 4245 Christo.
1245 4184 1378 4254 quia
1414 4182 1675 4237 volebant
1693 4198 1861 4252 agere
1943 4179 2186 4235 nominis
2214 4178 2333 4243 Dei,
2367 4184 2570 4233 etcum
2600 4178 2990 4243 honestatcmt
3015 4180 3166 4234 Deus
3187 4180 3548 4251 giotiﬁcétur

247 4270 412 4340 quod
436 4270 561 4340 ipse
580 4287 693 4326 non
717 4272 864 4328 fecit.
888 4272 980 4327 llli
999 4273 1147 4327 enim
1189 4273 1347 4327 ibant
1365 4273 1436 4326 ad
1464 4272 1662 4326 domos
1689 4287 1925 4365 paga-D
1944 4284 2044 4340 per
2073 4286 2186 4324 vos.
2215 4267 2758 4365 Legimus-quodam-
2787 4268 2929 4332 loco,
2950 4269 3110 4365 quod
3131 4285 3259 4365 cum
3290 4268 3535 4365 quodam

246 4373 491 4423 norum,
508 4358 793 4413 Christum
816 4376 930 4414 non
951 4361 1190 4430 legimus
1204 4360 1518 4430 perrexisse
1540 4360 1609 4414 ad
1631 4360 1859 4413 domum
1879 4357 1920 4365 ”
1942 4363 2196 4429 tempore
2219 4357 2447 4429 quidam
2494 4357 2798 4412 homuncio
2837 4373 2940 4428 pro
2974 4357 3149 4415 nimis
3175 4358 3409 4413 tristitia
3446 4370 3537 4414 Vm

246 4445 508 4514 alicujus
524 4446 773 4511 gentilis.
800 4449 1020 4514 Omnia,
1048 4448 1318 4503 subaudis
1331 4449 1616 4512 alimenta,
1634 4447 1771 4501 mihi
1800 4446 1862 4499 li-

245 4539 343 4587 cet
373 4533 552 4587 edere
569 4536 876 4590 secundum
905 4543 1186 4604 naturam,
1219 4538 1318 4592 sed
1338 4554 1451 4592 non
1482 4537 1671 4591 omnia
1694 4553 1862 4607 expe-

249 4623 446 4686 diunt,
486 4622 545 4675 id
573 4628 679 4690 est,
711 4636 820 4678 non
850 4626 1041 4680 omnia
1067 4632 1201 4681 sunt
1227 4627 1405 4680 utilia.

328 4714 547 4768 Omnia
568 4714 714 4766 mihi
744 4717 927 4780 licent,
944 4717 1036 4768 sed
1051 4732 1163 4769 non
1191 4718 1382 4769 omnia
1400 4716 1691 4782 ludiﬁcant,
1723 4714 1863 4769 alios

248 4802 311 4855 in
342 4801 485 4868 ﬁde,
518 4802 617 4856 sed
647 4803 831 4873 potius
857 4804 1155 4858 destruunt
1200 4803 1481 4875 simplices
1505 4816 1606 4875 per
1632 4803 1862 4861 scanda-

246 4890 400 4947 lum.

323 4980 509 5036 Nemo
538 4982 683 5049 quod
702 4998 869 5035 suum
893 4988 969 5036 est
996 4982 1389 5037 tantummodo
1418 4987 1647 5051 quierat,
1670 4982 1728 5035 in
1757 4981 1863 5036 hac

247 5074 428 5139 parte
449 5070 795 5124 comedenda
824 5071 1031 5137 omnia,
1089 5072 1179 5124 sed
1218 5072 1360 5139 quod
1387 5074 1640 5133 alterius,
1683 5070 1740 5125 id
1778 5076 1863 5124 est

247 5156 416 5226 quod
451 5157 887 5228 simplicioribus
942 5160 1202 5230 prodest:
1236 5158 1381 5214 sicut
1423 5160 1708 5214 Christum
1750 5172 1863 5214 non

248 5243 526 5315 quaesivit
548 5254 667 5311 Sua,
699 5247 798 5302 sed
816 5254 1028 5302 nostra.
1073 5274 1086 5297 .

332 5338 519 5392 Omne
542 5340 687 5405 quod
712 5342 776 5391 in
800 5341 1044 5401 macello.
1069 5339 1126 5392 id
1180 5345 1267 5393 est
1306 5339 1364 5392 in
1395 5344 1661 5402 mercato,
1691 5342 1862 5404 venit,

249 5428 380 5483 sive
406 5425 691 5492 venditur,
712 5429 1214 5493 manducalemihil
1231 5430 1634 5495 interrogantes
1642 5432 1867 5494 propter

250 5518 663 5570 conscientiam
676 5515 830 5570 illius
857 5531 1027 5587 quem
1047 5515 1546 5587 interrogaveritis.
1570 5514 1866 5570 Macellum

1942 4447 2141 4501 luisset
2163 4463 2223 4501 se
2272 4447 2475 4517 laqueo
2530 4447 2894 4517 suspendere,
2951 4451 3011 4502 et
3061 4447 3330 4504 dixisset:
3361 4448 3535 4511 Deum

1943 4536 2149 4607 adjuva
2173 4552 2282 4601 me,
2314 4535 2463 4607 quod
2489 4534 2719 4589 verbum
2765 4547 2985 4605 semper
3029 4535 3091 4591 in
3117 4553 3226 4592 usu
3270 4536 3535 4604 habebat;

1946 4624 2127 4683 astitit.
2151 4625 2351 4679 beatus
2384 4624 2595 4678 Paulus
2636 4623 2943 4692 apostolus,
2976 4623 3236 4694 inquiens
3266 4643 3280 4679 ε
3311 4627 3534 4693 Infelix,

1943 4714 2306 4785 temetipsum
2329 4713 2636 4782 illaqueare
2646 4711 2729 4766 vis
2739 4717 2796 4765 et
2814 4721 3020 4765 nomen
3033 4711 3257 4766 Domini
3274 4711 3537 4769 invocari

1945 4800 2281 4872 praesumis?
2313 4801 2422 4855 Sed
2444 4800 2582 4854 illud
2613 4800 2747 4869 quia
2790 4797 3081 4863 invocasti,
3129 4803 3249 4853 esto
3288 4799 3429 4855 liber
3463 4802 3538 4859 ab

1944 4892 2051 4945 hac
2074 4891 2303 4945 tristitia
2321 4895 2383 4944 et
2409 4894 2590 4944 morte
2606 4888 2889 4958 praesenti,
2910 4886 3045 4958 quia
3058 4887 3251 4943 omnia
3268 4900 3539 4963 prospere

1942 4979 2048 5035 tibi
2072 4978 2387 5034 succedent.

2015 5071 2147 5125 Sine
2177 5071 2485 5136 (il/eminus,
2509 5065 2565 5118 id
2594 5070 2680 5120 est
2708 5064 2830 5119 sine
2858 5067 3125 5123 seandalo
3151 5073 3212 5125 ct
3236 5071 3541 5143 reprehen-

1945 5159 2121 5217 sione.
2147 5163 2304 5211 estote
2331 5157 2557 5217 Iudaeis,
2578 5154 2672 5224 qui
2707 5154 2859 5210 idola
2878 5164 3260 5227 exsecrantur,
3281 5166 3331 5216 et
3359 5162 3544 5231 [eniti

1947 5250 2064 5312 bus,
2099 5244 2358 5300 ﬁdelibus
2383 5251 2440 5298 et
2472 5243 2641 5298 etiam
2666 5243 2985 5300 infidelibus
3018 5264 3030 5301 :
3058 5248 3217 5304 Sicut
3241 5255 3292 5304 et
3312 5267 3404 5318 ego
3440 5258 3545 5320 per

1946 5339 2157 5399 omnia,
2190 5333 2457 5388 subaudis
2481 5346 2604 5403 quia
2658 5333 2820 5399 facio,
2870 5338 3126 5391 omnibus
3148 5341 3354 5406 placeo.
3399 5340 3543 5395 Cum

1946 5425 2249 5496 Apostolus
2259 5422 2398 5477 alias
2413 5423 2564 5478 dicat
2579 5441 2590 5475 :
2612 5423 2679 5480 'Si
2696 5425 3318 5495 hominibusplacercm;
3332 5428 3544 5484 unum

1946 5529 2134 5569 seruus
2162 5524 2276 5568 nam
2320 5528 2487 5567 essem
2528 5513 2674 5585 (Gal.
2721 5516 2780 5583 ι),
2814 5516 3181 5585 querendum
3229 5522 3319 5570 est
3365 5522 3542 5585 qm
