3936 6164
458 258 560 315 567

870 242 1248 321 ΗΑΥΜΟΝῙΒ
1288 267 1777 325 HALBERSTAT.
1820 271 2044 327 EPlSC.

2130 269 2245 324 >PP.
2288 270 2472 325 PARS
2510 271 2554 324 Ι.
2600 299 2662 311 -—
2704 266 3079 325 COMMENT.
3121 267 3304 323 BIBL.

3616 256 3726 321 568.

454 383 624 437 modo
650 383 742 439 hic
769 385 921 441 dicat
937 403 998 441 se
1026 389 1289 443 omnibus
1318 406 1418 460 per
1457 392 1646 445 omnia
1667 393 1889 463 placere
1906 394 1932 446 ?
1957 360 2042 448 Ad
2060 393 2392 462 Aprotluxit
2422 410 2434 445 :
2465 393 2647 462 gloria
2676 408 2899 463 quoque
2946 393 3047 447 Dei
3074 397 3178 457 est,
3203 391 3337 462 quia
3369 390 3725 462 glorificatur

455 472 605 541 quod
634 473 951 541 dicendum,
976 476 1107 546 quia
1135 478 1230 531 ubi
1261 479 1412 544 dicit,
1446 480 1492 532 si
1518 480 1839 535 hominibus
1858 483 2043 551 place-

452 562 867 625 rem,homines
895 563 973 617 ibi
997 566 1170 619 voluit
1197 566 1436 637 intelligi
1478 569 1793 634 haereticos,
1824 571 2045 623 Iudaeos

453 648 792 711 incredulos,
821 669 1069 723 paganos
1099 660 1156 708 et
1183 661 1587 725 persecutores.
1608 658 1711 711 Hic
1730 663 1920 712 autem
1951 657 2046 712 ubi

454 737 609 804 dicit,
633 739 892 794 omnibus
904 758 963 795 se
984 743 1223 812 placere,
1242 744 1689 800 subaudiendum
1708 753 1796 801 est
1812 746 1974 801 bonis
1991 753 2051 800 et

452 827 730 896 religiosis
749 830 900 883 viris.
927 830 985 884 Si
1006 830 1348 897 hominibus,
1366 833 1569 904 inquit,
1594 836 1914 890 inﬁdelibus
1925 836 2048 906 pla-

2126 483 2275 535 Deus
2307 498 2406 550 per
2452 482 2557 535 hoc
2612 482 2761 551 quod
2809 482 3092 534 hominem
3145 479 3537 533 rationabilem
3568 479 3718 533 fecit.

2127 571 2369 640 Ideoque
2390 587 2503 623 non
2518 569 2684 624 debet
2694 571 3073 639 velarecaput,
3097 575 3162 622 ut
3173 569 3431 622 ostendat
3457 584 3575 621 non
3600 583 3726 620 esse

2129 658 2416 712 subditum
2440 658 2683 721 mulieri,
2704 658 2800 711 sed
2816 663 3148 729 potestatem
3171 656 3378 711 habere
3389 672 3565 727 super
3573 671 3725 711 eam.

2128 745 2336 800 Mulier
2354 752 2543 800 autem
2569 746 2823 817 subjecta
2836 751 2922 800 est
2944 746 3084 811 viro,
3118 746 3265 799 sicut
3289 745 3588 815 sequentia
3609 760 3729 797 ma-

2128 835 2428 889 nifestant:
2453 837 2659 889 Mulier
2678 841 2865 889 autem
2886 838 3071 902 gloria
3090 837 3206 888 viri
3224 838 3318 900 est,
3351 834 3484 904 quia
3511 850 3580 887 ex
3604 833 3730 904 ipso

451 928 657 979 carem,
676 917 887 971 Neroni
905 917 1134 983 scilicet,
1158 920 1452 985 haereticis,
1470 921 1682 976 Judazis
1711 923 2035 990 incredulis,
2128 924 2273 978 facta
2287 929 2399 977 est:
2420 924 2506 977 vel
2536 924 2669 994 quia
2695 923 2950 994 subjecta
2974 928 3061 979 est
3077 923 3148 989 ei,
3181 927 3240 977 et
3263 923 3325 977 in
3354 923 3456 976 hoc
3480 921 3731 992 gloriam

451 1007 508 1057 et
536 1005 1005 1074 persecutoribus,
1037 1008 1247 1063 Christi
1284 1026 1477 1064 servus
1525 1028 1636 1065 non
1665 1028 1866 1078 essem,
1908 1013 2042 1083 quia
2121 1013 2299 1067 habet
2316 1013 2422 1066 vir.

451 1090 736 1147 Christum
756 1111 1068 1164 negassem.
1088 1097 1300 1155 Tamen
1327 1098 1458 1152 licet
1479 1100 1590 1153 illis
1625 1116 1738 1154 non
1767 1102 2039 1172 placeam,
2196 1102 2317 1155 Non
2339 1103 2492 1154 enim
2513 1103 2620 1162 vir,
2642 1100 2857 1170 primus
2881 1101 3079 1166 Adam,
3095 1117 3159 1153 ex
3172 1102 3405 1154 muliere
3419 1105 3497 1152 est
3520 1098 3730 1162 factus,

452 1179 778 1237 hominibus
800 1188 991 1237 tamen
1021 1183 1184 1238 bonis
1233 1192 1293 1239 et
1348 1187 1624 1257 religiosis
1654 1189 1846 1259 placeo
1880 1208 1891 1242 :
1925 1190 2046 1243 Non
2128 1191 2218 1244 sed
2238 1192 2447 1243 mulier
2468 1206 2534 1243 ea:
2561 1192 2699 1242 viro.
2722 1191 2941 1243 Etenim
2956 1205 3066 1243 non
3080 1193 3379 1242 estcreatus
3393 1192 3504 1253 vir,
3519 1188 3732 1252 Adam,

454 1284 704 1336 quarens
735 1272 881 1338 quod
896 1273 1044 1326 mihi
1072 1273 1172 1326 soli
1195 1277 1331 1327 utile
1361 1280 1455 1340 est,
1483 1276 1616 1346 quia
1644 1294 1755 1330 non
1785 1277 1995 1348 accipio
2015 1294 2049 1331 a
2125 1283 2350 1347 propter
2376 1281 2690 1341 mulierem,
2719 1278 2851 1348 quia
2869 1278 3107 1332 necdum
3139 1283 3263 1331 erat
3280 1276 3483 1330 mulier
3510 1280 3733 1339 creata,

454 1356 611 1411 vobis
631 1357 839 1411 victum
860 1363 917 1412 et
934 1359 1352 1425 vestimentum,
1374 1365 1618 1432 sedquod
1638 1369 1850 1432 multis,
1868 1371 2050 1421 ulsal-
2129 1369 2220 1421 sed
2250 1369 2458 1419 mulier
2484 1372 2710 1435 propter
2740 1370 2950 1431 virum,
2990 1365 3045 1419 id
3083 1371 3170 1419 est
3196 1365 3267 1418 ad
3294 1364 3567 1418 auxilium
3598 1363 3733 1417 viri.

456 1447 514 1498 oi
533 1447 696 1510 ﬁant.
721 1445 878 1500 Sicut
908 1448 1165 1503 Christus
1186 1467 1297 1504 non
1342 1452 1597 1522 quaesivit
1624 1470 1743 1519 sua,
1788 1455 1921 1525 quia
1947 1473 2048 1526 pro
2132 1457 2273 1521 Ideo,
2304 1454 2570 1509 subaudis
2601 1459 2667 1508 ut
2720 1458 3084 1524 recognoscat
3132 1470 3192 1508 se
3246 1453 3452 1507 mulier
3486 1452 3594 1506 sub
3632 1451 3735 1506 viri

460 1547 521 1585 se
538 1533 853 1603 ﬂagellatus
866 1550 979 1589 non
993 1541 1095 1601 est,
1119 1545 1446 1610 consputus,
1458 1557 1657 1611 passus
1696 1546 1754 1597 et
1773 1549 2045 1608 mortuus,
2132 1559 2253 1597 esse
2273 1548 2572 1614 potestate,
2588 1544 2733 1595 debet
2754 1544 2964 1595 mulier
2975 1544 3221 1595 velamen
3252 1542 3450 1595 habere
3466 1556 3738 1608 superca-

457 1635 563 1674 nec
582 1622 838 1691 quaesivit
864 1640 984 1690 sua,
1037 1627 1132 1681 sed
1182 1633 1412 1683 nostra:
1446 1630 1525 1683 ita
1558 1631 1762 1686 Paulus
1790 1649 1902 1686 non
1927 1639 2050 1687 erat
2126 1637 2231 1699 put
2260 1648 2425 1685 suum
2448 1636 2675 1700 propter
2699 1633 2938 1699 angelos.
2981 1631 3229 1700 Angelus
3287 1630 3502 1697 Graece,
3530 1628 3738 1682 Latine

457 1708 688 1777 propria
709 1711 890 1765 salute
917 1719 1232 1780 contentus,
1285 1716 1418 1786 quia
1445 1734 1557 1771 non
1587 1719 1871 1788 quaerebat
1899 1722 2046 1791 quod
2068 1701 2114 1761 Β
2133 1722 2340 1777 dicitur
2355 1721 2606 1788 nuntius;
2622 1736 2734 1790 quo
2754 1719 3020 1774 vocabulo
3037 1720 3158 1773 vult
3172 1719 3467 1773 ostendere
3485 1719 3738 1789 Aposto-

460 1796 565 1849 soli
585 1795 688 1850 sibi
710 1798 847 1853 utile
871 1806 1011 1867 erat,
1035 1803 1131 1857 sed
1154 1805 1302 1874 quod
1331 1805 1475 1873 aliis,
1490 1808 1772 1863 sustinens
1802 1826 1903 1880 pro
1922 1810 2056 1865 alio-
2134 1811 2243 1875 lus,
2275 1809 2584 1881 episcopos,
2618 1809 2955 1873 sacerdotes,
2988 1823 3297 1878 omnesque
3327 1806 3555 1861 ordines
3582 1806 3737 1859 alta-

457 1900 585 1939 rum
607 1887 791 1942 salute
816 1888 1061 1945 libenter
1085 1892 1267 1947 multa
1284 1895 1522 1949 adversa
1551 1901 1608 1951 et
1627 1897 1852 1968 probra.
2135 1900 2231 1963 ris,
2248 1899 2342 1970 qui
2362 1898 2544 1968 angeli
2561 1898 2768 1952 debent
2788 1914 2909 1951 esse
2938 1896 3324 1950 annuntiando
3341 1895 3564 1966 populis
3593 1894 3739 1965 quid

1063 2033 1296 2090 CAPUT
1320 2037 1395 2090 XI
2136 1988 2377 2042 debeant
2395 1993 2587 2058 petere
2606 1993 2664 2041 et
2683 1986 2816 2057 quid
2849 1986 3045 2039 vitare.
3078 1986 3314 2056 Propter
3331 1986 3469 2038 istos
3495 1984 3736 2053 angelos

528 2155 843 2209 Imitatores
868 2159 979 2210 mei
995 2162 1177 2225 estote,
1202 2161 1422 2230 sicutjet
1453 2178 1545 2229 ego
1593 2164 1831 2225 Christi;
1859 2164 1915 2218 id
1947 2171 2049 2232 est,

458 2240 605 2296 sicut
621 2258 725 2313 ego
753 2243 1008 2299 imitator
1026 2246 1233 2301 Christi
1254 2264 1401 2312 sum,
1420 2266 1532 2303 non
1555 2267 1811 2321 quaerens
1841 2254 2054 2308 solum-

457 2330 625 2384 modo
641 2332 789 2402 quod
805 2332 942 2386 mihi
961 2334 1100 2389 utile
1120 2341 1224 2401 est,
1245 2338 1341 2390 sed
1363 2339 1508 2407 quod
1548 2340 1711 2393 alteri
1734 2360 1746 2393 :
1775 2342 1857 2394 ita
1876 2348 1933 2395 et
1959 2359 2055 2397 vos

458 2434 551 2472 me
579 2419 904 2476 imitamini.
940 2422 1098 2478 Sicut
1124 2425 1271 2478 enim
1320 2426 1469 2480 Deus
1516 2428 1686 2482 Pater
1715 2429 1868 2483 misit
1895 2431 2054 2484 Chri-

459 2512 631 2573 stum,
659 2514 725 2563 ut
750 2511 987 2580 apostoli
1002 2512 1122 2581 ejus
1142 2519 1329 2568 essent
1346 2515 1677 2582 imitatores,
1701 2517 1781 2572 ita
1795 2519 2053 2574 Christus

458 2596 614 2650 misit
662 2596 823 2652 nobis
853 2601 1137 2670 apostolos
1168 2608 1233 2656 ut
1260 2619 1451 2657 eorum
1503 2606 1815 2660 imitatores
1853 2608 2047 2662 simus.

528 2688 717 2741 Laudo
734 2694 922 2743 autem
933 2707 1043 2757 vos,
1066 2694 1291 2758 fratres,
1316 2696 1458 2760 quod
1481 2711 1581 2762 per
1608 2700 1798 2749 omnia
1820 2701 1930 2749 mei
1946 2714 2051 2750 me-

456 2791 634 2830 mores
661 2780 806 2831 estis.
829 2778 1047 2833 Ironice
1066 2780 1355 2849 istadicit;
1390 2788 1445 2835 et
1474 2784 1621 2853 quod
1652 2784 1875 2839 videtur
1892 2786 2049 2840 affir-

457 2879 637 2931 mare,
668 2865 922 2937 increpat
942 2872 1000 2922 et
1017 2868 1277 2940 denegat,
1293 2870 1454 2941 quasi
1483 2872 1719 2926 diceret:
1741 2874 1864 2928 Non
1886 2875 2053 2930 laudo

456 2969 571 3016 vos.
605 2954 740 3024 quia
788 2971 903 3010 non
952 2957 1087 3011 estis
1134 2958 1246 3012 mei
1290 2975 1589 3029 memores,
1640 2977 1822 3032 neque
1848 2964 2054 3018 tenetis

458 3048 738 3114 praecepta
768 3060 891 3115 quae
919 3046 1128 3101 tradidi
1159 3046 1334 3102 vobis.

538 3133 657 3186 Volo
685 3138 874 3188 autem
906 3151 996 3189 vos
1021 3138 1159 3190 scire
1186 3138 1330 3205 quod
1356 3141 1539 3192 omnis
1569 3142 1683 3193 viri
1699 3146 1863 3209 caput
1895 3142 2053 3196 Chri-

456 3225 579 3275 stus
606 3227 703 3276 est.
723 3222 921 3278 Omnis
954 3224 1060 3277 viri
1102 3230 1271 3295 caput
1298 3229 1384 3279 est
1404 3226 1678 3294 Christus,
1698 3228 1753 3281 id
1777 3234 1862 3281 est
1890 3230 2048 3299 prin-

456 3325 587 3380 ceps
612 3315 670 3364 et
692 3311 867 3382 origo,
885 3312 1018 3382 quia
1038 3311 1108 3366 ab
1120 3313 1216 3367 illo
1237 3313 1430 3384 quiest
1443 3315 1691 3370 Verbum
1711 3317 1812 3370 Dei
1842 3317 2044 3382 Patris,

458 3404 679 3454 creatus
718 3407 824 3466 est,
874 3406 931 3455 et
974 3417 1089 3456 non
1117 3403 1309 3457 solum
1334 3405 1643 3459 secundum
1673 3405 2042 3472 divinitatem,

456 3487 557 3541 sed
594 3488 767 3542 etiam
811 3489 1120 3544 secundum
1159 3491 1309 3560 quod
1347 3492 1515 3546 homo
1567 3497 1671 3559 est,
1717 3499 1776 3547 et
1820 3510 2063 3548 carnem'

453 3581 705 3631 nostram
735 3578 1062 3649 assumpsit,
1092 3584 1262 3650 caput
1283 3586 1341 3634 et
1366 3580 1626 3652 princeps
1663 3586 1751 3635 est
1782 3582 2043 3637 omnibus

454 3665 798 3721 hominibus.
832 3667 1006 3734 Caput
1033 3672 1220 3721 autem
1249 3672 1524 3736 mulieris,
1550 3670 1605 3723 id
1633 3676 1720 3724 est
1738 3671 1964 3725 initium
1989 3679 2048 3726 et

456 3754 714 3825 princeps
751 3754 1025 3817 mulieris,
1053 3756 1135 3809 vir
1159 3763 1264 3823 est,
1299 3758 1433 3828 quia
1462 3759 1533 3813 de
1564 3765 1717 3814 costa
1745 3761 1866 3830 ejus
1904 3762 2050 3815 facta

457 3848 561 3906 est,
582 3849 640 3896 et
659 3844 783 3912 ejus
803 3844 1071 3913 potestati
1094 3844 1364 3915 subjecta.
1380 3847 1553 3915 Caput
1572 3864 1697 3901 vero
1734 3849 1959 3914 Christi,
1991 3849 2049 3903 id

457 3936 546 3985 est
569 3930 728 4002 origo
752 3936 810 3985 et
836 3932 1170 4005 principium
1196 3935 1365 4001 illius,
1398 3938 1538 3990 Deus
1578 3937 1748 3991 Pater
1770 3942 1875 4002 est,
1917 3938 2050 4008 quia

458 4018 530 4073 ab
549 4020 646 4075 illo
672 4020 842 4077 habet
859 4022 1132 4093 originem
1150 4029 1208 4078 et
1231 4024 1590 4095 principium,
1612 4031 1728 4079 tam
1743 4027 2050 4081 secundum

457 4107 831 4179 divinitatem,
862 4129 1032 4183 quam
1061 4113 1369 4167 secundum
1401 4113 1831 4168 humanitatem.

533 4200 723 4254 Omnis
750 4205 860 4268 vir,
891 4202 949 4255 in
982 4202 1245 4267 Ecclesia,
1278 4217 1446 4255 orans
1468 4207 1569 4255 aut
1603 4204 1951 4271 prophetam,
1993 4204 2049 4258 id

460 4293 548 4341 est
564 4288 769 4342 docens
798 4289 1100 4359 prOphetas
1115 4290 1199 4342 vel
1216 4290 1543 4360 explanans,
1559 4293 1732 4345 velato
1751 4295 1946 4360 capite,
1964 4294 2051 4347 de-

460 4380 670 4443 turpat,
692 4376 749 4428 id
780 4381 869 4429 est
894 4377 1243 4439 dehonestat,
1267 4384 1431 4446 caput
1460 4393 1658 4432 suum:
1679 4381 1765 4434 vel
1794 4397 1980 4449 orans,
1994 4381 2050 4436 id

459 4469 546 4518 est
570 4464 917 4519 Dominicam
948 4466 1256 4520 orationem
1285 4467 1495 4531 dicens,
1511 4469 1869 4539 prophetans,
1892 4471 1949 4524 id
1966 4477 2052 4525 est

458 4552 778 4624 symbolum
807 4554 1186 4625 apostolorum
1233 4556 1500 4625 recitans,
1531 4558 1626 4612 ubi
1680 4559 2050 4629 prophetatur

455 4642 728 4697 adventus
744 4643 948 4698 Christi
967 4644 1037 4697 ad
1053 4644 1348 4714 judicium.
1366 4647 1430 4701 Si
1444 4662 1553 4700 non
1573 4650 1790 4701 velatur
1822 4651 2046 4711 mulier,

454 4730 514 4785 id
543 4738 647 4796 est,
678 4732 727 4786 si
753 4748 865 4787 non
894 4733 1015 4786 vult
1039 4734 1260 4804 operire
1296 4739 1465 4805 caput
1497 4752 1661 4789 suum
1693 4736 1883 4802 linteo,
1927 4742 2050 4790 ton-

457 4820 675 4876 deatur.
712 4822 895 4886 Quare
925 4823 1190 4893 praacepit
1220 4824 1325 4878 hoc
1368 4825 1668 4894 Apostolus
1688 4825 1713 4877 ’ἶ
1742 4824 1874 4895 quia
1899 4825 2049 4878 mala

457 4911 799 4965 consuetudo
829 4916 953 4965 erat
978 4916 1113 4966 tunc
1141 4912 1430 4983 temporis,
1450 4913 1583 4983 quia
1603 4911 2051 4984 nolebantcapil-

456 4998 542 5051 los
568 4998 744 5067 ligare
772 5004 830 5053 et
852 5005 1023 5070 caput
1044 5001 1352 5071 cooperire.
1387 5002 1456 5055 Et
1482 5018 1553 5055 ne
1611 5002 1735 5072 ipsa
1771 5002 2048 5072 proﬂuxio

454 5086 786 5156 capillorum
814 5093 1077 5159 provocet
1102 5089 1357 5144 homines
1389 5090 1460 5144 ad
1502 5106 1751 5145 amorem
1774 5090 2042 5156 libidinis,

453 5174 581 5230 ideo
609 5176 872 5246 praecepit
889 5176 1077 5230 velare
1100 5177 1329 5248 capillos
1356 5183 1413 5232 et
1438 5179 1633 5249 ligare.

537 5264 629 5317 Vir
648 5265 867 5331 quidem
890 5281 1003 5319 non
1022 5266 1168 5319 debet
1180 5269 1362 5320 velare
1378 5273 1560 5336 caput,
1576 5270 1842 5335 quoniam
1863 5270 2047 5335 imago

454 5356 504 5405 et
523 5352 706 5419 gloria
727 5354 825 5406 Dei
843 5358 938 5407 est.
967 5354 1349 5426 Homoimago
1385 5362 1472 5410 est
1492 5356 1611 5423 Dei,
1639 5355 1769 5426 quia
1797 5356 1940 5410 sicut
1975 5357 2045 5410 ab

451 5454 565 5494 uno
584 5440 700 5495 Deo
720 5442 906 5496 omnia
920 5443 1199 5515 originem
1221 5452 1606 5515 sumpserunt,
1629 5453 1684 5500 et
1700 5446 1771 5499 ab
1787 5445 1884 5499 illo
1900 5445 2046 5499 facta

450 5530 688 5595 sunt,ita
709 5528 780 5584 ab
793 5546 904 5586 uno
921 5532 1153 5589 homine
1168 5533 1347 5589 Adam
1359 5549 1523 5588 omne
1541 5550 1721 5604 genus
1730 5534 2043 5590 humanum

2135 2076 2343 2131 debent
2370 2077 2636 2130 mulieres
2653 2075 2936 2129 stantesin
2958 2074 3193 2128 ecclesia
3211 2074 3391 2127 velata
3411 2072 3623 2127 habere
3639 2088 3735 2126 ca-

2134 2164 2271 2235 pita,
2305 2180 2376 2218 ne
2405 2164 2712 2235 respiciens
2736 2162 2940 2233 aliquis
2968 2162 3194 2215 illorum
3221 2161 3291 2215 ad
3315 2161 3609 2231 populum,
3647 2177 3735 2214 ca-

2134 2253 2326 2324 piatur
2352 2253 2422 2306 ad
2446 2268 2695 2306 amorem
2726 2251 3146 2322 pulchritudine
3174 2250 3421 2303 illarum.
3462 2250 3733 2303 Dicamus

2136 2346 2193 2395 et
2210 2342 2377 2395 aliter
2389 2342 2550 2411 juxta
2560 2341 2959 2411 Augustinum,
2981 2345 3038 2393 et
3051 2340 3157 2393 hoc
3177 2339 3324 2408 quod
3339 2338 3492 2402 dicit,
3510 2339 3598 2391 vir
3616 2354 3732 2391 non

2134 2430 2302 2484 debet
2330 2431 2516 2483 velare
2544 2435 2729 2500 caput,
2764 2428 3032 2499 quoniam
3064 2429 3249 2497 imago
3277 2436 3362 2481 est
3379 2427 3501 2491 Dei,
3525 2426 3733 2480 mulier

2134 2526 2324 2573 autem
2353 2518 2523 2572 debet
2549 2519 2733 2571 velare
2761 2523 2933 2588 caput
2972 2522 3204 2588 propter
3238 2516 3469 2585 angelos
3497 2528 3510 2562 :
3541 2515 3731 2569 virum

2134 2608 2190 2660 in
2218 2608 2323 2661 hoc
2353 2607 2493 2671 loco,
2530 2622 2643 2661 uno
2671 2606 2837 2660 modo
2869 2622 3166 2676 possumus
3201 2604 3517 2673 intelligere
3538 2621 3734 2674 quem-

2133 2697 2270 2751 libet
2298 2697 2740 2767 praadicatorem,
2760 2695 3092 2767 spiritalem,
3116 2701 3172 2748 et
3185 2694 3421 2748 viriliter
3439 2700 3725 2763 agentem,

2134 2787 2296 2856 cujus
2325 2790 2495 2856 caput
2539 2790 2625 2838 est
2651 2784 2775 2855 ipsa
2819 2785 2944 2854 ejus
2972 2783 3278 2854 sapientia;
3303 2784 3438 2853 quia
3463 2784 3611 2836 sicut
3641 2798 3729 2835 ca-

2135 2881 2237 2945 put
2256 2874 2402 2944 regit
2451 2880 2655 2929 caetera
2698 2872 2972 2937 membra,
3006 2873 3086 2926 ita
3120 2872 3217 2925 illa
3266 2872 3411 2942 regit
3456 2877 3726 2927 mentem.

2136 2963 2288 3017 Istud
2301 2968 2487 3033 caput,
2509 2962 2717 3016 scilicet
2744 2961 3076 3033 sapientiam
3096 2977 3206 3014 non
3240 2960 3407 3014 debet
3430 2962 3617 3014 velare
3648 2959 3731 3012 vir

2138 3052 2470 3122 praedicator
2498 3051 2648 3114 talis,
2700 3051 2834 3121 quia
2892 3067 3005 3104 non
3056 3048 3222 3104 debet
3277 3050 3459 3104 celare
3486 3049 3643 3102 illam
3674 3055 3730 3102 et

2132 3139 2487 3205 abscondere,
2519 3140 2613 3194 sed
2646 3140 2770 3193 aliis
2799 3140 3180 3203 manifestare,
3220 3138 3489 3203 docendo,
3524 3137 3728 3208 praedi-

2130 3229 2614 3300 cando,bonisque
2644 3227 2907 3299 operibus
2931 3228 3238 3281 insistendo
3260 3227 3427 3281 debet
3452 3243 3513 3281 se
3537 3226 3726 3280 imita-

2131 3317 2297 3372 bilem
2326 3317 2595 3389 pmbere.
2613 3318 2721 3372 Per
2750 3317 3048 3371 mulierem
3068 3322 3257 3371 autem
3283 3315 3725 3370 debemusintel—

2129 3408 2304 3477 [igere
2336 3406 2643 3478 quemlibet
2688 3407 2748 3460 in
2800 3407 3047 3460 Ecclesia
3076 3405 3427 3460 muliebriter
3463 3411 3520 3459 et
3557 3406 3723 3459 stulte

2128 3502 2407 3567 agentem.
2435 3497 2609 3566 Cujus
2637 3502 2807 3567 caput
2853 3500 2940 3548 est
2985 3496 3107 3566 ipsa
3161 3497 3283 3565 ejus
3310 3495 3635 3564 ignorantia
3670 3500 3725 3547 et

2126 3585 2389 3651 stultitia,
2422 3601 2587 3656 quam
2612 3601 2724 3639 non
2761 3582 2928 3638 debet
2955 3584 3081 3637 aliis
3104 3583 3163 3637 in
3202 3583 3501 3654 propatulo
3550 3583 3722 3636 mani-

2125 3672 2351 3739 festare,
2383 3689 2454 3727 ne
2501 3689 2567 3727 se
2607 3672 2939 3727 imitabilem
2983 3672 3201 3736 reddat,
3229 3671 3325 3725 sed
3370 3670 3537 3725 debet
3570 3672 3719 3724 illam

2129 3770 2339 3833 tegere.
2372 3768 2430 3816 et
2453 3763 2524 3815 ad
2555 3762 2785 3832 angelos
2812 3760 2934 3832 (qui
2988 3766 3047 3815 et
3096 3760 3200 3814 viri
3228 3760 3629 3831 appellantur),
3668 3759 3720 3812 id

2131 3858 2217 3906 est
2236 3852 2304 3905 ad
2340 3851 2733 3922 praedicatores
2760 3850 2988 3915 referre,
3021 3849 3325 3903 utiliorum
3340 3849 3720 3903 exhortatione

2131 3946 2188 3994 et
2213 3941 2468 3995 doctrina
2494 3940 2698 3994 salvari
2716 3939 2894 4009 possit
2918 3957 2931 4005 ;
2962 3938 3047 3992 vel
3066 3938 3234 3992 debet
3280 3954 3442 3992 suam
3464 3938 3722 4008 insipien-

2131 4028 2270 4082 tiam
2311 4036 2369 4083 et
2417 4029 2793 4099 ignorantiam
2823 4027 3008 4081 velare
3045 4033 3275 4098 propter
3310 4027 3716 4097 praedicatores,

2132 4118 2262 4187 quia
2291 4118 2401 4171 illis
2429 4134 2489 4171 se
2508 4117 2675 4171 debet
2702 4116 3023 4171 humiliare.
3059 4116 3242 4169 Aliter
3265 4133 3277 4169 :
3313 4116 3495 4169 Homo
3524 4132 3593 4169 ex
3614 4130 3720 4169 cor-

2130 4222 2284 4276 pore,
2310 4207 2498 4260 anima
2532 4214 2589 4260 et
2611 4211 2797 4260 mente
2821 4204 3094 4266 consistit,
3110 4220 3233 4274 qure
3246 4210 3301 4258 et
3315 4203 3716 4259 rationabilitas

2071 4323 2115 4385 υ
2132 4296 2333 4349 anima:
2357 4295 2580 4348 dicitur.
2600 4295 2739 4349 Cum
2763 4310 2939 4348 unum
2970 4292 3044 4346 sit
3063 4293 3255 4346 anima
3292 4298 3349 4346 et
3380 4308 3559 4357 mens,
3584 4291 3715 4345 divi-

2133 4384 2333 4437 damus
2362 4384 2454 4437 hic
2477 4384 2722 4437 animam
2744 4399 2867 4453 quae
2888 4382 3129 4437 viviﬁcat
3146 4397 3369 4452 corpus,
3393 4386 3452 4434 et
3479 4387 3715 4435 mentem

2132 4488 2255 4542 quae
2286 4472 2433 4542 regit
2451 4471 2720 4531 animam,
2740 4470 2872 4542 quia
2893 4470 3026 4523 facit
3052 4468 3426 4522 differentiam
3457 4468 3607 4523 inter
3633 4468 3716 4521 bo-

2130 4577 2264 4614 num
2290 4567 2347 4614 et
2376 4561 2606 4624 malum,
2642 4562 2791 4613 inter
2818 4559 2953 4612 vitia
2976 4564 3034 4611 et
3062 4558 3315 4611 virtutes.
3337 4558 3443 4611 Per
3459 4558 3636 4610 virum
3659 4555 3712 4608 in

2130 4650 2236 4703 hoc
2253 4650 2371 4703 loco
2383 4649 2650 4703 debemus
2670 4648 2985 4718 intelligere
2997 4646 3304 4701 secundum
3322 4646 3709 4715 Augustinum,

2130 4737 2627 4791 rationabilitatem
2657 4737 2857 4790 animae
2877 4741 3101 4794 nostrae,
3125 4734 3181 4788 id
3215 4739 3302 4788 est
3322 4740 3565 4788 mentem
3597 4748 3711 4802 qua:

2130 4827 2317 4896 imago
2339 4826 2439 4880 Dei
2456 4831 2558 4891 est;
2582 4826 2717 4896 quia
2732 4825 2877 4878 sicut
2896 4825 3044 4878 Deus
3057 4823 3165 4877 scit
3180 4822 3556 4876 dilferentiam
3576 4822 3713 4875 inter

2132 4912 2338 4967 bonum
2353 4923 2410 4968 et
2428 4914 2659 4979 malum,
2683 4912 2763 4965 ita
2783 4918 2840 4966 et
2855 4928 3015 4965 mens
3027 4928 3127 4981 pro
3147 4911 3376 4964 modulo
3397 4927 3519 4964 suo.
3547 4909 3710 4977 Cujus

2130 5002 2233 5056 viri
2259 5008 2445 5073 caput,
2478 5002 2535 5055 id
2564 5008 2651 5055 est
2678 5001 2885 5054 mentis
2913 5001 3028 5054 sive
3062 4999 3539 5063 rationabilitatis,
3574 4995 3709 5068 quod

2129 5108 2305 5146 unum
2336 5098 2440 5155 est,
2474 5091 2594 5160 ipsa
2638 5090 2784 5143 bona
2828 5088 3218 5159 ejusintentio
3265 5094 3371 5153 est,
3413 5103 3579 5158 quam
3605 5100 3707 5139 non

2128 5180 2294 5234 debet
2311 5180 2525 5246 velare;
2559 5178 2690 5249 quia
2725 5195 2838 5232 non
2862 5177 3191 5231 debetillam
3223 5176 3509 5230 refrenare
3538 5193 3573 5230 a
3594 5189 3709 5228 con-

2127 5268 2491 5338 templatione
2519 5268 2641 5332 Dei,
2673 5267 2771 5320 sed
2801 5271 3011 5336 quanto
3039 5265 3280 5337 amplius
3311 5266 3381 5319 de
3410 5266 3526 5319 Deo
3552 5262 3708 5317 intel-

2126 5356 2269 5426 ligit,
2303 5361 2461 5409 tanto
2489 5354 2733 5425 amplius
2761 5353 2929 5408 debet
2958 5354 3110 5407 illam
3171 5352 3519 5423 permittere,
3560 5357 3621 5404 ut
3652 5365 3705 5403 se

2127 5445 2307 5498 elevet
2332 5444 2399 5497 ad
2434 5443 2966 5514 contemplationem
2997 5442 3120 5509 Dei,
3133 5442 3310 5495 donec
3334 5440 3617 5511 perveniat
3639 5436 3703 5491 ad

2126 5532 2233 5587 hoc
2259 5538 2324 5589 ut
2352 5533 2500 5601 quod
2525 5532 2691 5586 modo
2721 5531 2874 5586 videt
2900 5531 2959 5584 in
2987 5547 3087 5602 spe
3107 5529 3242 5585 etin
3260 5529 3507 5600 speculo,
3537 5540 3701 5599 quan-
