3850 6168
150 314 231 373 569

770 300 1155 358 EXPOSITIO
1185 299 1266 354 IN
1294 301 1448 355 EPP.
1483 302 1540 356 S.
1574 301 1812 356 PAULI.
1845 331 1908 342 —-
1940 303 2019 357 IN
2048 302 2270 358 EPIST.
2303 304 2326 356 Ι
2365 301 2460 356 AD
2491 300 2653 357 COR.

3244 296 3347 355 570

143 439 289 509 doque
313 430 477 486 videat
501 427 557 479 in
585 442 667 492 re,
701 425 1088 494 contemplans
1128 424 1308 477 Deum
1359 425 1526 479 sicuti
1565 430 1669 480 est.
1689 428 1741 486 Α
1759 425 1923 479 annis
1952 426 2149 495 quinta
2176 425 2313 479 feria
2343 430 2474 478 ante
2502 425 2653 478 diem
2680 424 2923 489 Paschze,
2946 421 3349 478 conveniebant

143 527 229 579 Per
250 519 503 575 mulierem
534 530 828 585 possumus
857 514 1176 583 intelligere
1208 513 1481 573 animam,
1514 514 1673 581 cujus

141 616 275 682 caput
299 612 373 661 est
395 603 639 669 intentio,
674 619 786 672 qua
816 603 1150 672 plerumque
1169 602 1413 655 intendit
1432 603 1672 656 terrenis

140 700 275 754 rebus
301 697 430 750 ultra
458 692 699 745 modum.
736 690 897 754 Quod
935 696 1123 761 caput,
1173 690 1231 743 id
1262 695 1349 744 est
1375 707 1545 760 quam
1582 691 1672 745 in-

137 786 393 841 tentionem
416 780 676 834 debemus
697 780 900 843 velare,
935 780 1069 849 quia
1097 779 1369 832 debemus
1392 780 1549 832 illam
1586 796 1673 833 re-

139 875 332 935 frenare,
360 886 422 923 ne
450 868 592 921 ultra
618 868 845 921 modum
877 866 937 920 in
964 867 1207 921 terrenis
1226 866 1395 920 rebus
1424 884 1484 920 se
1512 884 1671 921 occu-

135 967 224 1033 pet.
246 959 423 1013 Anima
447 956 588 1010 enim
628 971 753 1026 quae
790 954 1036 1008 viviﬁcat
1079 970 1300 1025 corpus,
1341 955 1672 1026 plerumque

137 1066 188 1105 ea
209 1048 451 1103 desiderat
478 1045 623 1098 ultra
660 1060 831 1115 quam
858 1060 1089 1098 necesse
1118 1042 1210 1107 sit,
1246 1043 1304 1096 in
1331 1044 1534 1114 quibus
1572 1044 1670 1097 de-

134 1140 329 1192 lectatur
352 1150 540 1204 corpus
572 1133 721 1204 quod
750 1137 978 1186 terrena
1006 1132 1233 1203 quaerit.

192 1228 527 1279 Verumtamen
546 1238 717 1290 neque
734 1226 823 1275 vir
833 1225 952 1275 sine
967 1220 1504 1282 muliere,subaudis
1518 1237 1670 1275 crea-

134 1322 203 1369 tus
225 1318 297 1367 est
315 1314 365 1365 in
391 1312 680 1382 praesentia
710 1311 830 1375 Dei,
855 1326 1028 1377 neque
1053 1313 1262 1363 mulier
1280 1314 1400 1362 sine
1420 1313 1558 1374 viro,
1579 1327 1670 1364 su-

129 1402 289 1456 baudis
313 1404 486 1454 creata
512 1405 616 1463 est,
649 1403 712 1452 in
741 1401 994 1463 Domino,
1024 1398 1080 1451 id
1103 1402 1189 1451 est
1213 1414 1315 1468 per
1340 1398 1665 1453 Dominum.

182 1491 303 1544 Nam
330 1489 464 1542 sicut
488 1487 711 1553 mulier,
762 1487 896 1554 Eva,
933 1488 997 1540 de
1036 1489 1175 1551 viro,
1209 1487 1266 1539 id
1292 1492 1379 1540 est
1403 1488 1474 1541 de
1516 1493 1672 1542 costa

128 1579 247 1642 Adae,
272 1581 344 1631 ita
370 1583 415 1630 et
442 1580 546 1640 vir,
571 1576 730 1641 Cain,
749 1591 852 1642 per
880 1578 1178 1628 mulierem
1209 1575 1442 1629 exstitit.
1468 1578 1669 1630 Omnia

128 1673 289 1731 autem,
324 1664 578 1718 subaudis
623 1679 835 1733 genera
880 1663 1200 1731 hominum,
1248 1681 1313 1715 ea;
1340 1665 1445 1717 Deo
1479 1672 1671 1719 creata

124 1760 242 1818 sunt,
266 1752 504 1806 videlicet
532 1752 735 1813 Adam,
774 1752 885 1805 Eva
912 1756 969 1804 et
1001 1751 1176 1816 Cain;
1232 1752 1317 1805 vel
1355 1754 1565 1819 omnia,
1611 1736 1730 1808 idB

127 1847 191 1895 est
224 1857 431 1912 corpora
469 1841 721 1894 virorum
759 1846 815 1894 et
845 1856 1081 1910 corpora
1109 1841 1435 1906 mulierum,
1467 1843 1671 1898 animae

124 1930 331 1983 videlicet
354 1930 595 1984 virorum
627 1946 692 1983 ac
720 1928 1044 1983 mulierum.
1134 1988 1138 1992 Α

187 2019 261 2071 Vos
286 2021 384 2086 ipsi
400 2018 760 2087 judicale,id
789 2024 893 2083 est,
923 2016 1226 2072 discernite
1265 2035 1389 2089 quae
1417 2019 1670 2074 dicturus

122 2121 231 2159 sum.

177 2194 370 2247 Mulieri
390 2209 491 2262 pro
514 2196 808 2260 velamine,
841 2194 898 2249 id
928 2199 1014 2249 est
1042 2211 1143 2265 pro
1174 2201 1526 2263 ornamento,
1550 2199 1671 2251 dati

122 2285 223 2333 sunt
246 2284 440 2349 capilli.

174 2368 223 2423 Si
245 2372 355 2436 quis
377 2377 561 2423 autem
606 2372 825 2424 videtur
850 2375 1216 2425 conlentiosus
1246 2389 1371 2438 esse,
1403 2380 1469 2427 ut
1497 2374 1665 2441 dicat,

121 2471 198 2524 ego
221 2473 329 2511 sum
356 2458 532 2523 Pauli,
569 2475 676 2528 ego
704 2460 924 2529 Apollo,
958 2476 1061 2514 nec
1084 2460 1204 2514 vult
1232 2462 1439 2515 nostris
1468 2463 1667 2516 admo-

118 2543 373 2599 nitionibus
395 2563 615 2616 parere,
652 2563 768 2611 nos,
802 2548 980 2603 Judmi
1010 2550 1300 2603 credentes
1326 2555 1383 2602 et
1401 2552 1659 2621 apostoli,

120 2634 249 2685 talem
291 2637 735 2688 consuetudinem
788 2652 899 2689 non
948 2639 1232 2706 habemus,
1270 2644 1335 2691 ut
1361 2640 1667 2693 contenda-

116 2735 230 2787 mus,
257 2722 379 2791 quia
406 2724 490 2776 lex
508 2724 657 2777 iram
680 2730 738 2777 et
759 2726 1174 2779 contentionem
1198 2726 1475 2796 prohibet,
1497 2744 1667 2796 neque

116 2807 306 2862 Ecclesia
325 2812 434 2875 Dei,
467 2828 598 2882 qua:
631 2813 997 2882 Evangelium
1028 2813 1219 2869 habet.

168 2898 255 2951 Hoc
269 2906 443 2953 autem
468 2903 735 2969 praecipio
765 2917 877 2955 non
918 2903 1176 2964 laudans,
1207 2902 1476 2957 subaudis
1516 2905 1667 2975 quod

116 2986 417 3041 contenditis.

1757 531 1951 567 omnes
1978 514 2049 566 ad
2083 515 2401 577 Ecclesiam,
2434 531 2497 567 ac
2527 514 2740 567 nobiles
2772 514 2981 583 quique
3012 518 3070 566 et
3096 515 3349 582 potentes

1756 602 2066 672 divitesque
2095 602 2409 668 veniebant,
2445 609 2502 656 et
2536 603 2863 657 deferebant
2901 601 3109 671 singuli
3146 614 3351 670 panem

1757 695 1814 743 et
1843 690 2052 756 vinum,
2100 695 2155 744 et
2200 690 2409 744 dabant
2459 692 2754 757 sacerdoti,
2800 691 2951 745 unde
2999 690 3353 743 consecraret

1756 794 1957 849 corpus
2011 784 2067 832 et
2110 780 2440 849 sanguinem
2491 781 2731 834 Domini.
2771 778 3123 834 Consecratis
3160 781 3353 830 autem

1756 867 2038 937 mysteriis
2091 884 2125 920 a
2170 869 2457 923 sacerdote
2494 869 2738 935 Domini,
2771 867 3159 938 unusquisque
3201 864 3352 935 quod

1757 954 2039 1009 detulerat
2081 956 2388 1026 accipiebat
2422 958 2664 1028 desuper
2710 957 2877 1011 altari
2920 974 2931 1009 :
2979 954 3349 1023 sumebatque

1755 1044 1925 1096 tacite
1955 1061 2082 1097 cum
2114 1044 2249 1109 suis,
2292 1051 2357 1099 ut
2400 1047 2854 1116 supervenientes
2892 1061 3005 1099 non
3035 1043 3354 1097 invenirent

1757 1132 1905 1201 quod
1944 1133 2192 1197 ederent,
2223 1139 2280 1187 et
2308 1135 2456 1188 unde
2493 1135 3011 1199 communicarent;
3044 1136 3143 1185 aut
3179 1130 3352 1184 etiam

1751 1220 2039 1274 deferebat
2058 1238 2223 1275 omne
2252 1224 2398 1293 quod
2428 1225 2695 1277 attulerat
2720 1224 2791 1277 ad
2819 1224 3048 1276 domum
3079 1236 3258 1283 suam,
3284 1221 3353 1272 ut

1752 1325 1880 1362 cum
1910 1309 2025 1363 suis
2055 1311 2192 1364 illud
2216 1318 2478 1365 sumeret.
2499 1312 2583 1366 Ob
2604 1314 2764 1382 cujus
2779 1312 2861 1365 rei
2884 1326 3109 1364 causam
3133 1324 3349 1377 magnae

1752 1397 2130 1451 dissensiones
2172 1399 2321 1453 inter
2367 1401 2492 1453 illos
2538 1407 2717 1459 erant,
2755 1416 2894 1469 quas
2936 1398 3352 1451 seminaverunt

1753 1486 2310 1556 pseudoapostoli,ita
2326 1494 2389 1541 ut
2409 1504 2535 1541 cum
2560 1504 2671 1541 una
2696 1484 3078 1540 benedictione
3097 1483 3351 1537 omnium

1752 1573 2061 1627 oblationes
2086 1580 2423 1630 consecratae
2451 1582 2654 1640 essent,
2689 1575 2895 1646 singuli
2920 1590 3052 1629 suas
3073 1572 3352 1643 accipien-

1750 1667 1855 1726 tes,
1877 1679 2000 1731 quaa
2016 1679 2341 1717 communes
2357 1664 2673 1723 debuerant.
2688 1680 2829 1728 esse,
2857 1662 3158 1717 maximam
3188 1676 3352 1714 vere-

1753 1750 2014 1803 cundiam
2052 1750 2326 1805 inferrent
2367 1753 2455 1806 his
2498 1753 2612 1823 qui,
2646 1758 2710 1805 ut
2746 1752 2973 1816 assolet,
3004 1767 3117 1805 non
3147 1750 3352 1805 attule-

1754 1843 1903 1905 rant,
1930 1838 2059 1893 licet
2089 1839 2361 1894 haberent
2389 1859 2401 1893 :
2437 1847 2537 1894 aut
2576 1841 2663 1894 his
2693 1841 2862 1894 etiam
2892 1839 2989 1909 qui
3020 1855 3132 1892 non
3174 1837 3347 1891 habe-

1754 1925 1892 1980 bant
1931 1928 2080 1998 quod
2127 1929 2408 1984 afferrent.
2454 1930 2572 1983 Hoc
2610 1934 2798 1983 autem
2851 1927 3132 1981 faciebant
3160 1926 3346 1991 multi,

1755 2020 2055 2085 postquam
2072 2016 2143 2070 ab
2154 2016 2280 2071 aliis
2296 2017 2434 2072 cibis
2448 2018 2723 2089 crapulati
2744 2022 2926 2073 erant.
2951 2018 3238 2086 Istamque
3262 2031 3349 2068 ac-

1752 2104 2067 2174 ceptionem
2114 2106 2497 2170 Eucharistiae,
2543 2106 2895 2160 Dominicam
2932 2121 3148 2161 caenam
3188 2120 3350 2158 voca-

1753 2192 1834 2245 vit
1861 2194 2163 2263 Apostolus
2190 2211 2304 2248 uno
2321 2195 2506 2248 modo.
2526 2195 2733 2248 Aliter:
2761 2195 2921 2249 Soliti
2947 2210 3169 2265 quoque
3187 2199 3350 2247 erant

1752 2281 2050 2335 convenire
2082 2283 2277 2336 eodem
2317 2284 2408 2337 die
2455 2284 2526 2336 ad
2571 2284 2874 2337 Ecclesiam
2905 2299 3100 2337 omnes
3127 2282 3346 2348 divites,

1753 2376 2011 2441 potentes
2039 2377 2096 2425 et
2124 2373 2357 2436 nobiles,
2374 2379 2430 2427 et
2458 2389 2775 2444 praeparare
2804 2371 2909 2426 sibi
2937 2373 2996 2426 in
3028 2372 3274 2426 Ecclesia
3293 2376 3352 2425 et

1753 2460 1810 2512 in
1841 2460 2054 2514 foribus
2079 2462 2334 2515 Ecclesiae
2364 2468 2533 2533 atque
2564 2462 2724 2515 atriis
2749 2462 2902 2515 illius
2922 2461 3117 2532 epulas
3138 2465 3196 2514 et
3222 2476 3351 2514 con-

1751 2548 1913 2608 vivia,
1947 2555 2004 2601 et
2029 2551 2305 2619 crapulari
2333 2556 2391 2604 et
2418 2550 2687 2604 inebriari
2724 2566 2902 2620 usque
2948 2550 3015 2602 ad
3058 2564 3346 2619 vesperam

1752 2637 2155 2691 manducantes
2185 2644 2241 2691 et
2270 2638 2521 2692 bibentes
2546 2639 2604 2691 in
2633 2642 2931 2708 conspectu
2962 2653 3271 2707 pauperum
3292 2641 3350 2689 et

1751 2741 2078 2794 egenorum,
2109 2726 2205 2795 qui
2235 2743 2346 2779 non
2373 2726 2656 2780 habebant
2674 2727 2823 2780 unde
2843 2725 2949 2779 sibi
2968 2728 3349 2795 praepararent

1749 2812 1973 2877 similia,
2010 2814 2149 2867 nihil
2177 2815 2525 2885 accipiebant
2544 2815 2613 2868 ab
2641 2815 2752 2868 illis
2777 2814 3042 2868 divitibus
3071 2818 3129 2867 et
3152 2818 3346 2883 poten-

1749 2900 1919 2965 tibus,
1953 2902 2051 2954 sed
2080 2902 2547 2972 praestolabantur
2567 2904 2750 2974 jejuni
2779 2908 3003 2974 tempus
3031 2918 3157 2956 cum
3196 2917 3349 2955 vere-

1752 2989 1974 3049 cundia,
2029 3006 2138 3060 quo
2175 2992 2421 3061 placeret
2463 2993 2576 3046 illis
2627 2992 2893 3046 divitibus
2937 2997 2994 3045 et
3024 2990 3345 3062 potentibus

165 3074 389 3130 Primum
406 3079 638 3145 quidem
662 3080 1265 3133 convenientibusvobis
1278 3083 1340 3134 in
1364 3083 1662 3147 ecclesiam,
1686 3046 1731 3105 θ
1754 3077 2007 3131 benedici
2049 3095 2251 3150 corpus
2289 3081 2495 3135 Christi
2524 3098 2559 3135 a
2587 3081 2969 3136 sacerdotibus
3007 3080 3155 3135 unde
3193 3096 3344 3133 com-

114 3165 157 3213 et
177 3171 477 3219 conventum
510 3166 769 3220 ﬁdelium
796 3167 856 3220 in
893 3167 1201 3221 Dominicis
1223 3167 1441 3234 diebus,
1472 3171 1661 3233 audio,

110 3249 163 3301 ab
197 3250 270 3305 his
302 3254 393 3323 qui
428 3261 565 3308 sunt
619 3256 878 3320 Chloens,
923 3259 1213 3321 scissuras,
1246 3256 1304 3310 id
1333 3264 1420 3310 est
1447 3257 1666 3311 dissen-

111 3339 257 3394 siones
280 3350 335 3396 et
349 3345 683 3410 discordias,
710 3361 816 3399 esse
846 3348 995 3399 inter
1018 3362 1129 3413 vos,
1158 3350 1207 3398 et
1231 3351 1467 3413 exparte
1486 3347 1663 3409 credo,

110 3426 169 3481 ita
187 3445 291 3484 esse
314 3438 374 3486 ut
395 3434 566 3488 audio
582 3480 599 3492 .

164 3518 283 3572 Nam
306 3528 526 3589 oportet,
560 3523 621 3576 id
663 3528 767 3587 est,
811 3538 1036 3576 necesse
1056 3527 1161 3588 est,
1192 3522 1414 3576 haereses
1444 3539 1568 3588 esse,
1602 3528 1666 3577 ut

110 3608 146 3654 el
168 3610 251 3672 qui
271 3612 411 3677 sunt,
448 3612 603 3665 inter
627 3628 743 3676 vos,
762 3614 999 3679 probati,
1034 3610 1092 3663 in
1116 3610 1227 3664 fide
1246 3610 1519 3682 bonisque
1540 3628 1667 3682 ope—
1686 3674 1703 3685 ,

108 3690 247 3760 ribus,
288 3702 570 3766 manifesti
604 3703 766 3766 ﬁant,
800 3703 857 3752 et
887 3704 1198 3769 appareant
1225 3698 1395 3753 etiam
1428 3701 1523 3770 qui
1553 3700 1668 3754 sint

109 3776 367 3850 imperfecti
395 3794 451 3840 et
472 3788 750 3859 duplices.
785 3787 874 3841 Sic
904 3787 1178 3840 Dominus
1221 3787 1357 3841 dicit
1385 3789 1445 3841 in
1486 3789 1664 3842 Evan-

106 3867 220 3932 gelio
250 3890 260 3922 :
289 3874 496 3929 Necesse
525 3882 605 3929 est
632 3881 693 3929 ut
712 3878 936 3929 veniant
962 3877 1228 3929 scandala
1252 3877 1460 3943 (Matth.
1482 3883 1660 3945 xvm),

107 3952 257 4024 idest,
286 3977 391 4016 non
438 3971 631 4034 potest
670 3965 839 4018 aliter
883 3980 1023 4022 esse.
1080 3965 1147 4017 Et
1173 3980 1368 4019 revera
1397 3982 1663 4035 magnam

105 4044 361 4103 utilitatem
407 4054 802 4122 praestiterunt
848 4054 1087 4107 haereses
1127 4058 1333 4108 sanctae
1385 4054 1658 4121 Ecclesiae,

107 4144 192 4185 non
214 4153 303 4205 per
345 4157 422 4205 se,
468 4142 573 4195 sed
629 4142 765 4196 dum
816 4142 1073 4196 doctores
1116 4141 1517 4208 excitaverunt,
1568 4144 1665 4213 qui

104 4224 229 4287 quasi
248 4226 620 4285 dormierunt.
645 4232 1014 4301 Nequaquam
1032 4230 1183 4283 enim
1201 4236 1420 4285 tantam
1445 4231 1664 4301 copiam

104 4304 328 4367 librorum
355 4316 600 4373 haberet
629 4324 828 4371 sancta
858 4317 1117 4383 Ecclesia,
1142 4325 1199 4371 et
1224 4323 1441 4372 tantam
1469 4320 1664 4389 cogni-

1750 3166 2121 3221 municarent.
2157 3167 2383 3239 Impleti
2412 3175 2604 3224 autem
2643 3171 2724 3224 illi
2762 3170 2960 3224 divites
2991 3169 3252 3249 omnibus
3273 3167 3347 3221 ci-

1748 3253 1835 3307 bis
1865 3259 1921 3307 et
1951 3255 2173 3325 potibus
2216 3274 2393 3328 usque
2440 3259 2512 3312 ad
2558 3259 2845 3325 vomitum,
2889 3257 3238 3329 accipiebant
3276 3256 3349 3310 ad

1750 3342 2016 3404 ultimum
2043 3355 2396 3400 sacramenta
2425 3348 2674 3418 corporis
2701 3352 2757 3401 et
2793 3346 3085 3417 sanguinis
3115 3345 3343 3411 Christi,

1748 3431 1998 3485 dicentes
2028 3447 2039 3480 :
2073 3434 2164 3487 Sic
2184 3436 2420 3490 tradidit
2450 3437 2706 3491 Christus
2734 3437 3026 3507 discipulis
3058 3436 3176 3490 suis
3213 3451 3348 3488 nos-

1746 3520 1853 3573 tris
1883 3521 2221 3587 doctoribus,
2239 3531 2297 3577 et
2334 3526 2619 3595 magistris
2665 3543 2868 3596 corpus
2911 3531 2968 3579 et
3011 3525 3345 3595 sanguinem

1750 3625 1916 3663 suum
1947 3616 2073 3679 post
2101 3612 2336 3666 aliorum
2351 3613 2600 3666 ciborum
2626 3615 3124 3684 perceptionem,et
3141 3613 3222 3665 sic
3242 3627 3344 3665 nos

1748 3698 2006 3752 volumus
2052 3700 2190 3753 illud
2242 3718 2484 3756 sumere.
2532 3702 2692 3765 Quod
2741 3703 2976 3755 audiens
3018 3700 3338 3771 Apostolus,

1748 3785 1968 3855 scripsit
1990 3786 2070 3840 eis
2088 3786 2237 3840 inter
2258 3794 2461 3842 caetera
2480 3789 2590 3842 ista
2619 3790 2811 3860 quaein
2833 3790 3093 3861 praesenti
3129 3788 3341 3842 haben-

1747 3879 1859 3939 tur,
1881 3875 2070 3927 volens
2090 3891 2185 3928 eos
2204 3878 2521 3943 convenire,
2545 3879 2807 3949 inquiens
2833 3896 2844 3931 :
2870 3875 3340 3934 Convenientibus

1746 3960 1900 4016 vobis
1920 3962 1979 4016 in
1998 3980 2174 4017 unum
2198 3965 2256 4018 in
2279 3966 2542 4031 Ecclesia,
2569 3969 2689 4037 jam
2730 3984 2839 4021 non
2880 3974 2964 4021 est
2992 3966 3339 4021 Dominieam

1745 4066 1964 4104 caenam
1994 4053 2354 4119 manducare,
2378 4055 2435 4108 id
2455 4062 2544 4110 est
2568 4072 2683 4109 non
2712 4062 2798 4110 est
2822 4055 2974 4109 vobis
2990 4055 3204 4109 licitum
3235 4054 3341 4107 Do-

1745 4139 2014 4193 minicam
2056 4157 2274 4195 coenam
2323 4143 2511 4197 taliter
2555 4145 2913 4209 manducare,
2956 4143 3200 4214 qualiter
3246 4157 3340 4195 vos

1746 4229 2118 4282 manducatis.
2155 4232 2385 4285 Caenam
2432 4238 2623 4287 autem
2667 4234 3012 4287 Dominicam
3042 4231 3341 4303 dupliciter

1745 4333 2042 4386 possumus
2071 4319 2383 4391 intelligere
2411 4323 2752 4392 appellatam
2783 4340 2904 4377 esse
2940 4321 3012 4376 ab
3051 4320 3339 4397 Apostolo,

101 4394 269 4455 tionem
306 4405 373 4459 de
406 4408 540 4475 Deo,
581 4407 695 4460 nisi
743 4407 984 4460 haereses
1013 4412 1217 4460 exortae
1246 4412 1450 4475 essent,
1474 4423 1510 4460 a
1539 4399 1730 4478 qui-D
1748 4405 1829 4458 vel
1861 4408 2275 4477 perceptionem
2303 4410 2560 4464 videlicet
2590 4412 2971 4472 Eucharistiaa,
3005 4412 3075 4465 de
3101 4428 3212 4481 qua
3233 4410 3342 4464 sin-

103 4480 182 4537 bus
205 4493 460 4548 excitatus
508 4500 602 4548 est
646 4495 1043 4565 Hieronymus,
1096 4495 1455 4565 Augustinus,
1504 4497 1663 4550 Hila-
1742 4495 1861 4563 guli
1888 4495 1994 4548 sibi
2023 4496 2380 4552 vindicabant
2423 4505 2610 4569 partes
2645 4502 2918 4571 proprias,
2953 4517 3091 4571 quas
3117 4480 3339 4554 attule-

102 4573 209 4640 rius,
235 4579 554 4652 Gregorius,
593 4584 805 4654 aliique
830 4584 1010 4637 sancti
1039 4584 1312 4651 doctores,
1361 4585 1457 4655 qui
1487 4586 1665 4640 multa

104 4668 512 4739 conscripserunt
539 4677 743 4726 contra
772 4672 1082 4726 haereticos.

153 4754 588 4815 Convenieniibus
617 4764 764 4815 vobis
794 4764 857 4815 in
878 4778 1080 4826 unum,
1110 4764 1229 4828 iam
1256 4778 1368 4814 non
1387 4766 1463 4815 est
1485 4764 1666 4815 Domi-

102 4842 251 4896 nicam
270 4863 475 4902 caenam
499 4851 865 4903 manducare.
886 4849 1056 4903 Coena
1078 4848 1372 4902 Dominica
1391 4849 1541 4902 dicta
1555 4856 1660 4916 est,

102 4940 153 4979 60
189 4934 320 5001 quod
363 4936 488 5007 ipso
543 4939 643 4992 die
689 4938 945 4991 Salvator
989 4954 1115 4991 cum
1164 4936 1449 5008 discipulis
1478 4954 1664 4991 coena-

100 5017 228 5085 verit,
257 5026 542 5094 complens
579 5026 801 5080 Veteris
820 5025 1167 5079 Testamenti
1195 5027 1416 5096 pascha,
1452 5031 1509 5078 et
1523 5043 1668 5096 mys-

100 5106 268 5162 terium
297 5115 551 5184 corporis
582 5121 645 5168 et
669 5115 961 5184 sanguinis
989 5114 1104 5169 suis
1120 5114 1348 5168 tradens
1376 5116 1662 5185 apostolis.

102 5191 333 5253 Corinthii
372 5204 488 5273 (qui
535 5186 598 5257 et
637 5203 863 5257 Achaici
912 5204 998 5257 vel
1037 5203 1238 5271 Achaei)
1273 5202 1558 5257 venientes
1597 5205 1665 5259 ad

102 5279 238 5339 ﬁdem
283 5288 488 5345 Christi
526 5308 636 5363 per
661 5292 1111 5362 praedicationem
1140 5292 1376 5361 apostoli
1413 5293 1593 5361 Pauli,
1635 5311 1670 5347 a

102 5383 189 5435 quo
213 5374 350 5429 inter
376 5387 591 5434 caetera
625 5397 748 5450 quae
777 5381 1050 5434 Dominus
1087 5380 1235 5446 fecit,
1268 5382 1439 5435 etiam
1476 5399 1666 5437 sacra-

100 5467 318 5518 mentum
347 5483 519 5522 ciente
550 5468 859 5523 Dominicae
889 5476 1272 5540 perceperant,
1311 5477 1440 5541 post
1467 5472 1668 5526 disces-

99 5559 202 5601 sum
225 5552 366 5609 illius
392 5556 453 5610 in
483 5557 827 5613 memoriam
876 5573 1044 5612 coenae
1090 5559 1392 5614 Dominica
1429 5559 1667 5630 singulis

1746 4589 1892 4647 rant,
1926 4583 2051 4637 aliis
2077 4601 2190 4639 non
2210 4589 2878 4655 communicantibus,aut
2898 4590 3068 4643 etiam
3088 4589 3343 4642 eamdem

1746 4672 2155 4726 Eucharistiam
2204 4683 2330 4746 post
2377 4678 2516 4731 alios
2556 4678 2709 4732 cibos
2737 4684 3042 4732 sumentes.
3078 4677 3179 4729 Vel
3229 4675 3339 4728 alio

1746 4759 1933 4823 modo,
1965 4778 2181 4816 coenam
2212 4765 2438 4819 Domini
2468 4767 2714 4837 appellat
2742 4767 2865 4819 illas
2905 4764 3340 4836 praeparationes

1747 4849 2124 4905 conviviorum
2155 4857 2212 4905 et
2231 4854 2701 4924 epularum,quas
2713 4854 2832 4907 sine
2862 4854 3133 4908 charitate
3156 4868 3342 4908 sume-

1746 4935 1901 5003 bant,
1933 4955 2045 4993 non
2097 4940 2295 4995 dantes
2344 4943 2474 4996 inde
2514 4943 2872 5013 pauperibus.
2908 4944 3341 4998 Sacramentum

1748 5025 1924 5095 igitur
1950 5029 2196 5099 corporis
2219 5030 2429 5084 Christi
2450 5047 2481 5083 a
2507 5032 2901 5087 communione
2914 5049 3072 5087 ccena
3100 5034 3345 5105 appella-

1749 5122 1860 5182 tur,
1895 5118 2028 5187 quia
2046 5134 2341 5173 commune
2369 5120 2534 5174 debet
2563 5136 2683 5174 esse
2722 5122 2979 5176 omnibus
3003 5123 3261 5178 ﬁdelibus
3290 5129 3349 5178 et

1744 5205 1929 5275 justis.
1966 5207 2086 5261 Uno
2115 5207 2264 5261 enim
2289 5224 2430 5277 pane
2452 5209 2784 5264 universitas
2801 5212 3058 5267 Ecclesiae
3089 5213 3346 5284 designa—

1748 5299 1862 5349 tur.
1893 5296 2001 5348 Per
2029 5296 2085 5349 id
2117 5297 2267 5350 enim
2310 5298 2458 5368 quod
2491 5316 2665 5353 unum
2694 5317 2907 5365 sumus,
2940 5303 3010 5356 de
3046 5319 3159 5356 uno
3200 5319 3343 5374 pane

1749 5399 1943 5437 omnes
1972 5401 2073 5438 nos
2103 5402 2327 5440 sumere
2348 5394 2587 5458 oportet.
2603 5389 2756 5444 Licet
2780 5392 2926 5445 enim
2951 5409 2984 5445 a
3006 5394 3198 5447 multis
3219 5411 3344 5463 par-

1747 5472 1900 5527 tibus
1946 5473 2232 5528 deferatur
2267 5474 2360 5528 ille
2388 5478 2568 5547 panis,
2600 5483 2656 5532 et
2682 5496 2716 5532 a
2747 5481 2938 5535 multis
2962 5480 3342 5534 sacerdotibus

1748 5578 1851 5632 per
1878 5562 2199 5618 universum
2227 5563 2422 5621 orbem
2450 5573 2825 5637 consecretur,
2865 5567 3123 5624 divinitas
3152 5574 3342 5622 tamen
