3850 6168
219 294 325 350 573

889 297 1276 352 ‘EX'POS‘I'I‘IO
1297 298 1384 351 ΙΝ
1417 297 1571 350 EPR.
1599 297 1663 353 S.
1693 296 1932 351 PAULL
1966 323 2034 339 --
2056 299 2143 352 dN
2165 299 2393 353 'EPIST.
2425 300 2451 353 ἰ
2490 299 2586 352 AD
2618 298 2792 353 ΗΘΜ.

3369 299 3488 354 ΞΜ

211 423 310 491 qui
343 423 800 493 appropinquans
821 423 995 476 ~orti
1017 423 1243 493 aliquod
1276 422 1877 492 munusprotiosumA
1894 423 2164 477 traditum
2197 430 2336 476 esta
2355 423 2564 476 sanctis
2589 423 2873 487 Patribus,
2905 423 2990 476 vel
3018 423 3114 493 qui
3135 424 3356 477 multum
3379 423 3488 477 ιὰὶί-

216 510 452 563 dimittit
480 511 647 564 alicui
675 511 872 576 amico,
916 512 1106 564 dicens
1134 529 1144 562 :
1180 510 1338 564 Habe
1369 512 1471 564 hoc
1502 528 1626 564 cum
1660 512 1812 564 omni

211 598 512 667 diligentia
527 617 703 669 penes
723 607 786 652 .te
801 600 868 653 in
894 601 1220 654 memoriam
1241 601 1442 657 mei,u-t
1458 601 1812 670 quotiescun-

215 703 322 757 que
341 687 488 742 illud
513 688 730 752 videris,
757 689 1064 742 recorderis
1089 690 1215 742 mei.
1241 690 1347 752 Qui
1373 689 1813 742 amicusadmit-

211 784 338 828 .tens
371 792 576 829 munus
607 777 741 830 illud
783 778 947 830 amici
979 779 1065 831 sui
1093 778 1429 842 charissimi,
1461 778 1507 831 si
1537 795 1664 830 eum
1695 785 1812 830 toto

211 864 383 917 corde
413 864 624 929 dilexit,
647 883 758 919 non
772 873 965 937 potest
979 883 1096 920 non
1117 867 1413 920 condolere
1441 867 1491 919 ei
1523 872 1578 919 et
1599 866 1813 920 tristari

210 952 282 1006 de
295 960 491 1006 morte
510 954 1144 1024 amici,quotiescunque
1166 971 1371 1009 munus
1399 955 1505 1008 sibi
1519 956 1813 1008 dimissum

215 1041 505 1110 conspicit.
526 1041 800 1096 Similiter
813 1060 918 1097 nos
942 1044 1383 1114 quotiescunque
1399 1044 1716 1097 accedimus
1739 1045 1810 1097 ad

208 1127 678 1191 consecrandum,
689 1129 772 1180 vel
789 1129 1216 1198 percipiendum
1241 1135 1652 1182 sacramentum
1686 1146 1812 1180 nm-

211 1214 366 1267 neris
424 1215 639 1278 aeterni,
694 1216 842 1286 quod
881 1216 1042 1269 nobis
1089 1217 1364 1270 Dominus
1428 1234 1697 1287 passurus
1755 1218 1812 1268 in

215 1303 552 1355 memoriam
597 1304 681 1356 sui
712 1305 923 1357 dimisit
973 1307 1303 1369 tenendum,
1349 1324 1472 1358 cum
1515 1307 1717 1358 timore
1756 1310 1813 1358 et

214 1392 651 1461 cumpunctione
683 1394 882 1456 cordis,
917 1394 1179 1463 omnique
1203 1395 1514 1447 reverentia
1543 1395 1811 1447 debemus

213 1480 504 1544 accedere,
521 1482 1072 1551 .recolentesquanto
1103 1500 1294 1536 arnore
1333 1484 1528 1536 dilexit
1551 1500 1671 1546 nos,
1715 1482 1812 1552 qui

203 1585 313 1638 pro
345 1568 507 1621 nobis
535 1569 784 1640 seigpsum
811 1569 1013 1624 obtulit
1038 1579 1097 1624 ut
1120 1588 1228 1624 nos
1253 1571 1572 1624 redimeret.

285 1656 566 1710 Similiter
587 1664 634 1710 ct
647 1659 1405 1723 caltccm,subaudis-tradidit
1421 1662 1812 1729 eis,}u)stquam

1888 512 2192 566 terentiam
2221 512 2400 566 credit
2424 512 2572 565 inter
2610 512 2746 565 illud
2775 529 2974 582 corpus
2995 512 3232 578 Christi,
3258 518 3324 565 et
3353 512 3488 567 reti-

1894 600 2233 669 quos-cibos,
2268 602 2351 653 vel
2381 600 2472 670 qui
2495 601 2851 670 gravioribus
2879 600 3209 654 criminibus
3238 616 3484 654 comma-

1894 690 2111 741 culatus
2139 688 2427 758 praesumit
2452 689 2588 741 illud
2623 706 2846 742 sumere
2883 690 2989 752 Qui
3014 690 3226 753 taliter,
3253 695 3324 742 ut
3353 688 3490 742 diui-

1894 793 2039 840 mus,
2057 777 2193 830 illud
2216 777 2455 830 comedit
2479 785 2536 831 et
2549 777 2947 848 bibitindigne,
2969 779 3109 832 illud
3127 778 3486 841 sumit,ideo-

1895 881 2002 933 que
2026 880 2226 935 poenas
2259 866 2389 923 inde
2431 867 2694 919 exsolvet.
2727 868 3027 936 Apostolus
3058 867 3232 936 igitur
3253 867 3489 938 captant

1885 954 2176 1022 quomodo
2205 954 2474 1008 debemus
2491 955 2636 1008 illud
2661 957 2974 1025 percipere.

1965 1044 2198 1096 Probata
2207 1060 2237 1094 ιι
2247 1049 2351 1095 tem
2366 1047 2542 1110 sei/mu
2553 1062 2605 1096 ιη
2626 1045 2695 1097 lio
2702 1061 2802 1105 mo,
2814 1051 2868 1097 νει
2891 1049 2969 1098 sic
2981 1047 3043 1097 dc
3053 1061 3203 1112 pane
3222 1047 3325 1098 itte
3337 1046 3487 1111 edat,

1890 1129 1951 1182 id
1975 1137 2057 1182 est
2089 1130 2158 1182 de
2187 1147 2416 1199 corpore
2444 1131 2692 1196 Domini,
2712 1137 2771 1184 ret
2791 1135 2851 1186 de
2870 1137 3033 1186 calice
3046 1134 3221 1196 bibat,
3243 1132 3301 1185 id
3318 1139 3404 1186 est
3421 1133 3490 1185 de

1895 1219 2168 1287 sanguine
2201 1219 2440 1272 Domini.
2494 1222 2682 1272 Probet
2721 1238 2792 1283 sc,
2835 1222 2889 1273 id
2921 1228 3008 1274 est
3036 1222 3304 1274 discutiat
3325 1238 3406 1285 se,
3434 1228 3492 1275 et

1893 1314 2085 1360 utrum
2116 1308 2319 1376 dignus
2349 1308 2424 1360 sit
2453 1325 2644 1371 necne,
2670 1317 2726 1361 et
2747 1309 3092 1378 probabilem
3113 1327 3173 1362 se
3196 1310 3490 1373 reddat,ne

1886 1395 2036 1448 torte
2066 1397 2211 1448 unde
2239 1396 2336 1448 alii
2366 1404 2600 1449 sumunt
2629 1397 2939 1449 remedi-um
2963 1399 3198 1466 accipiat
3221 1398 3319 1451 ille
3335 1395 3491 1466 {tuai-

1895 1484 2043 1536 cium
2064 1492 2120 1536 et
2140 1484 2581 1546 damnationem,
2595 1485 2830 1554 indigne
2847 1486 2984 1539 illud
3004 1486 3493 1556 percmiensgicut

1895 1572 2027 1625 fecit
2045 1573 2148 1625 Jud
2157 1590 2218 1625 as
2241 1573 2507 1642 proditor.
2526 1575 2668 1626 Nam
2691 1588 2817 1627 cum
2841 1575 2933 1627 alii
2953 1575 3195 1644 apostoli
3217 1575 3494 1644 sumpsis-

1895 1667 2022 1714 sent
2040 1662 2176 1714 illud
2193 1661 2447 1714 terribile
2467 1670 2882 1715 sacramentum
2905 1664 2975 1716 ad
2998 1663 3309 1716 remedium
3325 1670 3390 1716 -et
3409 1673 3495 1716 sa-

213 1751 465 1808 cazna-r-tt,
491 1748 671 1798 dicens
704 1765 718 1797 :
751 1733 1016 1801 [liccatin
1039 1750 1254 1802 Novum
1291 1751 1703 1802 Testamentum
1735 1754 1811 1802 est
1830 1789 1877 1848 B
1898 1750 2069 1802 lutem
2104 1767 2284 1813 suam,
2324 1750 2416 1802 ille
2444 1751 2539 1819 qui
2569 1750 2830 1819 indignus
2863 1756 2984 1804 erat
3014 1757 3170 1804 tanto
3201 1751 3492 1821 mysterio,

213 1836 272 1884 in
315 1851 435 1886 meo
474 1839 764 1900 sanguine,
818 1837 873 1889 id
916 1843 999 1890 est
1039 1838 1179 1890 calix
1229 1855 1394 1908 quem
1436 1838 1589 1890 vobis
1630 1838 1811 1902 trado,

209 1919 432 1975 Novum
459 1917 880 1975 Testamentum
905 1924 1202 1992 significat,
1222 1932 1286 1977 ut
1306 1925 1634 1994 Fulgentius
1656 1925 1808 1990 dicit,

208 2009 295 2060 vel
319 2009 971 2064 NovumTestamentum
987 2015 1284 2066 conﬁrmat
1298 2013 1356 2066 in
1377 2030 1498 2066 meo
1509 2014 1806 2081 sanguine.

208 2096 324 2149 sive
350 2113 452 2166 per
472 2114 658 2151 meum
683 2100 1014 2168 sanguinem
1041 2102 1286 2154 Calicem
1310 2103 1447 2154 Novi
1470 2102 1812 2155 Testumenti

209 2184 348 2238 dicit
373 2185 444 2239 ad
465 2186 886 2241 distinctionem
903 2190 1123 2242 Veteris
1145 2191 1662 2260 'l‘estamenti,quod
1687 2207 1813 2243 con-

211 2275 508 2328 ﬁrmatum
536 2283 620 2328 est
639 2278 912 2346 sanguine
941 2279 1231 2332 hircorum
1258 2287 1314 2332 et
1333 2287 1643 2344 taurorum,
1672 2280 1818 2332 sicut

209 2361 461 2416 habetur
478 2363 534 2416 in
554 2365 758 2430 Exodo,
776 2367 994 2420 dicente
1007 2369 1197 2437 Moyse
1213 2371 1278 2421 ad
1304 2370 1570 2438 populum
1591 2369 1814 2438 quando

211 2451 446 2521 collegit
475 2455 806 2522 sanguinem
836 2456 1119 2509 hircorum
1143 2458 1200 2509 in
1222 2457 1389 2510 calice
1421 2458 1502 2509 vel
1523 2466 1742 2526 patcna,
1763 2463 1817 2509 et

213 2540 460 2608 aspersit
483 2542 740 2595 eumdem
771 2545 1060 2613 populum.
1111 2546 1210 2598 Hic
1242 2552 1327 2598 est
1363 2546 1591 2614 sanguis
1621 2547 1816 2600 Testa-

215 2630 395 2681 menti
429 2631 578 2700 quod
609 2631 897 2685 mandavit
924 2633 993 2686 ad
1031 2651 1125 2687 vos
1159 2635 1446 2697 Dominus,
1474 2635 1526 2686 id
1549 2643 1636 2687 est
1669 2649 1680 2682 :
1715 2635 1818 2687 llic

216 2718 454 2786 sanguis
487 2725 568 2772 est
598 2721 758 2772 testis
787 2721 1078 2775 verborum
1103 2729 1159 2775 et
1179 2723 1613 2792 promissionum
1635 2723 1728 2776 Dei
1748 2724 1816 2774 ad

218 2823 331 2868 vos,
365 2813 422 2860 et
445 2809 604 2860 testis
645 2808 937 2862 verborum
971 2819 1276 2865 vestrorum
1308 2813 1453 2883 quod
1484 2812 1818 2882 promisistis

219 2912 340 2948 esse
373 2912 473 2948 vos
499 2895 823 2951 obedientes
846 2899 946 2952 illi.
969 2900 1238 2953 Similiter
1257 2903 1475 2955 Novum
1499 2903 1819 2955 Testamen-

217 2995 358 3048 tum,
389 2985 448 3037 id
468 2991 556 3038 est
589 2985 971 3056 Evangeli-um,
995 2989 1086 3041 ubi
1115 2991 1813 3064 continenturpromissiof
1834 3019 1876 3078 α

212 3088 312 3125 nes
339 3081 558 3127 nostra:
585 3075 988 3146 redemptionis
1016 3085 1072 3130 et
1101 3079 1296 3148 patriae
1329 3079 1587 3145 caelestis,
1612 3080 1815 3132 conﬁr-

213 3169 439 3215 matum
473 3170 559 3215 est
581 3165 859 3233 sanguine
882 3167 1162 3236 passionis
1189 3169 1400 3220 Christi
1441 3169 1532 3237 qui
1567 3168 1814 3237 quotidie

215 3251 538 3305 celebratur
569 3253 626 3305 in
657 3254 920 3307 Ecclesia.
951 3256 1129 3309 Omne
1151 3257 1300 3309 enim
1327 3263 1724 3309 testamentum
1755 3257 1815 3309 in

214 3348 402 3393 morte
433 3343 802 3396 confirmatur
832 3347 1146 3398 testator-is:
1183 3346 1328 3414 quod
1357 3357 1544 3398 autem
1578 3346 1812 3404 addidit.

214 3431 310 3482 hoc
328 3431 524 3495 facite,
544 3431 659 3484 sive
675 3433 1025 3486 sanctiﬁcate
1047 3438 1467 3502 quot-tcscunquc
1491 3437 1733 3488 bz'bcrttis
1757 3439 1817 3488 in

216 3534 402 3570 meam
443 3525 1038 3587 commemorattourm,
1083 3523 1231 3575 idem
1274 3540 1469 3576 sensus
1514 3529 1616 3588 est,
1651 3532 1714 3577 ut
1750 3519 1819 3578 de

217 3621 456 3676 corpore
479 3624 650 3676 supra
679 3608 890 3662 dictum
922 3617 1022 3662 est.

287 3698 728 3763 Quotiescunque
750 3701 896 3750 cnim
923 3702 1326 3752 mandurabttts
1351 3716 1554 3766 panem
1579 3701 1746 3764 hunc,
1775 3706 1820 3753 ct

217 3787 449 3836 caticwn
486 3785 692 3849 bibe-tis,
725 3792 954 3839 mortem
977 3790 1201 3840 [Jomtuz'
1220 3791 1638 3842 annuntz’abz’tix
1659 3792 1824 3841 donec

215 3876 406 3924 veniat
438 3872 556 3942 ipse
571 3874 641 3926 ad
658 3874 950 3942 judicium.
970 3876 1198 3930 Duobus
1216 3878 1397 3930 modis
1419 3878 1821 3930 annuntiamus

213 3967 465 4014 mortem
489 3961 714 4015 Domini
738 3965 854 4031 jam
888 3981 1007 4017 esse
1029 3964 1365 4018 celebratam
1391 3983 1491 4036 pro
1515 3973 1706 4018 nostra
1731 3981 1822 4018 re-

213 4050 552 4120 demptione
597 4052 680 4103 vel
726 4051 910 4121 ipsum
949 4054 1280 4123 mysterium
1326 4055 1678 4120 celebrando,
1726 4053 1822 4107 ubi

215 4138 500 4192 iteramUs
519 4139 836 4209 passionem
847 4141 1000 4194 illius
1013 4143 1094 4195 vel
1113 4149 1281 4196 etiam
1307 4144 1656 4214 praedicando
1675 4144 1820 4209 aliis,

215 4228 368 4297 quod
405 4236 714 4299 utrumque
735 4247 901 4299 agere
925 4231 1210 4299 debemus,
1235 4242 1292 4286 et
1310 4234 1582 4286 sumendo
1604 4239 1658 4285 et
1681 4249 1823 4297 pra:-

214 4317 484 4370 dicando.
518 4319 637 4371 Hoc
665 4335 885 4388 quoque
907 4321 1193 4374 sciendum
1229 4323 1472 4391 est,quia
1493 4338 1620 4374 caro
1643 4321 1820 4374 nostri

217 4406 537 4459 Salvatoris
564 4423 666 4476 pro
695 4408 875 4460 salute
905 4410 1084 4461 nostri
1116 4412 1385 4479 corporis,
1429 4411 1660 4480 sanguis
1693 4427 1821 4462 vero

213 4511 320 4564 pro
352 4495 554 4548 anima
581 4502 768 4549 nostra
791 4496 949 4548 fusus
971 4497 1209 4569 est,quia
1233 4499 1392 4552 sedes
1413 4500 1615 4552 animae
1635 4500 1688 4551 in
1705 4516 1828 4551 san-

212 4582 396 4651 guine
427 4583 707 4638 consistit.
741 4583 807 4636 In
837 4587 999 4655 cujus
1028 4588 1358 4640 memoriam
1380 4605 1580 4658 corpus
1613 4594 1666 4640 et
1695 4605 1828 4641 san-

216 4672 461 4740 guinem
505 4672 660 4726 illius
707 4677 1001 4738 sumimus,
1055 4677 1318 4746 quoniam
1377 4678 1496 4746 ipse
1537 4683 1599 4729 ut
1643 4683 1823 4729 totum

217 4759 514 4814 hominem
547 4761 762 4814 salvum
793 4762 1002 4817 faceret
1044 4772 1100 4817 et
1134 4765 1458 4832 redimeret,
1493 4766 1825 4834 sanguinem

219 4865 390 4902 suum
425 4849 586 4902 fundi
618 4851 893 4920 permisit.

290 4940 493 5007 Itaque
511 4942 827 5006 quicunque
850 4942 1263 4994 manducauerit
1280 4959 1477 5008 panem
1504 4945 1672 5009 hunc,
1686 4949 1731 4995 ct
1755 4945 1831 4995 bt-

1897 1838 2111 1908 accepit
2131 1837 2268 1890 illud
2289 1838 2358 1890 ad
2380 1838 2794 1891 damnationem
2819 1855 2976 1891 suam
3004 1840 3167 1908 :quia
3189 1855 3351 1908 quem
3376 1839 3495 1892 dia-

1900 1926 2056 1979 bolus
2082 1934 2212 1979 ante
2230 1926 2455 1979 tenebat
2466 1943 2568 1996 per
2581 1928 2995 1996 suggestionem
3021 1935 3079 1980 et
3098 1928 3488 1992 tentationem,

1895 2023 2090 2085 postea
2122 2016 2309 2068 renuit
2329 2012 2398 2068 ad
2419 2016 2824 2085 possidendum
2848 2017 3084 2086 plenius,
3107 2022 3170 2069 ut
3185 2016 3492 2070 nihilaliud

1897 2111 2083 2174 posset
2107 2105 2354 2173 cogitare
2381 2112 2482 2157 aut
2509 2089 2712 2164 facere,
2757 2105 2861 2158 nisi
2889 2105 3042 2174 quod
3070 2107 3198 2175 ejus
3229 2106 3491 2159 voluntas

1897 2198 2037 2245 erat.
2072 2193 2218 2246 Dicit
2249 2194 2397 2245 enim
2449 2194 2812 2262 evangelista,
2847 2194 2977 2263 quia
3011 2200 3143 2264 post
3182 2194 3494 2248 lmcceilam

1900 2281 2088 2333 statim
2131 2281 2386 2334 introivit
2413 2282 2474 2333 in
2519 2299 2646 2333 eum
2693 2289 2943 2343 satanas,
2991 2291 3054 2336 ut
3091 2284 3307 2336 malum
3337 2283 3492 2352 quod

1899 2370 1994 2421 illo
2024 2368 2327 2438 instigante
2358 2375 2712 2432 tractaverat,
2737 2388 2801 2424 eo
2831 2372 3144 2425 concitante
3171 2372 3489 2442 pelicem.

1973 2459 2078 2521 Qui
2107 2459 2254 2509 enim
2292 2461 2589 2510 manducet
2625 2464 2676 2510 ct
2705 2460 2836 2511 bibit
2869 2461 3114 2525 indigne,
3139 2459 3286 2513 sicut
3315 2474 3487 2526 supra

1900 2544 2162 2600 diximus.
2184 2547 2468 2611 judicium
2494 2549 2600 2598 sibi
2632 2548 2928 2598 mandarat
2959 2553 3006 2598 et
3037 2549 3188 2610 bibit,
3221 2548 3278 2599 id
3303 2552 3394 2599 est
3416 2545 3495 2598 ad

1891 2633 2322 2690 damnationem
2341 2651 2502 2686 suam
2526 2635 2660 2687 illud
2677 2636 2868 2698 sumit,
2895 2652 3006 2688 non
3030 2638 3351 2702 diiudicant
3372 2649 3495 2687 cor-

1895 2737 2006 2787 pus
2037 2721 2281 2783 Domini,
2327 2721 2382 2772 id
2415 2729 2500 2774 est
2527 2739 2640 2774 non
2666 2723 2989 2775 discernens
3019 2740 3050 2775 a
3079 2722 3306 2791 reliquis
3333 2720 3490 2774 cibis.

1905 2809 2044 2861 Cum
2079 2810 2277 2862 timore
2308 2817 2363 2862 et
2398 2816 2643 2863 tren‘rore
2671 2811 2940 2864 debemus
2968 2812 3230 2863 acoedene
3261 2809 3331 2862 ad
3353 2809 3493 2862 illud

1902 2904 2318 2949 sacramentum
2355 2897 2625 2962 terribile,
2662 2906 2725 2951 ut
2763 2899 2903 2951 sciat
2929 2914 3089 2951 mens
3119 2897 3492 2950 reverentiam

1901 3003 1960 3038 se
1992 2984 2194 3038 debere
2233 2993 2501 3056 prastare
2551 2987 2603 3039 ei
2632 2987 2702 3039 ad
2737 2987 2902 3055 cuius
2929 3002 3131 3055 corpus
3153 2985 3494 3039 sumendum

1903 3073 2135 3127 accedit.

1976 3164 2115 3226 Ittco,
2144 3163 2412 3217 subaudis
2435 3165 2566 3234 quia
2595 3165 2826 3234 indigne
2845 3164 3186 3234 praesumitis
3207 3163 3495 3233 percipere

1901 3251 2255 3304 salutiferam
2285 3261 2724 3319 sacramentum,
2759 3253 2962 3306 idcirco
2984 3259 3114 3306 sunt
3138 3257 3283 3305 inter
3317 3269 3426 3317 vos,
3460 3269 3492 3305 o

1900 3339 2198 3404 Corinthii,
2219 3345 2384 3394 multi
2401 3346 2639 3409 inﬁrmi,
2656 3343 2712 3396 id
2729 3350 2812 3396 est
2831 3343 3163 3412 languentes
3182 3347 3229 3394 et
3246 3343 3494 3394 imbecil-

1905 3430 1997 3490 lav,
2019 3429 2071 3482 id
2085 3436 2170 3482 est
2191 3430 2642 3492 febricitantes,et
2659 3435 2948 3485 dormiunt
2965 3435 3149 3493 multi,
3171 3447 3284 3484 non
3300 3444 3497 3484 somno

1900 3519 2056 3589 pacis
2087 3525 2140 3572 et
2164 3520 2388 3589 quietis,
2407 3521 2506 3573 sed
2525 3529 2706 3574 morte
2739 3520 3137 3581 damnationis,
3157 3520 3216 3572 id
3242 3523 3329 3572 est
3346 3529 3498 3572 mor-

1904 3607 1984 3659 tui
2018 3616 2151 3660 sunt
2169 3617 2348 3662 morte
2374 3615 2582 3662 aeterna
2603 3616 2832 3678 propter
2853 3609 2958 3660 laoc
2978 3607 3498 3677 peccatumJ/olens

1906 3695 2292 3748 deumnstrure
2331 3698 2462 3766 quia
2495 3698 2588 3766 qui
2639 3714 2840 3766 corpus
2879 3695 3228 3749 Dominicum
3267 3694 3499 3762 indigne

1906 3784 2241 3853 percipiunt,
2267 3786 2546 3855 judicium
2578 3786 2706 3838 inde
2728 3792 2962 3838 sumunt
2981 3789 3037 3837 et
3050 3783 3494 3847 damnationem;

1908 3873 2153 3924 ostendit
2173 3874 2443 3943 quosdam
2460 3875 2608 3944 apud
2636 3874 2954 3927 Corinthios
2977 3873 3275 3926 vindictam
3285 3871 3344 3923 in
3353 3885 3498 3939 pra:-

1904 3961 2052 4013 senti
2068 3963 2191 4030 jam
2223 3963 2560 4032 percepisse,
2594 3963 2689 4032 qui
2736 3962 3151 4014 inconsiderate
3190 3967 3250 4013 et
3283 3961 3499 4012 irreve-

1905 4056 2097 4102 renter
2127 4051 2262 4104 illud
2293 4058 2628 4120 acceperant
2655 4051 2788 4120 quia
2816 4050 3062 4104 febribus
3111 4055 3170 4102 et
3196 4049 3499 4102 inﬁrmita-

1909 4138 2055 4191 tibus
2089 4141 2280 4192 multis
2322 4141 2566 4208 correpti
2606 4144 2756 4198 sunt,
2793 4146 2852 4192 et
2887 4138 3113 4208 quidam
3147 4137 3318 4190 etiam
3351 4149 3495 4189 mor-

1907 4227 2008 4286 tui,
2034 4235 2097 4280 ut
2120 4228 2342 4281 illorum
2373 4229 2628 4298 exemplo
2645 4228 2832 4281 caeteri
2857 4228 3139 4281 discerent
3162 4242 3275 4279 non
3295 4224 3497 4278 debere

1907 4315 2133 4385 indigne
2165 4325 2220 4370 et
2247 4319 2594 4386 negligenter
2621 4335 2825 4388 corpus
2846 4317 3066 4371 Domini
3085 4331 3330 4370 sumere.

1981 4408 2133 4470 Quod
2159 4410 2209 4458 st
2228 4411 2573 4474 nosmetipsos
2592 4409 3056 4474 dajudicarcmus,
3077 4405 3134 4459 id
3153 4413 3242 4460 est
3262 4406 3502 4459 discute-

1910 4511 2100 4546 remus
2131 4501 2186 4547 et
2198 4495 2649 4549 examinaremus
2663 4496 2834 4549 vitam
2862 4504 3112 4550 nostram
3135 4501 3323 4549 utrum
3343 4495 3502 4563 digni

1911 4599 2161 4636 essemus
2190 4601 2384 4644 necne,
2409 4593 2466 4637 et
2485 4585 2814 4654 nosmetipsi
2832 4601 3050 4637 errores
3073 4589 3293 4637 nostros
3321 4584 3499 4637 corri-

1909 4689 2190 4741 geremus,
2218 4690 2328 4726 non
2359 4677 2547 4740 utique
2568 4677 2982 4742 jud-tcarcmur,
3002 4672 3057 4724 id
3087 4678 3172 4724 est
3200 4687 3312 4724 non
3344 4671 3502 4724 dam-

1909 4778 2177 4816 naremur
2204 4780 2238 4814 a
2273 4762 2514 4827 Christo,
2553 4778 2734 4831 neque
2771 4763 2829 4814 in
2857 4762 2961 4813 hoc
2984 4761 3204 4826 saeculo,
3227 4775 3413 4830 neque
3441 4760 3500 4814 in

1909 4851 2118 4905 futuro.

1982 4944 2124 4994 Dum
2143 4942 2477 5009 judicamur
2503 4944 2707 5003 autem,
2731 4955 2842 4992 non
2871 4939 2929 4991 in
2957 4938 3164 5008 paucis,
3189 4938 3246 4991 in
3284 4937 3395 4992 illis
3419 4937 3502 4992 vi-

221 5028 361 5079 berit
388 5029 642 5089 calicem,
675 5027 731 5080 id
763 5035 847 5080 est
874 5029 1206 5098 sanguinem
1242 5033 1464 5084 Domini
1488 5034 1735 5098 indigne,
1769 5033 1826 5085 id
1910 5031 2112 5083 delicet
2137 5032 2231 5101 qui
2260 5031 2618 5083 inﬁrmantur
2635 5035 2690 5080 et
2702 5027 3023 5081 febricitant
3042 5028 3100 5081 in
3117 5028 3220 5081 hoc
3242 5029 3504 5098 praesenti

218 5124 306 5169 est
329 5117 664 5188 quicunque
684 5116 1015 5187 sanguinem
1037 5124 1090 5170 et
1106 5135 1305 5190 corpus
1327 5122 1548 5174 Domini
1569 5139 1827 5192 sumpse-
1911 5126 1966 5172 et
1994 5119 2050 5172 in
2083 5119 2190 5172 illis
2221 5120 2389 5173 etiam
2438 5118 2533 5187 qui
2564 5117 2900 5182 moriuntur,
2931 5133 2967 5169 α
3003 5119 3234 5171 Domino
3264 5121 3505 5186 cor-ripi-

216 5207 295 5258 rit
323 5204 588 5274 indigne,
622 5220 747 5256 reus
785 5207 890 5257 erit
921 5208 1160 5272 corporis
1187 5211 1234 5258 ct
1254 5212 1549 5270 sanguinis
1581 5212 1821 5270 Ilomtm',
1911 5225 2060 5270 mur,
2088 5215 2143 5261 et
2172 5209 2524 5277 ﬂagellamur
2538 5222 2771 5276 corpore
2803 5222 2903 5276 per
2931 5207 3058 5260 illos
3081 5211 3146 5260 ut
3167 5207 3288 5277 ipso
3303 5207 3506 5261 timore

217 5293 274 5346 id
306 5300 397 5347 est
422 5310 618 5366 poenas
651 5300 887 5346 aeternas
909 5294 1037 5347 inde
1069 5296 1328 5360 exsolvet,
1355 5297 1461 5351 nisi
1500 5301 1830 5368 poenitentia
1912 5297 2213 5367 perterriti,
2274 5313 2383 5349 non
2439 5298 2776 5348 damnamur
2819 5297 3161 5349 azternaliter
3215 5313 3347 5349 cum
3411 5298 3507 5349 hoc

218 5383 403 5452 digna
453 5383 559 5436 hoc
589 5383 912 5453 expiaverit,
947 5383 1183 5455 aliisque
1216 5386 1372 5440 bonis
1405 5390 1684 5458 cperibUs.
1739 5392 1831 5442 lu-
1917 5374 2142 5448 mundo,
2178 5384 2231 5436 id
2261 5393 2348 5436 est
2375 5401 2499 5437 cum
2531 5383 2850 5438 inﬁdelibus
2877 5393 2935 5438 et
2965 5383 3311 5438 amatoribus
3337 5385 3505 5451 hujus

218 5473 394 5538 digne
429 5471 582 5535 dicit,
617 5471 670 5524 id
720 5476 804 5524 est
853 5471 1048 5526 ordine
1078 5488 1188 5525 non
1219 5475 1528 5540 observato,
1578 5477 1835 5529 videlicet
1915 5473 2129 5526 mundi.
2151 5471 2302 5525 Nihil
2323 5473 2471 5524 enim
2492 5474 2665 5526 distat
2685 5474 2754 5526 ab
2775 5472 3114 5543 inﬁdeli,qui
3138 5474 3506 5526 irreverenter

219 5560 317 5632 qui
341 5559 519 5614 aliter
548 5559 882 5630 mysterium
903 5555 1039 5613 illud
1073 5561 1317 5616 celebrat
1335 5565 1418 5617 vel
1444 5565 1636 5628 sumit,
1663 5580 1831 5633 quam
1917 5578 2043 5614 cum
2074 5560 2333 5615 omnibus
2363 5563 2604 5631 peccatis
2632 5562 3017 5617 criminalibus
3043 5557 3503 5622 commaculatus,
