  <div class='ocr_page' id='page_1' title='image "/cluster/home/n/w/nwhite01/storage/ocr_20150623/117/hvd.32044054759816/293.png"; bbox 0 0 3936 6164; ppageno 0'>
   <div class='ocr_carea' id='block_1_1' title="bbox 459 278 3659 345">
    <p class='ocr_par' dir='ltr' id='par_1_1' title="bbox 459 278 3659 345">
     <span class='ocr_line' id='line_1_1' title="bbox 459 278 3659 345; baseline 0.003 -12"><span class='ocrx_word' id='word_1_1' title='bbox 459 278 565 335; x_wconf 87' lang='lat'>575</span> <span class='ocrx_word' id='word_1_2' title='bbox 909 283 1287 344; x_wconf 81' lang='lat' dir='ltr'>HAYMONIS</span> <span class='ocrx_word' id='word_1_3' title='bbox 1315 289 1802 345; x_wconf 77' lang='lat' dir='ltr'>HALBERSTAT.</span> <span class='ocrx_word' id='word_1_4' title='bbox 1837 288 2060 344; x_wconf 85' lang='lat' dir='ltr'>EPISC.</span> <span class='ocrx_word' id='word_1_5' title='bbox 2093 289 2251 345; x_wconf 91' lang='lat' dir='ltr'>OPP.</span> <span class='ocrx_word' id='word_1_6' title='bbox 2285 289 2468 344; x_wconf 79' lang='lat' dir='ltr'>PARS</span> <span class='ocrx_word' id='word_1_7' title='bbox 2498 289 2541 343; x_wconf 92' lang='grc' dir='ltr'><strong>Ι.</strong></span> <span class='ocrx_word' id='word_1_8' title='bbox 2578 319 2641 330; x_wconf 95' lang='grc'><strong><em>-</em></strong></span> <span class='ocrx_word' id='word_1_9' title='bbox 2674 286 3047 343; x_wconf 84' lang='lat' dir='ltr'>COMMENT.</span> <span class='ocrx_word' id='word_1_10' title='bbox 3086 285 3261 340; x_wconf 91' lang='lat' dir='ltr'>BIBL.</span> <span class='ocrx_word' id='word_1_11' title='bbox 3572 289 3659 344; x_wconf 73' lang='grc'>476</span> 
     </span>
    </p>
   </div>
   <div class='ocr_carea' id='block_1_2' title="bbox 438 404 3669 486">
    <p class='ocr_par' dir='ltr' id='par_1_2' title="bbox 438 404 3669 486">
     <span class='ocr_line' id='line_1_2' title="bbox 438 404 3669 486; baseline 0.003 -29"><span class='ocrx_word' id='word_1_12' title='bbox 438 412 441 417; x_wconf 84' lang='lat'>&#39;</span> <span class='ocrx_word' id='word_1_13' title='bbox 463 404 536 458; x_wconf 87' lang='lat' dir='ltr'>ad</span> <span class='ocrx_word' id='word_1_14' title='bbox 566 421 821 461; x_wconf 87' lang='lat' dir='ltr'>mensam</span> <span class='ocrx_word' id='word_1_15' title='bbox 850 407 1074 464; x_wconf 82' lang='lat' dir='ltr'>Domini</span> <span class='ocrx_word' id='word_1_16' title='bbox 1104 416 1394 483; x_wconf 80' lang='lat' dir='ltr'>praesumit</span> <span class='ocrx_word' id='word_1_17' title='bbox 1422 416 1703 479; x_wconf 81' lang='lat' dir='ltr'>accedere,</span> <span class='ocrx_word' id='word_1_18' title='bbox 1738 416 1837 470; x_wconf 91' lang='lat' dir='ltr'>sed</span> <span class='ocrx_word' id='word_1_19' title='bbox 1868 415 2055 486; x_wconf 87' lang='lat' dir='ltr'>potius</span> <span class='ocrx_word' id='word_1_20' title='bbox 2073 418 2123 477; x_wconf 85' lang='grc' dir='ltr'><strong>Α</strong></span> <span class='ocrx_word' id='word_1_21' title='bbox 2143 420 2201 470; x_wconf 91' lang='lat' dir='ltr'>et</span> <span class='ocrx_word' id='word_1_22' title='bbox 2228 413 2577 486; x_wconf 90' lang='lat' dir='ltr'>coapostolos</span> <span class='ocrx_word' id='word_1_23' title='bbox 2608 414 2731 483; x_wconf 88' lang='lat' dir='ltr'>ejus</span> <span class='ocrx_word' id='word_1_24' title='bbox 2754 427 3019 483; x_wconf 80' lang='lat' dir='ltr'>spernere</span> <span class='ocrx_word' id='word_1_25' title='bbox 3035 425 3148 464; x_wconf 90' lang='lat' dir='ltr'>non</span> <span class='ocrx_word' id='word_1_26' title='bbox 3173 408 3363 464; x_wconf 87' lang='lat' dir='ltr'>debere</span> <span class='ocrx_word' id='word_1_27' title='bbox 3384 426 3486 466; x_wconf 71' lang='lat' dir='ltr'>suae</span> <span class='ocrx_word' id='word_1_28' title='bbox 3504 412 3669 467; x_wconf 87' lang='lat' dir='ltr'>salutis</span> 
     </span>
    </p>
   </div>
   <div class='ocr_carea' id='block_1_3' title="bbox 462 492 2437 574">
    <p class='ocr_par' dir='ltr' id='par_1_3' title="bbox 462 492 2437 574">
     <span class='ocr_line' id='line_1_3' title="bbox 462 492 2437 574; baseline 0.006 -29"><span class='ocrx_word' id='word_1_29' title='bbox 462 492 710 547; x_wconf 82' lang='lat' dir='ltr'>deterior</span> <span class='ocrx_word' id='word_1_30' title='bbox 738 501 822 549; x_wconf 90' lang='lat' dir='ltr'>est</span> <span class='ocrx_word' id='word_1_31' title='bbox 841 497 958 566; x_wconf 87' lang='lat' dir='ltr'>illo,</span> <span class='ocrx_word' id='word_1_32' title='bbox 971 503 1028 552; x_wconf 91' lang='lat' dir='ltr'>et</span> <span class='ocrx_word' id='word_1_33' title='bbox 1048 503 1246 571; x_wconf 82' lang='lat' dir='ltr'>majori</span> <span class='ocrx_word' id='word_1_34' title='bbox 1269 520 1433 573; x_wconf 73' lang='lat' dir='ltr'>poma</span> <span class='ocrx_word' id='word_1_35' title='bbox 1452 504 1676 573; x_wconf 86' lang='lat' dir='ltr'>dignus,</span> <span class='ocrx_word' id='word_1_36' title='bbox 1700 504 1833 574; x_wconf 83' lang='lat' dir='ltr'>quia</span> <span class='ocrx_word' id='word_1_37' title='bbox 1857 503 2057 556; x_wconf 90' lang='lat' dir='ltr'>melius</span> <span class='ocrx_word' id='word_1_38' title='bbox 2138 510 2437 558; x_wconf 80' lang='lat' dir='ltr'>amatores.</span> 
     </span>
    </p>
   </div>
   <div class='ocr_carea' id='block_1_4' title="bbox 462 583 3671 663">
    <p class='ocr_par' dir='ltr' id='par_1_4' title="bbox 462 583 3671 663">
     <span class='ocr_line' id='line_1_4' title="bbox 462 583 3671 663; baseline 0.003 -28"><span class='ocrx_word' id='word_1_39' title='bbox 462 587 549 636; x_wconf 89' lang='lat' dir='ltr'>est</span> <span class='ocrx_word' id='word_1_40' title='bbox 570 583 716 636; x_wconf 87' lang='lat' dir='ltr'>viam</span> <span class='ocrx_word' id='word_1_41' title='bbox 745 586 997 641; x_wconf 83' lang='lat' dir='ltr'>veritatis</span> <span class='ocrx_word' id='word_1_42' title='bbox 1023 605 1135 643; x_wconf 89' lang='lat' dir='ltr'>non</span> <span class='ocrx_word' id='word_1_43' title='bbox 1158 608 1512 661; x_wconf 85' lang='lat' dir='ltr'>cognoscere,</span> <span class='ocrx_word' id='word_1_44' title='bbox 1547 609 1714 663; x_wconf 89' lang='lat' dir='ltr'>quam</span> <span class='ocrx_word' id='word_1_45' title='bbox 1748 598 1873 663; x_wconf 88' lang='lat' dir='ltr'>post</span> <span class='ocrx_word' id='word_1_46' title='bbox 1906 592 2060 661; x_wconf 87' lang='lat' dir='ltr'>agni-</span> <span class='ocrx_word' id='word_1_47' title='bbox 2212 595 2357 656; x_wconf 80' lang='lat' dir='ltr'>Ideo,</span> <span class='ocrx_word' id='word_1_48' title='bbox 2382 591 2650 645; x_wconf 87' lang='lat' dir='ltr'>subaudis</span> <span class='ocrx_word' id='word_1_49' title='bbox 2681 590 2814 661; x_wconf 87' lang='lat' dir='ltr'>quia</span> <span class='ocrx_word' id='word_1_50' title='bbox 2844 589 3023 643; x_wconf 89' lang='lat' dir='ltr'>Deum</span> <span class='ocrx_word' id='word_1_51' title='bbox 3049 588 3389 657; x_wconf 88' lang='lat' dir='ltr'>cognovistis,</span> <span class='ocrx_word' id='word_1_52' title='bbox 3421 595 3472 641; x_wconf 89' lang='lat' dir='ltr'>et</span> <span class='ocrx_word' id='word_1_53' title='bbox 3489 590 3599 659; x_wconf 87' lang='lat' dir='ltr'>quia</span> <span class='ocrx_word' id='word_1_54' title='bbox 3615 591 3671 644; x_wconf 88' lang='lat' dir='ltr'>de</span> 
     </span>
    </p>
   </div>
   <div class='ocr_carea' id='block_1_5' title="bbox 461 668 3666 753">
    <p class='ocr_par' dir='ltr' id='par_1_5' title="bbox 461 668 3666 753">
     <span class='ocr_line' id='line_1_5' title="bbox 461 668 3666 753; baseline 0.003 -31"><span class='ocrx_word' id='word_1_55' title='bbox 461 668 675 724; x_wconf 88' lang='lat' dir='ltr'>tionem</span> <span class='ocrx_word' id='word_1_56' title='bbox 706 679 1016 729; x_wconf 87' lang='lat' dir='ltr'>retrorsum</span> <span class='ocrx_word' id='word_1_57' title='bbox 1047 677 1221 732; x_wconf 87' lang='lat' dir='ltr'>abire.</span> <span class='ocrx_word' id='word_1_58' title='bbox 2141 680 2531 753; x_wconf 83' lang='lat' dir='ltr'>spiritualibus</span> <span class='ocrx_word' id='word_1_59' title='bbox 2553 679 2839 751; x_wconf 83' lang='lat' dir='ltr'>mysteriis</span> <span class='ocrx_word' id='word_1_60' title='bbox 2859 679 2987 732; x_wconf 92' lang='lat' dir='ltr'>nolo</span> <span class='ocrx_word' id='word_1_61' title='bbox 3000 694 3095 731; x_wconf 90' lang='lat' dir='ltr'>vos</span> <span class='ocrx_word' id='word_1_62' title='bbox 3120 678 3428 746; x_wconf 74' lang='lat' dir='ltr'>ignorantes</span> <span class='ocrx_word' id='word_1_63' title='bbox 3453 677 3666 741; x_wconf 87' lang='lat' dir='ltr'>reddere,</span> 
     </span>
    </p>
   </div>
   <div class='ocr_carea' id='block_1_6' title="bbox 536 761 3670 838">
    <p class='ocr_par' dir='ltr' id='par_1_6' title="bbox 536 761 3670 838">
     <span class='ocr_line' id='line_1_6' title="bbox 536 761 3670 838; baseline 0.003 -26"><span class='ocrx_word' id='word_1_64' title='bbox 536 761 745 827; x_wconf 79' lang='lat' dir='ltr'>Itaque,</span> <span class='ocrx_word' id='word_1_65' title='bbox 780 764 987 828; x_wconf 77' lang='lat' dir='ltr'>fratres</span> <span class='ocrx_word' id='word_1_66' title='bbox 1008 770 1134 832; x_wconf 84' lang='lat' dir='ltr'>mei,</span> <span class='ocrx_word' id='word_1_67' title='bbox 1159 784 1285 821; x_wconf 84' lang='lat' dir='ltr'>cum</span> <span class='ocrx_word' id='word_1_68' title='bbox 1309 773 1607 823; x_wconf 79' lang='lat' dir='ltr'>convenitis</span> <span class='ocrx_word' id='word_1_69' title='bbox 1626 771 1699 823; x_wconf 87' lang='lat' dir='ltr'>ad</span> <span class='ocrx_word' id='word_1_70' title='bbox 1718 770 2063 823; x_wconf 85' lang='lat' dir='ltr'>manducan-</span> <span class='ocrx_word' id='word_1_71' title='bbox 2144 777 2339 826; x_wconf 87' lang='lat' dir='ltr'>notum</span> <span class='ocrx_word' id='word_1_72' title='bbox 2370 772 2516 824; x_wconf 69' lang='lat' dir='ltr'>vobis</span> <span class='ocrx_word' id='word_1_73' title='bbox 2527 772 2689 838; x_wconf 81' lang='lat' dir='ltr'>facio,</span> <span class='ocrx_word' id='word_1_74' title='bbox 2716 770 2859 838; x_wconf 86' lang='lat' dir='ltr'>quod</span> <span class='ocrx_word' id='word_1_75' title='bbox 2879 784 3034 822; x_wconf 87' lang='lat' dir='ltr'>nemo</span> <span class='ocrx_word' id='word_1_76' title='bbox 3057 770 3120 820; x_wconf 87' lang='lat' dir='ltr'>in</span> <span class='ocrx_word' id='word_1_77' title='bbox 3141 767 3354 834; x_wconf 81' lang='lat' dir='ltr'>Spiritu</span> <span class='ocrx_word' id='word_1_78' title='bbox 3369 768 3456 820; x_wconf 85' lang='lat' dir='ltr'>Dei</span> <span class='ocrx_word' id='word_1_79' title='bbox 3470 769 3670 834; x_wconf 80' lang='lat' dir='ltr'>loquens,</span> 
     </span>
    </p>
   </div>
   <div class='ocr_carea' id='block_1_7' title="bbox 464 848 3673 929">
    <p class='ocr_par' dir='ltr' id='par_1_7' title="bbox 464 848 3673 929">
     <span class='ocr_line' id='line_1_7' title="bbox 464 848 3673 929; baseline 0.003 -30"><span class='ocrx_word' id='word_1_80' title='bbox 464 848 601 901; x_wconf 87' lang='lat' dir='ltr'>dum</span> <span class='ocrx_word' id='word_1_81' title='bbox 631 864 833 920; x_wconf 90' lang='lat' dir='ltr'>corpus</span> <span class='ocrx_word' id='word_1_82' title='bbox 862 857 919 905; x_wconf 92' lang='lat' dir='ltr'>et</span> <span class='ocrx_word' id='word_1_83' title='bbox 945 856 1276 924; x_wconf 87' lang='lat' dir='ltr'>sanguinem</span> <span class='ocrx_word' id='word_1_84' title='bbox 1307 859 1515 912; x_wconf 85' lang='lat' dir='ltr'>Christi</span> <span class='ocrx_word' id='word_1_85' title='bbox 1540 860 1599 912; x_wconf 84' lang='lat' dir='ltr'>in</span> <span class='ocrx_word' id='word_1_86' title='bbox 1629 858 1889 919; x_wconf 89' lang='lat' dir='ltr'>Ecclesia,</span> <span class='ocrx_word' id='word_1_87' title='bbox 1912 861 2061 912; x_wconf 77' lang='lat' dir='ltr'>inui-</span> <span class='ocrx_word' id='word_1_88' title='bbox 2144 860 2201 913; x_wconf 91' lang='lat' dir='ltr'>id</span> <span class='ocrx_word' id='word_1_89' title='bbox 2231 864 2317 913; x_wconf 89' lang='lat' dir='ltr'>est</span> <span class='ocrx_word' id='word_1_90' title='bbox 2342 875 2508 913; x_wconf 91' lang='lat' dir='ltr'>nemo</span> <span class='ocrx_word' id='word_1_91' title='bbox 2530 858 2799 929; x_wconf 86' lang='lat' dir='ltr'>Spiritum</span> <span class='ocrx_word' id='word_1_92' title='bbox 2820 860 3078 910; x_wconf 86' lang='lat' dir='ltr'>sanctum</span> <span class='ocrx_word' id='word_1_93' title='bbox 3107 854 3331 918; x_wconf 85' lang='lat' dir='ltr'>habens,</span> <span class='ocrx_word' id='word_1_94' title='bbox 3348 861 3402 908; x_wconf 90' lang='lat' dir='ltr'>et</span> <span class='ocrx_word' id='word_1_95' title='bbox 3419 871 3509 924; x_wconf 89' lang='lat' dir='ltr'>per</span> <span class='ocrx_word' id='word_1_96' title='bbox 3527 856 3673 926; x_wconf 89' lang='lat' dir='ltr'>Spiri-</span> 
     </span>
    </p>
   </div>
   <div class='ocr_carea' id='block_1_8' title="bbox 464 943 3678 1018">
    <p class='ocr_par' dir='ltr' id='par_1_8' title="bbox 464 943 3678 1018">
     <span class='ocr_line' id='line_1_8' title="bbox 464 943 3678 1018; baseline 0.003 -31"><span class='ocrx_word' id='word_1_97' title='bbox 464 952 577 988; x_wconf 83' lang='lat' dir='ltr'>cem</span> <span class='ocrx_word' id='word_1_98' title='bbox 604 945 920 1006; x_wconf 72' lang='lat' dir='ltr'>exspectate,</span> <span class='ocrx_word' id='word_1_99' title='bbox 953 947 1018 996; x_wconf 92' lang='lat' dir='ltr'>ut</span> <span class='ocrx_word' id='word_1_100' title='bbox 1044 945 1351 1000; x_wconf 89' lang='lat' dir='ltr'>multorum</span> <span class='ocrx_word' id='word_1_101' title='bbox 1374 947 1581 1001; x_wconf 90' lang='lat' dir='ltr'>oblatio</span> <span class='ocrx_word' id='word_1_102' title='bbox 1613 948 1781 1000; x_wconf 90' lang='lat' dir='ltr'>simul</span> <span class='ocrx_word' id='word_1_103' title='bbox 1811 946 2060 1001; x_wconf 89' lang='lat' dir='ltr'>celebre-</span> <span class='ocrx_word' id='word_1_104' title='bbox 2144 953 2265 1003; x_wconf 89' lang='lat' dir='ltr'>tum</span> <span class='ocrx_word' id='word_1_105' title='bbox 2284 953 2542 1002; x_wconf 89' lang='lat' dir='ltr'>sanctum</span> <span class='ocrx_word' id='word_1_106' title='bbox 2563 945 3154 1018; x_wconf 87' lang='lat' dir='ltr'>loquens,quilinguas</span> <span class='ocrx_word' id='word_1_107' title='bbox 3174 943 3459 997; x_wconf 88' lang='lat' dir='ltr'>infantium</span> <span class='ocrx_word' id='word_1_108' title='bbox 3473 943 3590 997; x_wconf 80' lang='lat' dir='ltr'>facit</span> <span class='ocrx_word' id='word_1_109' title='bbox 3608 944 3678 997; x_wconf 87' lang='lat' dir='ltr'>di-</span> 
     </span>
    </p>
   </div>
   <div class='ocr_carea' id='block_1_9' title="bbox 462 1028 3680 1106">
    <p class='ocr_par' dir='ltr' id='par_1_9' title="bbox 462 1028 3680 1106">
     <span class='ocr_line' id='line_1_9' title="bbox 462 1028 3680 1106; baseline 0.003 -29"><span class='ocrx_word' id='word_1_110' title='bbox 462 1028 577 1090; x_wconf 90' lang='lat' dir='ltr'>tur,</span> <span class='ocrx_word' id='word_1_111' title='bbox 593 1030 651 1078; x_wconf 90' lang='lat' dir='ltr'>et</span> <span class='ocrx_word' id='word_1_112' title='bbox 678 1043 872 1083; x_wconf 91' lang='lat' dir='ltr'>omnes</span> <span class='ocrx_word' id='word_1_113' title='bbox 901 1034 1273 1088; x_wconf 87' lang='lat' dir='ltr'>communiter</span> <span class='ocrx_word' id='word_1_114' title='bbox 1295 1052 1360 1089; x_wconf 78' lang='lat' dir='ltr'>ex</span> <span class='ocrx_word' id='word_1_115' title='bbox 1383 1052 1493 1090; x_wconf 92' lang='lat' dir='ltr'>uno</span> <span class='ocrx_word' id='word_1_116' title='bbox 1509 1052 1653 1106; x_wconf 90' lang='lat' dir='ltr'>pane</span> <span class='ocrx_word' id='word_1_117' title='bbox 1681 1036 2061 1090; x_wconf 90' lang='lat' dir='ltr'>communice-</span> <span class='ocrx_word' id='word_1_118' title='bbox 2145 1038 2492 1103; x_wconf 84' lang='lat' dir='ltr'>sertas,dicit</span> <span class='ocrx_word' id='word_1_119' title='bbox 2512 1037 2964 1090; x_wconf 85' lang='lat' dir='ltr'>analhemaJesu.</span> <span class='ocrx_word' id='word_1_120' title='bbox 2990 1032 3057 1087; x_wconf 90' lang='lat' dir='ltr'>In</span> <span class='ocrx_word' id='word_1_121' title='bbox 3069 1031 3680 1087; x_wconf 85' lang='lat' dir='ltr'>decretisJustinianiim-</span> 
     </span>
    </p>
   </div>
   <div class='ocr_carea' id='block_1_10' title="bbox 464 1112 3681 1195">
    <p class='ocr_par' dir='ltr' id='par_1_10' title="bbox 464 1112 3681 1195">
     <span class='ocr_line' id='line_1_10' title="bbox 464 1112 3681 1195; baseline 0.003 -31"><span class='ocrx_word' id='word_1_122' title='bbox 464 1112 537 1165; x_wconf 87' lang='lat' dir='ltr'>tis</span> <span class='ocrx_word' id='word_1_123' title='bbox 569 1131 581 1164; x_wconf 88' lang='lat'><strong>:</strong></span> <span class='ocrx_word' id='word_1_124' title='bbox 615 1114 748 1185; x_wconf 88' lang='lat' dir='ltr'>quia</span> <span class='ocrx_word' id='word_1_125' title='bbox 773 1117 871 1171; x_wconf 88' lang='lat' dir='ltr'>illa</span> <span class='ocrx_word' id='word_1_126' title='bbox 895 1119 1105 1175; x_wconf 89' lang='lat' dir='ltr'>oblatio</span> <span class='ocrx_word' id='word_1_127' title='bbox 1132 1139 1278 1177; x_wconf 93' lang='lat' dir='ltr'>unus</span> <span class='ocrx_word' id='word_1_128' title='bbox 1318 1124 1477 1195; x_wconf 89' lang='lat' dir='ltr'>panis</span> <span class='ocrx_word' id='word_1_129' title='bbox 1507 1130 1611 1189; x_wconf 88' lang='lat' dir='ltr'>est,</span> <span class='ocrx_word' id='word_1_130' title='bbox 1652 1131 1710 1179; x_wconf 91' lang='lat' dir='ltr'>et</span> <span class='ocrx_word' id='word_1_131' title='bbox 1749 1124 2059 1179; x_wconf 81' lang='lat' dir='ltr'>communis</span> <span class='ocrx_word' id='word_1_132' title='bbox 2144 1126 2437 1195; x_wconf 85' lang='lat' dir='ltr'>peratoris,</span> <span class='ocrx_word' id='word_1_133' title='bbox 2470 1126 3088 1194; x_wconf 86' lang='lat' dir='ltr'>anathemaseparatus</span> <span class='ocrx_word' id='word_1_134' title='bbox 3115 1139 3148 1175; x_wconf 89' lang='lat' dir='ltr'>a</span> <span class='ocrx_word' id='word_1_135' title='bbox 3168 1122 3282 1175; x_wconf 91' lang='lat' dir='ltr'>Deo</span> <span class='ocrx_word' id='word_1_136' title='bbox 3303 1126 3531 1174; x_wconf 82' lang='lat' dir='ltr'>vocatur.</span> <span class='ocrx_word' id='word_1_137' title='bbox 3550 1122 3681 1191; x_wconf 85' lang='lat' dir='ltr'>Legi-</span> 
     </span>
    </p>
   </div>
   <div class='ocr_carea' id='block_1_11' title="bbox 465 1200 3682 1284">
    <p class='ocr_par' dir='ltr' id='par_1_11' title="bbox 465 1200 3682 1284">
     <span class='ocr_line' id='line_1_11' title="bbox 465 1200 3682 1284; baseline 0.003 -31"><span class='ocrx_word' id='word_1_138' title='bbox 465 1200 630 1255; x_wconf 91' lang='lat' dir='ltr'>debet</span> <span class='ocrx_word' id='word_1_139' title='bbox 655 1220 779 1258; x_wconf 90' lang='lat' dir='ltr'>esse</span> <span class='ocrx_word' id='word_1_140' title='bbox 808 1208 1084 1264; x_wconf 85' lang='lat' dir='ltr'>omnibus.</span> <span class='ocrx_word' id='word_1_141' title='bbox 2143 1222 2237 1269; x_wconf 89' lang='lat' dir='ltr'>tur</span> <span class='ocrx_word' id='word_1_142' title='bbox 2265 1221 2321 1269; x_wconf 89' lang='lat' dir='ltr'>et</span> <span class='ocrx_word' id='word_1_143' title='bbox 2342 1216 2398 1268; x_wconf 91' lang='lat' dir='ltr'>in</span> <span class='ocrx_word' id='word_1_144' title='bbox 2419 1214 2725 1268; x_wconf 89' lang='lat' dir='ltr'>canonibus</span> <span class='ocrx_word' id='word_1_145' title='bbox 2748 1229 2850 1284; x_wconf 89' lang='lat' dir='ltr'>pro</span> <span class='ocrx_word' id='word_1_146' title='bbox 2878 1211 3283 1265; x_wconf 89' lang='lat' dir='ltr'>maledictione.</span> <span class='ocrx_word' id='word_1_147' title='bbox 3307 1210 3521 1279; x_wconf 87' lang='lat' dir='ltr'>Legitur</span> <span class='ocrx_word' id='word_1_148' title='bbox 3535 1216 3585 1262; x_wconf 84' lang='lat' dir='ltr'>et</span> <span class='ocrx_word' id='word_1_149' title='bbox 3600 1226 3682 1279; x_wconf 88' lang='lat' dir='ltr'>pro</span> 
     </span>
    </p>
   </div>
   <div class='ocr_carea' id='block_1_12' title="bbox 535 1290 3684 1373">
    <p class='ocr_par' dir='ltr' id='par_1_12' title="bbox 535 1290 3684 1373">
     <span class='ocr_line' id='line_1_12' title="bbox 535 1290 3684 1373; baseline 0.002 -29"><span class='ocrx_word' id='word_1_150' title='bbox 535 1290 601 1344; x_wconf 89' lang='lat' dir='ltr'>Si</span> <span class='ocrx_word' id='word_1_151' title='bbox 638 1296 762 1358; x_wconf 83' lang='lat' dir='ltr'>quis</span> <span class='ocrx_word' id='word_1_152' title='bbox 793 1299 986 1360; x_wconf 82' lang='lat' dir='ltr'>esurit,</span> <span class='ocrx_word' id='word_1_153' title='bbox 1013 1298 1167 1351; x_wconf 85' lang='lat' dir='ltr'>domi</span> <span class='ocrx_word' id='word_1_154' title='bbox 1194 1302 1508 1365; x_wconf 83' lang='lat' dir='ltr'>manducet,</span> <span class='ocrx_word' id='word_1_155' title='bbox 1542 1301 1597 1355; x_wconf 90' lang='lat' dir='ltr'>id</span> <span class='ocrx_word' id='word_1_156' title='bbox 1630 1307 1717 1355; x_wconf 90' lang='lat' dir='ltr'>est</span> <span class='ocrx_word' id='word_1_157' title='bbox 1746 1302 1839 1372; x_wconf 92' lang='lat' dir='ltr'>qui</span> <span class='ocrx_word' id='word_1_158' title='bbox 1875 1302 2059 1371; x_wconf 84' lang='lat' dir='ltr'>impa-</span> <span class='ocrx_word' id='word_1_159' title='bbox 2142 1304 2434 1370; x_wconf 87' lang='lat' dir='ltr'>occisione,</span> <span class='ocrx_word' id='word_1_160' title='bbox 2450 1304 2729 1373; x_wconf 90' lang='lat' dir='ltr'>sicutipse</span> <span class='ocrx_word' id='word_1_161' title='bbox 2750 1301 3051 1372; x_wconf 80' lang='lat' dir='ltr'>Apostolus</span> <span class='ocrx_word' id='word_1_162' title='bbox 3084 1300 3165 1353; x_wconf 90' lang='lat' dir='ltr'>ait</span> <span class='ocrx_word' id='word_1_163' title='bbox 3183 1299 3239 1352; x_wconf 90' lang='lat' dir='ltr'>in</span> <span class='ocrx_word' id='word_1_164' title='bbox 3264 1298 3500 1368; x_wconf 89' lang='lat' dir='ltr'>Epistola</span> <span class='ocrx_word' id='word_1_165' title='bbox 3519 1298 3578 1351; x_wconf 90' lang='lat' dir='ltr'>ad</span> <span class='ocrx_word' id='word_1_166' title='bbox 3599 1298 3684 1351; x_wconf 87' lang='lat' dir='ltr'>Ro-</span> 
     </span>
    </p>
   </div>
   <div class='ocr_carea' id='block_1_13' title="bbox 464 1377 3684 1463">
    <p class='ocr_par' dir='ltr' id='par_1_13' title="bbox 464 1377 3684 1463">
     <span class='ocr_line' id='line_1_13' title="bbox 464 1377 3684 1463; baseline 0.002 -33"><span class='ocrx_word' id='word_1_167' title='bbox 464 1377 612 1432; x_wconf 90' lang='lat' dir='ltr'>tiens</span> <span class='ocrx_word' id='word_1_168' title='bbox 642 1386 728 1433; x_wconf 90' lang='lat' dir='ltr'>est</span> <span class='ocrx_word' id='word_1_169' title='bbox 757 1398 858 1435; x_wconf 91' lang='lat' dir='ltr'>nec</span> <span class='ocrx_word' id='word_1_170' title='bbox 884 1385 1003 1437; x_wconf 84' lang='lat' dir='ltr'>vult</span> <span class='ocrx_word' id='word_1_171' title='bbox 1022 1386 1283 1455; x_wconf 89' lang='lat' dir='ltr'>jejunare</span> <span class='ocrx_word' id='word_1_172' title='bbox 1312 1405 1439 1443; x_wconf 88' lang='lat' dir='ltr'>cum</span> <span class='ocrx_word' id='word_1_173' title='bbox 1479 1391 1713 1456; x_wconf 73' lang='lat' dir='ltr'>czeteris,</span> <span class='ocrx_word' id='word_1_174' title='bbox 1757 1390 1909 1443; x_wconf 90' lang='lat' dir='ltr'>domi</span> <span class='ocrx_word' id='word_1_175' title='bbox 1942 1395 2058 1444; x_wconf 88' lang='lat' dir='ltr'>ter-</span> <span class='ocrx_word' id='word_1_176' title='bbox 2142 1410 2339 1448; x_wconf 89' lang='lat' dir='ltr'>manos</span> <span class='ocrx_word' id='word_1_177' title='bbox 2353 1398 2414 1460; x_wconf 69' lang='grc' dir='ltr'>(ε.</span> <span class='ocrx_word' id='word_1_178' title='bbox 2440 1393 2513 1463; x_wconf 85' lang='lat' dir='ltr'>Ix)</span> <span class='ocrx_word' id='word_1_179' title='bbox 2545 1411 2555 1445; x_wconf 91' lang='lat'>:</span> <span class='ocrx_word' id='word_1_180' title='bbox 2596 1393 2859 1461; x_wconf 83' lang='lat' dir='ltr'>Optabam</span> <span class='ocrx_word' id='word_1_181' title='bbox 2884 1407 2974 1457; x_wconf 78' lang='lat' dir='ltr'>ego</span> <span class='ocrx_word' id='word_1_182' title='bbox 2991 1389 3288 1442; x_wconf 84' lang='lat' dir='ltr'>anathema</span> <span class='ocrx_word' id='word_1_183' title='bbox 3304 1403 3404 1439; x_wconf 85' lang='lat' dir='ltr'>csse</span> <span class='ocrx_word' id='word_1_184' title='bbox 3414 1401 3508 1453; x_wconf 83' lang='lat' dir='ltr'>pro</span> <span class='ocrx_word' id='word_1_185' title='bbox 3519 1387 3684 1451; x_wconf 79' lang='lat' dir='ltr'>fratri-</span> 
     </span>
    </p>
   </div>
   <div class='ocr_carea' id='block_1_14' title="bbox 465 1470 3686 1553">
    <p class='ocr_par' dir='ltr' id='par_1_14' title="bbox 465 1470 3686 1553">
     <span class='ocr_line' id='line_1_14' title="bbox 465 1470 3686 1553; baseline 0.002 -36"><span class='ocrx_word' id='word_1_186' title='bbox 465 1481 604 1519; x_wconf 90' lang='lat' dir='ltr'>reno</span> <span class='ocrx_word' id='word_1_187' title='bbox 625 1483 769 1536; x_wconf 88' lang='lat' dir='ltr'>pane</span> <span class='ocrx_word' id='word_1_188' title='bbox 791 1476 1063 1538; x_wconf 82' lang='lat' dir='ltr'>vescatur,</span> <span class='ocrx_word' id='word_1_189' title='bbox 1085 1480 1143 1527; x_wconf 86' lang='lat' dir='ltr'>ut</span> <span class='ocrx_word' id='word_1_190' title='bbox 1168 1492 1279 1530; x_wconf 86' lang='lat' dir='ltr'>non</span> <span class='ocrx_word' id='word_1_191' title='bbox 1301 1481 1363 1529; x_wconf 84' lang='lat' dir='ltr'>in</span> <span class='ocrx_word' id='word_1_192' title='bbox 1386 1479 1671 1545; x_wconf 78' lang='lat' dir='ltr'>judicium</span> <span class='ocrx_word' id='word_1_193' title='bbox 1699 1482 2054 1544; x_wconf 66' lang='lat' dir='ltr'>conveniatis,</span> <span class='ocrx_word' id='word_1_194' title='bbox 2145 1485 2261 1548; x_wconf 86' lang='lat' dir='ltr'>bus,</span> <span class='ocrx_word' id='word_1_195' title='bbox 2294 1483 2351 1536; x_wconf 88' lang='lat' dir='ltr'>id</span> <span class='ocrx_word' id='word_1_196' title='bbox 2378 1487 2481 1548; x_wconf 85' lang='lat' dir='ltr'>est,</span> <span class='ocrx_word' id='word_1_197' title='bbox 2506 1481 2767 1553; x_wconf 83' lang='lat' dir='ltr'>optabam</span> <span class='ocrx_word' id='word_1_198' title='bbox 2790 1478 3027 1533; x_wconf 74' lang='lat' dir='ltr'>interfici</span> <span class='ocrx_word' id='word_1_199' title='bbox 3054 1494 3154 1548; x_wconf 91' lang='lat' dir='ltr'>pro</span> <span class='ocrx_word' id='word_1_200' title='bbox 3184 1476 3264 1530; x_wconf 88' lang='lat' dir='ltr'>eis</span> <span class='ocrx_word' id='word_1_201' title='bbox 3288 1470 3575 1528; x_wconf 88' lang='lat' dir='ltr'>secundum</span> <span class='ocrx_word' id='word_1_202' title='bbox 3591 1484 3686 1525; x_wconf 67' lang='lat' dir='ltr'>can</span> 
     </span>
    </p>
   </div>
   <div class='ocr_carea' id='block_1_15' title="bbox 465 1552 3686 1641">
    <p class='ocr_par' dir='ltr' id='par_1_15' title="bbox 465 1552 3686 1641">
     <span class='ocr_line' id='line_1_15' title="bbox 465 1552 3686 1641; baseline 0.002 -36"><span class='ocrx_word' id='word_1_203' title='bbox 465 1552 526 1605; x_wconf 90' lang='lat' dir='ltr'>id</span> <span class='ocrx_word' id='word_1_204' title='bbox 553 1562 639 1608; x_wconf 89' lang='lat' dir='ltr'>est</span> <span class='ocrx_word' id='word_1_205' title='bbox 665 1573 735 1610; x_wconf 92' lang='lat' dir='ltr'>ne</span> <span class='ocrx_word' id='word_1_206' title='bbox 768 1574 968 1630; x_wconf 88' lang='lat' dir='ltr'>corpus</span> <span class='ocrx_word' id='word_1_207' title='bbox 997 1563 1204 1617; x_wconf 87' lang='lat' dir='ltr'>Christi</span> <span class='ocrx_word' id='word_1_208' title='bbox 1246 1567 1764 1636; x_wconf 88' lang='lat' dir='ltr'>reprehensibiliter</span> <span class='ocrx_word' id='word_1_209' title='bbox 1792 1567 2062 1637; x_wconf 85' lang='lat' dir='ltr'>percipia-</span> <span class='ocrx_word' id='word_1_210' title='bbox 2142 1589 2291 1626; x_wconf 89' lang='lat' dir='ltr'>nem.</span> <span class='ocrx_word' id='word_1_211' title='bbox 2323 1572 2558 1626; x_wconf 87' lang='lat' dir='ltr'>Ponitur</span> <span class='ocrx_word' id='word_1_212' title='bbox 2578 1576 2635 1624; x_wconf 91' lang='lat' dir='ltr'>et</span> <span class='ocrx_word' id='word_1_213' title='bbox 2662 1587 2762 1641; x_wconf 89' lang='lat' dir='ltr'>pro</span> <span class='ocrx_word' id='word_1_214' title='bbox 2788 1567 3223 1631; x_wconf 87' lang='lat' dir='ltr'>abominatione,</span> <span class='ocrx_word' id='word_1_215' title='bbox 3247 1565 3335 1618; x_wconf 89' lang='lat' dir='ltr'>hic</span> <span class='ocrx_word' id='word_1_216' title='bbox 3362 1579 3482 1616; x_wconf 92' lang='lat' dir='ltr'>vero</span> <span class='ocrx_word' id='word_1_217' title='bbox 3509 1577 3595 1632; x_wconf 88' lang='lat' dir='ltr'>pro</span> <span class='ocrx_word' id='word_1_218' title='bbox 3620 1576 3686 1613; x_wconf 84' lang='lat' dir='ltr'>se-</span> 
     </span>
    </p>
   </div>
   <div class='ocr_carea' id='block_1_16' title="bbox 464 1641 3685 1733">
    <p class='ocr_par' dir='ltr' id='par_1_16' title="bbox 464 1641 3685 1733">
     <span class='ocr_line' id='line_1_16' title="bbox 464 1641 3685 1733; baseline 0.002 -38"><span class='ocrx_word' id='word_1_219' title='bbox 464 1641 540 1733; x_wconf 74' lang='lat' dir='ltr'>tis</span> <span class='ocrx_word' id='word_1_220' title='bbox 569 1643 641 1697; x_wconf 90' lang='lat' dir='ltr'>ad</span> <span class='ocrx_word' id='word_1_221' title='bbox 668 1646 1084 1704; x_wconf 82' lang='lat' dir='ltr'>damnationem</span> <span class='ocrx_word' id='word_1_222' title='bbox 1116 1658 1376 1708; x_wconf 87' lang='lat' dir='ltr'>vestram.</span> <span class='ocrx_word' id='word_1_223' title='bbox 1412 1657 1612 1709; x_wconf 69' lang='lat' dir='ltr'>Caetera</span> <span class='ocrx_word' id='word_1_224' title='bbox 1632 1657 2060 1723; x_wconf 88' lang='lat' dir='ltr'>autem,subau-</span> <span class='ocrx_word' id='word_1_225' title='bbox 2143 1661 2436 1733; x_wconf 80' lang='lat' dir='ltr'>paratione</span> <span class='ocrx_word' id='word_1_226' title='bbox 2462 1660 2707 1731; x_wconf 86' lang='lat' dir='ltr'>ponitur.</span> <span class='ocrx_word' id='word_1_227' title='bbox 2735 1660 2932 1729; x_wconf 88' lang='lat' dir='ltr'>Itaque</span> <span class='ocrx_word' id='word_1_228' title='bbox 2969 1657 3157 1710; x_wconf 88' lang='lat' dir='ltr'>nullus</span> <span class='ocrx_word' id='word_1_229' title='bbox 3197 1654 3404 1725; x_wconf 88' lang='lat' dir='ltr'>Spiritu</span> <span class='ocrx_word' id='word_1_230' title='bbox 3436 1651 3529 1706; x_wconf 91' lang='lat' dir='ltr'>Dei</span> <span class='ocrx_word' id='word_1_231' title='bbox 3553 1650 3685 1704; x_wconf 86' lang='lat' dir='ltr'>afﬂa-</span> 
     </span>
    </p>
   </div>
   <div class='ocr_carea' id='block_1_17' title="bbox 467 1729 3686 1820">
    <p class='ocr_par' dir='ltr' id='par_1_17' title="bbox 467 1729 3686 1820">
     <span class='ocr_line' id='line_1_17' title="bbox 467 1729 3686 1820; baseline 0.003 -36"><span class='ocrx_word' id='word_1_232' title='bbox 467 1729 554 1783; x_wconf 89' lang='lat' dir='ltr'>dis</span> <span class='ocrx_word' id='word_1_233' title='bbox 585 1749 708 1802; x_wconf 65' lang='lat' dir='ltr'>qum</span> <span class='ocrx_word' id='word_1_234' title='bbox 755 1742 972 1792; x_wconf 84' lang='lat' dir='ltr'>restant</span> <span class='ocrx_word' id='word_1_235' title='bbox 999 1741 1338 1811; x_wconf 87' lang='lat' dir='ltr'>inordinata,</span> <span class='ocrx_word' id='word_1_236' title='bbox 1371 1762 1497 1799; x_wconf 80' lang='lat' dir='ltr'>cum</span> <span class='ocrx_word' id='word_1_237' title='bbox 1536 1761 1730 1799; x_wconf 85' lang='lat' dir='ltr'>venero</span> <span class='ocrx_word' id='word_1_238' title='bbox 1767 1747 2057 1813; x_wconf 82' lang='lat' dir='ltr'>disponam</span> <span class='ocrx_word' id='word_1_239' title='bbox 2078 1735 2124 1795; x_wconf 89' lang='grc' dir='ltr'><strong>Β</strong></span> <span class='ocrx_word' id='word_1_240' title='bbox 2143 1729 2234 1806; x_wconf 75' lang='lat' dir='ltr'>tus</span> <span class='ocrx_word' id='word_1_241' title='bbox 2254 1751 2389 1804; x_wconf 88' lang='lat' dir='ltr'>dicit</span> <span class='ocrx_word' id='word_1_242' title='bbox 2405 1729 2512 1820; x_wconf 79' lang='lat' dir='ltr'>ipsi</span> <span class='ocrx_word' id='word_1_243' title='bbox 2532 1751 2561 1803; x_wconf 90' lang='lat' dir='ltr'>J</span> <span class='ocrx_word' id='word_1_244' title='bbox 2566 1765 2665 1803; x_wconf 91' lang='lat' dir='ltr'>esu</span> <span class='ocrx_word' id='word_1_245' title='bbox 2686 1766 2696 1799; x_wconf 88' lang='lat'><strong>:</strong></span> <span class='ocrx_word' id='word_1_246' title='bbox 2715 1749 2797 1802; x_wconf 90' lang='lat' dir='ltr'>Tu</span> <span class='ocrx_word' id='word_1_247' title='bbox 2828 1764 2886 1800; x_wconf 93' lang='lat' dir='ltr'>es</span> <span class='ocrx_word' id='word_1_248' title='bbox 2907 1746 3229 1810; x_wconf 85' lang='lat' dir='ltr'>anathema,</span> <span class='ocrx_word' id='word_1_249' title='bbox 3259 1743 3315 1797; x_wconf 90' lang='lat' dir='ltr'>id</span> <span class='ocrx_word' id='word_1_250' title='bbox 3338 1748 3419 1796; x_wconf 90' lang='lat' dir='ltr'>est</span> <span class='ocrx_word' id='word_1_251' title='bbox 3436 1745 3686 1812; x_wconf 86' lang='lat' dir='ltr'>separatus</span> 
     </span>
    </p>
   </div>
   <div class='ocr_carea' id='block_1_18' title="bbox 2145 1828 3686 1908">
    <p class='ocr_par' dir='ltr' id='par_1_18' title="bbox 2145 1828 3686 1908">
     <span class='ocr_line' id='line_1_18' title="bbox 2145 1828 3686 1908; baseline -0.009 -13"><span class='ocrx_word' id='word_1_252' title='bbox 2145 1857 2178 1894; x_wconf 90' lang='lat' dir='ltr'>a</span> <span class='ocrx_word' id='word_1_253' title='bbox 2206 1841 2322 1895; x_wconf 91' lang='lat' dir='ltr'>Deo</span> <span class='ocrx_word' id='word_1_254' title='bbox 2356 1840 2521 1893; x_wconf 87' lang='lat' dir='ltr'>Patre</span> <span class='ocrx_word' id='word_1_255' title='bbox 2556 1844 2614 1892; x_wconf 88' lang='lat' dir='ltr'>et</span> <span class='ocrx_word' id='word_1_256' title='bbox 2636 1837 2848 1908; x_wconf 87' lang='lat' dir='ltr'>Spiritu</span> <span class='ocrx_word' id='word_1_257' title='bbox 2879 1841 3090 1900; x_wconf 88' lang='lat' dir='ltr'>sancto,</span> <span class='ocrx_word' id='word_1_258' title='bbox 3124 1838 3182 1887; x_wconf 91' lang='lat' dir='ltr'>et</span> <span class='ocrx_word' id='word_1_259' title='bbox 3206 1832 3391 1902; x_wconf 87' lang='lat' dir='ltr'>aliqua</span> <span class='ocrx_word' id='word_1_260' title='bbox 3409 1836 3553 1902; x_wconf 86' lang='lat' dir='ltr'>parte</span> <span class='ocrx_word' id='word_1_261' title='bbox 3570 1828 3686 1882; x_wconf 85' lang='lat' dir='ltr'>infe-</span> 
     </span>
    </p>
   </div>
   <div class='ocr_carea' id='block_1_19' title="bbox 1067 1885 3686 1998">
    <p class='ocr_par' dir='ltr' id='par_1_19' title="bbox 1067 1885 3686 1998">
     <span class='ocr_line' id='line_1_19' title="bbox 1067 1885 3686 1998; baseline 0.002 -31"><span class='ocrx_word' id='word_1_262' title='bbox 1067 1885 1300 1940; x_wconf 74' lang='lat' dir='ltr'>CAPUT</span> <span class='ocrx_word' id='word_1_263' title='bbox 1328 1888 1451 1942; x_wconf 74' lang='grc' dir='ltr'>ΧΠ·</span> <span class='ocrx_word' id='word_1_264' title='bbox 2144 1929 2276 1983; x_wconf 90' lang='lat' dir='ltr'>rior.</span> <span class='ocrx_word' id='word_1_265' title='bbox 2328 1930 2443 1982; x_wconf 83' lang='lat' dir='ltr'>Hoc</span> <span class='ocrx_word' id='word_1_266' title='bbox 2482 1885 2709 1998; x_wconf 62' lang='lat' dir='ltr'>quidam</span> <span class='ocrx_word' id='word_1_267' title='bbox 2756 1924 3142 1980; x_wconf 80' lang='lat' dir='ltr'>haereticorum</span> <span class='ocrx_word' id='word_1_268' title='bbox 3175 1922 3364 1975; x_wconf 83' lang='lat' dir='ltr'>vesani</span> <span class='ocrx_word' id='word_1_269' title='bbox 3399 1919 3686 1973; x_wconf 88' lang='lat' dir='ltr'>insaniendo</span> 
     </span>
    </p>
   </div>
   <div class='ocr_carea' id='block_1_20' title="bbox 542 1994 3686 2083">
    <p class='ocr_par' dir='ltr' id='par_1_20' title="bbox 542 1994 3686 2083">
     <span class='ocr_line' id='line_1_20' title="bbox 542 1994 3686 2083; baseline 0.003 -29"><span class='ocrx_word' id='word_1_270' title='bbox 542 2003 1017 2070; x_wconf 83' lang='lat' dir='ltr'>Despiritualibus</span> <span class='ocrx_word' id='word_1_271' title='bbox 1032 1994 2062 2083; x_wconf 67' lang='lat' dir='ltr'>autem,subaudisinysteriismotovos</span> <span class='ocrx_word' id='word_1_272' title='bbox 2144 2019 2332 2072; x_wconf 76' lang='lat' dir='ltr'>dicere</span> <span class='ocrx_word' id='word_1_273' title='bbox 2356 2034 2470 2072; x_wconf 83' lang='lat' dir='ltr'>non</span> <span class='ocrx_word' id='word_1_274' title='bbox 2499 2017 2835 2079; x_wconf 87' lang='lat' dir='ltr'>timuerunt;</span> <span class='ocrx_word' id='word_1_275' title='bbox 2877 2014 3080 2067; x_wconf 89' lang='lat' dir='ltr'>idcirco</span> <span class='ocrx_word' id='word_1_276' title='bbox 3123 2012 3490 2075; x_wconf 88' lang='lat' dir='ltr'>anathemate,</span> <span class='ocrx_word' id='word_1_277' title='bbox 3527 2008 3576 2061; x_wconf 94' lang='lat' dir='ltr'>id</span> <span class='ocrx_word' id='word_1_278' title='bbox 3617 2010 3686 2061; x_wconf 82' lang='lat' dir='ltr'>est</span> 
     </span>
    </p>
   </div>
   <div class='ocr_carea' id='block_1_21' title="bbox 465 2089 2041 2178">
    <p class='ocr_par' dir='ltr' id='par_1_21' title="bbox 465 2089 2035 2170">
     <span class='ocr_line' id='line_1_21' title="bbox 465 2089 2035 2170; baseline 0.009 -30"><span class='ocrx_word' id='word_1_279' title='bbox 465 2089 980 2163; x_wconf 60' lang='lat' dir='ltr'>ignorarefratres,</span> <span class='ocrx_word' id='word_1_280' title='bbox 995 2097 1052 2150; x_wconf 92' lang='lat' dir='ltr'>id</span> <span class='ocrx_word' id='word_1_281' title='bbox 1070 2103 1155 2152; x_wconf 89' lang='lat' dir='ltr'>est</span> <span class='ocrx_word' id='word_1_282' title='bbox 1174 2100 1303 2153; x_wconf 92' lang='lat' dir='ltr'>nolo</span> <span class='ocrx_word' id='word_1_283' title='bbox 1322 2117 1418 2153; x_wconf 90' lang='lat' dir='ltr'>vos</span> <span class='ocrx_word' id='word_1_284' title='bbox 1447 2101 1771 2170; x_wconf 84' lang='lat' dir='ltr'>ignorantes</span> <span class='ocrx_word' id='word_1_285' title='bbox 1799 2101 2035 2154; x_wconf 89' lang='lat' dir='ltr'>reddere</span> 
     </span>
    </p>
   </div>
   <div class='ocr_carea' id='block_1_22' title="bbox 2127 2089 3685 2178">
    <p class='ocr_par' dir='ltr' id='par_1_22' title="bbox 2141 2098 3685 2178">
     <span class='ocr_line' id='line_1_22' title="bbox 2141 2098 3685 2178; baseline -0.009 -16"><span class='ocrx_word' id='word_1_286' title='bbox 2141 2107 2496 2178; x_wconf 89' lang='lat' dir='ltr'>separatione</span> <span class='ocrx_word' id='word_1_287' title='bbox 2526 2122 2560 2159; x_wconf 88' lang='lat' dir='ltr'>a</span> <span class='ocrx_word' id='word_1_288' title='bbox 2588 2105 2723 2166; x_wconf 91' lang='lat' dir='ltr'>Deo,</span> <span class='ocrx_word' id='word_1_289' title='bbox 2757 2103 3001 2158; x_wconf 88' lang='lat' dir='ltr'>Ecclesia</span> <span class='ocrx_word' id='word_1_290' title='bbox 3027 2100 3272 2173; x_wconf 89' lang='lat' dir='ltr'>perculsi</span> <span class='ocrx_word' id='word_1_291' title='bbox 3300 2104 3450 2155; x_wconf 88' lang='lat' dir='ltr'>sunt.</span> <span class='ocrx_word' id='word_1_292' title='bbox 3480 2098 3537 2152; x_wconf 86' lang='lat' dir='ltr'>Et</span> <span class='ocrx_word' id='word_1_293' title='bbox 3557 2111 3685 2149; x_wconf 81' lang='lat' dir='ltr'>nemo</span> 
     </span>
    </p>
   </div>
   <div class='ocr_carea' id='block_1_23' title="bbox 533 2178 3688 2265">
    <p class='ocr_par' dir='ltr' id='par_1_23' title="bbox 533 2178 3688 2265">
     <span class='ocr_line' id='line_1_23' title="bbox 533 2178 3688 2265; baseline 0.001 -33"><span class='ocrx_word' id='word_1_294' title='bbox 533 2178 704 2234; x_wconf 82' lang='lat' dir='ltr'>Scitis</span> <span class='ocrx_word' id='word_1_295' title='bbox 724 2188 908 2237; x_wconf 86' lang='lat' dir='ltr'>autem</span> <span class='ocrx_word' id='word_1_296' title='bbox 927 2191 1192 2252; x_wconf 85' lang='lat' dir='ltr'>quoniam</span> <span class='ocrx_word' id='word_1_297' title='bbox 1206 2205 1331 2242; x_wconf 90' lang='lat' dir='ltr'>cum</span> <span class='ocrx_word' id='word_1_298' title='bbox 1347 2196 1526 2256; x_wconf 82' lang='lat' dir='ltr'>gentes</span> <span class='ocrx_word' id='word_1_299' title='bbox 1538 2193 1735 2243; x_wconf 81' lang='lat' dir='ltr'>essetis.</span> <span class='ocrx_word' id='word_1_300' title='bbox 1753 2190 2061 2243; x_wconf 88' lang='lat' dir='ltr'>Reducitur</span> <span class='ocrx_word' id='word_1_301' title='bbox 2138 2201 2305 2265; x_wconf 77' lang='lat' dir='ltr'>potest</span> <span class='ocrx_word' id='word_1_302' title='bbox 2334 2198 2510 2249; x_wconf 80' lang='lat' dir='ltr'>dicere</span> <span class='ocrx_word' id='word_1_303' title='bbox 2537 2196 2803 2248; x_wconf 84' lang='lat' dir='ltr'>Dominus</span> <span class='ocrx_word' id='word_1_304' title='bbox 2835 2195 3005 2256; x_wconf 84' lang='lat' dir='ltr'>Jesus,</span> <span class='ocrx_word' id='word_1_305' title='bbox 3044 2194 3158 2244; x_wconf 85' lang='lat' dir='ltr'>nisi</span> <span class='ocrx_word' id='word_1_306' title='bbox 3184 2194 3248 2243; x_wconf 87' lang='lat' dir='ltr'>in</span> <span class='ocrx_word' id='word_1_307' title='bbox 3277 2189 3487 2256; x_wconf 79' lang='lat' dir='ltr'>Spiritu</span> <span class='ocrx_word' id='word_1_308' title='bbox 3513 2188 3688 2239; x_wconf 85' lang='lat' dir='ltr'>sancto.</span> 
     </span>
    </p>
   </div>
   <div class='ocr_carea' id='block_1_24' title="bbox 466 2263 3690 2353">
    <p class='ocr_par' dir='ltr' id='par_1_24' title="bbox 466 2263 3690 2353">
     <span class='ocr_line' id='line_1_24' title="bbox 466 2263 3690 2353; baseline 0.005 -33"><span class='ocrx_word' id='word_1_309' title='bbox 466 2263 536 2317; x_wconf 87' lang='lat' dir='ltr'>ab</span> <span class='ocrx_word' id='word_1_310' title='bbox 563 2268 828 2338; x_wconf 87' lang='lat' dir='ltr'>Apostolo</span> <span class='ocrx_word' id='word_1_311' title='bbox 861 2272 1167 2329; x_wconf 90' lang='lat' dir='ltr'>Corinthiis</span> <span class='ocrx_word' id='word_1_312' title='bbox 1197 2277 1320 2331; x_wconf 80' lang='lat' dir='ltr'>vitae</span> <span class='ocrx_word' id='word_1_313' title='bbox 1347 2278 1595 2347; x_wconf 68' lang='lat' dir='ltr'>pristinae</span> <span class='ocrx_word' id='word_1_314' title='bbox 1624 2279 1969 2332; x_wconf 87' lang='lat' dir='ltr'>conversatio</span> <span class='ocrx_word' id='word_1_315' title='bbox 1999 2279 2057 2331; x_wconf 91' lang='lat' dir='ltr'>in</span> <span class='ocrx_word' id='word_1_316' title='bbox 2139 2263 2206 2339; x_wconf 62' lang='lat' dir='ltr'>in</span> <span class='ocrx_word' id='word_1_317' title='bbox 2234 2301 2395 2338; x_wconf 81' lang='lat' dir='ltr'>sacra</span> <span class='ocrx_word' id='word_1_318' title='bbox 2424 2284 2715 2353; x_wconf 85' lang='lat' dir='ltr'>Scriptura</span> <span class='ocrx_word' id='word_1_319' title='bbox 2729 2282 2911 2335; x_wconf 89' lang='lat' dir='ltr'>dicere</span> <span class='ocrx_word' id='word_1_320' title='bbox 2927 2279 3229 2351; x_wconf 88' lang='lat' dir='ltr'>aliquando</span> <span class='ocrx_word' id='word_1_321' title='bbox 3252 2293 3350 2349; x_wconf 90' lang='lat' dir='ltr'>pro</span> <span class='ocrx_word' id='word_1_322' title='bbox 3366 2274 3690 2345; x_wconf 52' lang='lat' dir='ltr'>simplicis”-</span> 
     </span>
    </p>
   </div>
   <div class='ocr_carea' id='block_1_25' title="bbox 433 2355 3689 2442">
    <p class='ocr_par' dir='ltr' id='par_1_25' title="bbox 433 2355 3689 2442">
     <span class='ocr_line' id='line_1_25' title="bbox 433 2355 3689 2442; baseline 0.002 -35"><span class='ocrx_word' id='word_1_323' title='bbox 433 2402 437 2406; x_wconf 80' lang='lat'>.</span> <span class='ocrx_word' id='word_1_324' title='bbox 464 2355 747 2423; x_wconf 88' lang='lat' dir='ltr'>notitiam,</span> <span class='ocrx_word' id='word_1_325' title='bbox 772 2365 831 2413; x_wconf 90' lang='lat' dir='ltr'>ut</span> <span class='ocrx_word' id='word_1_326' title='bbox 872 2377 937 2414; x_wconf 88' lang='lat' dir='ltr'>ex</span> <span class='ocrx_word' id='word_1_327' title='bbox 964 2364 1087 2432; x_wconf 88' lang='lat' dir='ltr'>ejus</span> <span class='ocrx_word' id='word_1_328' title='bbox 1116 2366 1562 2419; x_wconf 86' lang='lat' dir='ltr'>consideratione</span> <span class='ocrx_word' id='word_1_329' title='bbox 1592 2375 1845 2421; x_wconf 85' lang='lat' dir='ltr'>crescant</span> <span class='ocrx_word' id='word_1_330' title='bbox 1872 2368 1933 2420; x_wconf 90' lang='lat' dir='ltr'>in</span> <span class='ocrx_word' id='word_1_331' title='bbox 1964 2383 2060 2421; x_wconf 86' lang='lat' dir='ltr'>no-</span> <span class='ocrx_word' id='word_1_332' title='bbox 2141 2390 2306 2427; x_wconf 89' lang='lat' dir='ltr'>mone</span> <span class='ocrx_word' id='word_1_333' title='bbox 2336 2373 2626 2442; x_wconf 89' lang='lat' dir='ltr'>accipitur,</span> <span class='ocrx_word' id='word_1_334' title='bbox 2653 2378 2717 2425; x_wconf 91' lang='lat' dir='ltr'>ut</span> <span class='ocrx_word' id='word_1_335' title='bbox 2739 2376 2819 2424; x_wconf 85' lang='lat' dir='ltr'>est</span> <span class='ocrx_word' id='word_1_336' title='bbox 2844 2386 2954 2423; x_wconf 87' lang='lat' dir='ltr'>non</span> <span class='ocrx_word' id='word_1_337' title='bbox 2975 2371 3155 2422; x_wconf 82' lang='lat' dir='ltr'>omnis</span> <span class='ocrx_word' id='word_1_338' title='bbox 3175 2370 3277 2435; x_wconf 80' lang='lat' dir='ltr'>qui</span> <span class='ocrx_word' id='word_1_339' title='bbox 3299 2366 3431 2420; x_wconf 81' lang='lat' dir='ltr'>dicit</span> <span class='ocrx_word' id='word_1_340' title='bbox 3452 2363 3689 2429; x_wconf 55' lang='lat' dir='ltr'>mihi,Doc</span> 
     </span>
    </p>
   </div>
   <div class='ocr_carea' id='block_1_26' title="bbox 468 2448 3686 2527">
    <p class='ocr_par' dir='ltr' id='par_1_26' title="bbox 468 2448 3686 2527">
     <span class='ocr_line' id='line_1_26' title="bbox 468 2448 3686 2527; baseline -0.005 -10"><span class='ocrx_word' id='word_1_341' title='bbox 468 2461 591 2499; x_wconf 72' lang='lat' dir='ltr'>Vam</span> <span class='ocrx_word' id='word_1_342' title='bbox 620 2451 1117 2518; x_wconf 62' lang='lat' dir='ltr'>conversationem,</span> <span class='ocrx_word' id='word_1_343' title='bbox 1151 2456 1414 2525; x_wconf 82' lang='lat' dir='ltr'>quoniam</span> <span class='ocrx_word' id='word_1_344' title='bbox 1443 2456 1587 2509; x_wconf 73' lang='lat' dir='ltr'>Sicut</span> <span class='ocrx_word' id='word_1_345' title='bbox 1609 2456 1847 2526; x_wconf 70' lang='lat' dir='ltr'>gentiles</span> <span class='ocrx_word' id='word_1_346' title='bbox 1876 2456 2060 2509; x_wconf 73' lang='lat' dir='ltr'>Viven-</span> <span class='ocrx_word' id='word_1_347' title='bbox 2140 2462 2805 2527; x_wconf 80' lang='lat' dir='ltr'>mine,Domine,intrabit</span> <span class='ocrx_word' id='word_1_348' title='bbox 2818 2463 2880 2512; x_wconf 89' lang='lat' dir='ltr'>in</span> <span class='ocrx_word' id='word_1_349' title='bbox 2892 2448 3686 2525; x_wconf 54' lang='lat' dir='ltr'>regnumcalorumhilatthwn).</span> 
     </span>
    </p>
   </div>
   <div class='ocr_carea' id='block_1_27' title="bbox 467 2534 3686 2621">
    <p class='ocr_par' dir='ltr' id='par_1_27' title="bbox 467 2534 3686 2621">
     <span class='ocr_line' id='line_1_27' title="bbox 467 2534 3686 2621; baseline 0.004 -37"><span class='ocrx_word' id='word_1_350' title='bbox 467 2536 555 2585; x_wconf 84' lang='lat' dir='ltr'>tes</span> <span class='ocrx_word' id='word_1_351' title='bbox 583 2534 875 2591; x_wconf 86' lang='lat' dir='ltr'>fervebant</span> <span class='ocrx_word' id='word_1_352' title='bbox 904 2539 963 2592; x_wconf 90' lang='lat' dir='ltr'>in</span> <span class='ocrx_word' id='word_1_353' title='bbox 996 2542 1286 2596; x_wconf 88' lang='lat' dir='ltr'>mendacio</span> <span class='ocrx_word' id='word_1_354' title='bbox 1333 2549 1389 2597; x_wconf 89' lang='lat' dir='ltr'>et</span> <span class='ocrx_word' id='word_1_355' title='bbox 1429 2544 1780 2613; x_wconf 89' lang='lat' dir='ltr'>errore,quia</span> <span class='ocrx_word' id='word_1_356' title='bbox 1810 2543 1906 2595; x_wconf 89' lang='lat' dir='ltr'>illa</span> <span class='ocrx_word' id='word_1_357' title='bbox 1934 2543 2054 2596; x_wconf 85' lang='lat' dir='ltr'>cul-</span> <span class='ocrx_word' id='word_1_358' title='bbox 2139 2550 2456 2621; x_wconf 72' lang='lat' dir='ltr'>Aliquando</span> <span class='ocrx_word' id='word_1_359' title='bbox 2497 2566 2597 2621; x_wconf 81' lang='lat' dir='ltr'>pro</span> <span class='ocrx_word' id='word_1_360' title='bbox 2626 2549 2750 2619; x_wconf 79' lang='lat' dir='ltr'>ipsa</span> <span class='ocrx_word' id='word_1_361' title='bbox 2778 2564 2838 2601; x_wconf 87' lang='lat' dir='ltr'>re</span> <span class='ocrx_word' id='word_1_362' title='bbox 2871 2553 2927 2601; x_wconf 88' lang='lat' dir='ltr'>et</span> <span class='ocrx_word' id='word_1_363' title='bbox 2956 2547 3122 2607; x_wconf 86' lang='lat' dir='ltr'>facto,</span> <span class='ocrx_word' id='word_1_364' title='bbox 3174 2544 3322 2598; x_wconf 87' lang='lat' dir='ltr'>sicut</span> <span class='ocrx_word' id='word_1_365' title='bbox 3351 2542 3427 2596; x_wconf 87' lang='lat' dir='ltr'>ait</span> <span class='ocrx_word' id='word_1_366' title='bbox 3464 2538 3686 2595; x_wconf 81' lang='lat' dir='ltr'>Ezechias</span> 
     </span>
    </p>
   </div>
   <div class='ocr_carea' id='block_1_28' title="bbox 465 2624 3687 2702">
    <p class='ocr_par' dir='ltr' id='par_1_28' title="bbox 465 2624 3687 2702">
     <span class='ocr_line' id='line_1_28' title="bbox 465 2624 3687 2702; baseline 0.001 -28"><span class='ocrx_word' id='word_1_367' title='bbox 465 2626 597 2676; x_wconf 87' lang='lat' dir='ltr'>tura</span> <span class='ocrx_word' id='word_1_368' title='bbox 639 2624 781 2679; x_wconf 86' lang='lat' dir='ltr'>nihil</span> <span class='ocrx_word' id='word_1_369' title='bbox 830 2634 970 2692; x_wconf 89' lang='lat' dir='ltr'>erat,</span> <span class='ocrx_word' id='word_1_370' title='bbox 1021 2630 1100 2683; x_wconf 89' lang='lat' dir='ltr'>sic</span> <span class='ocrx_word' id='word_1_371' title='bbox 1124 2631 1241 2700; x_wconf 86' lang='lat' dir='ltr'>jam</span> <span class='ocrx_word' id='word_1_372' title='bbox 1286 2631 1588 2686; x_wconf 88' lang='lat' dir='ltr'>Christiani</span> <span class='ocrx_word' id='word_1_373' title='bbox 1628 2631 2059 2692; x_wconf 82' lang='lat' dir='ltr'>etfecti,&#39;divinis</span> <span class='ocrx_word' id='word_1_374' title='bbox 2140 2654 2239 2691; x_wconf 73' lang='lat' dir='ltr'>rex</span> <span class='ocrx_word' id='word_1_375' title='bbox 2257 2638 2327 2691; x_wconf 85' lang='lat' dir='ltr'>ad</span> <span class='ocrx_word' id='word_1_376' title='bbox 2355 2638 2560 2691; x_wconf 81' lang='lat' dir='ltr'>Isaiam</span> <span class='ocrx_word' id='word_1_377' title='bbox 2588 2654 2598 2688; x_wconf 90' lang='lat'>:</span> <span class='ocrx_word' id='word_1_378' title='bbox 2630 2638 2753 2689; x_wconf 87' lang='lat' dir='ltr'>Non</span> <span class='ocrx_word' id='word_1_379' title='bbox 2781 2636 2894 2702; x_wconf 82' lang='lat' dir='ltr'>fuit</span> <span class='ocrx_word' id='word_1_380' title='bbox 2915 2635 3162 2697; x_wconf 69' lang='lat' dir='ltr'>verbum,</span> <span class='ocrx_word' id='word_1_381' title='bbox 3187 2632 3247 2685; x_wconf 90' lang='lat' dir='ltr'>id</span> <span class='ocrx_word' id='word_1_382' title='bbox 3264 2636 3347 2685; x_wconf 90' lang='lat' dir='ltr'>est</span> <span class='ocrx_word' id='word_1_383' title='bbox 3364 2632 3539 2695; x_wconf 88' lang='lat' dir='ltr'>res,in</span> <span class='ocrx_word' id='word_1_384' title='bbox 3559 2628 3687 2680; x_wconf 85' lang='lat' dir='ltr'>domo</span> 
     </span>
    </p>
   </div>
   <div class='ocr_carea' id='block_1_29' title="bbox 466 2714 3687 2795">
    <p class='ocr_par' dir='ltr' id='par_1_29' title="bbox 466 2714 3687 2795">
     <span class='ocr_line' id='line_1_29' title="bbox 466 2714 3687 2795; baseline 0 -30"><span class='ocrx_word' id='word_1_385' title='bbox 466 2715 759 2784; x_wconf 60' lang='lat' dir='ltr'>praeceptis</span> <span class='ocrx_word' id='word_1_386' title='bbox 775 2732 901 2769; x_wconf 91' lang='lat' dir='ltr'>cum</span> <span class='ocrx_word' id='word_1_387' title='bbox 920 2717 1135 2772; x_wconf 86' lang='lat' dir='ltr'>fervore</span> <span class='ocrx_word' id='word_1_388' title='bbox 1156 2719 1626 2773; x_wconf 86' lang='lat' dir='ltr'>animidebebant</span> <span class='ocrx_word' id='word_1_389' title='bbox 1639 2719 1889 2790; x_wconf 90' lang='lat' dir='ltr'>obsequi.</span> <span class='ocrx_word' id='word_1_390' title='bbox 1916 2720 2060 2773; x_wconf 88' lang='lat' dir='ltr'>Gen-</span> <span class='ocrx_word' id='word_1_391' title='bbox 2142 2744 2262 2780; x_wconf 72' lang='lat' dir='ltr'>mea</span> <span class='ocrx_word' id='word_1_392' title='bbox 2288 2728 2431 2795; x_wconf 77' lang='lat' dir='ltr'>quod</span> <span class='ocrx_word' id='word_1_393' title='bbox 2454 2742 2565 2779; x_wconf 82' lang='lat' dir='ltr'>non</span> <span class='ocrx_word' id='word_1_394' title='bbox 2590 2726 2921 2779; x_wconf 83' lang='lat' dir='ltr'>ostenderim.</span> <span class='ocrx_word' id='word_1_395' title='bbox 2948 2725 3024 2776; x_wconf 88' lang='lat' dir='ltr'>eis</span> <span class='ocrx_word' id='word_1_396' title='bbox 3056 2723 3183 2792; x_wconf 86' lang='lat' dir='ltr'>(lsa.</span> <span class='ocrx_word' id='word_1_397' title='bbox 3218 2722 3424 2787; x_wconf 76' lang='lat' dir='ltr'>XXXIX).</span> <span class='ocrx_word' id='word_1_398' title='bbox 3466 2718 3549 2774; x_wconf 92' lang='lat' dir='ltr'>Sic</span> <span class='ocrx_word' id='word_1_399' title='bbox 3571 2714 3687 2768; x_wconf 86' lang='lat' dir='ltr'>etin</span> 
     </span>
    </p>
   </div>
   <div class='ocr_carea' id='block_1_30' title="bbox 465 2803 3691 2885">
    <p class='ocr_par' dir='ltr' id='par_1_30' title="bbox 465 2803 3691 2885">
     <span class='ocr_line' id='line_1_30' title="bbox 465 2803 3691 2885; baseline 0.001 -34"><span class='ocrx_word' id='word_1_400' title='bbox 465 2803 551 2852; x_wconf 89' lang='lat' dir='ltr'>tes</span> <span class='ocrx_word' id='word_1_401' title='bbox 581 2807 770 2856; x_wconf 89' lang='lat' dir='ltr'>autem</span> <span class='ocrx_word' id='word_1_402' title='bbox 794 2805 909 2858; x_wconf 90' lang='lat' dir='ltr'>sive</span> <span class='ocrx_word' id='word_1_403' title='bbox 935 2807 1177 2877; x_wconf 85' lang='lat' dir='ltr'>gentiles</span> <span class='ocrx_word' id='word_1_404' title='bbox 1202 2809 1576 2879; x_wconf 87' lang='lat' dir='ltr'>appellantur,</span> <span class='ocrx_word' id='word_1_405' title='bbox 1618 2810 1714 2880; x_wconf 92' lang='lat' dir='ltr'>qui</span> <span class='ocrx_word' id='word_1_406' title='bbox 1762 2809 1832 2863; x_wconf 91' lang='lat' dir='ltr'>ab</span> <span class='ocrx_word' id='word_1_407' title='bbox 1869 2826 2059 2863; x_wconf 90' lang='lat' dir='ltr'>errore</span> <span class='ocrx_word' id='word_1_408' title='bbox 2142 2816 2246 2869; x_wconf 87' lang='lat' dir='ltr'>hoc</span> <span class='ocrx_word' id='word_1_409' title='bbox 2274 2816 2394 2869; x_wconf 85' lang='lat' dir='ltr'>loco</span> <span class='ocrx_word' id='word_1_410' title='bbox 2422 2831 2524 2885; x_wconf 79' lang='lat' dir='ltr'>pro</span> <span class='ocrx_word' id='word_1_411' title='bbox 2554 2830 2614 2867; x_wconf 83' lang='lat' dir='ltr'>re</span> <span class='ocrx_word' id='word_1_412' title='bbox 2643 2818 2700 2866; x_wconf 87' lang='lat' dir='ltr'>et</span> <span class='ocrx_word' id='word_1_413' title='bbox 2726 2813 2872 2866; x_wconf 89' lang='lat' dir='ltr'>facto</span> <span class='ocrx_word' id='word_1_414' title='bbox 2902 2810 3150 2882; x_wconf 90' lang='lat' dir='ltr'>ponitur.</span> <span class='ocrx_word' id='word_1_415' title='bbox 3183 2810 3381 2873; x_wconf 91' lang='lat' dir='ltr'>Nemo,</span> <span class='ocrx_word' id='word_1_416' title='bbox 3412 2805 3598 2876; x_wconf 88' lang='lat' dir='ltr'>inquit,</span> <span class='ocrx_word' id='word_1_417' title='bbox 3617 2818 3691 2873; x_wconf 87' lang='lat' dir='ltr'>po-</span> 
     </span>
    </p>
   </div>
   <div class='ocr_carea' id='block_1_31' title="bbox 464 2891 3693 2970">
    <p class='ocr_par' dir='ltr' id='par_1_31' title="bbox 464 2891 3693 2970">
     <span class='ocr_line' id='line_1_31' title="bbox 464 2891 3693 2970; baseline 0 -28"><span class='ocrx_word' id='word_1_418' title='bbox 464 2894 690 2959; x_wconf 87' lang='lat' dir='ltr'>patrum</span> <span class='ocrx_word' id='word_1_419' title='bbox 717 2909 947 2948; x_wconf 91' lang='lat' dir='ltr'>suorum</span> <span class='ocrx_word' id='word_1_420' title='bbox 977 2895 1035 2949; x_wconf 91' lang='lat' dir='ltr'>in</span> <span class='ocrx_word' id='word_1_421' title='bbox 1067 2913 1177 2967; x_wconf 91' lang='lat' dir='ltr'>quo</span> <span class='ocrx_word' id='word_1_422' title='bbox 1208 2902 1536 2964; x_wconf 89' lang='lat' dir='ltr'>nascuntur,</span> <span class='ocrx_word' id='word_1_423' title='bbox 1571 2898 1628 2952; x_wconf 88' lang='lat' dir='ltr'>in</span> <span class='ocrx_word' id='word_1_424' title='bbox 1651 2898 1923 2969; x_wconf 84' lang='lat' dir='ltr'>religione</span> <span class='ocrx_word' id='word_1_425' title='bbox 1951 2900 2062 2952; x_wconf 82' lang='lat' dir='ltr'>m&#39;e-</span> <span class='ocrx_word' id='word_1_426' title='bbox 2143 2909 2256 2959; x_wconf 81' lang='lat' dir='ltr'>test</span> <span class='ocrx_word' id='word_1_427' title='bbox 2278 2904 2483 2970; x_wconf 84' lang='lat' dir='ltr'>dicere,</span> <span class='ocrx_word' id='word_1_428' title='bbox 2525 2903 2579 2956; x_wconf 92' lang='lat' dir='ltr'>id</span> <span class='ocrx_word' id='word_1_429' title='bbox 2609 2907 2695 2956; x_wconf 88' lang='lat' dir='ltr'>est</span> <span class='ocrx_word' id='word_1_430' title='bbox 2714 2901 2880 2955; x_wconf 90' lang='lat' dir='ltr'>corde</span> <span class='ocrx_word' id='word_1_431' title='bbox 2911 2905 2968 2953; x_wconf 91' lang='lat' dir='ltr'>et</span> <span class='ocrx_word' id='word_1_432' title='bbox 3007 2915 3103 2954; x_wconf 90' lang='lat' dir='ltr'>ore</span> <span class='ocrx_word' id='word_1_433' title='bbox 3147 2896 3421 2961; x_wconf 84' lang='lat' dir='ltr'>conﬁteri,</span> <span class='ocrx_word' id='word_1_434' title='bbox 3462 2899 3515 2949; x_wconf 90' lang='lat' dir='ltr'>et</span> <span class='ocrx_word' id='word_1_435' title='bbox 3552 2891 3693 2961; x_wconf 84' lang='lat' dir='ltr'>digna</span> 
     </span>
    </p>
   </div>
   <div class='ocr_carea' id='block_1_32' title="bbox 463 2976 3693 3065">
    <p class='ocr_par' dir='ltr' id='par_1_32' title="bbox 463 2976 3693 3065">
     <span class='ocr_line' id='line_1_32' title="bbox 463 2976 3693 3065; baseline 0.001 -35"><span class='ocrx_word' id='word_1_436' title='bbox 463 2976 623 3032; x_wconf 89' lang='lat' dir='ltr'>lioris</span> <span class='ocrx_word' id='word_1_437' title='bbox 652 2980 776 3035; x_wconf 64' lang='lat' dir='ltr'>vitae</span> <span class='ocrx_word' id='word_1_438' title='bbox 806 2998 918 3035; x_wconf 89' lang='lat' dir='ltr'>non</span> <span class='ocrx_word' id='word_1_439' title='bbox 947 2990 1387 3041; x_wconf 88' lang='lat' dir='ltr'>commutantur.</span> <span class='ocrx_word' id='word_1_440' title='bbox 1416 2988 1576 3042; x_wconf 91' lang='lat' dir='ltr'>Unde</span> <span class='ocrx_word' id='word_1_441' title='bbox 1601 2994 1658 3042; x_wconf 89' lang='lat' dir='ltr'>et</span> <span class='ocrx_word' id='word_1_442' title='bbox 1674 3005 1813 3057; x_wconf 88' lang='lat' dir='ltr'>gens</span> <span class='ocrx_word' id='word_1_443' title='bbox 1834 3005 1957 3059; x_wconf 59' lang='lat' dir='ltr'>quae</span> <span class='ocrx_word' id='word_1_444' title='bbox 1982 2990 2060 3044; x_wconf 91' lang='lat' dir='ltr'>sic</span> <span class='ocrx_word' id='word_1_445' title='bbox 2082 3052 2117 3065; x_wconf 47' lang='grc' dir='ltr'><strong>Α</strong></span> <span class='ocrx_word' id='word_1_446' title='bbox 2146 3010 2318 3065; x_wconf 78' lang='lat' dir='ltr'>Opera</span> <span class='ocrx_word' id='word_1_447' title='bbox 2348 2994 2478 3047; x_wconf 88' lang='lat' dir='ltr'>ﬁdei</span> <span class='ocrx_word' id='word_1_448' title='bbox 2508 3008 2783 3055; x_wconf 80' lang='lat' dir='ltr'>exercere,</span> <span class='ocrx_word' id='word_1_449' title='bbox 2815 2991 3006 3044; x_wconf 89' lang='lat' dir='ltr'>Jesum</span> <span class='ocrx_word' id='word_1_450' title='bbox 3039 2988 3296 3057; x_wconf 89' lang='lat' dir='ltr'>diligere,</span> <span class='ocrx_word' id='word_1_451' title='bbox 3342 2990 3397 3040; x_wconf 93' lang='lat' dir='ltr'>et</span> <span class='ocrx_word' id='word_1_452' title='bbox 3432 2981 3693 3038; x_wconf 89' lang='lat' dir='ltr'>Dominum</span> 
     </span>
    </p>
   </div>
   <div class='ocr_carea' id='block_1_33' title="bbox 464 3052 3695 3152">
    <p class='ocr_par' dir='ltr' id='par_1_33' title="bbox 464 3052 3695 3152">
     <span class='ocr_line' id='line_1_33' title="bbox 464 3052 3695 3152; baseline 0.001 -33"><span class='ocrx_word' id='word_1_453' title='bbox 464 3074 657 3122; x_wconf 88' lang='lat' dir='ltr'>manet</span> <span class='ocrx_word' id='word_1_454' title='bbox 687 3074 750 3123; x_wconf 92' lang='lat' dir='ltr'>ut</span> <span class='ocrx_word' id='word_1_455' title='bbox 776 3072 969 3141; x_wconf 79' lang='lat' dir='ltr'>genita</span> <span class='ocrx_word' id='word_1_456' title='bbox 995 3081 1082 3129; x_wconf 91' lang='lat' dir='ltr'>est</span> <span class='ocrx_word' id='word_1_457' title='bbox 1106 3082 1366 3130; x_wconf 87' lang='lat' dir='ltr'>vocatur:</span> <span class='ocrx_word' id='word_1_458' title='bbox 1397 3077 1454 3130; x_wconf 88' lang='lat' dir='ltr'>hi</span> <span class='ocrx_word' id='word_1_459' title='bbox 1480 3083 1613 3130; x_wconf 88' lang='lat' dir='ltr'>sunt</span> <span class='ocrx_word' id='word_1_460' title='bbox 1633 3052 1869 3148; x_wconf 51' lang='lat' dir='ltr'>pagani,-</span> <span class='ocrx_word' id='word_1_461' title='bbox 1870 3078 1965 3148; x_wconf 90' lang='lat' dir='ltr'>qui</span> <span class='ocrx_word' id='word_1_462' title='bbox 1987 3079 2058 3131; x_wconf 83' lang='lat' dir='ltr'>ad</span> <span class='ocrx_word' id='word_1_463' title='bbox 2076 3052 2120 3113; x_wconf 78' lang='lat' dir='ltr'>C</span> <span class='ocrx_word' id='word_1_464' title='bbox 2143 3052 2414 3149; x_wconf 79' lang='lat' dir='ltr'>asserere,</span> <span class='ocrx_word' id='word_1_465' title='bbox 2450 3082 2560 3136; x_wconf 91' lang='lat' dir='ltr'>nisi</span> <span class='ocrx_word' id='word_1_466' title='bbox 2590 3052 2833 3152; x_wconf 86' lang='lat' dir='ltr'>Spiritus</span> <span class='ocrx_word' id='word_1_467' title='bbox 2860 3078 3038 3132; x_wconf 90' lang='lat' dir='ltr'>sancti</span> <span class='ocrx_word' id='word_1_468' title='bbox 3064 3052 3251 3147; x_wconf 72' lang='lat' dir='ltr'>gratia</span> <span class='ocrx_word' id='word_1_469' title='bbox 3283 3075 3452 3129; x_wconf 84' lang='lat' dir='ltr'>fuerit</span> <span class='ocrx_word' id='word_1_470' title='bbox 3468 3071 3695 3126; x_wconf 89' lang='lat' dir='ltr'>intrinse-</span> 
     </span>
    </p>
   </div>
   <div class='ocr_carea' id='block_1_34' title="bbox 466 3154 3694 3236">
    <p class='ocr_par' dir='ltr' id='par_1_34' title="bbox 466 3154 3694 3236">
     <span class='ocr_line' id='line_1_34' title="bbox 466 3154 3694 3236; baseline -0.002 -19"><span class='ocrx_word' id='word_1_471' title='bbox 466 3154 715 3213; x_wconf 78' lang='lat' dir='ltr'>diVinum</span> <span class='ocrx_word' id='word_1_472' title='bbox 747 3161 961 3227; x_wconf 82' lang='lat' dir='ltr'>cultum</span> <span class='ocrx_word' id='word_1_473' title='bbox 1003 3179 1118 3217; x_wconf 92' lang='lat' dir='ltr'>non</span> <span class='ocrx_word' id='word_1_474' title='bbox 1163 3166 1453 3229; x_wconf 89' lang='lat' dir='ltr'>accedunt,</span> <span class='ocrx_word' id='word_1_475' title='bbox 1489 3182 1627 3236; x_wconf 83' lang='lat' dir='ltr'>quos</span> <span class='ocrx_word' id='word_1_476' title='bbox 1672 3172 1869 3236; x_wconf 88' lang='lat' dir='ltr'>gentes</span> <span class='ocrx_word' id='word_1_477' title='bbox 1910 3183 2060 3220; x_wconf 91' lang='lat' dir='ltr'>nunc</span> <span class='ocrx_word' id='word_1_478' title='bbox 2140 3188 2239 3226; x_wconf 89' lang='lat' dir='ltr'>cus</span> <span class='ocrx_word' id='word_1_479' title='bbox 2263 3172 2508 3226; x_wconf 90' lang='lat' dir='ltr'>edoctus.</span> <span class='ocrx_word' id='word_1_480' title='bbox 2544 3172 2687 3225; x_wconf 89' lang='lat' dir='ltr'>Nam</span> <span class='ocrx_word' id='word_1_481' title='bbox 2718 3169 2814 3222; x_wconf 88' lang='lat' dir='ltr'>ille</span> <span class='ocrx_word' id='word_1_482' title='bbox 2843 3167 2978 3221; x_wconf 88' lang='lat' dir='ltr'>dicit</span> <span class='ocrx_word' id='word_1_483' title='bbox 3018 3167 3212 3220; x_wconf 87' lang='lat' dir='ltr'>Jesum</span> <span class='ocrx_word' id='word_1_484' title='bbox 3243 3163 3536 3218; x_wconf 89' lang='lat' dir='ltr'>Dominum</span> <span class='ocrx_word' id='word_1_485' title='bbox 3577 3171 3694 3217; x_wconf 82' lang='lat' dir='ltr'>esse,</span> 
     </span>
    </p>
   </div>
   <div class='ocr_carea' id='block_1_35' title="bbox 464 3247 3695 3332">
    <p class='ocr_par' dir='ltr' id='par_1_35' title="bbox 464 3247 3695 3332">
     <span class='ocr_line' id='line_1_35' title="bbox 464 3247 3695 3332; baseline 0.001 -32"><span class='ocrx_word' id='word_1_486' title='bbox 464 3248 729 3316; x_wconf 86' lang='lat' dir='ltr'>appellat,</span> <span class='ocrx_word' id='word_1_487' title='bbox 771 3266 883 3304; x_wconf 90' lang='lat' dir='ltr'>non</span> <span class='ocrx_word' id='word_1_488' title='bbox 930 3253 1078 3320; x_wconf 91' lang='lat' dir='ltr'>quod</span> <span class='ocrx_word' id='word_1_489' title='bbox 1127 3256 1262 3307; x_wconf 89' lang='lat' dir='ltr'>tunc</span> <span class='ocrx_word' id='word_1_490' title='bbox 1310 3255 1579 3325; x_wconf 88' lang='lat' dir='ltr'>temporis</span> <span class='ocrx_word' id='word_1_491' title='bbox 1623 3255 1828 3324; x_wconf 82' lang='lat' dir='ltr'>pagani</span> <span class='ocrx_word' id='word_1_492' title='bbox 1872 3262 2062 3309; x_wconf 86' lang='lat' dir='ltr'>essent</span> <span class='ocrx_word' id='word_1_493' title='bbox 2146 3260 2239 3332; x_wconf 85' lang='lat' dir='ltr'>qui</span> <span class='ocrx_word' id='word_1_494' title='bbox 2271 3260 2449 3314; x_wconf 81' lang='lat' dir='ltr'>credit</span> <span class='ocrx_word' id='word_1_495' title='bbox 2474 3276 2602 3312; x_wconf 88' lang='lat' dir='ltr'>eum</span> <span class='ocrx_word' id='word_1_496' title='bbox 2629 3258 2786 3312; x_wconf 86' lang='lat' dir='ltr'>Patri</span> <span class='ocrx_word' id='word_1_497' title='bbox 2815 3262 2872 3311; x_wconf 84' lang='lat' dir='ltr'>et</span> <span class='ocrx_word' id='word_1_498' title='bbox 2904 3254 3140 3326; x_wconf 88' lang='lat' dir='ltr'>Spiritui</span> <span class='ocrx_word' id='word_1_499' title='bbox 3177 3258 3372 3307; x_wconf 90' lang='lat' dir='ltr'>sancto</span> <span class='ocrx_word' id='word_1_500' title='bbox 3401 3247 3695 3319; x_wconf 68' lang='lat' dir='ltr'>coaequalem</span> 
     </span>
    </p>
   </div>
   <div class='ocr_carea' id='block_1_36' title="bbox 467 3333 3695 3419">
    <p class='ocr_par' dir='ltr' id='par_1_36' title="bbox 467 3333 3695 3419">
     <span class='ocr_line' id='line_1_36' title="bbox 467 3333 3695 3419; baseline -0.001 -30"><span class='ocrx_word' id='word_1_501' title='bbox 467 3337 691 3404; x_wconf 87' lang='lat' dir='ltr'>quando</span> <span class='ocrx_word' id='word_1_502' title='bbox 721 3338 830 3391; x_wconf 89' lang='lat' dir='ltr'>ista</span> <span class='ocrx_word' id='word_1_503' title='bbox 855 3339 1093 3405; x_wconf 89' lang='lat' dir='ltr'>dicebat,</span> <span class='ocrx_word' id='word_1_504' title='bbox 1124 3342 1222 3394; x_wconf 89' lang='lat' dir='ltr'>sed</span> <span class='ocrx_word' id='word_1_505' title='bbox 1254 3343 1402 3411; x_wconf 88' lang='lat' dir='ltr'>quod</span> <span class='ocrx_word' id='word_1_506' title='bbox 1452 3349 1586 3397; x_wconf 87' lang='lat' dir='ltr'>ante</span> <span class='ocrx_word' id='word_1_507' title='bbox 1634 3343 1893 3397; x_wconf 89' lang='lat' dir='ltr'>notitiam</span> <span class='ocrx_word' id='word_1_508' title='bbox 1926 3344 2059 3398; x_wconf 84' lang='lat' dir='ltr'>ﬁdei</span> <span class='ocrx_word' id='word_1_509' title='bbox 2144 3355 2200 3403; x_wconf 89' lang='lat' dir='ltr'>et</span> <span class='ocrx_word' id='word_1_510' title='bbox 2236 3349 2764 3419; x_wconf 86' lang='lat' dir='ltr'>coomnipotentem,</span> <span class='ocrx_word' id='word_1_511' title='bbox 2800 3351 2858 3400; x_wconf 89' lang='lat' dir='ltr'>et</span> <span class='ocrx_word' id='word_1_512' title='bbox 2905 3345 3052 3399; x_wconf 90' lang='lat' dir='ltr'>hunc</span> <span class='ocrx_word' id='word_1_513' title='bbox 3095 3343 3413 3402; x_wconf 86' lang='lat' dir='ltr'>conﬁtetur,</span> <span class='ocrx_word' id='word_1_514' title='bbox 3460 3333 3695 3391; x_wconf 83' lang='lat' dir='ltr'>servando</span> 
     </span>
    </p>
   </div>
   <div class='ocr_carea' id='block_1_37' title="bbox 430 3424 3695 3509">
    <p class='ocr_par' dir='ltr' id='par_1_37' title="bbox 430 3424 3695 3509">
     <span class='ocr_line' id='line_1_37' title="bbox 430 3424 3695 3509; baseline -0.001 -32"><span class='ocrx_word' id='word_1_515' title='bbox 430 3458 433 3461; x_wconf 67' lang='grc'><strong>»</strong></span> <span class='ocrx_word' id='word_1_516' title='bbox 464 3424 708 3480; x_wconf 90' lang='lat' dir='ltr'>fuerant.</span> <span class='ocrx_word' id='word_1_517' title='bbox 734 3428 851 3481; x_wconf 90' lang='lat' dir='ltr'>Hoc</span> <span class='ocrx_word' id='word_1_518' title='bbox 871 3433 957 3482; x_wconf 90' lang='lat' dir='ltr'>est</span> <span class='ocrx_word' id='word_1_519' title='bbox 984 3429 1133 3499; x_wconf 93' lang='lat' dir='ltr'>quod</span> <span class='ocrx_word' id='word_1_520' title='bbox 1153 3430 1525 3499; x_wconf 89' lang='lat' dir='ltr'>ait,quoniam</span> <span class='ocrx_word' id='word_1_521' title='bbox 1547 3447 1672 3484; x_wconf 90' lang='lat' dir='ltr'>cum</span> <span class='ocrx_word' id='word_1_522' title='bbox 1691 3438 1888 3501; x_wconf 89' lang='lat' dir='ltr'>gentes</span> <span class='ocrx_word' id='word_1_523' title='bbox 1912 3448 2058 3485; x_wconf 89' lang='lat' dir='ltr'>esse-</span> <span class='ocrx_word' id='word_1_524' title='bbox 2138 3442 2415 3509; x_wconf 66' lang='lat' dir='ltr'>praecepta</span> <span class='ocrx_word' id='word_1_525' title='bbox 2455 3437 2607 3491; x_wconf 87' lang='lat' dir='ltr'>illius</span> <span class='ocrx_word' id='word_1_526' title='bbox 2652 3435 2854 3507; x_wconf 80' lang='lat' dir='ltr'>quibus</span> <span class='ocrx_word' id='word_1_527' title='bbox 2890 3450 3021 3487; x_wconf 90' lang='lat' dir='ltr'>vera</span> <span class='ocrx_word' id='word_1_528' title='bbox 3063 3431 3291 3485; x_wconf 84' lang='lat' dir='ltr'>dilectio</span> <span class='ocrx_word' id='word_1_529' title='bbox 3319 3424 3695 3499; x_wconf 88' lang='lat' dir='ltr'>comprobatur.</span> 
     </span>
    </p>
   </div>
   <div class='ocr_carea' id='block_1_38' title="bbox 464 3511 2041 3595">
    <p class='ocr_par' dir='ltr' id='par_1_38' title="bbox 464 3511 2041 3590">
     <span class='ocr_line' id='line_1_38' title="bbox 464 3511 2041 3590; baseline 0.005 -25"><span class='ocrx_word' id='word_1_530' title='bbox 464 3511 556 3579; x_wconf 88' lang='lat' dir='ltr'>tis,</span> <span class='ocrx_word' id='word_1_531' title='bbox 578 3518 636 3567; x_wconf 88' lang='lat' dir='ltr'>et</span> <span class='ocrx_word' id='word_1_532' title='bbox 663 3515 1041 3583; x_wconf 86' lang='lat' dir='ltr'>(subauditur)</span> <span class='ocrx_word' id='word_1_533' title='bbox 1060 3519 1181 3586; x_wconf 87' lang='lat' dir='ltr'>jam</span> <span class='ocrx_word' id='word_1_534' title='bbox 1219 3534 1332 3571; x_wconf 92' lang='lat' dir='ltr'>non</span> <span class='ocrx_word' id='word_1_535' title='bbox 1371 3519 1524 3572; x_wconf 90' lang='lat' dir='ltr'>estis.</span> <span class='ocrx_word' id='word_1_536' title='bbox 1558 3519 1791 3588; x_wconf 89' lang='lat' dir='ltr'>Legitur</span> <span class='ocrx_word' id='word_1_537' title='bbox 1835 3526 1891 3573; x_wconf 87' lang='lat' dir='ltr'>et</span> <span class='ocrx_word' id='word_1_538' title='bbox 1918 3537 2041 3590; x_wconf 76' lang='lat' dir='ltr'>gen:</span> 
     </span>
    </p>
   </div>
   <div class='ocr_carea' id='block_1_39' title="bbox 2127 3511 3690 3595">
    <p class='ocr_par' dir='ltr' id='par_1_39' title="bbox 2140 3511 3690 3595">
     <span class='ocr_line' id='line_1_39' title="bbox 2140 3511 3690 3595; baseline -0.012 -15"><span class='ocrx_word' id='word_1_539' title='bbox 2140 3526 2401 3580; x_wconf 88' lang='lat' dir='ltr'>Dicemus</span> <span class='ocrx_word' id='word_1_540' title='bbox 2450 3531 2506 3579; x_wconf 90' lang='lat' dir='ltr'>et</span> <span class='ocrx_word' id='word_1_541' title='bbox 2545 3526 2649 3579; x_wconf 89' lang='lat' dir='ltr'>hoc</span> <span class='ocrx_word' id='word_1_542' title='bbox 2677 3525 2863 3595; x_wconf 89' lang='lat' dir='ltr'>ipsum</span> <span class='ocrx_word' id='word_1_543' title='bbox 2894 3522 3135 3575; x_wconf 80' lang='lat' dir='ltr'>breviter</span> <span class='ocrx_word' id='word_1_544' title='bbox 3159 3536 3290 3574; x_wconf 90' lang='lat' dir='ltr'>cum</span> <span class='ocrx_word' id='word_1_545' title='bbox 3330 3511 3655 3572; x_wconf 89' lang='lat' dir='ltr'>conclusione</span> <span class='ocrx_word' id='word_1_546' title='bbox 3681 3524 3690 3559; x_wconf 73' lang='grc' dir='ltr'><strong>ε</strong></span> 
     </span>
    </p>
   </div>
   <div class='ocr_carea' id='block_1_40' title="bbox 462 3600 3697 3683">
    <p class='ocr_par' dir='ltr' id='par_1_40' title="bbox 462 3600 3697 3683">
     <span class='ocr_line' id='line_1_40' title="bbox 462 3600 3697 3683; baseline -0.004 -12"><span class='ocrx_word' id='word_1_547' title='bbox 462 3600 521 3654; x_wconf 72' lang='lat' dir='ltr'>in</span> <span class='ocrx_word' id='word_1_548' title='bbox 551 3602 714 3668; x_wconf 61' lang='lat' dir='ltr'>b000,</span> <span class='ocrx_word' id='word_1_549' title='bbox 748 3606 891 3659; x_wconf 68' lang='grc' dir='ltr'>είουΐ</span> <span class='ocrx_word' id='word_1_550' title='bbox 920 3618 1022 3670; x_wconf 65' lang='grc' dir='ltr'>εει,</span> <span class='ocrx_word' id='word_1_551' title='bbox 1041 3623 1154 3660; x_wconf 77' lang='lat' dir='ltr'>non</span> <span class='ocrx_word' id='word_1_552' title='bbox 1184 3612 1406 3660; x_wconf 64' lang='lat' dir='ltr'>tantum</span> <span class='ocrx_word' id='word_1_553' title='bbox 1436 3624 1536 3676; x_wconf 65' lang='lat' dir='ltr'>PFO</span> <span class='ocrx_word' id='word_1_554' title='bbox 1563 3615 1747 3677; x_wconf 81' lang='lat' dir='ltr'>gente.</span> <span class='ocrx_word' id='word_1_555' title='bbox 1784 3609 1878 3663; x_wconf 83' lang='lat' dir='ltr'>sed</span> <span class='ocrx_word' id='word_1_556' title='bbox 1907 3615 1969 3663; x_wconf 75' lang='lat' dir='ltr'>ut</span> <span class='ocrx_word' id='word_1_557' title='bbox 1998 3613 2057 3677; x_wconf 77' lang='lat' dir='ltr'>fi-</span> <span class='ocrx_word' id='word_1_558' title='bbox 2139 3617 2308 3669; x_wconf 87' lang='lat' dir='ltr'>Nemo</span> <span class='ocrx_word' id='word_1_559' title='bbox 2331 3619 2502 3683; x_wconf 82' lang='lat' dir='ltr'>potest</span> <span class='ocrx_word' id='word_1_560' title='bbox 2532 3616 2728 3680; x_wconf 77' lang='lat' dir='ltr'>dicere,</span> <span class='ocrx_word' id='word_1_561' title='bbox 2760 3613 3035 3667; x_wconf 87' lang='lat' dir='ltr'>Dominus</span> <span class='ocrx_word' id='word_1_562' title='bbox 3059 3611 3241 3673; x_wconf 87' lang='lat' dir='ltr'>Jesus,</span> <span class='ocrx_word' id='word_1_563' title='bbox 3268 3604 3544 3668; x_wconf 79' lang='lat' dir='ltr'>subaudis,</span> <span class='ocrx_word' id='word_1_564' title='bbox 3580 3600 3697 3654; x_wconf 69' lang='lat' dir='ltr'>sicut</span> 
     </span>
    </p>
   </div>
   <div class='ocr_carea' id='block_1_41' title="bbox 465 3689 3696 3770">
    <p class='ocr_par' dir='ltr' id='par_1_41' title="bbox 465 3689 3696 3770">
     <span class='ocr_line' id='line_1_41' title="bbox 465 3689 3696 3770; baseline 0 -25"><span class='ocrx_word' id='word_1_565' title='bbox 465 3694 566 3746; x_wconf 84' lang='lat' dir='ltr'>tios</span> <span class='ocrx_word' id='word_1_566' title='bbox 584 3695 681 3746; x_wconf 85' lang='lat' dir='ltr'>Dei</span> <span class='ocrx_word' id='word_1_567' title='bbox 700 3702 1052 3763; x_wconf 81' lang='lat' dir='ltr'>congregaret</span> <span class='ocrx_word' id='word_1_568' title='bbox 1079 3700 1139 3749; x_wconf 88' lang='lat' dir='ltr'>in</span> <span class='ocrx_word' id='word_1_569' title='bbox 1160 3713 1339 3750; x_wconf 88' lang='lat' dir='ltr'>unum</span> <span class='ocrx_word' id='word_1_570' title='bbox 1375 3699 1549 3766; x_wconf 90' lang='lat' dir='ltr'>(Joan.</span> <span class='ocrx_word' id='word_1_571' title='bbox 1583 3700 1680 3764; x_wconf 84' lang='lat' dir='ltr'>x1).</span> <span class='ocrx_word' id='word_1_572' title='bbox 1716 3700 1798 3752; x_wconf 82' lang='lat' dir='ltr'>Ad</span> <span class='ocrx_word' id='word_1_573' title='bbox 1826 3702 2058 3753; x_wconf 84' lang='lat' dir='ltr'>simula-</span> <span class='ocrx_word' id='word_1_574' title='bbox 2139 3709 2225 3757; x_wconf 90' lang='lat' dir='ltr'>est</span> <span class='ocrx_word' id='word_1_575' title='bbox 2252 3703 2521 3757; x_wconf 88' lang='lat' dir='ltr'>dicendus</span> <span class='ocrx_word' id='word_1_576' title='bbox 2545 3703 2729 3769; x_wconf 88' lang='lat' dir='ltr'>corde,</span> <span class='ocrx_word' id='word_1_577' title='bbox 2763 3718 2858 3755; x_wconf 91' lang='lat' dir='ltr'>ore</span> <span class='ocrx_word' id='word_1_578' title='bbox 2884 3706 2944 3755; x_wconf 88' lang='lat' dir='ltr'>et</span> <span class='ocrx_word' id='word_1_579' title='bbox 2972 3714 3159 3770; x_wconf 88' lang='lat' dir='ltr'>opere,</span> <span class='ocrx_word' id='word_1_580' title='bbox 3192 3698 3305 3751; x_wconf 90' lang='lat' dir='ltr'>nisi</span> <span class='ocrx_word' id='word_1_581' title='bbox 3336 3712 3434 3767; x_wconf 91' lang='lat' dir='ltr'>per</span> <span class='ocrx_word' id='word_1_582' title='bbox 3461 3689 3696 3763; x_wconf 82' lang='lat' dir='ltr'>Spiritum</span> 
     </span>
    </p>
   </div>
   <div class='ocr_carea' id='block_1_42' title="bbox 461 3778 3383 3852">
    <p class='ocr_par' dir='ltr' id='par_1_42' title="bbox 461 3778 3383 3852">
     <span class='ocr_line' id='line_1_42' title="bbox 461 3778 3383 3852; baseline 0.004 -20"><span class='ocrx_word' id='word_1_583' title='bbox 461 3794 558 3833; x_wconf 86' lang='lat' dir='ltr'>cra</span> <span class='ocrx_word' id='word_1_584' title='bbox 584 3786 741 3835; x_wconf 85' lang='lat' dir='ltr'>muta</span> <span class='ocrx_word' id='word_1_585' title='bbox 760 3789 928 3848; x_wconf 80' lang='lat' dir='ltr'>prout</span> <span class='ocrx_word' id='word_1_586' title='bbox 954 3786 1323 3849; x_wconf 81' lang='lat' dir='ltr'>ducebamini,</span> <span class='ocrx_word' id='word_1_587' title='bbox 1354 3790 1557 3852; x_wconf 81' lang='lat' dir='ltr'>euntes,</span> <span class='ocrx_word' id='word_1_588' title='bbox 1576 3786 1843 3841; x_wconf 86' lang='lat' dir='ltr'>subaudis</span> <span class='ocrx_word' id='word_1_589' title='bbox 1863 3789 2053 3843; x_wconf 86' lang='lat' dir='ltr'>eratis.</span> <span class='ocrx_word' id='word_1_590' title='bbox 2140 3798 2400 3846; x_wconf 88' lang='lat' dir='ltr'>sanctum</span> <span class='ocrx_word' id='word_1_591' title='bbox 2424 3791 2595 3845; x_wconf 86' lang='lat' dir='ltr'>fuerit</span> <span class='ocrx_word' id='word_1_592' title='bbox 2621 3791 2990 3845; x_wconf 88' lang='lat' dir='ltr'>illuminatus.</span> <span class='ocrx_word' id='word_1_593' title='bbox 3382 3778 3383 3781; x_wconf 9' lang='grc' dir='ltr'><strong>η</strong></span> 
     </span>
    </p>
   </div>
   <div class='ocr_carea' id='block_1_43' title="bbox 464 3865 3696 3948">
    <p class='ocr_par' dir='ltr' id='par_1_43' title="bbox 464 3865 3696 3948">
     <span class='ocr_line' id='line_1_43' title="bbox 464 3865 3696 3948; baseline -0.002 -27"><span class='ocrx_word' id='word_1_594' title='bbox 464 3865 778 3923; x_wconf 86' lang='lat' dir='ltr'>Simulacra</span> <span class='ocrx_word' id='word_1_595' title='bbox 804 3872 952 3941; x_wconf 85' lang='lat' dir='ltr'>(quae</span> <span class='ocrx_word' id='word_1_596' title='bbox 977 3872 1294 3927; x_wconf 87' lang='lat' dir='ltr'>simulando</span> <span class='ocrx_word' id='word_1_597' title='bbox 1319 3874 1600 3942; x_wconf 84' lang='lat' dir='ltr'>dicuntur,</span> <span class='ocrx_word' id='word_1_598' title='bbox 1635 3892 1700 3930; x_wconf 92' lang='lat' dir='ltr'>eo</span> <span class='ocrx_word' id='word_1_599' title='bbox 1722 3877 1869 3947; x_wconf 90' lang='lat' dir='ltr'>quod</span> <span class='ocrx_word' id='word_1_600' title='bbox 1885 3878 2055 3931; x_wconf 87' lang='lat' dir='ltr'>simu-</span> <span class='ocrx_word' id='word_1_601' title='bbox 2206 3883 2511 3935; x_wconf 77' lang='lat' dir='ltr'>Divisiones</span> <span class='ocrx_word' id='word_1_602' title='bbox 2527 3897 2651 3933; x_wconf 82' lang='lat' dir='ltr'>vero</span> <span class='ocrx_word' id='word_1_603' title='bbox 2670 3884 2993 3948; x_wconf 83' lang='lat' dir='ltr'>gratiarum</span> <span class='ocrx_word' id='word_1_604' title='bbox 3012 3882 3163 3938; x_wconf 84' lang='lat' dir='ltr'>sunt,</span> <span class='ocrx_word' id='word_1_605' title='bbox 3183 3873 3473 3935; x_wconf 83' lang='lat' dir='ltr'>subaudis,</span> <span class='ocrx_word' id='word_1_606' title='bbox 3488 3884 3589 3923; x_wconf 88' lang='lat' dir='ltr'>non</span> <span class='ocrx_word' id='word_1_607' title='bbox 3606 3877 3696 3917; x_wconf 86' lang='lat' dir='ltr'>me-</span> 
     </span>
    </p>
   </div>
   <div class='ocr_carea' id='block_1_44' title="bbox 460 3955 3699 4036">
    <p class='ocr_par' dir='ltr' id='par_1_44' title="bbox 460 3955 3699 4036">
     <span class='ocr_line' id='line_1_44' title="bbox 460 3955 3699 4036; baseline 0 -28"><span class='ocrx_word' id='word_1_608' title='bbox 460 3955 581 4009; x_wconf 91' lang='lat' dir='ltr'>lent</span> <span class='ocrx_word' id='word_1_609' title='bbox 607 3957 890 4013; x_wconf 86' lang='lat' dir='ltr'>hominem</span> <span class='ocrx_word' id='word_1_610' title='bbox 930 3965 988 4014; x_wconf 92' lang='lat' dir='ltr'>et</span> <span class='ocrx_word' id='word_1_611' title='bbox 1016 3977 1127 4015; x_wconf 91' lang='lat' dir='ltr'>non</span> <span class='ocrx_word' id='word_1_612' title='bbox 1160 3962 1235 4015; x_wconf 90' lang='lat' dir='ltr'>sit</span> <span class='ocrx_word' id='word_1_613' title='bbox 1274 3963 1463 4027; x_wconf 87' lang='lat' dir='ltr'>homo,</span> <span class='ocrx_word' id='word_1_614' title='bbox 1511 3980 1717 4034; x_wconf 90' lang='lat' dir='ltr'>equum</span> <span class='ocrx_word' id='word_1_615' title='bbox 1749 3971 1805 4018; x_wconf 88' lang='lat' dir='ltr'>et</span> <span class='ocrx_word' id='word_1_616' title='bbox 1844 3982 1956 4019; x_wconf 89' lang='lat' dir='ltr'>non</span> <span class='ocrx_word' id='word_1_617' title='bbox 1983 3966 2056 4019; x_wconf 88' lang='lat' dir='ltr'>sit</span> <span class='ocrx_word' id='word_1_618' title='bbox 2136 3970 2392 4034; x_wconf 88' lang='lat' dir='ltr'>ritorum,</span> <span class='ocrx_word' id='word_1_619' title='bbox 2416 3971 2558 4022; x_wconf 85' lang='lat' dir='ltr'>idem</span> <span class='ocrx_word' id='word_1_620' title='bbox 2580 3974 2767 4022; x_wconf 78' lang='lat' dir='ltr'>autem</span> <span class='ocrx_word' id='word_1_621' title='bbox 2786 3968 3033 4036; x_wconf 86' lang='lat' dir='ltr'>Spiritus</span> <span class='ocrx_word' id='word_1_622' title='bbox 3050 3971 3280 4020; x_wconf 88' lang='lat' dir='ltr'>sanctus</span> <span class='ocrx_word' id='word_1_623' title='bbox 3303 3965 3491 4019; x_wconf 88' lang='lat' dir='ltr'>manet</span> <span class='ocrx_word' id='word_1_624' title='bbox 3512 3966 3699 4023; x_wconf 79' lang='lat' dir='ltr'>semper</span> 
     </span>
    </p>
   </div>
   <div class='ocr_carea' id='block_1_45' title="bbox 459 4050 3699 4125">
    <p class='ocr_par' dir='ltr' id='par_1_45' title="bbox 459 4050 3699 4125">
     <span class='ocr_line' id='line_1_45' title="bbox 459 4050 3699 4125; baseline 0 -24"><span class='ocrx_word' id='word_1_625' title='bbox 459 4060 659 4115; x_wconf 86' lang='lat' dir='ltr'>equus,</span> <span class='ocrx_word' id='word_1_626' title='bbox 694 4054 1006 4121; x_wconf 69' lang='lat' dir='ltr'>caeteraque</span> <span class='ocrx_word' id='word_1_627' title='bbox 1051 4051 1398 4121; x_wconf 85' lang='lat' dir='ltr'>hujusmodi)</span> <span class='ocrx_word' id='word_1_628' title='bbox 1422 4053 1627 4107; x_wconf 87' lang='lat' dir='ltr'>idcirco</span> <span class='ocrx_word' id='word_1_629' title='bbox 1660 4058 1818 4107; x_wconf 88' lang='lat' dir='ltr'>muta</span> <span class='ocrx_word' id='word_1_630' title='bbox 1864 4055 2053 4125; x_wconf 84' lang='lat' dir='ltr'>appel-</span> <span class='ocrx_word' id='word_1_631' title='bbox 2138 4074 2282 4111; x_wconf 91' lang='lat' dir='ltr'>unus</span> <span class='ocrx_word' id='word_1_632' title='bbox 2306 4058 2364 4111; x_wconf 91' lang='lat' dir='ltr'>in</span> <span class='ocrx_word' id='word_1_633' title='bbox 2388 4056 2647 4111; x_wconf 90' lang='lat' dir='ltr'>omnibus</span> <span class='ocrx_word' id='word_1_634' title='bbox 2670 4062 2727 4111; x_wconf 91' lang='lat' dir='ltr'>et</span> <span class='ocrx_word' id='word_1_635' title='bbox 2749 4056 3087 4110; x_wconf 89' lang='lat' dir='ltr'>individuus.</span> <span class='ocrx_word' id='word_1_636' title='bbox 3118 4055 3444 4109; x_wconf 84' lang='lat' dir='ltr'>Notandum</span> <span class='ocrx_word' id='word_1_637' title='bbox 3459 4050 3592 4123; x_wconf 90' lang='lat' dir='ltr'>quod</span> <span class='ocrx_word' id='word_1_638' title='bbox 3608 4061 3699 4102; x_wconf 90' lang='lat' dir='ltr'>non</span> 
     </span>
    </p>
   </div>
   <div class='ocr_carea' id='block_1_46' title="bbox 458 4132 3695 4214">
    <p class='ocr_par' dir='ltr' id='par_1_46' title="bbox 458 4132 3695 4214">
     <span class='ocr_line' id='line_1_46' title="bbox 458 4132 3695 4214; baseline 0.002 -27"><span class='ocrx_word' id='word_1_639' title='bbox 458 4134 666 4203; x_wconf 87' lang='lat' dir='ltr'>lantur,</span> <span class='ocrx_word' id='word_1_640' title='bbox 701 4138 833 4208; x_wconf 87' lang='lat' dir='ltr'>quia</span> <span class='ocrx_word' id='word_1_641' title='bbox 860 4132 940 4205; x_wconf 80' lang='lat' dir='ltr'>(ut</span> <span class='ocrx_word' id='word_1_642' title='bbox 968 4140 1269 4194; x_wconf 87' lang='lat' dir='ltr'>Psalmista</span> <span class='ocrx_word' id='word_1_643' title='bbox 1291 4142 1387 4209; x_wconf 89' lang='lat' dir='ltr'>ait)</span> <span class='ocrx_word' id='word_1_644' title='bbox 1421 4158 1477 4193; x_wconf 87' lang='lat' dir='ltr'>os</span> <span class='ocrx_word' id='word_1_645' title='bbox 1510 4142 1726 4206; x_wconf 84' lang='lat' dir='ltr'>habent,</span> <span class='ocrx_word' id='word_1_646' title='bbox 1750 4148 1801 4195; x_wconf 85' lang='lat' dir='ltr'>et</span> <span class='ocrx_word' id='word_1_647' title='bbox 1823 4159 1934 4196; x_wconf 90' lang='lat' dir='ltr'>non</span> <span class='ocrx_word' id='word_1_648' title='bbox 1981 4147 2055 4196; x_wconf 62' lang='lat' dir='ltr'>lo«</span> <span class='ocrx_word' id='word_1_649' title='bbox 2137 4146 2234 4212; x_wconf 89' lang='lat' dir='ltr'>ait,</span> <span class='ocrx_word' id='word_1_650' title='bbox 2267 4147 2565 4200; x_wconf 89' lang='lat' dir='ltr'>divisiones</span> <span class='ocrx_word' id='word_1_651' title='bbox 2597 4147 2929 4200; x_wconf 89' lang='lat' dir='ltr'>meritorum</span> <span class='ocrx_word' id='word_1_652' title='bbox 2959 4150 3109 4210; x_wconf 90' lang='lat' dir='ltr'>sunt,</span> <span class='ocrx_word' id='word_1_653' title='bbox 3134 4144 3230 4198; x_wconf 92' lang='lat' dir='ltr'>sed</span> <span class='ocrx_word' id='word_1_654' title='bbox 3255 4135 3695 4214; x_wconf 76' lang='lat' dir='ltr'>gratiarum,quia</span> 
     </span>
    </p>
   </div>
   <div class='ocr_carea' id='block_1_47' title="bbox 457 4229 3699 4305">
    <p class='ocr_par' dir='ltr' id='par_1_47' title="bbox 457 4229 3699 4305">
     <span class='ocr_line' id='line_1_47' title="bbox 457 4229 3699 4305; baseline 0.001 -28"><span class='ocrx_word' id='word_1_655' title='bbox 457 4231 734 4292; x_wconf 79' lang='lat' dir='ltr'>queatur:</span> <span class='ocrx_word' id='word_1_656' title='bbox 760 4231 961 4291; x_wconf 83' lang='lat' dir='ltr'>oculos,</span> <span class='ocrx_word' id='word_1_657' title='bbox 980 4234 1027 4280; x_wconf 90' lang='lat' dir='ltr'>et</span> <span class='ocrx_word' id='word_1_658' title='bbox 1049 4245 1163 4282; x_wconf 86' lang='lat' dir='ltr'>non</span> <span class='ocrx_word' id='word_1_659' title='bbox 1188 4231 1449 4282; x_wconf 78' lang='lat' dir='ltr'>videbunt</span> <span class='ocrx_word' id='word_1_660' title='bbox 1468 4229 1636 4297; x_wconf 87' lang='lat' dir='ltr'>(Psal.</span> <span class='ocrx_word' id='word_1_661' title='bbox 1662 4234 1907 4299; x_wconf 83' lang='lat' dir='ltr'>cxxxm).</span> <span class='ocrx_word' id='word_1_662' title='bbox 1934 4232 2051 4285; x_wconf 90' lang='lat' dir='ltr'>Ne-</span> <span class='ocrx_word' id='word_1_663' title='bbox 2136 4236 2284 4289; x_wconf 89' lang='lat' dir='ltr'>dona</span> <span class='ocrx_word' id='word_1_664' title='bbox 2297 4235 2397 4289; x_wconf 91' lang='lat' dir='ltr'>Dei</span> <span class='ocrx_word' id='word_1_665' title='bbox 2411 4236 2589 4305; x_wconf 87' lang='lat' dir='ltr'>gratis</span> <span class='ocrx_word' id='word_1_666' title='bbox 2604 4236 2949 4302; x_wconf 85' lang='lat' dir='ltr'>dantur,non</span> <span class='ocrx_word' id='word_1_667' title='bbox 2967 4233 3228 4287; x_wconf 89' lang='lat' dir='ltr'>humanis</span> <span class='ocrx_word' id='word_1_668' title='bbox 3248 4232 3463 4286; x_wconf 89' lang='lat' dir='ltr'>meritis</span> <span class='ocrx_word' id='word_1_669' title='bbox 3477 4229 3699 4284; x_wconf 85' lang='lat' dir='ltr'>tribuun-</span> 
     </span>
    </p>
   </div>
   <div class='ocr_carea' id='block_1_48' title="bbox 461 4310 3698 4424">
    <p class='ocr_par' dir='ltr' id='par_1_48' title="bbox 461 4310 3698 4424">
     <span class='ocr_line' id='line_1_48' title="bbox 461 4310 3698 4424; baseline 0 -58"><span class='ocrx_word' id='word_1_670' title='bbox 461 4329 569 4382; x_wconf 92' lang='lat' dir='ltr'>que</span> <span class='ocrx_word' id='word_1_671' title='bbox 590 4314 741 4366; x_wconf 90' lang='lat' dir='ltr'>enim</span> <span class='ocrx_word' id='word_1_672' title='bbox 770 4321 857 4368; x_wconf 91' lang='lat' dir='ltr'>est</span> <span class='ocrx_word' id='word_1_673' title='bbox 884 4315 1116 4385; x_wconf 91' lang='lat' dir='ltr'>spiritus</span> <span class='ocrx_word' id='word_1_674' title='bbox 1144 4317 1203 4370; x_wconf 90' lang='lat' dir='ltr'>in</span> <span class='ocrx_word' id='word_1_675' title='bbox 1242 4334 1338 4371; x_wconf 84' lang='lat' dir='ltr'>ore</span> <span class='ocrx_word' id='word_1_676' title='bbox 1366 4319 1632 4387; x_wconf 82' lang='lat' dir='ltr'>ipsorum.</span> <span class='ocrx_word' id='word_1_677' title='bbox 1668 4319 1723 4372; x_wconf 91' lang='lat' dir='ltr'>Si</span> <span class='ocrx_word' id='word_1_678' title='bbox 1766 4320 1915 4389; x_wconf 87' lang='lat' dir='ltr'>quod</span> <span class='ocrx_word' id='word_1_679' title='bbox 1946 4336 2051 4374; x_wconf 91' lang='lat' dir='ltr'>au-</span> <span class='ocrx_word' id='word_1_680' title='bbox 2071 4367 2117 4424; x_wconf 68' lang='grc' dir='ltr'>Β</span> <span class='ocrx_word' id='word_1_681' title='bbox 2135 4328 2247 4378; x_wconf 90' lang='lat' dir='ltr'>tur.</span> <span class='ocrx_word' id='word_1_682' title='bbox 2270 4324 2429 4379; x_wconf 89' lang='lat' dir='ltr'>Unde</span> <span class='ocrx_word' id='word_1_683' title='bbox 2454 4324 2523 4377; x_wconf 89' lang='lat' dir='ltr'>ad</span> <span class='ocrx_word' id='word_1_684' title='bbox 2552 4324 2834 4377; x_wconf 88' lang='lat' dir='ltr'>Romanos</span> <span class='ocrx_word' id='word_1_685' title='bbox 2853 4323 2965 4376; x_wconf 89' lang='lat' dir='ltr'>ait:</span> <span class='ocrx_word' id='word_1_686' title='bbox 3005 4324 3136 4390; x_wconf 82' lang='lat' dir='ltr'>Quis</span> <span class='ocrx_word' id='word_1_687' title='bbox 3165 4325 3327 4390; x_wconf 80' lang='lat' dir='ltr'>prior</span> <span class='ocrx_word' id='word_1_688' title='bbox 3360 4320 3501 4373; x_wconf 82' lang='lat' dir='ltr'>dedit</span> <span class='ocrx_word' id='word_1_689' title='bbox 3536 4317 3631 4374; x_wconf 83' lang='lat' dir='ltr'>illi,</span> <span class='ocrx_word' id='word_1_690' title='bbox 3652 4310 3698 4410; x_wconf 74' lang='lat' dir='ltr'>id</span> 
     </span>
     <span class='ocr_line' id='line_1_49' title="bbox 461 4400 3693 4424; baseline 0 -10"><span class='ocrx_word' id='word_1_691' title='bbox 461 4400 908 4424; x_wconf 36' lang='lat' dir='ltr'>,‘_____,_______L</span> <span class='ocrx_word' id='word_1_692' title='bbox 942 4403 1347 4424; x_wconf 37' lang='grc' dir='ltr'>,μιεηηληω</span> <span class='ocrx_word' id='word_1_693' title='bbox 1746 4406 1860 4424; x_wconf 33' lang='grc' dir='ltr'>,Ν</span> <span class='ocrx_word' id='word_1_694' title='bbox 2206 4414 2290 4424; x_wconf 52' lang='grc' dir='ltr'>..η</span> <span class='ocrx_word' id='word_1_695' title='bbox 2419 4413 2484 4424; x_wconf 69' lang='grc' dir='ltr'>η.</span> <span class='ocrx_word' id='word_1_696' title='bbox 2887 4418 2895 4424; x_wconf 86' lang='grc'>.</span> <span class='ocrx_word' id='word_1_697' title='bbox 2988 4411 3021 4424; x_wconf 95' lang='grc'>..</span> <span class='ocrx_word' id='word_1_698' title='bbox 3112 4408 3160 4424; x_wconf 84' lang='grc'>..</span> <span class='ocrx_word' id='word_1_699' title='bbox 3256 4416 3265 4424; x_wconf 91' lang='grc'>.</span> <span class='ocrx_word' id='word_1_700' title='bbox 3377 4414 3386 4424; x_wconf 85' lang='grc'><strong>,</strong></span> <span class='ocrx_word' id='word_1_701' title='bbox 3439 4409 3469 4424; x_wconf 85' lang='grc'>.,</span> <span class='ocrx_word' id='word_1_702' title='bbox 3531 4410 3693 4424; x_wconf 38' lang='grc' dir='ltr'>ληη,</span> 
     </span>
    </p>
   </div>
   <div class='ocr_carea' id='block_1_49' title="bbox 457 4400 3693 4481">
    <p class='ocr_par' dir='ltr' id='par_1_49' title="bbox 457 4400 3693 4481">
     <span class='ocr_line' id='line_1_50' title="bbox 457 4400 3693 4481; baseline -0.001 -28"><span class='ocrx_word' id='word_1_703' title='bbox 457 4403 573 4453; x_wconf 89' lang='lat' dir='ltr'>tem</span> <span class='ocrx_word' id='word_1_704' title='bbox 594 4400 825 4456; x_wconf 89' lang='lat' dir='ltr'>verbum</span> <span class='ocrx_word' id='word_1_705' title='bbox 842 4402 913 4456; x_wconf 90' lang='lat' dir='ltr'>ab</span> <span class='ocrx_word' id='word_1_706' title='bbox 941 4403 1104 4456; x_wconf 90' lang='lat' dir='ltr'>idolis</span> <span class='ocrx_word' id='word_1_707' title='bbox 1121 4404 1368 4471; x_wconf 89' lang='lat' dir='ltr'>auditur,</span> <span class='ocrx_word' id='word_1_708' title='bbox 1395 4405 1712 4459; x_wconf 72' lang='lat' dir='ltr'>daemonum</span> <span class='ocrx_word' id='word_1_709' title='bbox 1737 4406 2049 4476; x_wconf 89' lang='lat' dir='ltr'>deceptioni</span> <span class='ocrx_word' id='word_1_710' title='bbox 2075 4400 2117 4424; x_wconf 77' lang='grc' dir='ltr'><em>υ</em></span> <span class='ocrx_word' id='word_1_711' title='bbox 2137 4419 2222 4466; x_wconf 81' lang='lat' dir='ltr'>est</span> <span class='ocrx_word' id='word_1_712' title='bbox 2249 4414 2383 4478; x_wconf 81' lang='lat' dir='ltr'>Deo,</span> <span class='ocrx_word' id='word_1_713' title='bbox 2414 4413 2581 4466; x_wconf 84' lang='lat' dir='ltr'>ﬁdem</span> <span class='ocrx_word' id='word_1_714' title='bbox 2611 4428 2769 4465; x_wconf 85' lang='lat' dir='ltr'>suam</span> <span class='ocrx_word' id='word_1_715' title='bbox 2805 4418 2905 4465; x_wconf 87' lang='lat' dir='ltr'>aut</span> <span class='ocrx_word' id='word_1_716' title='bbox 2951 4408 3185 4481; x_wconf 88' lang='lat' dir='ltr'>aliquid,</span> <span class='ocrx_word' id='word_1_717' title='bbox 3218 4416 3267 4463; x_wconf 89' lang='lat' dir='ltr'>ct</span> <span class='ocrx_word' id='word_1_718' title='bbox 3308 4409 3632 4463; x_wconf 83' lang='lat' dir='ltr'>retribuetur</span> <span class='ocrx_word' id='word_1_719' title='bbox 3655 4401 3693 4451; x_wconf 82' lang='lat' dir='ltr'>ei</span> 
     </span>
    </p>
   </div>
   <div class='ocr_carea' id='block_1_50' title="bbox 459 4489 3697 4571">
    <p class='ocr_par' dir='ltr' id='par_1_50' title="bbox 459 4489 3697 4571">
     <span class='ocr_line' id='line_1_51' title="bbox 459 4489 3697 4571; baseline 0 -30"><span class='ocrx_word' id='word_1_720' title='bbox 459 4492 517 4540; x_wconf 90' lang='lat' dir='ltr'>et</span> <span class='ocrx_word' id='word_1_721' title='bbox 543 4504 656 4541; x_wconf 90' lang='lat' dir='ltr'>non</span> <span class='ocrx_word' id='word_1_722' title='bbox 684 4489 1112 4544; x_wconf 90' lang='lat' dir='ltr'>simulacrorum</span> <span class='ocrx_word' id='word_1_723' title='bbox 1134 4490 1492 4545; x_wconf 87' lang='lat' dir='ltr'>sensibilitati</span> <span class='ocrx_word' id='word_1_724' title='bbox 1512 4493 1921 4547; x_wconf 82' lang='lat' dir='ltr'>ascribitur.Ad</span> <span class='ocrx_word' id='word_1_725' title='bbox 1935 4494 2049 4548; x_wconf 63' lang='lat' dir='ltr'>haec</span> <span class='ocrx_word' id='word_1_726' title='bbox 2127 4504 2306 4571; x_wconf 77' lang='lat' dir='ltr'>(Rom.</span> <span class='ocrx_word' id='word_1_727' title='bbox 2329 4501 2441 4571; x_wconf 77' lang='lat' dir='ltr'>x1)?</span> <span class='ocrx_word' id='word_1_728' title='bbox 2471 4501 2714 4571; x_wconf 81' lang='lat' dir='ltr'>Spiritus</span> <span class='ocrx_word' id='word_1_729' title='bbox 2741 4516 2986 4571; x_wconf 87' lang='lat' dir='ltr'>namque</span> <span class='ocrx_word' id='word_1_730' title='bbox 3016 4505 3243 4553; x_wconf 89' lang='lat' dir='ltr'>sanctus</span> <span class='ocrx_word' id='word_1_731' title='bbox 3272 4499 3331 4552; x_wconf 91' lang='lat' dir='ltr'>in</span> <span class='ocrx_word' id='word_1_732' title='bbox 3374 4497 3551 4566; x_wconf 86' lang='lat' dir='ltr'>seipso</span> <span class='ocrx_word' id='word_1_733' title='bbox 3575 4504 3697 4545; x_wconf 89' lang='lat' dir='ltr'>unus</span> 
     </span>
    </p>
   </div>
   <div class='ocr_carea' id='block_1_51' title="bbox 457 4576 3697 4661">
    <p class='ocr_par' dir='ltr' id='par_1_51' title="bbox 457 4576 3697 4661">
     <span class='ocr_line' id='line_1_52' title="bbox 457 4576 3697 4661; baseline 0 -31"><span class='ocrx_word' id='word_1_734' title='bbox 457 4576 743 4632; x_wconf 87' lang='lat' dir='ltr'>adoranda</span> <span class='ocrx_word' id='word_1_735' title='bbox 770 4585 886 4634; x_wconf 88' lang='lat' dir='ltr'>tam</span> <span class='ocrx_word' id='word_1_736' title='bbox 912 4597 945 4634; x_wconf 91' lang='lat' dir='ltr'>a</span> <span class='ocrx_word' id='word_1_737' title='bbox 973 4581 1321 4635; x_wconf 72' lang='lat' dir='ltr'>daemonibus</span> <span class='ocrx_word' id='word_1_738' title='bbox 1337 4598 1504 4652; x_wconf 89' lang='lat' dir='ltr'>quam</span> <span class='ocrx_word' id='word_1_739' title='bbox 1528 4582 1598 4635; x_wconf 90' lang='lat' dir='ltr'>ab</span> <span class='ocrx_word' id='word_1_740' title='bbox 1623 4584 1971 4655; x_wconf 89' lang='lat' dir='ltr'>aruspicibus</span> <span class='ocrx_word' id='word_1_741' title='bbox 1992 4588 2049 4637; x_wconf 93' lang='lat' dir='ltr'>et</span> <span class='ocrx_word' id='word_1_742' title='bbox 2129 4590 2390 4661; x_wconf 88' lang='lat' dir='ltr'>idemque</span> <span class='ocrx_word' id='word_1_743' title='bbox 2405 4596 2613 4655; x_wconf 90' lang='lat' dir='ltr'>manet,</span> <span class='ocrx_word' id='word_1_744' title='bbox 2632 4590 2689 4643; x_wconf 94' lang='lat' dir='ltr'>id</span> <span class='ocrx_word' id='word_1_745' title='bbox 2703 4595 2787 4642; x_wconf 88' lang='lat' dir='ltr'>est</span> <span class='ocrx_word' id='word_1_746' title='bbox 2800 4585 3697 4653; x_wconf 87' lang='lat' dir='ltr'>immensus,indivisus,insepara-</span> 
     </span>
    </p>
   </div>
   <div class='ocr_carea' id='block_1_52' title="bbox 454 4668 2048 4744">
    <p class='ocr_par' dir='ltr' id='par_1_52' title="bbox 454 4668 2048 4744">
     <span class='ocr_line' id='line_1_53' title="bbox 454 4668 2048 4744; baseline 0.004 -22"><span class='ocrx_word' id='word_1_747' title='bbox 454 4668 804 4741; x_wconf 88' lang='lat' dir='ltr'>philosophis</span> <span class='ocrx_word' id='word_1_748' title='bbox 835 4672 1229 4743; x_wconf 89' lang='lat' dir='ltr'>insipientibus</span> <span class='ocrx_word' id='word_1_749' title='bbox 1261 4673 1714 4744; x_wconf 87' lang='lat' dir='ltr'>impellebantur,</span> <span class='ocrx_word' id='word_1_750' title='bbox 1738 4680 1792 4729; x_wconf 92' lang='lat' dir='ltr'>et</span> <span class='ocrx_word' id='word_1_751' title='bbox 1809 4683 1896 4729; x_wconf 91' lang='lat' dir='ltr'>est</span> <span class='ocrx_word' id='word_1_752' title='bbox 1918 4692 2048 4729; x_wconf 91' lang='lat' dir='ltr'>sen-</span> 
     </span>
    </p>
   </div>
   <div class='ocr_carea' id='block_1_53' title="bbox 455 4760 2050 4834">
    <p class='ocr_par' dir='ltr' id='par_1_53' title="bbox 455 4760 2050 4834">
     <span class='ocr_line' id='line_1_54' title="bbox 455 4760 2050 4834; baseline 0.004 -22"><span class='ocrx_word' id='word_1_753' title='bbox 455 4775 550 4812; x_wconf 86' lang='lat' dir='ltr'>sus</span> <span class='ocrx_word' id='word_1_754' title='bbox 587 4779 597 4813; x_wconf 92' lang='lat'>:</span> <span class='ocrx_word' id='word_1_755' title='bbox 634 4760 792 4814; x_wconf 91' lang='lat' dir='ltr'>Sicut</span> <span class='ocrx_word' id='word_1_756' title='bbox 819 4778 945 4816; x_wconf 90' lang='lat' dir='ltr'>cum</span> <span class='ocrx_word' id='word_1_757' title='bbox 993 4767 1191 4832; x_wconf 88' lang='lat' dir='ltr'>gentes</span> <span class='ocrx_word' id='word_1_758' title='bbox 1220 4763 1437 4828; x_wconf 87' lang='lat' dir='ltr'>essetis,</span> <span class='ocrx_word' id='word_1_759' title='bbox 1477 4764 1796 4817; x_wconf 76' lang='lat' dir='ltr'>dzemonum</span> <span class='ocrx_word' id='word_1_760' title='bbox 1837 4765 2050 4834; x_wconf 84' lang='lat' dir='ltr'>templa</span> 
     </span>
    </p>
   </div>
   <div class='ocr_carea' id='block_1_54' title="bbox 455 4848 2042 4924">
    <p class='ocr_par' dir='ltr' id='par_1_54' title="bbox 455 4848 2042 4924">
     <span class='ocr_line' id='line_1_55' title="bbox 455 4848 2042 4924; baseline 0.004 -23"><span class='ocrx_word' id='word_1_761' title='bbox 455 4848 575 4903; x_wconf 91' lang='lat' dir='ltr'>sine</span> <span class='ocrx_word' id='word_1_762' title='bbox 603 4851 990 4913; x_wconf 87' lang='lat' dir='ltr'>reluctatione,</span> <span class='ocrx_word' id='word_1_763' title='bbox 1009 4857 1174 4922; x_wconf 88' lang='lat' dir='ltr'>prout</span> <span class='ocrx_word' id='word_1_764' title='bbox 1191 4851 1564 4915; x_wconf 89' lang='lat' dir='ltr'>ducebamini,</span> <span class='ocrx_word' id='word_1_765' title='bbox 1579 4853 2042 4924; x_wconf 87' lang='lat' dir='ltr'>frequentabatis,</span> 
     </span>
    </p>
   </div>
   <div class='ocr_carea' id='block_1_55' title="bbox 452 4936 2045 5011">
    <p class='ocr_par' dir='ltr' id='par_1_55' title="bbox 452 4936 2045 5011">
     <span class='ocr_line' id='line_1_56' title="bbox 452 4936 2045 5011; baseline 0.004 -22"><span class='ocrx_word' id='word_1_766' title='bbox 452 4936 532 4990; x_wconf 92' lang='lat' dir='ltr'>sic</span> <span class='ocrx_word' id='word_1_767' title='bbox 551 4940 717 4992; x_wconf 91' lang='lat' dir='ltr'>modo</span> <span class='ocrx_word' id='word_1_768' title='bbox 743 4940 879 4993; x_wconf 91' lang='lat' dir='ltr'>dum</span> <span class='ocrx_word' id='word_1_769' title='bbox 904 4941 1137 5009; x_wconf 88' lang='lat' dir='ltr'>agimini</span> <span class='ocrx_word' id='word_1_770' title='bbox 1160 4940 1373 5011; x_wconf 90' lang='lat' dir='ltr'>Spiritu</span> <span class='ocrx_word' id='word_1_771' title='bbox 1402 4946 1596 4995; x_wconf 88' lang='lat' dir='ltr'>sancto</span> <span class='ocrx_word' id='word_1_772' title='bbox 1618 4941 1925 4995; x_wconf 87' lang='lat' dir='ltr'>secundum</span> <span class='ocrx_word' id='word_1_773' title='bbox 1954 4959 2045 4996; x_wconf 87' lang='lat' dir='ltr'>sa-</span> 
     </span>
    </p>
   </div>
   <div class='ocr_carea' id='block_1_56' title="bbox 451 5027 2045 5101">
    <p class='ocr_par' dir='ltr' id='par_1_56' title="bbox 451 5027 2045 5101">
     <span class='ocr_line' id='line_1_57' title="bbox 451 5027 2045 5101; baseline 0.004 -23"><span class='ocrx_word' id='word_1_774' title='bbox 451 5040 584 5078; x_wconf 87' lang='lat' dir='ltr'>nam</span> <span class='ocrx_word' id='word_1_775' title='bbox 599 5027 930 5093; x_wconf 77' lang='lat' dir='ltr'>doctrinam,</span> <span class='ocrx_word' id='word_1_776' title='bbox 951 5029 1018 5081; x_wconf 87' lang='lat' dir='ltr'>ad</span> <span class='ocrx_word' id='word_1_777' title='bbox 1044 5030 1345 5083; x_wconf 88' lang='lat' dir='ltr'>Ecclesiam</span> <span class='ocrx_word' id='word_1_778' title='bbox 1379 5030 1479 5084; x_wconf 91' lang='lat' dir='ltr'>Dei</span> <span class='ocrx_word' id='word_1_779' title='bbox 1511 5032 1774 5095; x_wconf 88' lang='lat' dir='ltr'>accedite,</span> <span class='ocrx_word' id='word_1_780' title='bbox 1809 5036 1866 5084; x_wconf 91' lang='lat' dir='ltr'>et</span> <span class='ocrx_word' id='word_1_781' title='bbox 1897 5048 2045 5101; x_wconf 78' lang='lat' dir='ltr'>prae-</span> 
     </span>
    </p>
   </div>
   <div class='ocr_carea' id='block_1_57' title="bbox 448 5114 2041 5189">
    <p class='ocr_par' dir='ltr' id='par_1_57' title="bbox 448 5114 2041 5189">
     <span class='ocr_line' id='line_1_58' title="bbox 448 5114 2041 5189; baseline 0.004 -23"><span class='ocrx_word' id='word_1_782' title='bbox 448 5114 623 5183; x_wconf 89' lang='lat' dir='ltr'>ceptis</span> <span class='ocrx_word' id='word_1_783' title='bbox 651 5115 956 5168; x_wconf 89' lang='lat' dir='ltr'>salutiferis</span> <span class='ocrx_word' id='word_1_784' title='bbox 975 5131 1102 5169; x_wconf 91' lang='lat' dir='ltr'>cum</span> <span class='ocrx_word' id='word_1_785' title='bbox 1129 5118 1280 5171; x_wconf 89' lang='lat' dir='ltr'>omni</span> <span class='ocrx_word' id='word_1_786' title='bbox 1307 5118 1626 5172; x_wconf 86' lang='lat' dir='ltr'>humilitate</span> <span class='ocrx_word' id='word_1_787' title='bbox 1650 5118 2041 5189; x_wconf 86' lang='lat' dir='ltr'>obtemperare</span> 
     </span>
    </p>
   </div>
   <div class='ocr_carea' id='block_1_58' title="bbox 445 5202 2036 5276">
    <p class='ocr_par' dir='ltr' id='par_1_58' title="bbox 445 5202 2036 5276">
     <span class='ocr_line' id='line_1_59' title="bbox 445 5202 2036 5276; baseline 0.004 -20"><span class='ocrx_word' id='word_1_788' title='bbox 445 5202 783 5257; x_wconf 90' lang='lat' dir='ltr'>contendite.</span> <span class='ocrx_word' id='word_1_789' title='bbox 812 5204 880 5256; x_wconf 88' lang='lat' dir='ltr'>Et</span> <span class='ocrx_word' id='word_1_790' title='bbox 911 5205 1058 5273; x_wconf 88' lang='lat' dir='ltr'>quod</span> <span class='ocrx_word' id='word_1_791' title='bbox 1078 5205 1232 5271; x_wconf 89' lang='lat' dir='ltr'>dicit,</span> <span class='ocrx_word' id='word_1_792' title='bbox 1258 5213 1427 5276; x_wconf 90' lang='lat' dir='ltr'>prout</span> <span class='ocrx_word' id='word_1_793' title='bbox 1446 5207 1819 5266; x_wconf 83' lang='lat' dir='ltr'>ducebamini,</span> <span class='ocrx_word' id='word_1_794' title='bbox 1846 5213 2036 5263; x_wconf 90' lang='lat' dir='ltr'>osten-</span> 
     </span>
    </p>
   </div>
   <div class='ocr_carea' id='block_1_59' title="bbox 445 5292 2037 5366">
    <p class='ocr_par' dir='ltr' id='par_1_59' title="bbox 445 5292 2037 5366">
     <span class='ocr_line' id='line_1_60' title="bbox 445 5292 2037 5366; baseline 0.003 -21"><span class='ocrx_word' id='word_1_795' title='bbox 445 5292 527 5346; x_wconf 91' lang='lat' dir='ltr'>dit</span> <span class='ocrx_word' id='word_1_796' title='bbox 551 5308 647 5345; x_wconf 90' lang='lat' dir='ltr'>eos</span> <span class='ocrx_word' id='word_1_797' title='bbox 668 5296 881 5345; x_wconf 89' lang='lat' dir='ltr'>tantam</span> <span class='ocrx_word' id='word_1_798' title='bbox 914 5295 1331 5348; x_wconf 89' lang='lat' dir='ltr'>venerationem</span> <span class='ocrx_word' id='word_1_799' title='bbox 1354 5295 1671 5350; x_wconf 89' lang='lat' dir='ltr'>exhibuisse</span> <span class='ocrx_word' id='word_1_800' title='bbox 1695 5297 2037 5366; x_wconf 87' lang='lat' dir='ltr'>simulacris,</span> 
     </span>
    </p>
   </div>
   <div class='ocr_carea' id='block_1_60' title="bbox 2132 4667 3699 4741">
    <p class='ocr_par' dir='ltr' id='par_1_60' title="bbox 2132 4667 3699 4741">
     <span class='ocr_line' id='line_1_61' title="bbox 2132 4667 3699 4741; baseline -0.006 -8"><span class='ocrx_word' id='word_1_801' title='bbox 2132 4679 2258 4733; x_wconf 90' lang='lat' dir='ltr'>bilis</span> <span class='ocrx_word' id='word_1_802' title='bbox 2267 4680 2565 4733; x_wconf 87' lang='lat' dir='ltr'>cumPatre</span> <span class='ocrx_word' id='word_1_803' title='bbox 2578 4684 2635 4732; x_wconf 88' lang='lat' dir='ltr'>et</span> <span class='ocrx_word' id='word_1_804' title='bbox 2650 4677 2915 4741; x_wconf 81' lang='lat' dir='ltr'>Filio,sed</span> <span class='ocrx_word' id='word_1_805' title='bbox 2927 4678 3074 4731; x_wconf 89' lang='lat' dir='ltr'>dona</span> <span class='ocrx_word' id='word_1_806' title='bbox 3084 4676 3236 4730; x_wconf 90' lang='lat' dir='ltr'>illius</span> <span class='ocrx_word' id='word_1_807' title='bbox 3251 4676 3428 4729; x_wconf 87' lang='lat' dir='ltr'>divisa</span> <span class='ocrx_word' id='word_1_808' title='bbox 3441 4667 3699 4739; x_wconf 81' lang='lat' dir='ltr'>sunt,quia</span> 
     </span>
    </p>
   </div>
   <div class='ocr_carea' id='block_1_61' title="bbox 2132 4757 3698 4835">
    <p class='ocr_par' dir='ltr' id='par_1_61' title="bbox 2132 4757 3698 4835">
     <span class='ocr_line' id='line_1_62' title="bbox 2132 4757 3698 4835; baseline -0.01 -15"><span class='ocrx_word' id='word_1_809' title='bbox 2132 4783 2245 4821; x_wconf 90' lang='lat' dir='ltr'>non</span> <span class='ocrx_word' id='word_1_810' title='bbox 2261 4766 2520 4819; x_wconf 91' lang='lat' dir='ltr'>omnibus</span> <span class='ocrx_word' id='word_1_811' title='bbox 2539 4765 2831 4835; x_wconf 72' lang='lat' dir='ltr'>aequaliter</span> <span class='ocrx_word' id='word_1_812' title='bbox 2856 4764 3239 4818; x_wconf 84' lang='lat' dir='ltr'>conferuntur.</span> <span class='ocrx_word' id='word_1_813' title='bbox 3264 4762 3424 4817; x_wconf 90' lang='lat' dir='ltr'>Unde</span> <span class='ocrx_word' id='word_1_814' title='bbox 3441 4757 3698 4813; x_wconf 89' lang='lat' dir='ltr'>fatendum</span> 
     </span>
    </p>
   </div>
   <div class='ocr_carea' id='block_1_62' title="bbox 2131 4842 3698 4925">
    <p class='ocr_par' dir='ltr' id='par_1_62' title="bbox 2131 4842 3698 4925">
     <span class='ocr_line' id='line_1_63' title="bbox 2131 4842 3698 4925; baseline -0.008 -17"><span class='ocrx_word' id='word_1_815' title='bbox 2131 4862 2217 4909; x_wconf 90' lang='lat' dir='ltr'>est</span> <span class='ocrx_word' id='word_1_816' title='bbox 2228 4854 2360 4925; x_wconf 88' lang='lat' dir='ltr'>quia</span> <span class='ocrx_word' id='word_1_817' title='bbox 2372 4855 2650 4907; x_wconf 89' lang='lat' dir='ltr'>cumDeus</span> <span class='ocrx_word' id='word_1_818' title='bbox 2663 4871 2763 4923; x_wconf 91' lang='lat' dir='ltr'>per</span> <span class='ocrx_word' id='word_1_819' title='bbox 2774 4852 3081 4907; x_wconf 90' lang='lat' dir='ltr'>divinitatis</span> <span class='ocrx_word' id='word_1_820' title='bbox 3099 4850 3410 4922; x_wconf 86' lang='lat' dir='ltr'>potentiam</span> <span class='ocrx_word' id='word_1_821' title='bbox 3430 4848 3621 4916; x_wconf 90' lang='lat' dir='ltr'>ubique</span> <span class='ocrx_word' id='word_1_822' title='bbox 3636 4842 3698 4895; x_wconf 89' lang='lat' dir='ltr'>sit</span> 
     </span>
    </p>
   </div>
   <div class='ocr_carea' id='block_1_63' title="bbox 2129 4935 3699 5012">
    <p class='ocr_par' dir='ltr' id='par_1_63' title="bbox 2129 4935 3699 5012">
     <span class='ocr_line' id='line_1_64' title="bbox 2129 4935 3699 5012; baseline -0.006 -15"><span class='ocrx_word' id='word_1_823' title='bbox 2129 4960 2240 4997; x_wconf 90' lang='lat' dir='ltr'>non</span> <span class='ocrx_word' id='word_1_824' title='bbox 2259 4950 2448 4997; x_wconf 88' lang='lat' dir='ltr'>tamen</span> <span class='ocrx_word' id='word_1_825' title='bbox 2464 4942 2674 5012; x_wconf 86' lang='lat' dir='ltr'>ubique</span> <span class='ocrx_word' id='word_1_826' title='bbox 2698 4947 2784 4995; x_wconf 90' lang='lat' dir='ltr'>est</span> <span class='ocrx_word' id='word_1_827' title='bbox 2805 4958 2905 5012; x_wconf 92' lang='lat' dir='ltr'>per</span> <span class='ocrx_word' id='word_1_828' title='bbox 2924 4939 3353 4994; x_wconf 86' lang='lat' dir='ltr'>inhabitationis</span> <span class='ocrx_word' id='word_1_829' title='bbox 3383 4936 3633 5008; x_wconf 78' lang='lat' dir='ltr'>gratiam,</span> <span class='ocrx_word' id='word_1_830' title='bbox 3654 4935 3699 4983; x_wconf 81' lang='lat' dir='ltr'>et</span> 
     </span>
    </p>
   </div>
   <div class='ocr_carea' id='block_1_64' title="bbox 2126 5022 3695 5103">
    <p class='ocr_par' dir='ltr' id='par_1_64' title="bbox 2126 5022 3695 5103">
     <span class='ocr_line' id='line_1_65' title="bbox 2126 5022 3695 5103; baseline -0.01 -17"><span class='ocrx_word' id='word_1_831' title='bbox 2126 5033 2185 5086; x_wconf 91' lang='lat' dir='ltr'>in</span> <span class='ocrx_word' id='word_1_832' title='bbox 2207 5031 2408 5103; x_wconf 91' lang='lat' dir='ltr'>quibus</span> <span class='ocrx_word' id='word_1_833' title='bbox 2429 5031 2650 5085; x_wconf 89' lang='lat' dir='ltr'>habitat</span> <span class='ocrx_word' id='word_1_834' title='bbox 2665 5048 2765 5101; x_wconf 93' lang='lat' dir='ltr'>per</span> <span class='ocrx_word' id='word_1_835' title='bbox 2778 5029 3160 5099; x_wconf 88' lang='lat' dir='ltr'>gratiam,non</span> <span class='ocrx_word' id='word_1_836' title='bbox 3184 5027 3474 5098; x_wconf 54' lang='lat' dir='ltr'>aequaliter</span> <span class='ocrx_word' id='word_1_837' title='bbox 3489 5022 3695 5077; x_wconf 81' lang='lat' dir='ltr'>habitat.</span> 
     </span>
    </p>
   </div>
   <div class='ocr_carea' id='block_1_65' title="bbox 2128 5115 3699 5190">
    <p class='ocr_par' dir='ltr' id='par_1_65' title="bbox 2128 5115 3699 5190">
     <span class='ocr_line' id='line_1_66' title="bbox 2128 5115 3699 5190; baseline -0.011 -14"><span class='ocrx_word' id='word_1_838' title='bbox 2128 5121 2283 5176; x_wconf 91' lang='lat' dir='ltr'>Sicut</span> <span class='ocrx_word' id='word_1_839' title='bbox 2310 5137 2442 5190; x_wconf 87' lang='lat' dir='ltr'>ergo</span> <span class='ocrx_word' id='word_1_840' title='bbox 2482 5136 2637 5173; x_wconf 89' lang='lat' dir='ltr'>mare</span> <span class='ocrx_word' id='word_1_841' title='bbox 2668 5119 3009 5172; x_wconf 88' lang='lat' dir='ltr'>immensum</span> <span class='ocrx_word' id='word_1_842' title='bbox 3052 5125 3156 5185; x_wconf 89' lang='lat' dir='ltr'>est,</span> <span class='ocrx_word' id='word_1_843' title='bbox 3185 5122 3239 5171; x_wconf 92' lang='lat' dir='ltr'>et</span> <span class='ocrx_word' id='word_1_844' title='bbox 3262 5115 3613 5170; x_wconf 86' lang='lat' dir='ltr'>advenientes</span> <span class='ocrx_word' id='word_1_845' title='bbox 3631 5123 3699 5161; x_wconf 88' lang='lat' dir='ltr'>se-</span> 
     </span>
    </p>
   </div>
   <div class='ocr_carea' id='block_1_66' title="bbox 2121 5199 3696 5279">
    <p class='ocr_par' dir='ltr' id='par_1_66' title="bbox 2121 5199 3696 5279">
     <span class='ocr_line' id='line_1_67' title="bbox 2121 5199 3696 5279; baseline -0.011 -14"><span class='ocrx_word' id='word_1_846' title='bbox 2121 5210 2365 5266; x_wconf 89' lang='lat' dir='ltr'>cundum</span> <span class='ocrx_word' id='word_1_847' title='bbox 2379 5208 2749 5278; x_wconf 89' lang='lat' dir='ltr'>capacitatem</span> <span class='ocrx_word' id='word_1_848' title='bbox 2766 5223 2965 5261; x_wconf 90' lang='lat' dir='ltr'>vasoru</span> <span class='ocrx_word' id='word_1_849' title='bbox 2974 5223 3028 5259; x_wconf 91' lang='lat' dir='ltr'>m</span> <span class='ocrx_word' id='word_1_850' title='bbox 3040 5222 3267 5260; x_wconf 89' lang='lat' dir='ltr'>suorum</span> <span class='ocrx_word' id='word_1_851' title='bbox 3282 5212 3340 5258; x_wconf 86' lang='lat' dir='ltr'>et</span> <span class='ocrx_word' id='word_1_852' title='bbox 3351 5199 3696 5279; x_wconf 80' lang='lat' dir='ltr'>differentiam</span> 
     </span>
    </p>
   </div>
   <div class='ocr_carea' id='block_1_67' title="bbox 2120 5292 3695 5363">
    <p class='ocr_par' dir='ltr' id='par_1_67' title="bbox 2120 5292 3695 5363">
     <span class='ocr_line' id='line_1_68' title="bbox 2120 5292 3695 5363; baseline -0.006 -14"><span class='ocrx_word' id='word_1_853' title='bbox 2120 5297 2411 5361; x_wconf 85' lang='lat' dir='ltr'>hauriunt,</span> <span class='ocrx_word' id='word_1_854' title='bbox 2430 5303 2486 5349; x_wconf 91' lang='lat' dir='ltr'>et</span> <span class='ocrx_word' id='word_1_855' title='bbox 2515 5314 2627 5350; x_wconf 90' lang='lat' dir='ltr'>non</span> <span class='ocrx_word' id='word_1_856' title='bbox 2656 5296 2982 5350; x_wconf 83' lang='lat' dir='ltr'>exinanitur</span> <span class='ocrx_word' id='word_1_857' title='bbox 3002 5311 3177 5357; x_wconf 87' lang='lat' dir='ltr'>mare,</span> <span class='ocrx_word' id='word_1_858' title='bbox 3194 5309 3377 5363; x_wconf 84' lang='lat' dir='ltr'>neque</span> <span class='ocrx_word' id='word_1_859' title='bbox 3400 5292 3695 5348; x_wconf 88' lang='lat' dir='ltr'>evacuatur;</span> 
     </span>
    </p>
   </div>
   <div class='ocr_carea' id='block_1_68' title="bbox 2122 5375 3699 5454">
    <p class='ocr_par' dir='ltr' id='par_1_68' title="bbox 2122 5375 3699 5454">
     <span class='ocr_line' id='line_1_69' title="bbox 2122 5375 3699 5454; baseline -0.006 -16"><span class='ocrx_word' id='word_1_860' title='bbox 2122 5392 2176 5438; x_wconf 89' lang='lat' dir='ltr'>et</span> <span class='ocrx_word' id='word_1_861' title='bbox 2193 5386 2339 5439; x_wconf 89' lang='lat' dir='ltr'>sicut</span> <span class='ocrx_word' id='word_1_862' title='bbox 2354 5386 2526 5439; x_wconf 90' lang='lat' dir='ltr'>etiam</span> <span class='ocrx_word' id='word_1_863' title='bbox 2545 5402 2608 5438; x_wconf 82' lang='lat' dir='ltr'>ex</span> <span class='ocrx_word' id='word_1_864' title='bbox 2625 5400 2738 5438; x_wconf 87' lang='lat' dir='ltr'>una</span> <span class='ocrx_word' id='word_1_865' title='bbox 2750 5385 2982 5437; x_wconf 87' lang='lat' dir='ltr'>lucerna</span> <span class='ocrx_word' id='word_1_866' title='bbox 2993 5384 3183 5454; x_wconf 90' lang='lat' dir='ltr'>plures</span> <span class='ocrx_word' id='word_1_867' title='bbox 3196 5375 3699 5445; x_wconf 78' lang='lat' dir='ltr'>accenduntur,ipsa</span> 
     </span>
    </p>
   </div>
   <div class='ocr_carea' id='block_1_69' title="bbox 2121 5462 3697 5543">
    <p class='ocr_par' dir='ltr' id='par_1_69' title="bbox 2121 5462 3697 5543">
     <span class='ocr_line' id='line_1_70' title="bbox 2121 5462 3697 5543; baseline -0.01 -15"><span class='ocrx_word' id='word_1_868' title='bbox 2121 5480 2313 5528; x_wconf 89' lang='lat' dir='ltr'>tamen</span> <span class='ocrx_word' id='word_1_869' title='bbox 2335 5491 2447 5528; x_wconf 87' lang='lat' dir='ltr'>non</span> <span class='ocrx_word' id='word_1_870' title='bbox 2478 5474 2749 5528; x_wconf 87' lang='lat' dir='ltr'>decrescit</span> <span class='ocrx_word' id='word_1_871' title='bbox 2783 5491 2793 5525; x_wconf 94' lang='lat'><strong>:</strong></span> <span class='ocrx_word' id='word_1_872' title='bbox 2829 5474 2910 5527; x_wconf 92' lang='lat' dir='ltr'>sic</span> <span class='ocrx_word' id='word_1_873' title='bbox 2951 5473 3195 5543; x_wconf 89' lang='lat' dir='ltr'>Spiritus</span> <span class='ocrx_word' id='word_1_874' title='bbox 3227 5474 3473 5533; x_wconf 88' lang='lat' dir='ltr'>sanctus,</span> <span class='ocrx_word' id='word_1_875' title='bbox 3488 5481 3608 5519; x_wconf 90' lang='lat' dir='ltr'>cum</span> <span class='ocrx_word' id='word_1_876' title='bbox 3636 5462 3697 5514; x_wconf 87' lang='lat' dir='ltr'>sit</span> 
     </span>
    </p>
   </div>
   <div class='ocr_carea' id='block_1_70' title="bbox 2121 5559 3696 5632">
    <p class='ocr_par' dir='ltr' id='par_1_70' title="bbox 2121 5559 3696 5632">
     <span class='ocr_line' id='line_1_71' title="bbox 2121 5559 3696 5632; baseline -0.006 -14"><span class='ocrx_word' id='word_1_877' title='bbox 2121 5564 2450 5630; x_wconf 87' lang='lat' dir='ltr'>immensus,</span> <span class='ocrx_word' id='word_1_878' title='bbox 2482 5561 2769 5617; x_wconf 89' lang='lat' dir='ltr'>distribuit</span> <span class='ocrx_word' id='word_1_879' title='bbox 2812 5562 2933 5632; x_wconf 90' lang='lat' dir='ltr'>ipse</span> <span class='ocrx_word' id='word_1_880' title='bbox 2971 5561 3142 5631; x_wconf 89' lang='lat' dir='ltr'>justis</span> <span class='ocrx_word' id='word_1_881' title='bbox 3168 5559 3410 5631; x_wconf 85' lang='lat' dir='ltr'>gratiam</span> <span class='ocrx_word' id='word_1_882' title='bbox 3437 5570 3591 5612; x_wconf 85' lang='lat' dir='ltr'>suam</span> <span class='ocrx_word' id='word_1_883' title='bbox 3619 5567 3696 5605; x_wconf 83' lang='lat' dir='ltr'>se-</span> 
     </span>
    </p>
   </div>
   <div class='ocr_carea' id='block_1_71' title="bbox 438 5381 2039 5457">
    <p class='ocr_par' dir='ltr' id='par_1_71' title="bbox 438 5381 2039 5457">
     <span class='ocr_line' id='line_1_72' title="bbox 438 5381 2039 5457; baseline 0.003 -22"><span class='ocrx_word' id='word_1_884' title='bbox 438 5386 505 5435; x_wconf 91' lang='lat' dir='ltr'>ut</span> <span class='ocrx_word' id='word_1_885' title='bbox 532 5397 727 5435; x_wconf 88' lang='lat' dir='ltr'>eorum</span> <span class='ocrx_word' id='word_1_886' title='bbox 757 5381 968 5434; x_wconf 87' lang='lat' dir='ltr'>cultum</span> <span class='ocrx_word' id='word_1_887' title='bbox 992 5397 1349 5453; x_wconf 83' lang='lat' dir='ltr'>nequaquam</span> <span class='ocrx_word' id='word_1_888' title='bbox 1372 5383 1741 5439; x_wconf 87' lang='lat' dir='ltr'>abhorrerent</span> <span class='ocrx_word' id='word_1_889' title='bbox 1762 5402 1792 5438; x_wconf 91' lang='lat' dir='ltr'>a</span> <span class='ocrx_word' id='word_1_890' title='bbox 1814 5385 2039 5457; x_wconf 90' lang='lat' dir='ltr'>quibus-</span> 
     </span>
    </p>
   </div>
   <div class='ocr_carea' id='block_1_72' title="bbox 439 5469 2039 5539">
    <p class='ocr_par' dir='ltr' id='par_1_72' title="bbox 439 5469 2039 5539">
     <span class='ocr_line' id='line_1_73' title="bbox 439 5469 2039 5539; baseline 0.003 -16"><span class='ocrx_word' id='word_1_891' title='bbox 439 5485 661 5539; x_wconf 89' lang='lat' dir='ltr'>cunque</span> <span class='ocrx_word' id='word_1_892' title='bbox 688 5469 1067 5532; x_wconf 88' lang='lat' dir='ltr'>hortarentur,</span> <span class='ocrx_word' id='word_1_893' title='bbox 1093 5471 1176 5523; x_wconf 90' lang='lat' dir='ltr'>vel</span> <span class='ocrx_word' id='word_1_894' title='bbox 1206 5479 1591 5537; x_wconf 88' lang='lat' dir='ltr'>monerentur,</span> <span class='ocrx_word' id='word_1_895' title='bbox 1617 5480 1673 5526; x_wconf 86' lang='lat' dir='ltr'>et</span> <span class='ocrx_word' id='word_1_896' title='bbox 1700 5474 2039 5529; x_wconf 87' lang='lat' dir='ltr'>ducerentur</span> 
     </span>
    </p>
   </div>
   <div class='ocr_carea' id='block_1_73' title="bbox 437 5558 2035 5632">
    <p class='ocr_par' dir='ltr' id='par_1_73' title="bbox 437 5558 2035 5632">
     <span class='ocr_line' id='line_1_74' title="bbox 437 5558 2035 5632; baseline 0.001 -16"><span class='ocrx_word' id='word_1_897' title='bbox 437 5558 713 5631; x_wconf 82' lang='lat' dir='ltr'>personis,</span> <span class='ocrx_word' id='word_1_898' title='bbox 745 5558 828 5612; x_wconf 82' lang='lat' dir='ltr'>ita</span> <span class='ocrx_word' id='word_1_899' title='bbox 856 5563 913 5611; x_wconf 88' lang='lat' dir='ltr'>et</span> <span class='ocrx_word' id='word_1_900' title='bbox 944 5574 1240 5615; x_wconf 88' lang='lat' dir='ltr'>conversos</span> <span class='ocrx_word' id='word_1_901' title='bbox 1268 5561 1448 5615; x_wconf 88' lang='lat' dir='ltr'>Deum</span> <span class='ocrx_word' id='word_1_902' title='bbox 1486 5561 1721 5631; x_wconf 83' lang='lat' dir='ltr'>diligere</span> <span class='ocrx_word' id='word_1_903' title='bbox 1752 5563 2035 5632; x_wconf 89' lang='lat' dir='ltr'>admonet,</span> 
     </span>
    </p>
   </div>
  </div>
