3850 6168
197 311 279 368 577

814 299 1197 357 EXPOSITIO
1227 302 1304 357 IN
1338 303 1493 358 EPP.
1526 302 1585 357 S.
1617 297 1855 355 PAULI.
1899 325 1964 336 —
2002 296 2081 351 IN
2110 297 2332 353 EPIST.
2367 297 2395 353 I
2431 297 2529 352 AD
2557 298 2720 354 COR.

3297 307 3403 366 578

194 430 396 487 cundum
422 424 555 495 quod
578 422 682 494 ipsi
704 422 960 477 videtur:
995 424 1115 494 ipse
1139 430 1329 480 tamen
1371 423 1791 495 omnipotensA
1809 419 2040 474 sitiones
2060 421 2326 491 leguntur
2356 427 2414 476 et
2448 422 2867 494 intelliguntur,
2897 433 2952 484 et
2971 432 3281 488 secundum
3308 453 3403 491 eas

192 522 237 574 in
261 513 594 572 immensitate
625 528 729 565 sua
748 518 1085 581 perseverat,
1105 518 1162 567 et
1200 520 1473 584 quantum
1504 515 1640 576 vult,
1673 518 1729 567 et

189 607 383 669 cuivult,
406 608 455 656 et
480 600 694 671 quando
726 600 862 661 vult,
889 605 945 654 et
974 603 1254 670 quomodo
1284 604 1431 669 vult;
1460 604 1558 657 dat
1574 610 1631 657 et
1645 602 1727 656 ni-

188 697 251 750 hil
270 694 427 748 minus
451 689 771 759 habet,quia
800 694 957 742 extra
984 706 1044 743 se
1069 690 1209 744 nulli
1239 698 1451 761 erogat,
1487 693 1549 747 Et
1576 694 1723 745 (livi-

186 782 801 838 sionesministrationum
818 783 968 831 sunt.
1002 778 1171 832 Verbi
1195 780 1412 849 gratia:
1448 786 1511 834 ut
1534 780 1591 835 in
1605 782 1724 851 epi-

188 870 351 941 scopis,
374 865 719 938 presbyteris,
755 864 1103 932 diaconibus,
1150 868 1478 937 caterisque
1508 868 1721 922 ordini-

185 960 281 1023 bus,
308 956 390 1028 qui
411 954 612 1026 Spiritu
642 960 837 1008 sancto
868 954 1237 1009 distribuente
1268 955 1522 1010 Ecclesia
1552 957 1722 1011 mini-

184 1046 263 1100 stri
288 1043 691 1108 constituuntur,
725 1058 839 1096 non
868 1059 969 1113 per
987 1043 1271 1114 propriam
1302 1044 1549 1097 hominis
1579 1045 1719 1099 deli-

183 1133 494 1197 berationem,
523 1131 618 1184 sed
666 1148 766 1201 per
805 1131 1049 1201 Spiritus
1097 1132 1275 1186 sancti
1322 1132 1714 1201 efficientiam;

182 1224 295 1275 idem
318 1228 483 1274 autem
510 1221 799 1284 Dominus,
833 1220 1102 1274 subaudis
1132 1226 1325 1275 manet
1350 1220 1621 1276 indivisus
1661 1223 1720 1276 in

180 1308 408 1363 omnibus.

232 1400 285 1452 Et
310 1399 580 1450 divisiones
606 1400 991 1464 operationum
1021 1403 1172 1462 sunt,
1206 1398 1339 1467 quia
1366 1397 1511 1451 alius
1527 1415 1720 1469 opera-

181 1485 617 1556 turperSpiritum
648 1490 902 1539 sanctum
931 1485 1194 1543 maxima.
1220 1486 1365 1540 alius
1394 1487 1715 1553 mediocria,

180 1574 295 1627 alius
319 1590 435 1626 vero
456 1572 705 1626 minima.
742 1575 892 1627 Idem
950 1591 1073 1627 rero
1126 1577 1280 1639 Deus,
1315 1578 1415 1642 qui
1459 1581 1720 1643 operatur

177 1664 331 1715 omnia
357 1665 412 1714 in
439 1663 708 1714 omnibus.
732 1661 908 1725 Quem
932 1663 1190 1734 superius
1222 1664 1524 1734 appellavit
1546 1663 1780 1751 Spiri-B

175 1756 288 1813 tum,
310 1750 460 1803 modo
477 1755 633 1803 vocat
651 1750 952 1804 Dominum
975 1757 1028 1805 et
1043 1751 1240 1817 Deum,
1262 1758 1318 1806 et
1344 1760 1431 1806 ter
1455 1752 1603 1806 idem
1633 1752 1719 1805 di-

177 1839 317 1892 cendo
338 1838 647 1892 manifestat
685 1856 744 1894 se
800 1840 952 1910 loqui
1007 1842 1076 1895 de
1107 1840 1319 1911 Spiritu
1368 1845 1580 1907 sancto,
1620 1840 1719 1895 sed

173 1943 261 1980 non
285 1933 487 1997 separat
512 1926 644 1980 inde
672 1928 898 1981 Patrem
931 1932 988 1981 et
1034 1927 1260 1994 Filium,
1317 1928 1446 1998 quia
1476 1943 1718 1998 quorum

173 2031 261 2068 una
284 2019 359 2068 est
384 2014 548 2068 virtus
569 2023 806 2080 natura,
835 2021 892 2068 et
911 2015 1226 2069 substantia
1237 2032 1369 2079 una,
1392 2016 1720 2070 horumuna

169 2108 235 2155 est
250 2103 477 2172 operatio
504 2102 763 2163 indivisa,
793 2102 888 2173 qui
941 2103 1204 2157 videlicet
1250 2104 1419 2169 Deus,
1453 2109 1719 2173 operatur

168 2191 321 2244 omnia
340 2191 476 2245 bona
504 2191 561 2244 in
592 2190 871 2244 omnibus.
895 2191 1107 2254 Quibus
1137 2191 1316 2246 verbis
1345 2192 1566 2246 tollitur
1605 2194 1716 2247 hu-

165 2294 300 2333 mana
321 2280 656 2350 arrogantia,
678 2296 805 2334 cum
836 2281 958 2334 sine
982 2281 1197 2351 Spiritu
1227 2288 1418 2336 sancto
1450 2298 1553 2335 nec
1585 2298 1706 2336 ma-
1752 2288 1753 2291 “

164 2384 268 2436 gna,
297 2385 388 2423 nec
418 2369 655 2423 minima
681 2369 830 2423 bona
858 2370 1080 2440 Operari
1122 2370 1301 2441 possit
1323 2375 1516 2425 nostra
1539 2371 1715 2440 fragi-

163 2455 280 2511 litas.
311 2458 481 2512 Altius
511 2462 710 2511 monet
735 2459 1036 2528 Apostolus
1056 2459 1114 2512 in
1137 2459 1406 2513 Trinitate
1434 2459 1618 2514 nullos
1638 2459 1719 2513 fa-

165 2544 352 2599 ciendos
369 2547 593 2616 gradus,
625 2547 760 2600 dum
792 2547 1036 2617 primum
1094 2548 1253 2617 ponit
1282 2548 1555 2618 Spiritum
1584 2566 1716 2602 san-

1810 509 1984 563 Vetus
2013 510 2435 565 Testamentum
2467 517 2566 566 aut
2590 514 2807 569 Novum
2836 518 3099 574 traditur.
3120 521 3217 575 Est
3229 524 3403 579 etiam

1810 598 2104 667 sapientia,
2141 616 2250 669 qua
2271 599 2517 655 abstinet
2545 603 2670 672 quis
2700 622 2733 657 a
2762 622 2931 675 pravo
2955 625 3142 678 opere,
3167 612 3404 667 scientia

1810 702 1957 751 vero,
1984 688 2205 757 quando
2220 705 2255 741 a
2274 706 2445 759 prava
2461 691 2814 760 cogitatione.
2832 694 3030 767 Itaque
3045 700 3159 753 sive
3178 701 3404 771 sapien-

1805 775 1943 828 tiam
1970 775 2309 841 divinarum,
2335 778 2450 833 sive
2477 780 2767 835 scientiam
2795 783 3174 841 humanarum
3210 806 3403 845 rerum

1803 863 2127 927 habeamus,
2162 882 2274 919 non
2306 884 2371 919 ex
2401 867 2562 921 nobis
2590 868 2742 939 ipsis,
2778 873 2874 925 sed
2904 890 2970 927 ex
3014 875 3198 929 dantis
3220 878 3402 931 sancti

1805 952 2045 1022 Spiritus
2055 954 2239 1023 gratia
2254 955 2778 1025 percipimus.Quod
2794 977 2923 1014 vero
2943 962 3402 1029 dicit,secundum

1802 1043 2051 1096 eumdem
2073 1044 2373 1110 Spiritum,
2388 1043 2527 1097 nihil
2549 1050 2634 1099 est
2651 1047 2805 1101 aliud
2820 1050 2928 1103 nisi
2960 1052 3119 1121 quasi
3140 1053 3354 1110 diceret
3380 1072 3392 1106 :

1801 1130 1911 1183 Alii
1957 1130 2125 1185 datur
2181 1148 2365 1186 sermo
2418 1133 2663 1189 scientia
2709 1139 3013 1193 secundum
3054 1142 3401 1199 voluntatem

1805 1218 2054 1288 ejusdem
2088 1220 2329 1291 Spiritus
2349 1223 2547 1286 sancti,
2580 1223 2665 1276 vel
2696 1241 2797 1294 per
2824 1228 3082 1282 eumdem
3102 1231 3398 1301 Spiritum.

1872 1309 2067 1369 Alteri,
2105 1308 2441 1364 subauditur
2469 1312 2655 1376 datur,
2688 1312 2824 1381 ﬁdes
2854 1318 2917 1388 in
2944 1319 3125 1371 eodem
3155 1319 3397 1387 Spiritu,

1800 1394 1860 1448 id
1889 1401 1975 1450 est
1998 1414 2101 1466 per
2128 1398 2386 1451 eumdem
2422 1398 2716 1469 Spiritum.
2754 1402 3027 1457 Dominus
3065 1406 3314 1477 loquitur
3340 1411 3402 1464 in

1799 1484 2098 1553 Evangelia
2129 1486 2197 1539 de
2227 1503 2467 1556 persona
2492 1488 2692 1543 Patris.
2732 1490 2849 1543 Hoc
2894 1498 2980 1544 est
3007 1509 3147 1563 opus
3178 1495 3300 1564 Dei,
3339 1503 3402 1552 ut

1802 1573 2044 1627 credatis
2089 1574 2147 1626 in
2196 1591 2321 1629 eum
2353 1592 2520 1646 quem
2550 1577 2704 1630 misit
2749 1578 2864 1633 ille.
2894 1580 2962 1633 Et
2990 1581 3297 1651 Apostolus
3335 1587 3403 1639 fi-

1800 1661 1927 1715 dem
1959 1661 2095 1715 dicit
2121 1662 2243 1716 dari
2273 1680 2373 1733 per
2414 1664 2681 1734 Spiritum
2726 1674 3004 1723 sanctum.
3042 1671 3200 1725 Unde
3231 1673 3400 1728 datur

1800 1749 2061 1819 intelligi,
2090 1750 2220 1819 quia
2239 1752 2385 1820 quod
2409 1752 2507 1805 dat
2519 1753 2689 1807 Pater
2703 1771 2804 1824 per
2824 1756 3096 1826 Spiritum
3116 1768 3397 1826 sanctum,

1802 1837 1900 1890 dat
1929 1844 1984 1891 et
2006 1838 2125 1908 ipse
2152 1840 2391 1908 Spiritus
2413 1847 2641 1895 sanctus
2653 1859 2780 1915 cum
2807 1844 2974 1899 Patre
2994 1852 3051 1899 et
3078 1847 3240 1913 Filio,
3267 1851 3401 1920 quia

1800 1924 1966 1979 unius
1996 1931 2080 1979 est
2104 1927 2396 1997 potestatis
2441 1934 2497 1981 et
2525 1931 2867 1998 operationis
2913 1948 3039 1986 cum
3070 1934 3180 1988 illis
3215 1954 3227 1989 :
3258 1937 3399 1992 ﬁdes

1801 2030 1935 2084 ergo
1957 2031 2068 2084 qua
2088 2014 2368 2068 credimus
2384 2016 2442 2068 in
2462 2016 2662 2084 Deum,
2689 2024 2745 2072 et
2775 2035 2809 2073 a
2835 2020 3002 2074 Patre
3034 2027 3091 2075 et
3108 2039 3141 2075 a
3162 2024 3302 2078 Filio
3340 2030 3399 2079 et

1800 2118 1835 2155 a
1864 2103 2076 2173 Spiritu
2107 2110 2300 2157 sancto
2330 2104 2515 2172 datur,
2550 2122 2652 2160 nec
2680 2112 2765 2161 est
2788 2108 2848 2162 in
2876 2109 3103 2165 homine
3126 2114 3398 2167 naturali-

1796 2196 1902 2256 ter,
1937 2192 2036 2246 sed
2058 2209 2093 2245 a
2120 2193 2236 2246 Deo
2257 2193 2425 2247 datur
2459 2212 2470 2247 :
2503 2195 2767 2264 quoniam
2793 2196 2839 2249 si
2868 2203 3035 2266 esset,
3078 2216 3274 2254 omnes
3293 2202 3396 2256 ha-

1798 2278 1997 2334 berent
2023 2281 2212 2335 fidem.
2232 2283 2351 2335 Atii
2376 2286 2563 2349 gratia
2591 2288 2903 2340 sanitatum
2932 2290 2993 2341 in
3015 2304 3126 2342 uno
3150 2290 3390 2357 Spiritu.

1798 2371 1879 2425 De
1905 2371 2090 2440 gratia
2117 2370 2425 2425 sanitatum
2450 2371 2603 2434 dicit,
2635 2389 2748 2443 qua
2775 2381 3051 2430 sanantur
3078 2378 3290 2433 infirmi
3307 2382 3396 2435 vel

1798 2458 1931 2527 agri
1942 2498 1953 2510 .

1867 2546 1989 2601 Atii
2017 2551 2258 2615 operatio
2280 2550 2574 2611 virtutum,
2593 2547 2649 2601 in
2668 2548 2957 2618 ejiciendis
2973 2551 3318 2608 damonibus
3339 2560 3396 2610 et

166 2640 288 2687 ctum
312 2636 544 2689 secundo
561 2635 868 2689 Dominum
887 2636 1193 2698 Christum,
1227 2636 1393 2691 tertio
1414 2637 1592 2691 Deum
1614 2639 1717 2691 Pa.
1798 2634 2087 2703 patrandis
2106 2635 2230 2688 aliis
2248 2635 2530 2689 miraculis
2554 2655 2564 2688 :
2590 2640 2697 2689 alii
2709 2640 3020 2707 prophetia,
3046 2658 3159 2710 qua
3179 2642 3393 2712 Spiritu

161 2727 293 2784 trem,
315 2722 402 2792 qui
431 2739 576 2777 unus
606 2723 759 2777 Deus
790 2722 1079 2777 distribuit
1126 2724 1275 2778 dona
1328 2740 1449 2789 sua,
1482 2741 1716 2780 manens
1797 2728 1990 2776 sancto
2032 2724 2298 2794 repletus,
2332 2724 2522 2778 futura
2575 2726 2846 2794 pradicit,
2874 2728 2960 2781 vel
2990 2730 3394 2799 prophetarum

162 2806 206 2861 in
230 2826 281 2862 se
301 2810 575 2868 indivisus.
1795 2809 1969 2865 libros
1999 2812 2259 2881 exponit;
2310 2815 2417 2865 alii
2445 2814 2700 2866 discretio
2728 2818 3054 2883 spirituum,
3086 2822 3152 2871 ut
3175 2819 3395 2873 noverit

221 2898 493 2968 Unicuique
521 2905 734 2966 autem,
767 2899 1036 2954 subaudis
1054 2900 1325 2965 ﬁdelium,
1347 2902 1520 2955 datur
1534 2905 1715 2955 mani—
1797 2902 1922 2973 quis
1951 2901 2215 2970 loquatur
2243 2916 2306 2954 ex
2337 2900 2552 2970 Spiritu
2574 2906 2786 2967 sancto,
2820 2905 2905 2957 vel
2936 2905 3063 2974 quis
3091 2922 3155 2959 ex
3186 2906 3391 2977 spiritu

164 2986 342 3051 festatio
368 2986 615 3055 Spiritus
642 2990 718 3040 ad
743 2991 1065 3051 utilitatem,
1090 2988 1306 3043 etillius
1319 2989 1592 3055 videlicet,
1618 2990 1713 3060 qui
1729 3040 1770 3066 η
1795 2988 2193 3054 humano,sive
2220 2988 2495 3058 maligno:
2527 2989 2673 3043 sicut
2700 2990 3034 3061 loquebatur
3051 2995 3238 3063 puella
3267 3012 3391 3066 qua

164 3040 173 3051 .
401 3040 418 3055 .
528 3040 601 3041 ην
752 3040 975 3042 κ
1030 3040 1064 3051 ε,
1098 3040 1144 3043 η
1336 3040 1592 3055 Van—VH,
1624 3040 1713 3060 τῇ
2174 3040 2177 3041 ν
2246 3040 2491 3058 ν
2537 3040 2669 3043 mm
2700 3040 3021 3061 -νιπηπ---
3051 3040 3238 3063 rum“
3270 3040 3391 3066 νιν-νυ

162 3074 360 3143 percipit
377 3075 585 3130 donum
629 3076 876 3145 Spiritus
896 3077 1096 3139 sancti,
1124 3083 1181 3131 et
1202 3078 1460 3144 aliorum,
1492 3078 1587 3147 qui
1612 3040 1772 3131 autc
1794 3093 2060 3147 magnum
2089 3081 2362 3147 quastum
2394 3077 2696 3147 praestabat
2723 3079 2965 3134 dominis
2994 3082 3130 3145 suis,
3173 3084 3241 3138 de
3280 3101 3392 3156 qua

161 3160 215 3213 ab
244 3162 326 3215 illo
352 3164 705 3228 erudiuntur,
735 3170 834 3219 aut
861 3167 1114 3237 exemplo
1155 3166 1306 3219 illius
1336 3167 1393 3219 in
1423 3166 1712 3220 meliorem
1794 3166 2005 3220 Paulus
2021 3165 2280 3235 spiritum
2297 3166 2659 3236 pythonicum
2679 3169 2929 3239 expulit:
2959 3176 3017 3224 et
3035 3171 3180 3225 sicut
3203 3173 3392 3244 loque-

161 3247 298 3303 vitam
315 3252 690 3318 instruuntur,
706 3259 762 3307 et
780 3254 839 3307 in
860 3254 959 3307 Dei
981 3254 1205 3308 laudem
1227 3253 1715 3314 excitantur,sicut
1792 3252 2002 3307 bantur
2019 3252 2169 3323 magi
2192 3258 2249 3306 et
2263 3253 2662 3309 incantatores.
2686 3257 2803 3309 Atii
2812 3273 3014 3324 genera
3037 3262 3387 3328 linguarum,

158 3335 388 3394 Dominus
407 3349 604 3396 monet
628 3359 640 3397 :
670 3344 971 3396 Luceatlua
982 3348 1157 3396 vestra
1178 3358 1365 3396 coram
1388 3343 1704 3396 hominibus
1794 3342 1853 3395 id
1879 3347 1965 3395 est
1986 3341 2284 3396 varietates
2310 3360 2654 3410 sermonum,
2680 3351 2745 3400 ut
2772 3347 3040 3417 apostolis
3074 3353 3131 3401 et
3158 3349 3391 3404 creden-

160 3426 334 3484 (JIatth.
374 3433 446 3497 v),
481 3436 588 3484 etc.
627 3429 1011 3484 Manifestatio
1065 3447 1194 3484 vero
1248 3430 1491 3501 Spiritus
1528 3430 1708 3484 sancti
1788 3429 1939 3483 tibus
1963 3429 2021 3482 in
2054 3430 2279 3484 exordio
2309 3431 2465 3489 ﬁdei.
2497 3434 2611 3487 Alii
2643 3436 3025 3501 interpretatio
3046 3452 3385 3501 sermonum,

157 3510 305 3581 ipsum
332 3518 448 3587 ejus
499 3519 715 3573 donum
772 3519 1126 3588 intelligitur,
1161 3518 1310 3589 quod
1355 3518 1461 3590 ipsi
1495 3519 1709 3572 homini
1760 3558 1761 3561 η
1790 3521 1857 3570 ut
1889 3516 2231 3589 Hieronymo
2256 3518 2352 3588 qui
2377 3519 2591 3573 divinas
2625 3520 2941 3590 Scripturas
2968 3539 3035 3575 ex
3067 3523 3301 3579 Hebrao
3329 3526 3390 3580 in

155 3605 434 3660 manifestat
462 3608 662 3662 datum
695 3625 816 3662 esse
842 3608 911 3661 ad
932 3608 1235 3662 utilitatem
1269 3624 1448 3672 suam,
1472 3614 1536 3662 ut
1564 3613 1717 3663 recte

156 3693 330 3758 credat,
355 3702 545 3749 sancte
586 3696 824 3764 vivat,et
853 3702 919 3751 ut
937 3695 1033 3749 alii
1063 3712 1132 3750 ex
1157 3713 1222 3750 eo
1245 3697 1549 3750 utilitatem
1587 3714 1718 3767 per-

155 3781 345 3851 cipiant.
379 3785 502 3839 Sive
529 3785 922 3839 manifestatio
953 3785 1195 3855 Spiritus
1248 3785 1452 3838 idcirco
1486 3785 1713 3849 dicitur,

156 3871 262 3938 quia
274 3871 583 3944 ubicunque
613 3889 715 3944 per
742 3874 890 3927 dona
910 3890 1011 3927 sua
1030 3873 1217 3937 fuerit,
1239 3872 1387 3926 illico
1408 3889 1719 3943 peropera-

156 3957 330 4014 tionem
363 3962 600 4033 justitia
628 3963 1043 4017 manifestatur.
1086 3963 1229 4016 Hinc
1275 3961 1543 4032 scriptum
1583 3966 1669 4016 est
1701 3981 1714 4016 :

157 4047 309 4112 Ignem
341 4054 462 4104 veni
486 4054 712 4105 mittere
739 4054 802 4105 in
834 4055 1063 4116 terram,
1095 4055 1144 4103 et
1173 4050 1307 4118 quid
1358 4052 1475 4103 υοιο
1504 4052 1619 4104 nisi
1655 4056 1719 4104 ut

156 4136 316 4190 ardeat
336 4140 488 4208 (Luc.
529 4138 678 4210 xu)?

208 4223 311 4277 Atii
329 4229 549 4294 quidem
568 4244 673 4296 per
682 4226 961 4296 Spiritum
973 4232 1229 4281 sanctum
1250 4227 1423 4281 datur
1440 4244 1618 4283 sermo
1628 4243 1719 4281 sa-

154 4312 354 4375 pientia.
370 4315 533 4369 Modo
553 4316 757 4387 incipit
793 4333 1071 4387 exponere
1090 4316 1388 4371 divisiones
1406 4317 1720 4387 gratiarum

154 4402 201 4450 et
222 4400 694 4458 ministrationum
720 4422 842 4476 qua
864 4422 964 4476 per
990 4406 1263 4476 Spiritum
1290 4412 1549 4459 sanctum
1580 4405 1721 4459 dan-

155 4490 245 4539 tur.
266 4489 622 4563 Intelligitur,
646 4494 923 4564 sapientia
944 4494 1005 4547 in
1026 4493 1265 4547 vitandis
1285 4493 1448 4546 malis
1476 4498 1535 4547 et
1556 4510 1723 4564 appe-

156 4578 308 4632 tendis
324 4579 502 4647 bonis,
537 4583 776 4637 scientia
802 4600 934 4649 vero
962 4583 1020 4636 in
1058 4582 1422 4652 disponendis
1452 4582 1720 4635 ordinan-

159 4662 321 4736 disque
339 4669 626 4725 humanis.
641 4671 867 4725 Etenim
900 4671 1101 4724 fundos
1122 4670 1235 4724 sive
1254 4686 1420 4740 agros
1448 4671 1717 4738 excolere,

156 4751 350 4811 domum
370 4761 686 4830 prudenter
712 4759 1004 4824 aedificare,
1040 4759 1309 4812 familiam
1340 4764 1724 4829 competenter

158 4842 400 4914 ordinare,
423 4849 495 4902 ad
522 4849 821 4903 scientiam
845 4848 1066 4902 videtur
1085 4847 1385 4918 pertinere.
1401 4847 1599 4913 Aliter,
1629 4864 1722 4902 sa-

153 4929 331 4997 pientia
356 4938 605 5006 pertinet
639 4938 709 4992 ad
734 4937 1109 5007 cognitionem
1126 4941 1395 4991 aternam
1418 4953 1530 5007 qua
1547 4937 1723 4992 credi-

154 5032 259 5073 mus
271 5022 439 5079 Deum
459 5026 781 5080 trinitatem
807 5025 1015 5080 habere
1043 5026 1103 5079 in
1130 5025 1405 5096 personis,
1442 5026 1720 5080 unitatem

154 5104 508 5180 insubstantia
530 5133 545 5180 ;
570 5114 810 5169 scientia
828 5131 958 5168 vero
992 5115 1365 5169 humanarum
1397 5131 1608 5181 rerum,
1642 5116 1720 5169 si-

154 5201 233 5247 cut
251 5214 410 5268 supra
460 5202 730 5257 diximus.
766 5203 891 5256 Sive
948 5203 1227 5271 sapientia
1276 5208 1379 5269 est,
1411 5204 1720 5258 secundum

154 5280 470 5356 Gregorium,
488 5291 722 5361 quando
742 5291 867 5362 quis
888 5291 1106 5345 Veteris
1122 5291 1469 5347 Testamenti
1500 5299 1557 5347 et
1585 5293 1726 5348 Novi

152 5369 267 5441 legit
284 5378 584 5446 volumina,
609 5387 670 5435 et
684 5380 962 5451 intelligit,
986 5387 1043 5436 et
1056 5381 1126 5435 ad
1153 5382 1457 5436 utilitatem
1482 5383 1725 5437 aliorum

153 5463 370 5531 exponit,
394 5466 545 5523 sicut
571 5469 970 5540 Hieronymus,
1003 5470 1371 5539 Augustinus,
1395 5470 1643 5525 Hilarius
1667 5476 1724 5525 et

153 5547 256 5618 ipse
276 5552 575 5625 Gregorius
600 5576 616 5625 ;
645 5558 879 5614 scientia
895 5574 1027 5613 vero
1056 5558 1282 5629 quando
1300 5558 1528 5615 illorum
1552 5575 1724 5631 expo-

1797 3606 2064 3660 Latinum
2081 3607 2373 3661 transtulit
2385 3651 2397 3663 .

1870 3695 1989 3747 Hac
2017 3700 2202 3747 autem
2236 3699 2425 3748 omnia
2463 3712 2584 3766 qua
2635 3698 3086 3753 enumeravimus
3126 3706 3183 3754 et
3218 3701 3392 3756 etiam

1800 3782 1962 3852 plura
1976 3798 2142 3852 quam
2158 3784 2896 3852 enumeravimus,operatur
2906 3803 3053 3840 unus
3063 3794 3226 3858 atque
3246 3791 3390 3844 idem

1800 3870 2065 3937 Spiritus,
2100 3871 2171 3923 ad
2202 3871 2505 3925 utilitatem
2554 3872 2767 3926 scilicet
2813 3873 2988 3928 totius
3015 3874 3292 3942 Ecclesia,
3332 3876 3394 3930 in

1802 3974 1912 4028 quo
1952 3957 2287 4027 intelligitur
2328 3959 2497 4013 Pater
2525 3966 2582 4012 et
2609 3960 2802 4025 Filius,
2837 3962 2970 4031 quia
2997 3962 3391 4033 inseparabilis

1801 4051 1887 4100 est
1908 4062 2103 4099 eorum
2124 4046 2395 4116 operatio,
2409 4048 2655 4100 dividens
2666 4051 2905 4115 singulis
2917 4050 3223 4105 electorum
3244 4052 3391 4106 dona

1802 4152 1923 4201 sua,
1957 4152 2069 4189 non
2100 4140 2289 4189 tamen
2317 4136 2437 4207 ipse
2461 4135 2690 4203 divisus,
2711 4143 2878 4205 prout
2906 4142 3044 4206 vult,
3064 4140 3197 4210 quia
3216 4141 3395 4195 omni-

1802 4227 2001 4293 potens
2028 4228 2128 4277 est.

1872 4311 2027 4366 Sicut
2056 4315 2205 4365 enim
2226 4328 2419 4380 corpus
2441 4328 2621 4367 unum
2642 4318 2737 4380 est,
2773 4319 2820 4367 et
2841 4316 2998 4369 habet
3015 4320 3194 4370 multa
3223 4334 3390 4372 mem-

1806 4401 1925 4468 bra,
1958 4400 2266 4471 etc.Usque
2312 4404 2395 4455 ita
2418 4406 2467 4454 et
2497 4402 2784 4457 Christus:
2817 4404 3110 4476 subaudis,
3133 4423 3260 4461 cum
3290 4408 3396 4462 Ec-

1802 4487 1973 4541 clesia
2002 4504 2177 4541 unum
2198 4505 2401 4560 corpus
2414 4495 2516 4544 est.
2544 4490 2644 4545 His
2669 4491 2852 4546 verbis
2882 4494 3049 4549 docet
3073 4512 3186 4549 non
3203 4495 3397 4551 deberi

1802 4574 1989 4630 inﬂari
2006 4577 2269 4646 qualibet
2287 4579 2553 4633 adversus
2565 4580 2826 4648 alterum,
2851 4583 3101 4652 quiaetsi
3130 4600 3244 4637 non
3275 4601 3398 4638 ma-

1801 4681 1997 4734 gnum,
2023 4672 2214 4721 tamen
2255 4685 2488 4738 parvum
2537 4674 2623 4722 est
2650 4669 2907 4723 Ecclesia
2951 4670 3283 4724 membrum.
3328 4673 3399 4725 Et

1804 4753 1950 4806 sicut
1978 4755 2167 4808 omnia
2194 4754 2467 4820 membra,
2499 4755 2613 4809 sive
2647 4756 2759 4809 sint
2788 4772 3011 4825 magna,
3057 4756 3173 4810 sive
3200 4774 3394 4828 parva,

1803 4841 1918 4896 sive
1946 4842 2204 4911 honesta,
2236 4843 2350 4898 sive
2370 4844 2682 4904 inhonesta,
2711 4860 2912 4914 corpus
2940 4843 3251 4900 humanum
3280 4847 3399 4902 for-

1804 4935 1981 4993 mant,
2005 4931 2086 4985 ita
2114 4932 2368 4987 homines
2413 4931 2619 4986 diversi
2658 4932 2845 4985 meriti
2886 4949 3059 4987 unam
3088 4934 3396 4993 Ecclesium

1803 5020 2097 5086 adificant,
2119 5025 2175 5074 et
2196 5037 2369 5075 unum
2383 5038 2584 5091 corpus
2602 5020 2807 5075 Christi
2827 5020 3209 5079 faciunt.Cum
3240 5028 3401 5083 Chri-

1804 5113 1889 5163 sto
1910 5109 2060 5163 enim
2083 5109 2178 5179 qui
2198 5114 2284 5162 est
2302 5114 2468 5180 caput
2488 5109 2764 5176 Ecclesia,
2786 5110 2907 5181 ipsa
2931 5113 3174 5170 Ecclesia
3184 5115 3399 5174 intelli-

1802 5200 1974 5270 gitur,
2004 5216 2126 5270 qua
2148 5202 2233 5251 est
2250 5214 2454 5267 corpus
2484 5199 2624 5269 ejus.
2662 5200 2881 5255 Etenim
2911 5205 2975 5256 in
3014 5220 3126 5259 uno
3150 5206 3393 5276 Spiritu,

1805 5288 2091 5349 subaudis,
2116 5289 2326 5349 sancto,
2350 5286 2421 5341 de
2441 5304 2552 5358 quo
2580 5288 2853 5360 scriptum
2878 5297 2964 5345 est
2990 5312 3002 5347 :
3036 5295 3151 5362 Ipse
3178 5312 3267 5350 vos
3298 5300 3397 5352 ba-

1800 5379 2034 5445 ptizabit
2067 5379 2129 5429 in
2147 5374 2367 5441 Spiritu
2399 5383 2586 5432 sancto
2625 5384 2673 5433 et
2722 5383 2845 5447 igne
2876 5381 3088 5451 (Matth.
3128 5388 3249 5450 III);
3291 5389 3347 5436 et
3378 5402 3391 5437 :

1806 5468 1931 5521 Nisi
1958 5468 2083 5534 quis
2114 5467 2339 5518 renatus
2370 5468 2545 5533 fuerit
2588 5486 2652 5522 es:
2688 5486 2835 5537 aqua
2863 5475 2911 5523 et
2960 5470 3178 5538 Spiritu
3209 5475 3395 5523 sancto

1808 5556 2092 5628 (Joan.1u).
2102 5554 2296 5611 Omnes
2312 5568 2413 5611 nos
2425 5560 2489 5612 in
2501 5574 2681 5625 unum
2699 5574 2893 5628 corpus
2905 5560 3171 5629 baptizati
3179 5573 3393 5626 sumus,
