3936 6164
400 323 520 382 579*

856 327 1236 383 HAYMONIS
1268 328 1756 385 H‘ALBERSTAT.
1790 329 1991 385 EPISC

2081 324 2209 382 )PP.
2242 320 2427 379 PARS
2456 324 2502 378 ι.
2539 353 2604 364 -
2638 323 3009 380 ΟΘΜΜἙΝῬ.
3044 325 3223 381 BIBL.

3555 324 3663 382 5380'

397 450 464 505 id
479 455 582 517 est,
607 451 678 505 ad
696 452 1081 524 hocbaptizati
1103 470 1296 507 sumus
1317 457 1385 506 ut
1403 469 1654 507 essemus
1685 470 1857 507 unum
1884 469 2002 505 cor-
2017 455 2063 513 Α
2084 450 2547 503 abundantiorem
2572 449 3008 501 circumdamus.
3050 448 3383 519 Ignobili'ora
3414 446 3653 503 membra

399 556 509 611 pus
526 556 651 594 cum
667 541 849 612 capite
866 548 1059 595 nostro
1095 550 1105 588 ι
1135 543 1334 602 hristo,
1358 547 1607 595 etomnes
1639 545 1697 595 in
1732 559 1844 596 uno
1872 542 1999 609 Spi-

402 632 521 682 ritu
550 633 731 698 potati
754 647 964 683 sumus.
1002 631 1171 693 Quasi
1204 630 1450 683 diceret:
1483 630 1760 684 Potionati
1783 647 1995 694 sumus,

400 721 499 775 veP
518 738 693 774 unum
729 722 998 792 Spiritum
1031 722 1344 793 potavimus
1384 739 1394 773 :
1438 721 1571 790 quia
1626 727 1877 792 tempore
1907 720 2000 774 ba-

401 809 890 880 pti'smatisomnes
902 827 1076 863 unum
1095 810 1363 879 Spiritum
1382 815 1636 863 sanctum
1660 811 1993 882 accepimus.

472 899 618 951 Nam.
643 902 902 966 etcorpus
922 914 1035 951 non
1049 914 1229 950 unum
1249 905 1323 951 est
1338 916 1474 951 mem
1485 900 1667 954 brum.
1693 902 1783 952 sed
1796 903 1994 963 multa,

405 985 535 1056 quia
564 1002 739 1039 unum
790 985 1104 1039 membrum
1132 1003 1243 1040 non
1283 987 1420 1040 facit
1441 1004 1664 1056 corpus,
1695 987 1789 1041 sed
1824 988 2000 1040 multa

401 1073 581 1127 simul
601 1074 803 1127 nervisa
838 1075 1226 1144 conglutinata
1255 1093 1266 1127 :
1300 1076 1379 1128 sic
1429 1090 1624 1129 omnes
1682 1075 1992 1131 credentes.

401 1163 521 1218 sive
550 1163 669 1216 sint
697 1162 966 1216 sublimes
1024 1163 1150 1216 vitze
1199 1163 1417 1227 merito,
1455 1164 1568 1217 sive
1615 1164 1789 1233 parvi,
1823 1180 1999 1217 unum

403 1269 606 1324 corpus
634 1251 901 1318 efﬁciunt,
934 1251 1354 1321 conglutinante
1395 1270 1488 1306 eos
1515 1252 1721 1306 virtute
1754 1251 2001 1322 Spiritus

400 1341 580 1395 sancti
596 1386 609 1399 .

470 1429 535 1483 Si
553 1431 899 1497 dixeritpes:
924 1431 1193 1497 Quoniam
1220 1446 1329 1482 non
1350 1446 1468 1483 sum
1496 1447 1715 1496 manus,
1742 1447 1853 1484 non
1875 1447 1998 1483 sum

401 1520 463 1572 de
478 1534 865 1585 corporemum
888 1520 1002 1571 ideo
1017 1533 1128 1571 non
1144 1524 1214 1581 es!
1233 1520 1295 1570 de
1309 1534 1529 1585 corpore
1555 1525 1577 1571 ?
1596 1519 1997 1588 Interrogative

402 1612 488 1661 est
512 1608 838 1677 legendum,
870 1612 926 1660 et
954 1607 1398 1661 subaudiendum
1434 1609 1628 1677 utique
1658 1610 1725 1661 de
1770 1624 2000 1678 corpore

399 1706 504 1750 est.
531 1697 721 1766 Caput
734 1695 981 1766 corporis
997 1695 1104 1757 sui,
1121 1696 1173 1748 id
1198 1702 1284 1749 est
1302 1697 1569 1759 Ecclesiae,
1602 1697 1860 1751 Christus
1891 1701 1993 1749 est.

402 1784 563 1840 Oculi
594 1764 764 1859 hujus
793 1764 1064 1854 corporis,
1099 1786 1337 1854 apostoli
1360 1792 1493 1838 sunt
1522 1786 1888 1854 intelligendi,
1930 1764 2059 1837 deB

400 1873 608 1945 quibus
643 1874 852 1927 dicitur
893 1892 903 1925 :
937 1874 1287 1926 Pulehriores
1340 1880 1473 1926 sunt
1531 1877 1677 1926 oculi
1704 1877 1821 1942 ejus
1871 1876 2001 1926 rino

400 1962 555 2029 (Gen.
590 1966 755 2029 XLIX),
790 1962 889 2015 sed
937 1967 994 2014 et
1042 1960 1436 2031 prmdicatores
1482 1961 1591 2030 qui'
1626 1960 1732 2013 sibi
1764 1960 2001 2030 aliisque

401 2050 725 2120 spiritualia
750 2049 1078 2119 provident;
1115 2065 1280 2102 aures
1316 2054 1448 2102 sunt
1472 2049 1663 2102 ﬁdeles
1692 2049 1997 2114 auditores;

399 2153 586 2203 nares,
621 2137 716 2207 qui
746 2137 856 2189 vim
878 2136 1233 2190 discretionis
1262 2135 1471 2189 habent
1502 2136 1650 2189 inter
1678 2136 1876 2189 odores
1894 2136 2002 2189 vir-

398 2230 589 2279 tutum
615 2225 935 2294 ﬁétoresque
958 2224 1220 2277 vitiorum
1250 2242 1261 2288 ;
1300 2241 1379 2285 os,
1420 2224 1515 2293 qui
1563 2224 1750 2277 divina
1778 2224 2001 2294 eloquia

398 2312 529 2365 aliis
543 2317 819 2371 eructant,
841 2312 905 2364 id
920 2317 1004 2365 est
1024 2312 1278 2365 doctores
1301 2330 1312 2378 ;
1340 2327 1559 2371 manus,
1582 2312 1675 2382 qui
1692 2317 2001 2381 operantur

397 2401 549 2454 unde
575 2400 675 2453 alii
687 2400 907 2466 vivant;
941 2400 1127 2470 pedes,
1155 2400 1248 2470 qui
1276 2400 1331 2453 in
1360 2401 1601 2470 negotiis
1639 2399 1997 2454 saecularibus

398 2489 470 2543 ad
497 2489 802 2543 utilitatem
826 2495 1152 2542 ceeterorum
1177 2489 1518 2542 discurrunt.
1541 2488 1598 2543 Si
1638 2489 1841 2543 dixerit
1866 2489 1996 2543 talis

396 2594 516 2649 pes,
544 2593 656 2631 non
677 2593 799 2630 sum
830 2593 1055 2641 manus,
1080 2576 1210 2646 quia
1232 2593 1341 2630 non
1365 2577 1541 2630 habeo
1556 2578 1703 2647 quod
1726 2577 1990 2644 tribuam,

395 2667 482 2721 vel
513 2682 625 2721 non
652 2682 883 2738 possum
912 2665 1132 2736 cperari
1154 2666 1303 2719 unde
1326 2665 1452 2719 aliis
1492 2667 1694 2719 victum
1724 2666 1991 2730 tribuam,

396 2762 703 2827 propterea
730 2772 844 2809 non
868 2772 989 2809 sum
1023 2756 1086 2807 de
1114 2770 1336 2822 corpore
1366 2754 1593 2818 Christi,
1616 2771 1728 2809 non
1753 2755 1879 2809 ideo
1910 2761 1995 2809 est

395 2847 465 2901 de
493 2845 763 2917 corpore?
792 2843 1284 2912 Subaudisutique
1309 2849 1394 2897 est
1412 2844 1481 2897 de
1510 2860 1740 2915 corpore
1764 2844 1991 2897 Christi.

399 2935 493 2990 Sic
518 2934 945 3004 intelligendum
977 2932 1046 2986 de
1076 2949 1211 2986 aure
1241 2937 1294 2985 et
1348 2933 1527 2999 oculo,
1562 2932 1825 3003 quoniam
1859 2933 1993 2988 licet

396 3023 554 3078 dicat
574 3022 755 3076 bonus
785 3022 1012 3075 auditor
1039 3037 1050 3067 :
1079 3022 1198 3074 Non
1241 3037 1363 3073 sum
1418 3024 1627 3084 oculus,
1660 3022 1715 3074 id
1749 3027 1833 3075 est
1857 3039 1994 3092 prm-

397 3110 632 3172 dicator,
664 3115 721 3163 et
744 3114 1041 3183 prOpterea
1070 3124 1183 3161 non
1212 3124 1332 3161 sum
1369 3109 1435 3161 de
1485 3125 1708 3176 corpore
1757 3110 1986 3175 Christi,

392 3214 507 3252 non
562 3198 689 3251 ideo
748 3213 858 3249 non
900 3197 1009 3249 erit
1043 3216 1053 3248 :
1089 3196 1187 3249 sed
1218 3196 1327 3249 erit
1373 3197 1440 3249 de
1490 3213 1723 3277 corpore
1761 3198 1985 3252 Christi.

391 3285 705 3341 Membrum
731 3283 841 3337 erit
870 3283 1147 3337 Ecclesiae.

463 3375 629 3427 Nunc
654 3376 842 3424 autem
866 3373 1050 3439 posuit
1080 3372 1220 3424 Deus
1246 3373 1512 3435 membra,
1560 3376 1990 3441 unumquodque

396 3473 588 3516 eorum
620 3462 681 3512 in
711 3473 932 3526 corpore
975 3462 1119 3511 sicut
1148 3462 1340 3523 voluit,
1374 3460 1577 3529 quibus
1632 3461 1813 3515 verbis
1842 3463 1991 3515 tollit

390 3548 905 3621 prmsumptionem,
925 3563 995 3600 ne
1010 3546 1136 3615 quis
1149 3547 1357 3600 donum
1384 3547 1480 3600 Dei
1504 3553 1662 3617 putet
1677 3565 1842 3602 suum
1868 3565 1986 3602 me-

389 3638 585 3693 ritum.
619 3636 883 3706 Quisquis
916 3636 1061 3689 enim
1093 3636 1150 3688 in
1182 3636 1429 3689 Ecclesia
1456 3642 1542 3689 est
1573 3639 1782 3696 oculus,
1804 3639 1985 3701 aDeo,

392 3732 460 3781 et:
476 3743 586 3781 non
620 3743 650 3779 a
676 3744 755 3791 se,
790 3725 971 3779 factus
1003 3730 1087 3778 est
1117 3726 1331 3778 oculus.
1364 3724 1455 3779 Sic
1477 3731 1533 3778 et
1557 3725 1626 3778 de
1652 3726 1867 3779 caeteris
1898 3727 1988 3780 in-

389 3814 757 3884 telligendum
788 3812 1075 3866 membris.
1111 3813 1251 3865 Hinc
1304 3813 1450 3865 enim
1494 3813 1612 3866 ait:
1647 3816 1799 3880 Quid
1837 3817 1986 3867 enim

392 3904 554 3957 habes
581 3904 856 3971 quod-non
883 3903 1141 3969 accepisti
1164 3903 1210 3968 (Ι
1237 3901 1357 3955 Cor.
1392 3906 1468 3967 Iv)
1493 3901 1517 3953 ’ἲ

463 3993 614 4059 Quod
642 3994 693 4046 si
718 3996 897 4045 essent
921 3992 1131 4054 omnia,
1161 3990 1430 4043 subaudis
1482 3988 1754 4053 membra,
1802 4007 1984 4045 unum

388 4081 723 4144 membrum,
742 4081 840 4133 ubi
861 4095 1075 4147 corpus,
1102 4078 1368 4133 subaudis
1390 4084 1555 4141 esset,
1581 4079 1728 4147 quod
1750 4096 1860 4133 non
1874 4096 1986 4133 uno

388 4166 660 4225 membro.
696 4167 805 4220 sed-
821 4167 1090 4219 varietate
1136 4167 1517 4221 membrorum
1548 4173 1788 4225 constat.
1842 4169 1910 4222 Et
1939 4170 1985 4223 si

389 4272 584 4310 omnes
611 4258 798 4308 essent
827 4253 979 4306 auris
1009 4259 1109 4306 aut
1135 4255 1419 4317 oculus,id
1450 4260 1535 4308 est
1548 4255 1835 4309 auditores
1865 4262 1986 4310 tan-

2083 536 2285 608 quibus
2315 536 2780 589 abundantiorem
2802 538 3070 591 honorem
3092 538 3514 594 circumdamus.
3536 542 3655 591 sunt

2082 643 2285 680 manus
2307 626 2564 696 etpedes.
2589 625 2791 695 quibus
2810 633 3140 680 ornamenta
3167 627 3655 679 calceamentorum

2083 716 2545 784 armillarumque
2576 714 2938 778 adhibemus;
2990 720 3036 767 et
3076 731 3195 782 qua:
3234 715 3521 767 inhonesta
3538 719 3657 765 sunt

2084 811 2293 865 nostra,
2307 804 2773 855 abundantiorem
2787 804 3115 855 honestatem
3139 803 3354 854 habent.
3373 801 3660 855 Inhonesta

2080 899 2275 946 nostra
2296 897 2431 945 sunt
2448 891 2710 955 verenda,
2735 907 2857 960 qua:
2894 891 3339 943 verecundamur
3364 890 3535 943 videri
3565 905 3661 942 nu-

2081 982 2175 1048 da‘,
2203 980 2405 1050 quibus
2431 979 2901 1033 abundantiorem
2952 980 3304 1033 honestatem
3360 977 3661 1049 praebemus

2082 1050 2429 1122 diversorum
2462 1068 2710 1121 colorum
2738 1066 3002 1124 vestibus.

2154 1175 2387 1227 Honesta
2417 1179 2601 1226 autem
2653 1179 2860 1239 nostra,
2885 1174 2953 1227 id“
2972 1180 3060 1227 est
3087 1174 3250 1231 oculi.
3289 1190 3457 1231 nares
3486 1178 3542 1225 et
3568 1188 3665 1225 caa-

2084 1268 2208 1316 tera
2228 1263 2385 1325 talia,
2410 1265 2627 1315 nullius
2656 1267 2807 1329 egent
2839 1263 3159 1316 ornamenti
3190 1282 3203 1315 :
3232 1265 3324 1316 sed
3367 1264 3509 1317 Deus
3542 1269 3666 1315 lem-

2077 1355 2314 1418 perarit,
2337 1350 2391 1403 id
2426 1357 2511 1403 est
2529 1350 2835 1413 fabricavit,
2851 1367 3064 1418 corpus,
3088 1350 3385 1425 tribuendo
3406 1351 3665 1403 honorem

2083 1445 2134 1493 ei
2162 1439 2414 1494 membro
2456 1442 2551 1491 cui
2575 1442 2778 1503 deerat,
2813 1439 3079 1492 subaudis
3122 1440 3318 1497 honor.
3353 1439 3670 1491 abundatio-

2083 1543 2197 1580 rem
2235 1528 2548 1590 tribuendo,
2574 1527 2627 1579 id
2648 1532 2731 1580 est
2761 1512 3107 1585 extrinsecus
3140 1526 3397 1582 adhibuit
3427 1524 3667 1579 membro

2083 1616 2364 1669 honorem.
2383 1630 2483 1684 per
2501 1614 2946 1669 additamentum
2978 1616 3211 1669 vestium
3244 1620 3300 1667 et
3320 1620 3666 1666 ornamento-

2080 1719 2229 1765 rum,
2255 1702 2516 1773 quoniam
2542 1719 2653 1755 non
2676 1703 2845 1756 habet
2864 1703 3095 1756 insitum
3120 1721 3218 1774 per
3238 1709 3460 1757 natura:
3486 1702 3661 1756 decus.

2160 1809 2219 1862 Ut
2239 1825 2349 1861 non
2372 1812 2444 1861 sit
2472 1810 2731 1870 schisma,
2749 1809 2811 1862 id.
2828 1815 2911 1862 est
2930 1809 3146 1873 divisio,
3181 1813 3240 1865 in
3281 1826 3524 1878 corpore,
3554 1808 3671 1883 qui-

2082 1894 2318 1951 busdam
2353 1897 2621 1951 membris
2652 1897 2916 1967 pulchris,
2952 1897 3289 1969 quibusdam
3320 1897 3671 1955 manentibUS

2083 1984 2415 2045 inhonestis,
2435 1985 2528 2039 sed
2553 1985 2625 2038 sit
2641 1987 2969 2056 corpusjam
2984 1991 3181 2045 totum.
3202 1986 3539 2054 honestum,
3561 1992 3671 2041 tam

2084 2080 2307 2133 natura.
2333 2089 2502 2143 quam
2523 2074 3196 2144 ornamentorumgratia,
3216 2076 3304 2131 sed
3328 2079 3387 2128 in
3410 2075 3668 2143 221112511121,

2084 2161 2136 2214 id
2158 2167 2241 2216 est
2261 2162 2620 2217 alterutrum.
2640 2178 2741 2231 per
2768 2164 3001 2216 invicem
3021 2164 3254 2223 sollicita
3266 2166 3379 2217 sint
3404 2164 3671 2229 membra,

2083 2250 2228 2304 sicut
2255 2250 2448 2304 oculus
2499 2250 2605 2305 toti
2650 2251 2871 2329 corpori
2898 2250 3068 2316 Videt,
3097 2255 3154 2305 et
3198 2267 3294 2325 pes
3324 2250 3431 2306 toti
3463 2251 3673 2322 corpori

2081 2337 2350 2403 ambulat,
2377 2344 2479 2392 etc.

2166 2448 2260 2503 Vos.
2309 2450 2499 2501 autem
2552 2449 2687 2499 estis:
2734 2462 2929 2514 corpus
2971 2447 3197 2501 Clm'sti.
3226 2451 3275 2499 et
3328 2447 3579 2501 membra
3613 2446 3673 2498 de

2079 2535 2341 2589 membro.
2368 2533 2532 2589 Sicut
2553 2534 2624 2587 de
2652 2533 2892 2590 humero.
2918 2532 3173 2602 procedit
3199 2531 3445 2593 cubitus,
3478 2548 3669 2587 manus

2078 2627 2134 2677 et
2162 2622 2346 2692 digiti,
2380 2628 2435 2675 et
2467 2623 2534 2678 de
2562 2638 2699 2677 coxa
2752 2621 2920 2686 tibias,
2955 2621 3124 2690 pedes
3161 2627 3221 2675 et
3245 2621 3494 2683 articuli...
3534 2623 3673 2681 sicut

2076 2716 2210 2765 sunt
2232 2715 2457 2781 sumpta
2487 2709 2736 2766 membra
2762 2711 2831 2775 de
2871 2709 3143 2775 membro,
3173 2710 3229 2767 id
3254 2715 3349 2764 est
3364 2710 3677 2780 pendentes

2078 2815 2142 2852 ex
2173 2799 2278 2853 sibi
2312 2799 2574 2870 praelatis.

2149 2904 2400 2958 Primum
2430 2905 2625 2974 posuit:
2646 2906 2796 2959 Deus
2842 2906 3127 2976 apostolos
3155 2905 3209 2959 in
3262 2904 3543 2969 Ecclesia,
3583 2903 3671 2974 qui

2074 2992 2197 3049 vice
2221 2992 2441 3047 Christi
2461 2993 2783 3063 positisunt
2798 2994 2856 3046 in
2880 2994 3142 3053 Ecclesia,
3166 2993 3311 3046 sicut
3325 2992 3410 3045 ait
3436 2994 3671 3064 Apostm

2013 3074 2194 3139 (illus:
2221 3082 2596 3136 Obsecramus
2636 3099 2736 3151 per
2782 3082 3088 3142 Christum,
3125 3082 3193 3137 id
3211 3087 3301 3134 est
3323 3080 3675 3136 véce‘Christi

2074 3169 2509 3225 reconciliamiai
2529 3171 2664 3223 Deo.
2689 3171 2907 3223 Horum
2930 3171 3045 3224 vice
3074 3169 3361 3239 submgati
3393 3176 3537 3223 sunt-
3558 3170 3668 3239 epi-

2073 3259 2247 3328 scopi;
2267 3258 2625 3328 Sedrapostoli
2650 3275 2721 3311 ex:
2736 3263 3011 3328 precepto
3031 3257 3673 3328 Dominicompelleban»

2071 3351 2170 3399 tur
2196 3346 2437 3399 transire
2466 3346 2536 3399 de
2562 3363 2736 3415 regno
2758 3347 2815 3400 in
2832 3359 3100 3416 regnum:
3133 3345 3377 3416 episcopi
3404 3363 3541 3400 vero
3560 3345 3683 3398 suis;

2072 3432 2135 3485 in
2181 3433 2437 3486 Ecclesiis
2472 3435 2807 3487 auctoritate
2835 3434 3105 3487 canonica.
3129 3433 3376 3487 residens
3398 3432 3673 3502 jubentur

2073 3521 2143 3574 ob
2155 3521 2455 3574 utilitatem
2474 3522 2583 3575 sibi
2600 3522 3026 3577 commissorum
3052 3540 3064 3588 ;
3098 3522 3560 3589 prophetas-vocat
3578 3520 3673 3591 qui

2069 3609 2267 3664 futura
2283 3610 2613 3679 Mileum,
2637 3610 2782 3664 sicut
2801 3609 3031 3680 Agabus
3042 3615 3096 3663 ot
3125 3610 3228 3680 ipsi
3244 3648 3245 3651 η
3261 3610 3541 3678 Apostoli,
3560 3610 3677 3665 sive.

2072 3697 2175 3767 qui.
2236 3697 2637 3767 prophetarum
2682 3699 2835 3752 dicta
2890 3697 3239 3762 edissernnt.;
3271 3699 3532 3759 doctores.
3576 3696 3666 3767 qui

2069 3786 2333 3856 parvulos
2364 3786 2659 3851 erudiunt;
2693 3791 2944 3846 virtutes,
2978 3786 3069 3855 qui
3097 3786 3386 3840 daemones
3409 3787 3682 3854 ejiciunt,.

2069 3874 2293 3944 aliaque
2321 3875 2590 3929 miracula
2616 3874 2858 3940 faciunt;
2892 3877 3106 3941 gmtias
3147 3876 3551 3940 marationum,
3571 3874 3673 3943 qui.

2068 3963 2326 4018 inﬁrmos
2340 3961 2571 4023 sanimti
2593 3964 2905 4018 restituunt
2926 3982 2939 4025 ;
2982 3964 3385 4029 opitulationea,
3412 3963 3529 4035 qui
3548 3979 3669 4019 ver.

2068 4051 2157 4106 bis
2177 4057 2285 4105 aut
2302 4052 2473 4106 factis.
2492 4052 2846 4108 auxiliantur.
2861 4052 2988 4106 aliis
3015 4069 3028 4115 ;
3046 4102 3047 4105 η
3062 4052 3508 4118 ῃτιὸενπαιεόπαςι,
3522 4051 3673 4107 simtu

2068 4142 2127 4194 in
2165 4141 2410 4212 praelatis
2437 4146 2494 4194 et
2520 4140 2765 4211 regibus,
2798 4139 3072 4210 episcopis
3111 4144 3210 4195 aut
3261 4138 3545 4205 ducibus;
3582 4157 3665 4207 ga-

2067 4246 2205 4283 nera
2245 4233 2593 4297 linguarum,
2626 4230 2775 4283 sicut
2799 4227 2858 4283 in
2889 4228 3114 4283 exordio
3140 4226 3288 4283 ﬁdei.

387 4349 513 4398 tum
579 4347 679 4395 aut
732 4340 1148 4411 praedicatores,
1206 4342 1484 4411 quomodo
1541 4348 1690 4396 esset
1726 4342 1983 4399 Ecclesiae

2136 4328 2407 4395 Nunquid
2418 4342 2604 4381 omnes
2614 4329 3062 4394 interpretantur
3082 4324 3661 4394 P-Scripturasmtﬂie—

390 4447 613 4502 corpus,
646 4445 774 4483 cum
804 4443 917 4482 non
943 4433 1227 4483 constaret
1276 4429 1659 4484 membrorum
1704 4431 1985 4486 varietati-

385 4520 542 4575 bus?

458 4608 583 4662 Non
593 4609 769 4675 potest
795 4610 982 4658 autem
1014 4603 1194 4658 dicere
1206 4605 1396 4657 oculus
1420 4607 1654 4660 manui:
1680 4605 1854 4673 Opera
1884 4612 1981 4661 tua

387 4713 501 4753 non
515 4697 755 4763 indigeo,
773 4694 1039 4765 quoniam
1069 4692 1403 4763 praedicator
1428 4692 1661 4763 quilibet
1690 4692 1984 4767 victu‘eget

387 4803 457 4840 ex
479 4785 675 4840 labore
702 4784 931 4837 iHOrum
955 4781 1051 4853 qui
1080 4781 1450 4851 designantur
1492 4799 1594 4852 per
1621 4798 1841 4847 manus,
1883 4788 1999 4836 aut“

387 4880 593 4929 iterum
616 4873 1025 4942 caput-pedibus
1058 4889 1073 4923 :
1112 4872 1235 4924 Non
1265 4872 1388 4923 estis
1421 4871 1564 4922 mihi
1593 4874 1904 4938 necessarii,
1927 4878 1984 4925 et

386 4961 483 5015 ille
514 4961 609 5033 qui
627 4958 1113 5031 praeest-subditis,
1135 4974 1246 5012 non
1270 4962 1454 5028 potest
1473 4957 1654 5011 dicere
1682 4957 1741 5010 in
1769 4963 1983 5031 tempo-

387 5050 493 5105 rali
521 5049 779 5102 discursu
808 5049 923 5102 suis
951 5048 1209 5108 subditis,
1243 5063 1369 5101 cum
1402 5062 1596 5100 eorum
1646 5063 1817 5117 opera
1845 5049 1986 5103 indi-

387 5142 532 5209 geat-
551 5138 720 5190 :-Non
750 5139 873 5189 estis
900 5137 1044 5189 mihi
1069 5138 1377 5189 necessarii.

460 5227 565 5283 Sed
594 5230 768 5279 multo
799 5228 977 5292 magis
1008 5240 1128 5292 quae
1170 5225 1433 5277 videntur
1469 5226 1711 5279 membra
1741 5229 1982 5295 corporis

388 5317 713 5384 inﬁrmiora
734 5330 857 5380 esse,
873 5313 1019 5366 sicut
1043 5312 1209 5382 pedes
1231 5318 1441 5366 suntzet
1468 5328 1688 5379 manus,
1715 5331 1837 5390 quae
1866 5315 1984 5368 vili-

388 5406 495 5459 bus
523 5403 839 5475 quibusque
893 5399 1217 5454 ministeriis
1271 5401 1610 5463 deserviunt,
1666 5403 1982 5457 necessaria

387 5499 522 5550 sunt
542 5511 556 5547 τ
584 5492 714 5564 quia
735 5508 835 5562 pro
855 5495 971 5543 toto
991 5505 1220 5560 corpore
1258 5497 1589 5560 operantur;
1614 5496 1663 5544 et
1687 5508 1805 5565 qua:
1820 5498 1985 5561 puta-

388 5582 875 5653 mus-ignobiliora
900 5594 1006 5633 esse
1032 5578 1282 5632 membra
1298 5581 1554 5648 corporis
1581 5579 1666 5632 his
1716 5579 1978 5634 honorem

2067 4430 2357 4486 ronymus.

2138 4515 2508 4567 {Emulamini
2547 4518 2734 4567 autem
2772 4513 3121 4566 charismata
3159 4513 3410 4578 meliora,
3453 4510 3675 4580 quibus

2062 4600 2248 4655 verbis
2276 4601 2522 4655 ostendit
2550 4601 2851 4672 Apostolus
2895 4600 3043 4653 bona
3068 4615 3190 4653 esse
3219 4598 3560 4669 supmdicta,
3603 4599 3671 4651 id‘

2063 4696 2150 4743 est
2176 4690 2549 4760 prophetiam,
2582 4690 2918 4752 ducti-inam,
2952 4688 3281 4758 ejectionem
3312 4688 3651 4747 daemonum,

2065 4784 2171 4832 etc.-
2226 4778 2349 4832 Sed
2387 4779 2494 4831 ista
2545 4794 2675 4849 quae
2723 4776 3162 4847 subsequuntur,
3207 4775 3457 4831 meliorm
3502 4780 3651 4833 sunt.

2067 4874 2338 4939 quantum
2368 4868 2439 4922 ad
2459 4868 2759 4922 utilitatem
2792 4868 3094 4921 electorum
3125 4866 3361 4919 attinet:
3389 4865 3523 4935 quia
3559 4880 3659 4934 per

2064 4957 2162 5010 illa
2183 4956 2441 5027 superius
2456 4956 2639 5026 posita
2664 4960 2882 5010 tantum
2896 4956 2996 5009 Dei
3027 4955 3453 5008 demonstratur
3467 4959 3658 5022 potens

2067 5045 2170 5114 tia,
2197 5060 2311 5115 per:
2354 5045 2515 5114 cujus
2554 5044 2797 5099 nominis
2853 5043 3114 5096 virtutem
3144 5047 3199 5096 et
3246 5041 3654 5094 invocationem

2066 5135 2227 5187 ﬁunt.
2254 5134 2362 5187 Per
2408 5133 2524 5185 hinc.
2551 5138 2761 5193 autem,
2793 5131 2847 5184 id
2881 5137 2973 5185 est
2995 5130 3348 5194 charitatem,
3380 5129 3568 5191 fidem,
3600 5134 3667 5182 eo

2065 5238 2220 5293 spem
2258 5222 2500 5275 hominis
2523 5220 2746 5291 justitia
2765 5225 3003 5275 constat.
3028 5218 3435 5274 Gleriabantur-
3457 5218 3667 5275 Corin-

2065 5311 2181 5366 thii
2200 5311 2357 5381 quasi
2387 5325 2665 5363 summam
2685 5308 2929 5378 justitiee
2947 5308 3236 5372 haberent,
3271 5324 3339 5363 eo
3365 5307 3521 5378 quod
3537 5306 3655 5377 qui-

2062 5400 2435 5454 dam-iiiorum
2447 5397 3018 5466 dsemoniaejicerentg
3035 5396 3277 5467 gratiam
3294 5397 3667 5450 curationum-

2062 5487 2686 5558 inﬁrmisimpaxtirent;
2710 5486 2809 5540 sed
2827 5486 3395 5556 ostendit'Apostolus‘
3417 5483 3663 5537 melioris

2060 5578 2273 5647 deesse,
2293 5576 2587 5631 et'idcirco
2595 5574 2875 5645 perﬁctos
2890 5573 3142 5630 nondum
3166 5588 3311 5641 esse,
3323 5570 3655 5646 atqiieidoo-
