3936 6164
224 329 302 385 581

863 320 1242 378 EXPOSITIO
1271 323 1350 376 IN
1380 321 1532 375 EPP.
1568 321 1624 375 S.
1660 317 1894 374 PAULI.
1931 352 1988 360 —
2023 321 2099 374 IN-
2129 320 2350 416 EP~I§T.
2387 321 2408 374 Ι
2450 321 2549 375 ΑΒ
2576 322 2738 377 COR.

3335 316 3438 376 58‘2

225 455 441 509 hortatur
464 463 571 512 eos,
602 447 792 501 dicens
819 466 829 499 :
865 451 1236 503 inridemini
1285 434 1623 502 charismata
1654 463 1760 498 me-
1779 452 1827 505 Α
1847 452 1956 498 tur.
1984 447 2089 509 Qui
2113 464 2242 500 vero
2265 447 2556 500 charitatis
2576 451 2918 517 praeceptum
2943 451 3179 510 exercet,
3209 448 3442 515 juvante

222 545 358 600 liora,
380 539 430 590 id
455 543 533 589 est
560 535 706 589 dona
735 536 1049 602 gratiarum
1071 537 1304 590 meliora
1330 553 1339 586 :
1367 551 1493 587 nam
1511 535 1766 603 superius

225 628 466 700 praemissa
497 630 719 693 possunt
756 623 959 677 habere
991 626 1122 678 mali
1153 642 1277 677 eum
1308 623 1485 682 bonis,
1518 623 1663 674 sicut
1676 623 1770 675 Ju-

219 719 301 770 das
327 713 584 785 apostolus
607 711 714 763 fuit
745 725 756 758 ε
787 713 1052 781 Caiphas.
1083 714 1224 766 sicut
1261 719 1317 764 ct
1359 712 1605 771 Balaam,
1640 727 1766 763 cum

219 811 338 859 esset
360 803 538 862 malus,
567 800 935 869 prophetavit.
963 801 1124 855 Multi
1154 801 1210 854 in
1235 801 1323 852 die
1347 799 1544 868 judicii
1565 799 1768 851 dicturi

216 899 325 948 sunt
346 910 358 943 :
378 892 613 947 Domine,
650 905 828 940 nonne
863 893 924 940 in
951 893 1281 943 nominetuo
1297 889 1760 955 prophet-arinms,

215 987 253 1031 et
278 983 329 1031 in
348 981 549 1034 nomine
571 981 662 1027 tuo
684 979 888 1027 multas
906 981 1134 1028 rit-tates
1159 979 1410 1041 fecinms,
1427 981 1475 1028 et
1495 976 1764 1027 daemonia

217 1063 661 1134 gerimusUh'at-th.
695 1064 826 1120 vn)?
856 1065 952 1116 sed
984 1065 1231 1117 audituri
1259 1071 1419 1118 sunt:
1458 1064 1626 1117 Amen
1648 1064 1766 1114 dico

216 1157 355 1218 vobis,
389 1157 556 1206 nescio
583 1168 672 1204 vos
701 1153 914 1218 (Matth.
948 1159 1098 1220 xxv).
1137 1155 1197 1205 Et
1227 1154 1407 1206 adhuc
1430 1153 1767 1204 excellentio-

217 1258 314 1295 τοίη
363 1244 500 1293 riam
543 1241 688 1292 vobis
739 1242 1065 1293 demonstro.
1102 1241 1210 1294 Per
1240 1257 1406 1310 quam
1437 1239 1770 1307 intelligitur

209 1330 438 1392 charitas,
458 1329 514 1380 in
534 1345 645 1397 quo
667 1334 942 1398 praecepto
966 1332 1227 1382 universa
1249 1332 1331 1380 lar
1343 1331 1535 1396 pendet
1558 1333 1605 1380 et
1637 1343 1766 1393 pro—

201 1419 344 1486 pheta
362 1418 563 1478 (Matth.
601 1429 758 1469 xxm.
784 1417 917 1479 Quae
932 1417 1094 1470 nobis
1110 1417 1198 1468 via
1220 1417 1476 1482 efﬁcitur,
1513 1415 1645 1484 quia
1668 1433 1770 1485 per

205 1521 309 1558 eam
328 1505 390 1557 ad
410 1505 646 1575 patriam
664 1505 943 1557 cmlestem
967 1505 1306 1574 pervenitur.
1351 1505 1524 1572 Cujus
1543 1504 1765 1573 magni-

207 1593 424 1646 tudinem
454 1593 659 1646 amodo
680 1593 878 1663 incipit
909 1609 1201 1662 exponere,
1228 1593 1488 1662 inquiens
1519 1611 1528 1643 :

732 1736 965 1800 CAPUT
996 1735 1152 1802 xm.

251 1858 308 1913 Si
329 1861 527 1925 linguis
550 1860 844 1913 hominum
859 1864 1057 1926 loquar
1085 1866 1131 1911 et
1148 1863 1494 1926 angelorum,
1511 1861 1760 1912 eho-rita-

200 1953 287 1999 tem
315 1954 490 2001 autem
511 1964 627 2000 non
656 1949 918 2001 habeam:
951 1949 1164 2002 inutilis
1189 1966 1332 2002 sum.
1359 1950 1488 2002 Haec
1516 1948 1682 2002 verba
1699 1965 1765 2002 ex

197 2035 542 2105 superioribus
569 2037 804 2105 apostoli
825 2037 1006 2090 verbis
1028 2037 1566 2106 pendent,ubidicit:
1584 2039 1767 2090 .Emu-

195 2125 372 2176 lumini
380 2125 724 2177 charismata
738 2129 968 2178 meliora
1003 2128 1176 2186 (1001'.
1207 2130 1322 2192 xu),
1348 2132 1452 2179 etc.
1481 2126 1535 2179 Si
1558 2125 1764 2194 linguis

195 2212 413 2264 omnium
441 2212 736 2266 hominum
769 2214 986 2282 loquar,
1020 2215 1382 2282 septuaginta
1401 2213 1607 2267 scilicet
1630 2215 1760 2266 dua-

190 2297 295 2359 bus,
321 2316 436 2368 quae
485 2301 682 2354 divisae
721 2307 856 2354 sunt
904 2301 964 2353 in
991 2301 1364 2355 mdiiicatione
1385 2302 1580 2362 turris,
1617 2307 1674 2354 et
1713 2301 1766 2354 si

187 2385 366 2455 linguis
391 2388 557 2441 etiam
588 2389 912 2458 angelorum
965 2391 1165 2458 loquar
1190 2396 1248 2442 et
1274 2390 1605 2444 charitatem
1649 2406 1760 2442 non

1850 552 1908 588 se
1937 536 2051 588 Deo
2076 542 2359 605 cperatur.

1922 626 2049 676 Etsi
2072 625 2310 676 habuero
2329 626 2694 692 prophetiam,
2723 625 2974 678 videlicet
3000 630 3062 678 ut
3091 625 3277 678 futura
3299 643 3441 695 prae-

1851 711 2052 774 dicam,
2087 712 2233 764 sicut
2281 712 2508 764 Balaam
2544 713 2639 782 qui
2671 713 3022 782 proiihetavit
3053 714 3122 765 de
3171 713 3393 766 Christo
3427 731 3438 764 :

1853 802 2077 853 Orietur
2102 802 2257 851 stella
2317 817 2380 851 ea:
2433 803 2614 864 .laeob,
2650 806 2706 853 et
2740 808 3000 870 exsurget
3043 802 3147 854 hoc
3178 803 3240 852 (lc
3271 804 3442 855 Israel

1855 889 2310 954 (j’l'mn,.xx1~v);ct
2343 891 2586 939 noverim
2621 892 2882 955 mysteria
2914 892 3122 952 omnia,
3156 888 3211 940 id
3245 895 3346 951 est,
3363 905 3447 942 se-

1849 980 1998 1026 creta
2036 973 2252 1026 Veteris
2279 979 2334 1026 et
2365 974 2502 1026 Novi
2523 975 2886 1036 Testamenti,
2919 982 2966 1028 et
3017 993 3232 1029 omnem
3276 980 3446 1029 seien-

1851 1066 2009 1126 tiam,
2042 1062 2099 1114 id
2128 1068 2213 1115 est
2246 1062 2503 1115 notitiam
2545 1069 2661 1115 tam
2692 1064 3006 1116 divinarum
3038 1080 3205 1134 quam
3239 1065 3440 1118 huma-

1848 1167 2048 1204 narum
2083 1167 2291 1210 rerum,
2325 1156 2374 1202 et
2401 1154 2449 1201 si
2479 1151 2718 1203 habuero
2771 1168 2990 1203 omnem
3013 1155 3194 1217 fidem,
3240 1153 3296 1206 id
3335 1159 3437 1216 est,

1850 1241 2154 1312 perfectam
2176 1246 2232 1292 et
2261 1239 2559 1308 integram,
2585 1255 2707 1307 qua:
2727 1255 2760 1291 a
2781 1241 3209 1310 Dominograno
3229 1242 3441 1311 sinapis

1851 1336 2227 1400 comparatur.
2262 1345 2370 1381 non
2394 1333 2620 1398 propter
2651 1329 3056 1384 modicitatem.
3087 1330 3182 1382 sed
3217 1339 3444 1400 propter

1851 1420 2121 1472 fervorem
2157 1436 2167 1469 :
2205 1417 2338 1487 quia
2364 1417 2557 1484 tritum
2588 1416 2911 1469 manifestat
2931 1418 3087 1485 cujus
3117 1418 3190 1469 sit
3216 1419 3440 1487 vigoris.

1851 1507 1940 1560 Sic
1967 1512 2022 1558 et
2074 1506 2209 1558 ﬁdes
2239 1505 2374 1558 trita
2424 1504 2854 1557 adversi-tatibus
2901 1506 3148 1559 ostendit
3177 1508 3334 1575 cujus
3370 1508 3445 1561 sit

1848 1593 2209 1647 fortitudinis.
2243 1594 2325 1645 Ita
2359 1597 2419 1644 ut:
2463 1599 2669 1644 montes
2716 1596 3074 1658 transferam.
3114 1594 3182 1647 de
3213 1594 3331 1648 loco
3371 1596 3445 1650 ad

1847 1683 2050 1742 locum,
2083 1682 2169 1733 vol
2197 1682 2476 1735 d-temones
2502 1697 2534 1732 a
2565 1681 2905 1750 patientibus
2937 1682 3155 1750 ojiciam
3185 1701 3197 1748 ;
3234 1687 3285 1736 si
3312 1686 3443 1737 cha-

1781 1798 1826 1855 B
1847 1773 2092 1834 ritatcm,
2128 1769 2181 1822 id
2211 1775 2314 1831 est,
2339 1768 2384 1821 si
2424 1768 2776 1820 dilectionem
2831 1769 2928 1821 Dei
2960 1773 3018 1821 et
3046 1771 3284 1838 proximi
3329 1787 3442 1824 non

1847 1860 2106 1917 habuero,
2127 1859 2272 1910 nihil
2301 1874 2448 1918 sum,
2473 1856 2529 1908 id
2552 1863 2655 1921 est,
2687 1857 2824 1908 nihil
2849 1857 3106 1910 utilitatis
3139 1858 3277 1910 mihi
3298 1875 3442 1927 prte-

1847 1946 2032 2000 stabit.
2067 1946 2405 2014 I-ntelligitur
2433 1944 2580 2014 quod
2613 1944 2839 2013 quidam
2875 1946 3298 1999 Corinthiorum
3338 1964 3439 2017 per

1845 2034 2250 2088 invocationem
2284 2033 2384 2085 Dei
2410 2034 2513 2086 hoc
2541 2033 2800 2102 agebant,
2834 2039 2891 2086 et
2937 2041 3235 2104 propterea
3277 2036 3444 2105 quasi;

1848 2124 2118 2194 perfectos
2150 2139 2208 2175 se
2235 2121 2524 2190 putabant.
2561 2121 2673 2174 Sed
2694 2123 3024 2175 exhortatur
3063 2123 3130 2175 ad
3193 2123 3248 2176 id
3290 2124 3443 2194 quod

1843 2219 1927 2265 est
1959 2211 2316 2281 praecipuum,
2347 2209 2404 2262 id
2429 2213 2532 2270 est,
2560 2210 2630 2262 ad
2659 2210 3009 2263 charitatem.

1917 2301 2029 2353 Etsi
2047 2301 2380 2352 distribuere
2394 2301 2452 2350 in
2471 2301 2611 2351 cibos
2623 2314 2934 2365 pauperum
2956 2316 3140 2352 omnes
3149 2302 3442 2366 facultates

1845 2405 2010 2450 meas,
2023 2389 2183 2457 juxta
2205 2393 2541 2457 praeceptum
2567 2387 2808 2451 Domini,
2835 2387 3098 2441 dicentis:
3124 2389 3188 2443 Si
3215 2392 3296 2441 ris
3311 2405 3441 2456 per-

186 2474 417 2539 habeam,
450 2477 820 2532 dilectionem
843 2469 1098 2530 videlicet
1121 2478 1221 2530 Dei
1254 2485 1310 2531 et
1336 2478 1593 2547 proximi.
1621 2478 1767 2531 nihi-l-
1841 2480 2015 2544 fectus
2063 2493 2187 2536 esse,
2219 2478 2350 2528 valle
2397 2481 2443 2527 et
2495 2477 2657 2527 rende
2688 2479 2876 2528 omnia
2920 2493 3036 2543 qua
3066 2477 3242 2541 habes,
3285 2483 3331 2531 et
3371 2479 3447 2531 da

190 2579 312 2615 sum.
341 2565 501 2626 Quod
527 2565 672 2617 dicit
702 2565 854 2634 loqui
887 2567 1214 2634 angelorum
1248 2567 1473 2635 linguis,
1499 2567 1762 2636 intelligi-

186 2655 264 2704 tur
288 2652 351 2705 ad
371 2655 830 2722 exaggerandum
864 2655 966 2706 hoc
1009 2655 1152 2723 quod
1197 2654 1420 2708 volebat
1447 2655 1760 2721 ostendere,

187 2742 722 2808 posuissecharitatis
753 2743 964 2796 scilicet
978 2743 1087 2796 vim
1118 2743 1425 2812 :siquidem
1454 2744 1640 2812 angeli
1663 2761 1770 2798 nec

186 2827 410 2898 linguam
443 2847 545 2883 nec
574 2831 831 2900 palatum
851 2832 936 2884 vel»
964 2832 1160 2885 dentes
1182 2832 1409 2894 habent,
1443 2838 1637 2902 utpote
1655 2833 1762 2903 spi-

185 2916 324 2981 ritus,
353 2918 556 2988 quibus
591 2919 757 2973 verba
782 2920 1043 2974 formant.
1073 2921 1308 2983 Quando
1329 2938 1457 2975 vero
1489 2928 1765 2991 apparent

181 3003 496 3068 hominibus,
531 3010 781 3078 sumptis
838 3010 1163 3079 corporibus
1211 3010 1394 3074 aeriis,
1455 3012 1762 3064 secundum

183 3108 353 3148 eorum
383 3066 648 3165 linguam
672 3066 1010 3166 ﬁloquunt‘ur
1039 3097 1241 3167 quibus
1270 3066 1544 3168 apparent
1578 3117 1588 3151 :
1632 3115 1760 3151 nam
1781 3066 1834 3127 Ο

176 3180 652 3252 loquiiillorumad-
664 3186 842 3239 Deum
860 3187 1092 3240 nihilest
1110 3187 1262 3239 aliud
1276 3203 1440 3256 quam
1458 3187 1510 3238 in
1528 3203 1764 3255 praesen-

174 3269 374 3341 tiaejus
395 3290 554 3340 esse;
579 3279 641 3326 et
675 3275 850 3327 Deum
876 3275 1028 3344 loqui
1072 3275 1138 3327 ad
1169 3275 1292 3327 illos
1323 3274 1463 3327 nihil
1498 3274 1646 3327 aliud
1679 3279 1766 3327 est

181 3374 325 3427 quam
345 3364 653 3430 praesentia
665 3365 851 3416 vultus
874 3364 957 3417 sui
974 3380 1086 3433 qua-
1103 3363 1384 3423 fruuntur,
1410 3362 1762 3415 attendentes

174 3449 294 3516 quid
305 3452 434 3504 velit
449 3453 566 3506 illis
581 3453 963 3517 manifestare;
988 3453 1237 3521 ipsorum
1257 3469 1356 3504 vox
1376 3452 1430 3504 in
1456 3451 1620 3504 laude
1637 3467 1763 3504 con-

174 3535 367 3603 ditoris,
403 3541 530 3610 ipsa
561 3547 654 3594 est
678 3541 980 3594 admiratio
1010 3540 1222 3594 intima
1251 3541 1755 3610 contemplationis.

171 3623 304 3679 Inter
324 3646 380 3682 se
411 3647 646 3700 quoque
677 3630 865 3697 angeli
908 3631 1216 3700 loquuntur
1253 3629 1630 3692 ineliabil-iter,
1665 3630 1762 3682 sed

172 3729 345 3769 eorum
368 3719 438 3770 ad
499 3719 743 3771 invicem
779 3719 1093 3774 collocutio.
1127 3717 1282 3770 bontc
1339 3718 1639 3770 voluntatis
1679 3722 1764 3771 est

166 3806 534 3873 concordatio,
571 3823 678 3859 nec
711 3815 796 3859 est
841 3823 1068 3860 necesse
1097 3812 1162 3860 ut
1216 3805 1295 3858 ibi
1344 3811 1545 3860 sonent
1573 3804 1756 3869 verba,

169 3892 248 3946 ubi
274 3895 330 3948 in
351 3897 450 3954 Dei
483 3895 968 3964 contemplatione
990 3895 1241 3947 omnium
1271 3894 1597 3962 angelorum
1631 3909 1764 3945 con-

164 3996 274 4035 cors
289 3989 374 4038 est
393 3985 668 4038 voluntas
712 3983 876 4036 bona.
918 3983 1054 4036 Inde
1084 3999 1218 4051 ergo
1259 3983 1558 4051 Apostolus
1585 3981 1719 4034 dicit
1749 3999 1759 4032 :

1843 2567 2180 2634 pauperibus
2201 2561 2566 2630 (Matthxxxfg
2592 2565 2708 2614 etsi
2741 2565 3018 2616 tradidero
3049 2580 3440 2630 eamus-meum

1849 2659 1927 2707 ita
1955 2659 2014 2706 ut
2041 2655 2286 2713 ardeam,
2321 2653 2466 2705 sicut
2511 2651 2848 2704 Laurentius
2902 2658 2987 2704 est
3043 2653 3343 2717 ustulatus,
3385 2658 3446 2707 et

1847 2742 1952 2794 hoc
1982 2757 2093 2793 non
2123 2740 2305 2793 fecero
2358 2756 2526 2792 causa
2569 2738 2904 2800 dilectionis,
2941 2739 3046 2791 Dei-
3094 2740 3346 2793 videlicet
3385 2746 3445 2794 et

1845 2830 2098 2900 proximi,
2126 2831 2272 2881 nihil
2298 2829 2438 2880 mihi
2461 2829 2695 2895 prodest.
2729 2827 2798 2880 Se
2831 2828 2995 2895 ponit
3011 2829 3310 2898 Apostolus
3337 2843 3445 2898 pro-

1846 2917 2122 2972 omnibus.

1917 3008 2173 3062 Charitas
2189 3007 2406 3071 patiens
2433 3015 2525 3057 est.
2548 3004 2841 3068 Quomodo
2855 3009 3039 3075 potest
3064 3005 3308 3059 Charitas
3337 3022 3444 3076 pa.

1846 3095 1990 3148 tiens
2009 3111 2129 3147 esse
2172 3111 2294 3163 quae
2341 3093 2522 3146 virtus
2543 3094 2776 3148 est'lSic
2808 3094 3028 3147 videtur
3065 3094 3236 3164 loqui,
3279 3095 3447 3165 quasi

1845 3185 1913 3236 de
1942 3201 2002 3236 re
2032 3183 2278 3236 animam
2308 3182 2556 3237 habenti.
2582 3183 2723 3235 Nam
2751 3183 2995 3236 Charitas
3016 3184 3190 3237 virtus
3211 3189 3296 3237 est
3318 3201 3439 3253 quae

1845 3290 1946 3343 per
1972 3289 2030 3326 se
2063 3288 2174 3324 non
2206 3272 2436 3340 patitur,
2471 3271 2707 3340 ideoque
2737 3271 2954 3342 patiens
2981 3289 3080 3342 per
3117 3289 3177 3324 se
3201 3289 3308 3324 non
3333 3279 3435 3325 est.

1847 3349 2201 3431 Quapropter
2222 3377 2321 3429 per
2339 3347 2671 3414 charitatem
2705 3360 2972 3413 debemus
2999 3361 3308 3430 intelligere
3337 3361 3439 3412 ho-

1845 3451 2050 3504 minem
2074 3449 2402 3502 charitatem
2420 3449 2737 3502 habentem.
2772 3450 2968 3518 Itaque
2991 3449 3085 3517 qui
3112 3450 3282 3501 habet
3305 3449 3440 3502 cha-

1845 3540 2066 3591 ritatem
2097 3537 2313 3608 patiens
2378 3543 2480 3598 est,
2516 3536 2808 3590 tolerando
2860 3537 3112 3598 adversa,
3163 3537 3292 3606 quia
3334 3553 3434 3606 per

1844 3628 2234 3680 tribulationes
2265 3625 2416 3677 novit
2449 3625 2737 3693 pervenire
2760 3625 2826 3676 ad
2850 3625 3054 3693 gaudia
3079 3625 3256 3692 regni.
3283 3626 3442 3677 Beni-

1843 3732 1956 3782 gna
1985 3721 2076 3775 est;
2113 3716 2272 3766 idest
2291 3713 2444 3764 valde.
2469 3713 2630 3775 bona,
2655 3713 2786 3780 quia
2814 3729 2924 3764 non
2955 3712 3134 3764 solum
3168 3727 3278 3764 non
3310 3711 3440 3763 red-

1845 3805 1930 3856 dit
1959 3804 2166 3855 malum
2198 3818 2296 3871 pro
2325 3801 2490 3864 bono,
2524 3801 2618 3852 sed
2649 3800 2879 3869 insuper
2903 3799 3108 3852 bonum
3139 3816 3238 3868 pro
3268 3800 3436 3861 malo,

1847 3891 2085 3944 cibando
2110 3890 2395 3942 inimicum
2429 3894 2486 3941 et
2506 3887 2769 3958 potando.
2792 3888 3047 3941 Charitas
3075 3903 3188 3939 non
3216 3891 3444 3939 tentata-

1851 3986 1963 4032 ίαν.
1990 3978 2231 4048 Spiritus
2280 3977 2386 4029 ait:
2422 3978 2792 4028 zEmulam-ini
2817 3976 3166 4029 charismata
3186 3978 3436 4039 meliora,

165 4072 218 4126 Si
245 4077 449 4141 linguis
472 4078 653 4128 etiam
675 4077 1003 4140 angelorum
1028 4072 1184 4142 loqui
1213 4089 1451 4141 possem,
1469 4071 1606 4124 nihil
1626 4070 1761 4124 mihi
1845 4069 1901 4122 id
1923 4072 2026 4134 est,
2050 4066 2302 4120 aemulari
2345 4065 2598 4118 studete:
2635 4063 2724 4116 hic
2775 4067 2962 4116 autem
2994 4062 3142 4126 dicit,
3170 4063 3441 4116 Ern-ula-

158 4161 432 4227 prodesset
485 4164 620 4216 sine
671 4161 965 4214 cbaritate.
1000 4160 1243 4213 Possunt
1299 4159 1535 4228 intelligi
1575 4166 1632 4211 et
1663 4175 1763 4228 per
1844 4159 2008 4218 mini,
2033 4155 2084 4207 id
2109 4159 2195 4207 est
2210 4152 2646 4223 persequimini;
2689 4151 2764 4204 ibi
2786 4150 3060 4220 accipitur
3083 4151 3140 4204 in
3162 4150 3327 4215 bono,
3351 4151 3443 4205 hic

157 4251 384 4317 angelos,
414 4250 874 4305 scholastissime
925 4250 1237 4319 loquentes,
1282 4248 1377 4319 qui
1435 4248 1758 4302 liberalibus
1844 4251 2035 4299 autem
2067 4243 2123 4295 in
2155 4242 2324 4297 malo.
2363 4242 2493 4295 Non.
2539 4243 2842 4293 (emittatur
2871 4239 3025 4304 dicit,
3058 4240 3122 4293 idl
3172 4245 3276 4304 est,
3300 4240 3452 4294 nullii

161 4337 361 4393 artibus
401 4340 709 4402 instructi,
756 4339 942 4408 politis
972 4338 1258 4392 disserunt
1281 4336 1459 4390 verbis
1499 4353 1620 4405 quze
1659 4332 2076 4401 no-ninvidet,
2111 4331 2294 4385 aliena
2346 4328 2607 4383 felicitate
2643 4345 2755 4382 non
2815 4333 3128 4398 torquetur.
3163 4330 3286 4381 Non
3325 4331 3458 4396 agit.

161 4433 317 4481 runt:
343 4446 445 4498 per
466 4429 742 4483 homines
764 4444 912 4490 vero,
945 4427 1277 4497 simpliciter
1307 4427 1616 4496 loquentes.
1640 4425 1764 4479 Sive
1841 4421 2224 4489 perperamdd-
2241 4424 2343 4474 est.
2367 4435 2478 4472 non
2500 4418 2618 4488 agit
2632 4418 2840 4487 aliquid
2865 4433 3139 4487 perverse.
3161 4417 3456 4488 Quidquidl

161 4529 279 4585 ergo
298 4517 650 4589 simpliciter
673 4515 796 4587 quis
829 4515 1094 4585 disputet,
1119 4514 1274 4584 quod-
1298 4514 1460 4566 multi
1483 4517 1760 4583 quaerunt,
1847 4516 2004 4564 extra
2039 4508 2438 4563 rectitudinem
2483 4509 2562 4567 fit,
2597 4508 2729 4576 quia
2750 4523 2982 4576 pra-vum
3014 4511 3117 4570 est,
3153 4522 3457 4574 perperam

160 4605 280 4671 quia
311 4607 389 4661 ibi
412 4607 688 4660 omnium
709 4604 1005 4658 aediﬁcatio
1033 4619 1153 4656 esse
1182 4607 1383 4672 potest,
1419 4601 1532 4655 sive
1562 4601 1764 4655 libera-
1846 4599 1955 4652 dici
2003 4603 2187 4668 potest
2242 4595 2652 4650 adverbialiter.
2683 4598 3088 4664 Nomia/tatur,
3131 4594 3200 4646 id:
3219 4600 3311 4648 est
3334 4611 3447 4647 non

160 4690 293 4759 liter,
319 4697 475 4765 quod
513 4695 690 4749 multi
736 4693 1010 4756 ambiunt,
1056 4692 1388 4744 charitatem
1425 4696 1618 4744 autem
1652 4707 1764 4744 non
1847 4688 2149 4748 extollitur,
2179 4687 2310 4740 etin
2339 4684 2657 4756 superbiam
2694 4683 3082 4750 non-erigitur.

164 4781 372 4845 habeat,
400 4786 480 4838 fit-
498 4787 660 4838 velut
684 4800 751 4836 aes
780 4798 982 4835 sonans
1008 4786 1108 4833 aut
1137 4782 1454 4849 cymbalum
1496 4783 1761 4842 tinniens;
1935 4778 2058 4830 Non
2075 4781 2246 4829 esta-m
2258 4778 2471 4827 biliosa.
2489 4770 2716 4825 Ambire
2730 4769 3169 4834 est/desiderare,
3193 4769 3454 4826 etomm—is

162 4873 414 4938 quoniam
476 4874 640 4927 sicut
693 4889 770 4924 tes
811 4876 976 4924 sonat
1003 4875 1106 4924 aut
1132 4868 1472 4940 cymbalum,
1523 4868 1661 4921 nihil
1693 4869 1772 4922 eis
1857 4865 1951 4934 qui
1981 4864 2254 4917 charitate
2276 4868 2364 4916 est
2387 4863 2588 4931 plenus
2633 4874 2744 4911 non
2775 4857 3064 4910 desiderat
3083 4874 3266 4928 neque
3297 4859 3458 4929 cupit

154 4961 390 5028 prodest,
419 4962 564 5033 quia
597 4961 811 5014 nullam
829 4959 1136 5013 utilitatem
1157 4957 1264 5011 sibi
1287 4963 1573 5027 praestant,
1599 4957 1674 5011 sic
1689 4963 1782 5011 est:
1855 4957 2188 5022 potestatem
2213 4966 2274 5002 SU
2285 4966 2381 5019 pel‘
2399 4949 2536 5001 a“08
2558 4961 2834 5008 exercere.
2880 4946 3220 5017 (lilia-major
3235 4947 3460 5003 ceteris

153 5047 312 5103 homo
346 5052 448 5120 qui
477 5049 746 5120 loquitur
775 5049 982 5117 linguis
1012 5047 1220 5116 absque
1245 5045 1538 5099 charitate.
1565 5045 1777 5098 Revera
1859 5055 1969 5092 non
1993 5039 2109 5092 vult
2147 5054 2435 5108 apparere.
2472 5038 2590 5090 Non
2611 5039 2946 5102 quaret-qua»
2965 5041 3225 5096 suasum,
3259 5037 3322 5092 id‘
3347 5040 3452 5103 est,

151 5136 285 5192 sicut
299 5157 378 5193 ses
400 5145 607 5200 sonat,
633 5144 685 5190 et
709 5137 811 5190 sibi
850 5136 990 5192 nihil
1029 5135 1262 5196 confert,
1282 5136 1444 5203 juvat
1471 5138 1679 5195 autem,
1721 5132 1788 5185 id]
1861 5129 2014 5198 quod
2039 5128 2141 5181 sibi
2171 5124 2519 5180 solummodo
2549 5123 2688 5177 utile
2733 5129 2836 5184 est,
2863 5124 2974 5177 sed!
3007 5124 3149 5177 aliis.
3182 5125 3465 5180 Velocr-te

153 5233 230 5276 est
257 5227 528 5281 delectat»
548 5227 873 5284 audientes.
907 5224 984 5276 ita
1016 5224 1209 5292 lingua
1237 5223 1509 5275 ohar-itate
1538 5221 1772 5290 privata.
1860 5218 2083 5288 patiens
2127 5222 2230 5280 est,
2280 5231 2390 5268 non
2447 5212 2648 5282 quaerit
2676 5228 2799 5281 quin
2833 5227 2946 5268 sua.
2966 5217 3116 5274 sunt,
3149 5212 3318 5267 idest
3346 5214 3462 5266 vin-

149 5311 243 5366 x’Es
274 5331 515 5386 quoque
547 5323 616 5369 et.
644 5313 958 5384 cymbalum
990 5328 1102 5365 non
1133 5329 1165 5364 a
1197 5328 1256 5364 se
1309 5316 1529 5370 sonant,
1564 5309 1671 5361 nisi
1710 5308 1780 5361 ab
1863 5308 2089 5368 dictam,
2109 5304 2239 5374 quia
2260 5301 2496 5356 inimicis
2517 5301 2779 5354 talionem
2825 5317 2935 5352 non
2975 5301 3178 5354 reddit.
3213 5302 3460 5365 Quaestio

151 5402 334 5472 aliquo
365 5410 721 5474 tangantur,
744 5409 842 5456 aut
872 5402 1110 5471 alicujus
1142 5401 1222 5454 rei
1253 5399 1590 5469 impulsione
1620 5396 1773 5450 com-
1859 5397 1915 5448 in
1946 5396 2050 5446 hoc
2096 5394 2214 5447 loco
2243 5391 2449 5445 oritur:
2485 5391 2626 5444 Cum
2655 5391 2899 5443 Joannes
2947 5389 3096 5443 dicat
3125 5407 3138 5442 :
3172 5392 3308 5444 Deus
3338 5393 3462 5444 cha-

149 5499 511 5551 moveantur.
553 5491 655 5546 Sic
681 5498 736 5544 et
765 5492 859 5560 qui
885 5491 1090 5559 linguis
1120 5488 1505 5558 loquitur-non
1536 5501 1569 5538 a
1600 5500 1660 5538 se
1690 5485 1774 5538 lo-
1861 5487 1998 5535 ritas
2012 5485 2082 5533 est
2105 5481 2325 5546 (IJoan.
2351 5479 2450 5546 1v),
2473 5495 2646 5549 quare
2667 5477 3169 5548 Apostolus-dicit:
3204 5479 3462 5530 Charitas

152 5580 361 5647 quitur,
398 5581 512 5636 sed
537 5580 804 5650 potentia
835 5579 1074 5649 Spiritus
1106 5577 1285 5631 sancti
1314 5592 1414 5646 per
1441 5591 1572 5629 eum
1601 5573 1781 5644 loqui-
1862 5588 1974 5626 non
1997 5573 2194 5639 quaerit
2241 5586 2361 5642 quae
2387 5586 2491 5624 sua
2519 5573 2841 5640 sunt-equas
2889 5565 3194 5638 triplloiter-
3222 5562 3466 5632 intelligi
