3936 6164
485 296 588 357 583

927 292 1310 350 HAYMONIS
1339 292 1829 350 HALBERSTAT.
1863 289 2069 347 EPISC

2162 288 2285 344 DPP.
2317 290 2504 348 PARS
2533 290 2579 353 Ι.
2614 326 2677 336 -
2711 296 3084 352 ΟΟΜΜΕΝΤ.
3114 294 3295 351 BIBL.

3630 296 3723 355 584

481 428 685 498 potest.
717 422 897 476 Aliter
925 420 1075 474 enim
1102 417 1467 487 intelligenda
1495 422 1581 471 est
1604 392 1849 470 cliaritas
1871 431 2077 469 secun-
2093 416 2145 474 A
2234 416 2316 468 Ea:
2338 422 2500 484 parte
2525 422 2676 472 enim
2698 424 3088 488 cognoscimus,
3131 435 3245 473 non
3291 435 3358 472 ex
3378 422 3513 485 toto,
3535 420 3600 473 de
3625 420 3725 475 Deo

484 514 619 567 dum
642 511 872 566 Joannis
889 508 1077 574 verba,
1094 507 1257 560 aliter
1286 506 1591 560 secundum
1622 503 1800 560 Pauli.
1822 504 2080 560 Charitas

484 601 791 655 secundum
821 589 1249 665 Joannem,ipse
1277 596 1427 648 Deus
1450 594 1802 663 intelligitur,
1840 593 1932 663 qui
1954 592 2081 644 cha-

484 691 708 745 ritatem
740 689 984 743 infundit
1030 688 1088 739 in
1141 685 1402 740 cordibus
1435 684 1706 748 fidelium,
1733 685 1894 753 juxta
1932 682 2079 752 quod

481 779 781 850 Apostolus
828 778 937 830 ait:
974 777 1227 830 Charitas
1259 776 1352 826 Itei
1378 774 1581 839 (ti/fusa
1610 778 1683 824 est
1730 775 1791 825 in
1820 770 2077 824 cordibus

481 872 685 922 nostris
725 882 827 934 per
872 866 1149 932 Spiritum
1191 867 1445 916 sanctum
1477 863 1576 929 qui
1616 862 1778 912 datus
1817 864 1893 912 est
1922 861 2076 911 nobis

482 958 655 1028 (Rom.
687 961 764 1016 v).
797 953 1114 1009 Secundum
1152 951 1390 1005 Paulum
1434 965 1581 1014 vero,
1615 965 1716 1019 per
1743 947 2074 1001 charitatem

480 1043 817 1112 intelligitur
835 1043 1003 1095 homo
1033 1040 1365 1093 charitatem
1386 1037 1618 1098 habens,
1640 1036 1857 1106 quinon
1880 1035 2079 1105 quaerit

484 1132 835 1188 solummodo
853 1147 975 1200 quae
996 1145 1099 1182 sua
1118 1132 1269 1192 sunt,
1294 1131 1350 1180 et
1369 1126 1517 1195 quod
1541 1125 1648 1178 sibi
1679 1124 1814 1178 utile
1845 1130 1947 1187 est,
1981 1123 2080 1177 sed

484 1223 632 1294 quod
655 1218 977 1275 aliis.Unde
1018 1217 1191 1271 etiam
1213 1216 1333 1286 ipse
1367 1215 1536 1278 Deus,
1571 1215 1667 1284 qui
1697 1214 1940 1267 charitas
1970 1217 2075 1278 est,

484 1328 599 1366 non
621 1310 821 1381 quaerit
840 1324 962 1378 quae
1001 1322 1103 1359 sua
1128 1310 1276 1367 sunt,
1308 1303 1404 1373 qui
1453 1303 1680 1356 veniens
1720 1303 1777 1356 in
1807 1302 2077 1356 mundum

484 1418 586 1472 per
609 1395 1013 1453 incarnationis
1035 1392 1367 1463 mysterium
1406 1408 1516 1445 non
1546 1391 1800 1462 quaesivit
1818 1408 1941 1460 quae
1979 1407 2081 1443 sua

482 1493 665 1552 erant,
682 1486 737 1539 id
764 1490 849 1539 est
863 1500 973 1537 non
990 1481 1243 1552 quaesivit
1251 1482 1452 1549 justos,
1472 1481 1567 1534 sed
1605 1485 1944 1550 peccatores,
1985 1478 2081 1549 qui

485 1576 589 1631 sub
618 1573 825 1628 diaboli
854 1572 1089 1642 imperio
1144 1571 1498 1633 tenebantur,
1545 1569 1694 1622 unde
1737 1568 1856 1639 ipse
1894 1567 2070 1621 dicit:

485 1666 742 1720 Nonreni
760 1677 946 1715 vocare
956 1665 1156 1727 justos,
1189 1660 1278 1711 sed
1290 1663 1595 1725 peccatores
1624 1659 1775 1725 (Luc.
1810 1660 1884 1723 v).
1917 1657 2077 1709 Dica-

2163 507 2221 556 et
2249 504 2319 557 de
2348 504 2698 561 beatitudine
2727 513 3071 571 sanctorum,
3106 514 3155 561 et
3192 524 3258 561 ea:
3279 512 3441 574 parte
3463 508 3727 575 prapheta-

2163 608 2305 645 mus.
2341 594 2483 656 Quia
2507 597 2655 666 quod
2691 614 2757 651 ex
2816 603 2976 667 parte
3019 596 3246 660 scimus,
3279 596 3450 649 etiam
3503 612 3565 649 ex
3590 603 3729 666 parte

2160 682 2581 751 prophetamus.

2234 770 2371 824 Cum
2391 778 2575 825 autem
2594 775 3270 842 veneritquodperfectum
3284 778 3378 837 est,
3400 773 3456 825 id
3486 777 3566 826 est
3598 774 3729 842 quod

2158 862 2338 912 totum
2360 866 2443 913 est
2465 865 2520 914 et
2542 862 2843 930 integrum,
2860 863 3084 933 quando
3101 861 3346 915 revelata
3371 861 3531 924 facie,
3572 860 3731 931 ipsum

2161 947 2339 1000 Deum
2379 949 2909 1020 contemplabuntur
2948 950 3107 1003 electi
3133 949 3298 1003 sicuti
3327 953 3431 1012 est,
3478 949 3734 1018 quasiexi-

2162 1035 2428 1089 nanietur
2441 1043 2499 1090 et
2519 1037 2946 1102 annihilabitur,
2969 1038 3113 1105 quod
3129 1054 3192 1090 ea
3204 1043 3365 1103 parte
3384 1042 3478 1102 est,
3513 1036 3652 1089 sicut
3668 1036 3737 1089 ait

2161 1124 2405 1178 Joannes
2438 1143 2448 1177 :
2482 1126 2831 1185 Claarissimi,
2891 1127 3001 1191 ﬁlii
3029 1127 3127 1178 Dei
3182 1140 3398 1192 smnus,
3427 1129 3475 1177 et
3510 1125 3736 1179 nondum

2160 1217 2427 1280 apparuit
2455 1215 2599 1281 quod
2627 1217 2856 1268 erimus.
2887 1213 3106 1268 Scimus
3132 1219 3319 1266 autem
3342 1215 3476 1279 quia
3508 1228 3631 1265 cum
3651 1229 3736 1280 ap-

2156 1305 2436 1368 paruerit,
2481 1304 2689 1355 similes
2737 1305 2790 1355 ei
2823 1304 3034 1355 erimus
3066 1320 3083 1355 :
3131 1303 3397 1368 quoniam
3452 1302 3735 1356 videbimus

2165 1404 2291 1441 eum
2321 1391 2489 1442 sicuti
2511 1393 2589 1442 est
2618 1391 2840 1455 (IJoan.
2865 1389 2967 1456 III).

2236 1479 2371 1531 Cum
2395 1493 2562 1530 essem
2584 1480 2879 1545 parvulus,
2905 1479 3165 1546 loquebar
3178 1482 3241 1529 ut
3264 1479 3560 1545 parvulus.
3591 1477 3735 1531 Com-

2160 1567 2509 1637 parationem
2536 1566 2636 1619 dat
2665 1566 2943 1620 naturalis
2989 1566 3340 1630 incrementi,
3374 1571 3431 1619 et
3458 1565 3740 1620 adhibetur

2161 1654 2475 1724 exemplum
2497 1654 2829 1717 humanum,
2850 1670 2960 1724 quo
2993 1653 3240 1707 ostendit
3267 1653 3566 1707 scientiam
3589 1670 3737 1724 quam

484 1718 611 1806 mus
640 1756 696 1805 et
752 1749 917 1803 tertio
956 1718 1183 1805 vmodo':
1218 1718 1495 1807 Charitas,
1528 1745 1583 1798 id
1628 1718 1732 1810 est,
1775 1718 1894 1814 ipse
1929 1718 2139 1797 DeusB
2160 1718 2431 1795 habemus
2461 1741 2519 1794 in
2574 1718 3011 1811 praesenti,-esse
3057 1742 3217 1811 quasi
3260 1741 3558 1794 infantiam
3588 1718 3640 1794 et
3660 1740 3737 1795 fu-

483 1839 715 1894 veniens
745 1838 804 1890 in
846 1836 1138 1900 mundum,
1175 1850 1284 1887 non
1321 1833 1572 1903 quaesivit
1598 1849 1720 1902 qua:
1749 1848 1851 1885 sua
1883 1836 2069 1888 erant.

484 1927 627 1991 Quid
653 1930 775 1979 erat
798 1940 961 1977 suum
983 1922 1007 1974 ’ἶ
1033 1923 1108 1975 Ut
1136 1921 1205 1974 ab
1238 1921 1393 1974 omni
1422 1925 1680 1973 creatura
1723 1919 2076 1986 adoraretur,

482 2015 912 2089 gloriﬁcaretur,
946 2016 1329 2075 veneraretur,
1361 2009 1509 2062 sicut
1535 2010 1685 2062 Deus
1713 2012 1931 2061 creator
1956 2024 2077 2060 om-

483 2101 659 2155 nium.
689 2099 797 2153 Sed
824 2098 945 2167 ipse
986 2112 1100 2149 non
1130 2094 1383 2165 quaesivit
1409 2094 1515 2146 ista
1547 2110 1668 2162 quae
1697 2109 1801 2145 sua
1828 2096 1991 2145 erant
2022 2097 2081 2145 et

485 2189 590 2244 sibi
620 2185 1029 2257 competebant,
1064 2183 1193 2254 quia
1219 2198 1332 2235 non
1367 2180 1621 2251 quaesivit
1647 2181 1934 2245 honorem,
1962 2196 2077 2233 non

482 2293 738 2348 regnum,
771 2291 883 2329 non
911 2274 1173 2327 timorem
1205 2271 1275 2324 ab
1304 2269 1644 2331 hominibus,
1661 2268 1757 2322 sed
1778 2285 1900 2338 quae
1914 2273 2079 2322 erant

481 2368 788 2429 latronum,
822 2361 1248 2421 homicidarum,
1276 2364 1447 2428 atque
1477 2357 1854 2411 maleﬁcorum
1894 2356 2078 2409 homi-

482 2473 641 2522 num,
674 2458 839 2525 sputa
889 2449 1164 2515 videlicet,
1192 2448 1475 2517 colaphos,
1521 2447 1733 2516 alapas,
1764 2444 2070 2509 irrisiones,

481 2545 732 2609 verbera,
752 2557 970 2596 crucem
994 2545 1051 2592 et
1071 2543 1330 2591 mortem.
1355 2536 1425 2590 Et
1460 2536 1605 2589 sicut
1633 2535 1753 2605 ipse
1782 2550 1894 2588 non
1923 2550 2077 2604 quaa-

483 2635 613 2690 sivit
629 2650 750 2705 quae
770 2647 873 2685 sua
885 2635 1065 2692 erant,
1083 2628 1164 2681 ita
1192 2632 1247 2680 et
1272 2643 1373 2680 nos
1396 2642 1506 2680 non
1535 2625 1804 2679 debemus
1825 2640 2075 2695 quaerere

483 2728 694 2787 nostra,
720 2721 818 2774 sed
835 2736 958 2790 quae
980 2722 1113 2771 sunt
1132 2716 1394 2769 aliorum.
1425 2716 1545 2769 Non
1568 2717 1859 2778 irritatur,
1886 2714 1944 2766 id
1967 2717 2068 2777 est,

484 2811 706 2866 etiamsi
734 2810 868 2862 larsa
891 2806 1081 2871 fuerit,
1112 2821 1225 2858 non
1256 2809 1591 2874 provocatur
1619 2802 1691 2855 ad
1726 2800 2075 2856 iracundiam

484 2901 596 2955 sive
616 2900 862 2954 furorem
891 2915 903 2963 ;
935 2912 1049 2950 non
1080 2894 1300 2964 cogitur
1328 2892 1398 2946 ad
1421 2891 1743 2956 vindictam,
1769 2896 1833 2944 ut
1863 2890 2077 2943 malum

484 3004 585 3059 pro
615 2986 764 3040 malo
793 2985 1011 3038 reddat.
1043 2984 1168 3036 Non
1198 2984 1395 3047 cogitat
1420 2983 1660 3044 malum,
1685 2978 1740 3031 id
1759 2987 1844 3031 est
1862 2994 1976 3031 non
1995 2994 2081 3031 so-

484 3077 599 3129 lum
623 3090 737 3128 non
768 3072 916 3138 facit,
949 3071 1045 3124 sed
1071 3086 1173 3123 nec
1201 3069 1411 3138 cogitat
1439 3073 1504 3121 ut
1531 3067 1627 3120 alii
1651 3071 1938 3121 noceatur.

556 3163 679 3217 Non
707 3162 905 3229 gaudet
922 3173 1085 3225 super
1108 3159 1421 3225 iniquitate,
1458 3154 1555 3209 sed
1586 3155 1773 3225 potius
1792 3154 2072 3219 tristatur,

486 3268 614 3306 cum
639 3249 841 3304 viderit
873 3245 1181 3318 quemlibet
1208 3262 1308 3315 per
1366 3244 1591 3314 aliquod
1638 3244 1819 3297 scelus
1874 3259 2074 3309 ruere;

485 3341 781 3408 congaudet
796 3342 983 3392 autem
996 3337 1236 3400 veritati,
1256 3333 1311 3387 id
1344 3339 1429 3386 est
1448 3333 1707 3404 operibus
1722 3331 1973 3402 justitiee,
1996 3332 2078 3384 vel

485 3431 651 3486 etiam
681 3427 765 3482 illi
796 3426 891 3497 qui
918 3425 977 3479 in
1006 3424 1239 3478 veritate
1271 3427 1328 3476 et
1356 3438 1466 3476 non
1498 3423 1625 3476 ficte
1654 3420 1835 3475 ﬁdelis
1861 3424 1963 3473 est.

557 3521 757 3576 Omnia
776 3512 1266 3582 su/I'ert,subaudis
1295 3512 1529 3565 adversa
1558 3511 1856 3582 patienter,
1885 3512 2076 3563 omnia

482 3610 653 3664 credit
674 3623 798 3677 quae
817 3602 1242 3659 continenturin
1258 3601 1443 3655 Veteri
1457 3601 1814 3653 Testamento
1832 3602 1888 3650 et
1898 3598 2072 3663 Novo,

481 3698 566 3752 vel
589 3693 1130 3768 quaepromittuntur
1149 3690 1338 3744 electis
1360 3690 1416 3742 in
1453 3689 1642 3741 futuro
1663 3702 1838 3755 regno
1868 3702 1902 3739 a
1936 3686 2072 3752 Deo,

484 3803 612 3841 vera
638 3784 816 3838 credit
844 3798 983 3836 esse.
1007 3780 1222 3833 Idcirco
1243 3781 1624 3845 omniaspcrat
1652 3775 1784 3844 quia
1812 3775 1920 3827 nisi
1945 3791 2076 3828 cre-

480 3876 658 3938 deret,
694 3888 808 3925 non
842 3873 1113 3940 speraret.
1143 3866 1432 3937 Siquidem
1484 3880 1611 3934 spes
1637 3868 1723 3916 est
1758 3863 2078 3917 futurorum

478 3965 753 4019 bonorum
767 3958 1123 4031 exspectatio,
1149 3971 1389 4027 quorum
1413 3951 1858 4008 consideratione
1885 3953 2076 4005 omnia

480 4052 715 4105 adversa
737 4051 996 4103 sustinet.

552 4141 808 4195 Charitas
838 4148 1133 4201 nunquam
1176 4131 1394 4195 excidit,
1426 4128 1482 4183 id
1513 4133 1598 4182 est
1636 4127 1706 4181 ab
1744 4127 1971 4182 homine
2012 4143 2071 4181 se

482 4226 713 4283 habenti
735 4236 1024 4292 nunquam
1053 4218 1280 4283 labitur,
1303 4232 1592 4286 nunquam
1612 4216 1785 4283 cadit;
1811 4219 1920 4269 sive
1940 4232 2074 4283 pro-

2160 1835 2367 1895 turam,
2403 1847 2523 1884 esse
2550 1829 2709 1900 quasi
2736 1830 2895 1884 virile
2926 1829 3099 1899 robur
3144 1830 3292 1900 quod
3334 1829 3655 1883 habiturum
3678 1828 3739 1882 sit

2160 1920 2464 1990 perfectam
2497 1919 2921 1973 abundantiam.
2948 1920 3084 1973 Cum
3109 1935 3292 1983 essem,
3320 1918 3527 1989 inquit,
3547 1933 3737 1987 parcu-

2164 2011 2269 2073 tus,
2305 2009 2564 2075 loquebar
2584 2012 2646 2060 ut
2672 2005 3739 2076 parvulus,balbutiendoetimperfecta

2159 2094 2328 2149 verba
2339 2096 2645 2166 promendo
2663 2115 2675 2162 ;
2709 2098 2985 2164 sapiebam
3002 2101 3063 2149 ut
3072 2098 3361 2165 parvulus,
3380 2095 3527 2148 levia
3547 2094 3741 2148 scilicet

2162 2190 2219 2238 et
2246 2184 2729 2249 inconvenientia;
2758 2185 3063 2251 cogitabam
3106 2187 3170 2235 ut
3197 2186 3490 2250 parvulus,
3526 2182 3597 2235 de
3620 2181 3738 2236 locis

2162 2274 2373 2328 scilicet
2392 2278 2449 2327 et
2461 2273 2600 2326 risui
2623 2271 2923 2326 habilibus.
2950 2271 3176 2337 Quando
3204 2276 3390 2324 autem
3419 2272 3605 2338 factus
3629 2286 3738 2324 sum

2161 2366 2269 2427 vir,
2287 2368 2345 2417 et
2375 2363 2517 2433 coepi
2537 2378 2735 2432 sapere
2766 2359 3088 2431 perfectius,
3120 2362 3398 2424 evacuavi,
3430 2359 3489 2413 id
3524 2364 3610 2413 est
3622 2375 3740 2413 con-

2156 2457 2270 2507 tem
2278 2452 2362 2521 psi
2372 2468 2489 2519 quae
2497 2455 2659 2504 erant
2674 2451 2922 2518 parvuli,
2939 2448 3072 2518 quia
3087 2464 3209 2518 quae
3223 2453 3389 2502 antea
3403 2447 3733 2518 expetebam,

2158 2541 2461 2595 abhorrere
2486 2539 2647 2610 cas-pi.
2671 2540 2736 2592 In
2781 2539 2886 2592 hac
2912 2554 3045 2607 ergo
3074 2537 3186 2591 vita
3215 2538 3432 2608 parvuli
3460 2553 3652 2591 sumus
3675 2537 3737 2591 ad

2158 2629 2631 2700 comparationem
2649 2628 2853 2681 futura:
2874 2627 3000 2680 vitae
3024 2644 3037 2678 :
3063 2626 3197 2697 quia
3216 2626 3362 2680 sicut
3374 2627 3488 2680 vita
3507 2627 3621 2681 hac
3644 2625 3737 2679 im-

2156 2716 2402 2787 perfecta
2429 2720 2533 2781 est,
2563 2715 2644 2769 ita
2663 2720 2722 2768 et
2748 2713 3001 2767 scientia.

2241 2805 2486 2857 Videmus
2508 2818 2660 2856 nunc
2672 2817 2774 2869 per
2792 2804 3072 2870 speculum
3097 2804 3157 2853 in
3177 2803 3483 2868 anigmate,
3501 2806 3631 2854 tunc
3643 2816 3734 2853 au-

2164 2897 2267 2945 tem
2294 2894 2435 2959 facie
2454 2893 2527 2944 ad
2546 2894 2763 2958 faciem.
2788 2890 2877 2943 Ad
2896 2890 3001 2944 hoc
3014 2889 3197 2943 tendit
3220 2889 3509 2959 praemissa
3523 2903 3738 2959 compa-

2161 2979 2325 3046 ratio,
2350 2979 2514 3034 sicuti
2536 2978 2660 3049 quis
2693 2978 2841 3032 videt
2870 2994 2972 3049 per
2999 2978 3290 3048 speculum
3316 2978 3537 3031 vultum
3563 2992 3733 3041 suum,

2159 3074 2217 3123 et
2243 3069 2373 3123 inde
2399 3068 2690 3122 discedens
2736 3067 3078 3121 obliviscitur
3121 3066 3303 3136 qualis
3355 3066 3545 3132 tuerit,
3582 3065 3657 3119 sic
3688 3066 3738 3118 et

2159 3175 2261 3213 nos
2291 3158 2359 3211 de
2380 3158 2495 3211 Deo
2525 3162 2580 3211 et
2610 3156 2724 3210 vita
2751 3157 2944 3210 futura
2970 3171 3170 3226 parum
3196 3154 3330 3225 quid
3360 3154 3729 3225 perspicimus.

2161 3248 2230 3301 Et
2248 3247 2353 3300 hoc
2372 3247 2431 3299 in
2451 3245 2769 3315 aenigmate,
2794 3245 2849 3299 id
2868 3250 2953 3299 est
2980 3244 3041 3298 in
3070 3244 3431 3309 obscuritate,
3451 3244 3583 3314 quia
3622 3257 3735 3295 cum

2160 3336 2339 3391 simus
2369 3336 2577 3402 carnei,
2605 3352 2671 3389 ea
2702 3352 2824 3406 quae
2847 3335 2967 3388 sola
2996 3333 3274 3405 spiritalia
3302 3339 3452 3399 sunt,
3488 3333 3559 3386 ad
3583 3331 3732 3402 liqui-

2160 3424 2293 3478 dum
2307 3440 2505 3495 capere
2521 3423 2841 3494 nequimus.
2864 3422 3021 3476 Tunc
3037 3431 3248 3487 autem,
3269 3422 3326 3475 id
3361 3428 3448 3476 est
3467 3422 3524 3475 in
3542 3421 3730 3484 futuro,

2158 3513 2297 3566 facie
2326 3513 2397 3566 ad
2423 3513 2641 3576 faciem,
2674 3511 2730 3565 id
2757 3516 2844 3565 est
2867 3516 3168 3582 praesentes
3212 3516 3540 3581 praesentem
3569 3510 3727 3565 Deum

2160 3601 2492 3655 videbimus.
2523 3602 2686 3655 Nunc
2741 3616 2998 3667 cognosco
3052 3617 3117 3653 ea:
3166 3605 3326 3668 parte
3351 3600 3528 3653 Deum
3564 3617 3575 3651 :
3617 3604 3729 3651 tunc

2159 3696 2346 3744 autem
2393 3706 2711 3757 cognoscam
2765 3706 2829 3743 ex
2859 3694 2996 3755 toto,
3042 3692 3186 3743 sicut
3231 3695 3279 3742 et
3327 3692 3577 3757 cognitus
3599 3702 3724 3751 sum,

2157 3779 2323 3833 modo
2344 3796 2379 3832 a
2393 3779 2507 3832 Deo
2520 3777 2614 3848 qui
2636 3778 2873 3831 interius
2913 3777 3267 3848 exteriusque
3278 3782 3461 3831 totum
3470 3793 3557 3831 me
3571 3775 3722 3832 novit.

2159 3868 2229 3921 Et
2243 3866 2530 3920 sciendum
2569 3866 2702 3937 quia
2730 3869 2872 3920 sicut
2901 3883 3014 3920 non
3045 3882 3272 3936 semper
3299 3883 3400 3936 pro
3428 3866 3724 3937 aequalitate

2160 3956 2407 4027 ponitur.
2435 3955 2613 4009 Aliter
2660 3955 2809 4008 enim
2856 3954 3246 4024 cognoscimur
3273 3971 3307 4007 a
3330 3954 3467 4023 Deo,
3500 3960 3558 4009 et
3581 3954 3724 4007 aliter

2156 4045 2540 4116 cognoscimus
2589 4060 2719 4097 eum
2750 4062 2761 4097 :
2798 4042 2930 4114 quia
2985 4043 3082 4097 ille
3131 4042 3417 4113 cognoscit
3437 4048 3634 4098 cuncta
3670 4041 3726 4094 ut

2155 4134 2319 4200 Deus,
2354 4151 2455 4188 nos
2485 4131 2871 4202 cognoscimus
2917 4131 3076 4185 illum
3104 4137 3169 4185 ut
3194 4144 3455 4186 creatura
3492 4148 3590 4203 per
3620 4130 3722 4199 ejus

2157 4223 2368 4293 donum
2394 4242 2411 4294 ;
2443 4226 2830 4275 verumtamen
2854 4220 2999 4274 sicut
3014 4220 3107 4274 ille
3127 4220 3281 4274 novit
3301 4237 3411 4275 non
3427 4238 3493 4275 ex
3511 4224 3643 4288 toto,
3656 4217 3723 4271 sic

477 4317 672 4385 phetiae
713 4311 1171 4365 evacuabuntur:
1204 4305 1499 4375 prophetia
1528 4310 1613 4358 est
1641 4321 1764 4374 quae
1791 4306 1861 4359 de
1885 4305 2072 4359 futuro

2162 4318 2217 4366 et
2243 4328 2346 4365 nos
2361 4327 2428 4365 ex
2442 4315 2563 4364 toto
2583 4325 2982 4380 cognoscemus
3011 4308 3189 4363 illum.
3233 4309 3331 4363 llle
3371 4309 3621 4379 cognovit
3636 4323 3722 4361 nos

482 4401 753 4471 loquitur.
777 4397 937 4461 Quod
960 4412 1087 4450 cum
1115 4392 1347 4458 venerit,
1382 4408 1493 4446 non
1517 4393 1625 4446 erit
1646 4394 1763 4463 jam
1778 4410 2002 4448 necesse
2013 4400 2074 4448 ut

486 4487 1131 4560 prophetetur.Ponatur
1146 4498 1321 4537 unum
1337 4482 1650 4552 exemplum
1670 4499 1769 4553 pro
1790 4484 2071 4537 omnibus.

488 4578 871 4648 Prophetatur
891 4573 1148 4629 Christus
1168 4571 1239 4625 ad
1257 4570 1528 4641 judicium
1560 4577 1825 4626 venturus
1850 4591 1860 4626 :
1886 4588 1951 4626 eo
1982 4588 2074 4625 ve-

488 4667 679 4721 niente
708 4681 820 4720 non
853 4663 961 4718 erit
988 4678 1212 4716 necesse
1240 4664 1304 4713 ut
1345 4660 1462 4713 haec
1486 4660 1782 4731 prophetia
1808 4661 2076 4714 recitetur

481 4756 752 4827 amplius:
785 4753 865 4806 sic
885 4752 956 4806 de
979 4750 1195 4805 caeteris
1237 4747 1683 4818 intelligendum.
1715 4748 1836 4802 Sive
1870 4751 2073 4815 linguae

484 4847 789 4909 cessabunt,
814 4840 1076 4912 quoniam
1098 4839 1243 4893 sicut
1259 4843 1390 4891 ante
1405 4837 1606 4891 turrim
1625 4836 1799 4890 Babel
1818 4852 1929 4890 una
1951 4841 2073 4890 erat

480 4935 673 5004 lingua
698 4930 951 4996 Hebraea,
983 4929 1127 4983 sicut
1167 4927 1393 4997 quidam
1438 4930 1640 4995 putant
1669 4925 1944 4989 doctores,
1975 4942 2072 4978 ex-

482 5023 631 5094 pleto
646 5019 875 5089 judicio,
908 5018 1029 5089 ipsa
1048 5014 1364 5071 remanebit
1392 5029 1520 5066 una.
1555 5014 1769 5066 Revera
1795 5013 1853 5067 in
1880 5014 2071 5067 multis

480 5108 687 5179 linguis
706 5107 948 5161 varietas
967 5111 1071 5170 est,
1096 5110 1153 5158 et
1177 5102 1271 5156 ubi
1289 5106 1375 5155 est
1392 5100 1649 5168 varietas,
1665 5101 1742 5155 ibi
1773 5101 2066 5156 dissensio.

480 5199 548 5254 In
576 5202 898 5253 sanctorum
926 5209 1099 5264 regno
1147 5207 1258 5244 non
1311 5190 1418 5243 erit
1471 5189 1765 5257 dissensio,
1799 5207 1931 5261 ergo
1969 5208 2072 5245 nec

478 5288 801 5358 linguarum
814 5283 1073 5338 varietas.
1096 5279 1458 5335 Sivescientia
1469 5280 1802 5343 destruetur;
1822 5296 2066 5350 prasens

479 5376 713 5431 scientia
737 5388 860 5443 quae
881 5388 947 5424 ex
975 5374 1134 5440 parte
1163 5382 1313 5420 nunc
1344 5365 1598 5431 habetur,
1624 5384 1750 5421 cum
1778 5368 2067 5438 plenitudo

481 5463 727 5521 scientia:
739 5459 972 5525 venerit,
992 5474 1056 5512 eo
1078 5456 1226 5528 quod
1255 5455 1329 5509 sit
1356 5455 1703 5527 imperfecta,
1722 5457 2065 5527 destruetur,

477 5554 535 5611 id
564 5557 651 5608 est
668 5551 728 5606 in
748 5547 950 5604 melius
973 5543 1429 5602 commutabitur.

2157 4400 2407 4454 utDeum
2429 4398 2607 4462 decet,
2628 4414 2730 4452 nos
2753 4413 3153 4467 cognoscemus
3170 4397 3327 4451 illum
3340 4402 3404 4451 ut
3426 4397 3722 4467 gloriﬁcate

2158 4493 2428 4543 creaturae
2447 4486 2755 4541 conveniet.
2778 4487 2942 4540 Nunc
2974 4490 3159 4539 autem
3180 4492 3407 4540 manent
3437 4488 3580 4553 ﬁdes,
3602 4500 3717 4552 spes,

2155 4579 2397 4631 charitas
2429 4592 2447 4631 :
2477 4575 2589 4630 tria
2630 4575 2768 4630 haec.
2817 4575 2916 4629 Hae
2944 4580 3064 4630 tres
3091 4575 3328 4630 virtutes
3353 4575 3518 4629 modo
3539 4575 3721 4644 juncta:

2157 4670 2289 4719 sunt
2318 4664 2649 4730 adinvicem,
2685 4668 2742 4717 et
2771 4663 2851 4717 ita
2870 4662 2939 4723 in.
2956 4664 3126 4734 hujus
3149 4662 3273 4717 vitae
3294 4670 3543 4734 tempore
3569 4676 3721 4731 copu-

2154 4754 2363 4821 lantur,
2379 4758 2443 4807 ut
2456 4769 2570 4807 una
2585 4752 2708 4806 sine
2742 4752 2922 4806 altera
2939 4757 3090 4806 stare
3111 4768 3223 4806 non
3252 4752 3448 4822 possit.
3473 4751 3573 4815 Qui
3590 4748 3718 4804 enim

2153 4842 2331 4896 credit
2350 4842 2409 4895 in
2430 4842 2630 4904 Deum,
2661 4846 2850 4911 sperat
2877 4857 3001 4912 qua;
3030 4840 3100 4895 ab
3125 4841 3247 4911 ipso
3263 4841 3655 4912 promittuntur
3670 4851 3720 4890 se

2153 4936 2570 5002 percepturum,
2608 4933 2667 4983 et
2690 4947 2800 5000 quo
2827 4930 3007 5000 magis
3034 4935 3245 5001 sperat,
3273 4946 3339 4984 eo
3369 4930 3546 5000 magis
3565 4923 3718 4982 credit

2154 5020 2212 5074 in
2240 5019 2399 5074 illum
2430 5025 2488 5074 et
2513 5020 2636 5073 ideo
2660 5018 2829 5073 habet
2850 5018 3182 5074 charitatem
3208 5038 3221 5085 ;
3254 5019 3388 5089 quia
3416 5017 3594 5088 diligit
3606 5029 3715 5069 eum

2153 5114 2209 5163 et
2237 5109 2575 5179 proximum.
2605 5108 2685 5161 Ea
2741 5107 2889 5161 enim
2943 5124 3066 5178 quae
3094 5108 3376 5162 credimus
3432 5123 3549 5162 esse
3576 5100 3712 5159 nobis

2153 5196 2446 5267 promissa,
2467 5201 2639 5250 etiam
2669 5212 2770 5249 nos
2792 5202 3119 5266 accepturos
3147 5211 3458 5266 speramus.
3476 5195 3573 5250 His
3604 5204 3714 5244 vero

2151 5285 2432 5355 delectati,
2459 5285 2704 5356 amplius
2729 5284 2788 5337 in
2813 5284 3086 5339 charitate
3130 5285 3428 5339 fervemus.
3461 5280 3717 5338 Veraciter

2152 5375 2302 5429 enim
2334 5374 2559 5428 credere
2588 5389 2701 5427 non
2731 5390 3048 5443 possumus,
3077 5372 3185 5427 nisi
3214 5389 3281 5428 ea
3311 5390 3437 5443 quae
3468 5370 3719 5443 promissa

2151 5469 2285 5518 sunt
2309 5479 2618 5535 speremus,
2646 5479 2750 5516 nec
2790 5462 3100 5533 poterimus
3139 5462 3417 5516 sustinere
3444 5460 3717 5533 promissa,

2152 5552 2201 5607 si
2218 5552 2365 5608 desit
2383 5551 2515 5607 ﬁdei
2535 5550 2777 5607 ﬁdelitas
2795 5550 2980 5606 ﬁrma.
3019 5552 3133 5606 Nec
3154 5550 3335 5606 aderit
3356 5551 3570 5607 fructus
3594 5544 3718 5619 spei.
