3936 6164
205 244 307 302 585

829 243 1215 301 EXPOSITIO
1254 243 1334 298 ΙΝ
1371 243 1525 300 ΕΡΡ.
1568 242 1627 297 S.
1668 243 1905 299 PAULI.
1946 273 2017 285 —
2054 243 2133 299 IN
2170 243 2394 299 EPIST.
2435 243 2462 298 Ι
2498 244 2595 298 AD
2634 244 2795 300 COR.

3368 250 3475 311 586

205 368 287 424 vel
311 367 590 423 stabilitas
611 369 760 433 fidei,
780 368 889 423 nisi
911 368 1080 423 fuerit
1098 368 1344 440 perfecta
1366 367 1521 422 chari
1531 374 1615 421 tas
1632 367 1799 421 Chri-
1815 369 1868 427 A
1883 366 2207 422 defecerint.
2241 366 2374 439 Ipsa
2416 372 2605 423 autem
2654 375 2712 424 et
2759 369 2886 424 hinc
2922 374 3239 428 necessaria
3265 382 3369 446 est,
3410 381 3478 434 ut

205 456 274 510 sti
304 456 365 510 in
395 456 575 515 nobis.
609 474 747 527 quae-
765 462 824 511 et
851 456 1016 511 fidem
1053 463 1113 510 ut
1152 456 1432 527 praecedat
1460 456 1704 525 adjuvet.
1745 460 1803 509 et

204 562 362 616 spem
394 546 808 617 exspectatione
842 546 1183 600 corroboret.
1237 548 1416 614 Major
1464 551 1649 598 autem
1693 546 1796 604 his,

205 633 476 687 subaudis
514 634 829 697 virtutibus,
864 635 974 689 fide
1008 635 1267 689 videlicet
1294 651 1360 688 ac
1393 652 1511 704 spe.
1559 637 1803 689 charitas

205 729 298 776 est.
341 722 623 776 Nimirum
646 723 821 777 Filius
854 724 952 777 Dei
984 723 1341 785 charitate,id
1375 731 1460 777 est
1480 723 1801 784 dilectione,

209 817 386 866 etnon
405 813 614 865 nostris
636 812 1048 875 meritis,homo
1070 813 1250 867 factus
1275 818 1361 866 est
1375 819 1433 865 et
1465 812 1807 882 Redemptor

211 900 407 954 mundi
440 918 453 951 :
486 901 582 971 qui
611 901 808 955 dilexit
833 917 953 960 nos.
974 909 1032 955 et
1059 901 1295 955 tradidit
1320 902 1682 971 semetipsum
1708 917 1807 972 pro

212 986 372 1041 nobis
412 988 750 1042 oblationem
779 995 835 1043 et
860 988 1099 1042 hostiam
1133 991 1248 1043 Deo
1281 989 1340 1043 in
1362 990 1589 1043 odorem
1620 989 1808 1043 suavi-

211 1076 361 1130 tatis.
408 1076 518 1130 Per
542 1077 688 1131 hanc
714 1077 863 1131 Deus
894 1077 1065 1132 Pater
1107 1078 1261 1131 misit
1296 1078 1558 1132 eumdem
1605 1078 1809 1132 Filium

212 1182 376 1220 suum
414 1164 474 1219 in
519 1166 815 1227 mundum,
854 1166 998 1219 hanc
1042 1166 1284 1237 Spiritus
1313 1173 1539 1221 sanctus
1567 1167 1813 1221 infundit

212 1253 472 1309 cordibus
501 1255 826 1309 electorum.
861 1255 1024 1309 Fides
1054 1272 1296 1326 namque
1346 1262 1450 1320 est,
1492 1274 1604 1326 qua
1634 1257 1810 1310 Deum

211 1342 526 1397 trinitatem
558 1344 765 1398 habere
793 1344 847 1397 in
876 1344 1148 1415 personis.
1190 1350 1247 1398 et
1285 1345 1561 1398 unitatem
1593 1344 1649 1399 iu
1680 1344 1812 1398 sub—

214 1432 429 1486 stantia
449 1432 751 1497 credimus,
786 1432 1055 1505 mysteria
1087 1450 1309 1504 quoque
1336 1434 1740 1487 incarnationis
1759 1439 1817 1487 et

206 1522 492 1595 passionis
524 1523 648 1577 Filii
698 1525 813 1579 Dei.
847 1524 986 1594 Spes
1014 1540 1145 1577 vero
1175 1530 1262 1578 est
1298 1524 1641 1594 exspectatio
1676 1524 1822 1578 futu-

211 1627 405 1665 rorum
428 1611 725 1677 bonorum,
758 1628 879 1683 qua;
908 1628 1011 1666 nec
1037 1612 1169 1665 dum
1208 1612 1548 1683 aspeximus.
1566 1629 1668 1666 nec
1688 1628 1823 1666 con-

1884 456 2074 509 omnia
2103 455 2269 520 bona,
2303 474 2588 511 summum
2636 457 2863 518 bonum.
2914 460 2968 514 id
3002 466 3088 516 est
3122 462 3477 536 charitatem,

1885 544 2220 599 habentibus
2243 547 2477 616 prosint.
2498 548 2625 617 Ipsa
2649 547 2816 601 etiam
2835 549 3079 619 perfecta
3108 554 3481 622 permanebit.

1885 651 2013 688 cum
2050 651 2247 688 omnes
2277 643 2695 705 perseverantes
2724 636 2780 689 in
2828 653 2906 699 se,
2939 638 3009 692 ad
3062 640 3331 696 visionem
3382 642 3485 697 Dei

1887 723 2227 793 perduxerit.
2248 722 2526 778 Caeterum
2548 725 2844 795 prophetia
2865 732 2923 779 et
2952 728 3346 798 mysteriorum
3362 746 3486 785 om-

1890 811 2050 865 nium
2082 812 2279 865 notitia
2304 813 2387 866 vel
2410 814 2666 869 scientia.
2702 830 2805 867 nec
2834 831 2945 868 non
2976 821 3034 870 et
3070 816 3193 887 ipsa
3234 819 3391 884 ﬁdes,
3433 824 3491 874 et

1891 908 2094 954 caetera
2121 900 2279 964 talia,
2307 918 2431 971 quae
2464 918 2575 956 non
2621 903 2802 956 solum
2854 904 3177 974 perfectioni
3218 907 3488 976 fidelium,

1896 989 1991 1043 sed
2030 990 2200 1043 etiam
2228 991 2523 1060 fragilitati
2554 993 2869 1046 necessaria
2903 994 3248 1062 iudicantur.
3289 997 3349 1050 in
3395 998 3493 1052 illa

1895 1078 2233 1148 perfectione
2253 1086 2575 1133 sanctorum
2599 1097 2712 1151 quo
2741 1081 2796 1134 in
2820 1082 3095 1137 charitate
3116 1084 3353 1140 radicati
3374 1092 3494 1142 ten-

1894 1166 2057 1231 dunt,
2078 1168 2551 1237 praevenientibus
2577 1170 2893 1223 necessaria
2913 1188 3035 1226 esse
3065 1189 3175 1227 non
3206 1180 3492 1244 poterunt,

1894 1271 2023 1308 cum
2052 1256 2163 1308 illis
2210 1255 2724 1327 incomparabiliter
2774 1258 3007 1313 meliora
3052 1277 3117 1315 ac
3162 1263 3497 1332 perfectiora

1896 1344 2287 1411 successerint,
2308 1344 2441 1414 quia
2471 1361 2571 1399 nec
2599 1346 2896 1416 prophetia
2926 1346 3001 1400 ibi
3030 1364 3170 1418 opus
3210 1352 3336 1406 erit.
3367 1369 3497 1407 cum

1902 1432 1971 1485 ad
1986 1432 2122 1487 illud
2146 1433 2293 1503 quod
2321 1433 2571 1487 futurum
2592 1434 2952 1505 promittebat
2975 1436 3208 1505 impleta
3225 1439 3501 1509 perduxe-

1904 1520 1997 1587 rit;
2022 1538 2125 1575 nec
2146 1521 2533 1593 scientia,qua&
2550 1523 2702 1577 velut
2721 1524 2950 1578 lucerna
2964 1526 3216 1595 quaedam
3249 1527 3306 1581 in
3332 1529 3502 1599 hujus

1906 1610 2093 1664 saeculi
2114 1616 2281 1664 nocte
2312 1610 2504 1665 ﬁdeles
2536 1610 2981 1676 illuminat,cum
3001 1614 3059 1668 in
3079 1615 3230 1670 illius
3254 1616 3379 1671 vitae
3412 1617 3504 1672 die

211 1700 387 1755 secuti
421 1700 480 1753 in
510 1717 571 1754 re
592 1717 803 1755 sumus.
836 1701 1117 1761 Charitas.
1136 1717 1247 1771 qua
1273 1702 1448 1755 Deum
1475 1701 1877 1776 proximum-3
1906 1704 2178 1769 perpetuo
2207 1698 2292 1753 sol
2319 1699 2474 1753 vivus
2493 1699 2783 1754 ellulserit.
2827 1702 2943 1755 Nec
2974 1703 3370 1773 mysteriorum
3401 1722 3504 1761 no-

212 1805 322 1860 que
341 1789 649 1859 diligimus.
676 1790 817 1844 Cum
844 1789 1047 1857 Deum,
1068 1790 1125 1842 in
1144 1806 1254 1859 quo
1284 1796 1418 1843 sunt
1440 1790 1672 1860 praemia
1692 1806 1817 1860 quae

212 1879 616 1950 praestolamur
643 1880 824 1943 electi,
856 1879 992 1932 facie
1020 1878 1089 1932 ad
1140 1878 1338 1932 faciem
1374 1878 1632 1940 viderint,
1676 1877 1817 1932 nihil

214 1967 535 2022 remanebit
553 1968 700 2038 quod
712 1968 781 2021 de
801 1967 1006 2022 futuris
1020 1967 1381 2028 credant.aut
1403 1968 1552 2020 ultra
1562 1971 1792 2036 sperent
1803 2002 1817 2018 .

216 2056 467 2126 Diligent
499 2072 628 2109 vero
652 2072 751 2127 per
774 2057 1106 2110 charitatem
1149 2056 1401 2109 datorem
1435 2054 1688 2108 omnium
1720 2053 1824 2108 bo-

218 2161 423 2199 norum
450 2160 710 2215 operum:
742 2145 980 2215 diligent
999 2148 1058 2198 et
1076 2142 1392 2214 proximum
1421 2143 1735 2213 gaudentes
1755 2142 1824 2196 de

217 2233 353 2288 illis.
381 2234 527 2287 sicut
556 2239 613 2288 et
641 2234 711 2287 de
759 2232 982 2303 seipsis.
1039 2233 1171 2287 Ideo
1201 2250 1335 2304 ergo
1367 2233 1615 2286 charitas
1647 2232 1828 2301 major

226 2329 313 2377 est
333 2323 444 2376 fide
461 2339 526 2376 ac
545 2340 659 2393 spe,
669 2322 821 2393 quia,
845 2322 957 2376 illis
975 2322 1324 2377 cessantibus
1334 2339 1399 2376 ac
1420 2320 1822 2385 deficientibus,

231 2412 357 2481 ipsa
386 2411 726 2467 remanebit.
765 2413 828 2465 In
872 2412 1131 2482 praesenti
1161 2412 1364 2466 saeculo
1386 2427 1512 2464 cum
1553 2410 1689 2480 ipsis
1721 2415 1826 2474 est,

223 2505 280 2554 et
301 2500 427 2571 ipsa
453 2501 574 2555 sola
603 2501 659 2553 in
688 2506 960 2555 aeternum
984 2499 1382 2569 perseverabit.
1408 2498 1538 2569 Ipsa
1560 2499 1677 2552 sola
1698 2513 1825 2568 per—

223 2589 394 2643 ducet
417 2606 520 2643 nos
541 2589 610 2643 ad
628 2588 934 2652 Christum,
955 2588 1078 2659 ipsa
1094 2589 1212 2642 sola
1228 2588 1447 2642 fruetur
1459 2587 1668 2657 gaudio
1689 2602 1833 2640 sem-

222 2678 467 2749 piterno,
507 2683 565 2732 et
614 2678 1052 2748 praesentissimo
1104 2677 1258 2731 vultu
1280 2676 1680 2747 omnipotentis
1709 2674 1832 2740 Dei,

225 2772 336 2820 etc.

450 2863 646 2907 SERMO
692 2866 771 2909 ET
810 2862 1147 2908 TRACTATIO
1192 2863 1598 2907 SUPERIORUM.

295 2945 424 2998 Jam
449 2944 634 3014 qualis
659 2951 940 3016 etquanta
963 2945 1038 2997 sit
1064 2944 1332 3007 charitas,
1353 2961 1465 2998 non
1492 2944 1695 3015 pedum
1716 2944 1824 3007 via,

224 3030 324 3084 sed
358 3047 597 3094 morum,
617 3033 885 3103 Apostolo
911 3032 1166 3097 docente,
1187 3033 1487 3087 discamus.
1511 3032 1574 3087 Si
1596 3034 1824 3100 linguis,

221 3119 429 3191 inquit.
449 3122 739 3175 hominum
763 3125 961 3190 loquar
977 3126 1026 3175 et
1043 3125 1388 3190 angelorum»
1402 3124 1429 3176 Ι
1441 3123 1685 3176 Comum
1700 3126 1822 3188 ,etc.

223 3208 535 3263 Hominum
566 3216 624 3263 et
640 3211 983 3280 Angelorum
1008 3211 1234 3281 linguis,
1260 3211 1482 3265 inanem
1514 3210 1834 3265 facundiam

222 3298 601 3368 quorumdam
625 3298 915 3353 hominum
944 3298 1316 3368 signiﬁcatam
1364 3300 1633 3354 debemus
1682 3298 1830 3353 acci-

221 3403 379 3457 pere.
423 3403 548 3457 quze
586 3388 777 3441 omnia
833 3391 1178 3459 quaecunque
1224 3388 1521 3453 voluerint,
1569 3397 1829 3444 accurate

222 3475 454 3545 quidem
494 3480 664 3546 atque
700 3476 1029 3546 eloquenter
1070 3477 1369 3531 enuntinnt
1424 3476 1530 3531 Sed
1576 3479 1830 3548 quamvis

223 3570 427 3618 ornate
449 3564 784 3635 copioseque
805 3565 1304 3624 disserant.tamen
1324 3566 1558 3619 docendi
1580 3566 1828 3622 officium

221 3653 477 3707 vanitate
508 3653 762 3723 placendi
796 3654 973 3725 magis
1005 3672 1172 3726 quam
1197 3654 1521 3709 consulendi
1553 3656 1829 3710 charitate

221 3742 560 3812 suscipiunt,
592 3759 705 3796 non
751 3748 815 3796 ut
852 3742 993 3797 alios
1030 3744 1287 3807 doceant,
1322 3744 1420 3797 sed
1459 3750 1522 3797 ut
1549 3761 1609 3798 se
1638 3745 1831 3799 doctos

222 3830 530 3885 ostendant
560 3847 574 3882 :
598 3848 703 3885 nec
724 3839 787 3884 ut
805 3832 1137 3901 profectum,
1162 3833 1260 3887 sed
1280 3838 1345 3887 ut
1380 3833 1637 3903 plausum
1660 3850 1694 3887 a
1713 3834 1831 3888 suis

222 3919 584 3974 auditoribus
608 3926 866 3991 quaerant
896 3937 907 3969 :
932 3920 979 3974 si
1006 3928 1184 3975 totam
1205 3922 1452 3976 scientiae
1479 3922 1830 3992 diligentiam

222 4008 578 4062 transferant
605 4009 905 4063 mendaces
937 4010 1008 4064 ad
1039 4011 1307 4080 linguam,
1326 4017 1383 4065 et
1407 4010 1715 4065 studiosius
1737 4028 1831 4066 ve-

222 4096 330 4150 lint
350 4097 733 4166 eloquentiam
753 4114 951 4152 curare
968 4114 1138 4168 quam
1163 4099 1660 4169 vitam.supercilio
1680 4116 1831 4155 vanae

223 4186 590 4257 loquacitatis
622 4186 779 4249 elati,
814 4187 966 4241 dicta
996 4204 1099 4242 sua
1128 4188 1309 4259 magis
1346 4188 1578 4258 cupiant
1612 4189 1832 4243 laudari

226 4292 400 4345 quam
430 4276 552 4328 fieri
578 4292 589 4326 ε
623 4292 727 4329 nec
745 4275 859 4329 sint
874 4276 944 4330 de
965 4277 1263 4331 sanctitate
1282 4277 1489 4347 Operis,
1509 4278 1603 4330 sed
1621 4278 1691 4332 de
1712 4295 1833 4333 ser-

1900 1786 2047 1852 titia,
2081 1793 2181 1841 aut
2227 1787 2348 1858 ipsa
2397 1787 2535 1842 fides
2570 1790 2888 1843 necessaria
2914 1790 3040 1852 erit,
3067 1793 3291 1862 quando
3333 1795 3406 1848 ad
3438 1811 3507 1849 ea

1901 1892 2024 1946 quae
2063 1892 2162 1946 per
2192 1876 2523 1946 mysterium
2553 1877 3018 1946 significabantur
3046 1884 3098 1933 et
3129 1881 3505 1939 credebantur

1906 1981 1976 2018 ex
1999 1964 2108 2018 fide
2131 1964 2401 2034 perfectio
2416 1966 2740 2020 Christiana
2755 1968 3362 2037 pervenerit.Charitas
3377 1989 3508 2028 vero

1907 2052 1996 2106 hic
2017 2053 2243 2123 quidem
2296 2054 2611 2108 necessaria
2654 2061 2759 2110 est.
2792 2073 2915 2126 quae
2947 2073 3047 2111 nos
3072 2065 3299 2130 separat
3325 2076 3360 2113 a
3384 2061 3508 2116 dia-

1908 2139 2056 2203 bolo,
2090 2142 2348 2211 purificat
2393 2158 2424 2196 a
2456 2149 2701 2213 peccato.
2733 2144 3060 2199 reconciliat
3094 2146 3248 2215 Deo;
3304 2149 3403 2203 sed
3433 2148 3513 2204 ibi

1909 2230 2156 2300 perfecta
2174 2230 2432 2297 erit,cum
2457 2232 2731 2301 perfectos
2752 2234 2883 2297 Deo,
2902 2250 2934 2287 a
2951 2250 3061 2304 quo
3082 2240 3168 2289 est
3186 2235 3266 2289 eis
3282 2236 3510 2303 donata,

1910 2320 2282 2388 conjunxcrit.
2318 2320 2515 2374 Adhuc
2535 2321 2855 2390 Apostolus,
2873 2322 3096 2376 laudem
3116 2322 3315 2380 divinae
3335 2326 3515 2381 chari-

1912 2407 2046 2460 tatis
2067 2424 2156 2461 am
2162 2408 3011 2480 plificans,adjuugit.inquiens:
3028 2411 3093 2467 Si
3107 2414 3442 2469 distribuero
3454 2417 3517 2469 in

1913 2497 2054 2549 cibos
2068 2511 2380 2563 pauperum
2405 2513 2589 2549 omnes
2608 2498 2900 2564 facultates
2917 2515 3082 2561 meas,
3105 2503 3214 2554 etsi
3235 2504 3519 2557 tradidero

1916 2599 2110 2650 corpus
2134 2600 2339 2649 meum,
2370 2586 2452 2637 ita
2486 2589 2546 2637 ut
2572 2587 2821 2650 ardeam,
2845 2587 3176 2641 charitatem
3191 2593 3377 2643 autem
3398 2606 3512 2645 non

1917 2673 2181 2735 habuero,
2204 2673 2347 2725 nihil
2370 2674 2514 2726 mihi
2536 2674 2755 2740 prodest
2781 2676 2986 2743 (Ibid.).
3012 2676 3126 2730 Nec
3157 2678 3511 2748 quidemim-

1915 2760 2118 2814 merito
2147 2761 2205 2815 Si
2228 2761 2375 2814 enim
2400 2778 2512 2815 non
2534 2761 2687 2832 quid,
2710 2763 2808 2817 sed
2829 2768 3059 2834 propter
3070 2766 3201 2835 quid
3218 2765 3507 2836 faciamus,

1912 2848 1969 2901 in
1992 2849 2086 2902 illa
2106 2848 2307 2902 ultima
2324 2849 2740 2917 examinatione
2760 2852 3123 2922 quaerendum
3140 2860 3244 2917 est,
3266 2856 3511 2912 eleemo-

1915 2954 2088 3007 synae.
2128 2938 2206 2991 vel
2234 2936 2463 2991 traditio
2484 2939 2733 3009 corporis
2764 2941 2974 3011 proprii
3005 2941 3061 2995 in
3096 2945 3508 3016 mortem,quid

1876 3028 1891 3049 ‘
1914 3026 2223 3096 proderunt
2238 3043 2350 3081 non
2370 3026 2708 3082 habentibus
2731 3029 3061 3085 charitatem
3081 3030 3246 3103 ?lpsa
3265 3050 3399 3105 ergo
3414 3034 3512 3090 ha-

1915 3114 2098 3168 benda
2118 3116 2349 3186 est,ipsa
2370 3122 2456 3170 est
2468 3116 2881 3182 sectanda,sine
2900 3136 3011 3189 qua
3023 3136 3124 3174 nec
3140 3118 3511 3195 eleemosynze

1916 3221 2017 3258 nec
2042 3205 2399 3260 mortificatio
2415 3206 2529 3260 sive
2553 3207 2752 3261 occisio
2774 3209 3043 3278 corporis,
3069 3226 3170 3264 nec
3191 3210 3288 3265 illa
3318 3213 3511 3268 omnia

1915 3292 2176 3363 superius
2192 3293 2359 3347 dicta.
2387 3294 2470 3348 vel
2490 3294 2601 3348 alia
2619 3296 2872 3366 quamvis
2898 3295 3042 3351 bona
3061 3298 3377 3368 perducunt
3402 3300 3510 3356 ali-

1912 3398 2052 3451 quos
2066 3382 2137 3435 ad
2149 3383 2409 3440 salutem.
2429 3384 2561 3453 quia
2572 3384 2833 3454 quaelibet
2843 3385 2988 3439 actio
3002 3385 3147 3442 bona
3159 3390 3241 3443 vel
3254 3390 3511 3460 passio,si

1911 3487 1975 3523 ex
1988 3470 2249 3542 ﬁde,quaa
2264 3488 2364 3541 per
2375 3471 2731 3526 dilectionem
2750 3480 3035 3544 operatur,
3045 3492 3155 3530 non
3168 3478 3508 3546 exstiterint,

1909 3556 2069 3613 nobis
2084 3559 2345 3630 prodesse
2366 3576 2475 3613 non
2496 3561 3183 3633 potuerunt.Quapropter
3193 3565 3267 3619 nil
3283 3566 3363 3621 eis
3375 3584 3508 3637 pec-

1913 3648 2025 3701 cati
2042 3647 2376 3702 damnabilis
2390 3665 2682 3703 remanere
2703 3649 2929 3719 poterit,
2951 3666 3055 3705 nec
3082 3652 3264 3707 deerit
3292 3654 3505 3725 aliquid

1913 3735 2274 3807 boni,quibus
2288 3737 2534 3791 charitas
2554 3738 2734 3792 omnis
2754 3739 3166 3810 inquinamenti
3190 3743 3503 3804 mundatio.

1914 3832 1973 3880 et
1998 3824 2272 3879 bonorum
2303 3826 2557 3880 omnium
2596 3834 2777 3882 mater
2796 3829 3058 3884 adfuerit.
3088 3830 3366 3895 Quoniam
3386 3833 3507 3905 quia

1912 3913 2040 3967 dem
2053 3914 2307 3967 Charitas
2322 3918 2540 3981 patiens
2555 3920 2649 3979 est,
2667 3917 2902 3983 benigna
2927 3923 3020 3983 est,
3048 3936 3160 3974 non
3178 3926 3500 3991 aemulatur,

1914 4018 2024 4055 non
2055 4005 2171 4068 agit
2191 4018 2499 4069 perperam,
2528 4019 2640 4057 non
2664 4006 2922 4073 inﬂatur,
2944 4022 3056 4061 non
3080 4013 3156 4061 est
3185 4011 3498 4080 ambitiosa,

1914 4106 2027 4144 non
2056 4094 2254 4159 quaerit
2273 4106 2392 4158 quas
2419 4107 2522 4144 sua
2554 4097 2704 4156 sunt,
2724 4095 2915 4146 omnia
2942 4098 3153 4162 su/I'ert,
3171 4101 3364 4153 omnia
3383 4116 3503 4156 cre-

1914 4181 2016 4241 dit,
2044 4182 2233 4234 omnia
2263 4184 2464 4249 sperat,
2498 4185 2688 4234 omnia
2714 4186 2946 4235 sustinet
2971 4184 3171 4248 (Ibi/1,).
3189 4186 3270 4241 eis
3295 4188 3350 4242 in
3383 4190 3504 4260 qui.

1915 4267 2020 4322 bus
2049 4266 2235 4331 fuerit,
2268 4267 2459 4322 omnia
2485 4268 2591 4323 ista
2617 4285 2742 4339 quae
2784 4269 2954 4325 habet
2972 4271 3241 4343 impartit.
3274 4276 3344 4331 Et
3369 4279 3505 4349 quid

225 4364 415 4418 monis
428 4364 741 4418 elucubrati
763 4371 1057 4419 venustate
1082 4365 1608 4436 solliciti.Nunquid
1633 4348 2023 4420 meritoDllliS
2053 4374 2174 4411 esse
2212 4363 2397 4427 Ροίθδῖ
2423 4357 2482 4411 in
2531 4357 2635 4411 hac
2662 4358 2775 4413 "ita
2825 4360 3144 4430 PerfeCtiuso
3196 4365 3292 4435 (ἰαί
3331 4348 3505 4425 talitigi

226 4452 373 4506 tales
402 4458 711 4507 azramento
741 4453 965 4507 sonanti
991 4460 1092 4507 aut
1116 4453 1380 4508 tinnienti
1400 4454 1657 4524 cymbalo
1685 4471 1832 4508 com-

224 4550 508 4612 parantur
524 4542 617 4612 qui
644 4542 698 4595 in
723 4542 949 4596 modum
968 4542 1563 4596 tinnientisaaramenti
1580 4543 1660 4596 vel
1683 4559 1833 4613 cym-

226 4629 341 4684 bali
377 4631 644 4701 praeclara
674 4647 909 4701 quaeque
930 4631 1107 4701 uuiagis
1129 4639 1404 4702 appetunt
1423 4648 1623 4685 sonare
1656 4647 1828 4701 quam

230 4718 453 4773 facere:
503 4720 588 4773 vel
649 4719 985 4774 erubescunt
1042 4736 1076 4773 a
1117 4721 1333 4791 seipsis,
1389 4720 1556 4774 aliter
1599 4720 1829 4774 vivendo

230 4824 404 4879 quam
448 4810 755 4879 praedicant
777 4808 1142 4879 discrepare?
1184 4808 1289 4873 Qui
1320 4814 1384 4863 ut
1421 4825 1643 4880 quoque
1666 4808 1829 4863 modo

229 4896 640 4967 turpitudinem
656 4913 771 4950 suae
786 4897 1224 4951 conversationis
1240 4896 1587 4964 obnubilent,
1597 4898 1832 4952 honesta

226 4985 537 5057 praedicare
567 5001 679 5039 non
709 4991 964 5039 cessant:
988 5002 1098 5040 non
1122 4994 1185 5040 ut
1214 4972 1497 5041 auditores
1526 4988 1613 5041 sui
1635 5004 1828 5041 eorum

227 5073 629 5144 prmdicatione
659 5072 974 5145 proﬁciant,
995 5074 1090 5127 sed
1123 5079 1187 5128 ut
1214 5080 1272 5128 et
1299 5074 1404 5143 ipsi
1427 5074 1723 5129 videantur
1741 5093 1835 5130 cu-

229 5178 360 5216 rare
377 5179 503 5232 qua:
519 5162 844 5233 praedicant.
870 5162 980 5216 Sed
999 5162 1285 5217 videamus
1305 5180 1426 5233 quae
1453 5164 1540 5217 his
1570 5170 1833 5219 annectat

227 5252 538 5323 Apostolus
559 5250 648 5304 :Si
664 5251 1561 5321 habuero,inquit.prophetiam.et
1585 5256 1831 5307 noverim

228 5342 504 5409 mysteria
518 5342 708 5393 omnia
722 5339 1055 5410 (lbid.).etc.
1082 5340 1205 5393 Non
1225 5340 1325 5393 hoc
1346 5339 1425 5393 ita
1446 5339 1653 5393 dicitur
1671 5339 1831 5409 quasi

226 5424 424 5495 aliqua
454 5424 600 5479 bona
619 5425 740 5478 sine
759 5424 1035 5502 charitate
1052 5425 1224 5496 aliqui
1248 5423 1452 5478 habere
1468 5440 1577 5478 non
1595 5424 1831 5494 possint,

228 5513 334 5568 sed
364 5514 503 5585 quia
522 5512 662 5568 nihil
690 5514 912 5585 prosint
939 5512 1277 5570 habentibus
1299 5530 1387 5583 ea,
1418 5513 1466 5567 si
1497 5530 1533 5567 a
1558 5511 1835 5567 charitate

484 5611 751 5676 Panos.
787 5612 1023 5677 CXVII.

1913 4445 2220 4503 abundant.
2254 4446 2529 4500 charitate
2554 4446 2612 4500 in
2641 4464 2701 4501 se
2729 4452 3364 4518 regnante.virtutibus?
3384 4458 3504 4514 Me-

1912 4535 2021 4588 rito
2040 4534 2273 4605 proinde
2301 4534 2525 4605 quando
2546 4536 2796 4591 videmus
2813 4538 3032 4609 aliquos
3055 4542 3336 4611 patientia:
3358 4550 3504 4603 mole

1910 4623 2171 4678 fundatos
2212 4624 2606 4679 inconcussum
2638 4632 2832 4695 pectus
2851 4628 3203 4684 saevientibus
3226 4634 3386 4687 malis
3409 4654 3505 4707 op-

1912 4730 2139 4783 ponere,
2156 4712 2499 4768 abundantia
2515 4721 2721 4767 sanctaa
2732 4713 3093 4785 benignitatis
3111 4718 3498 4789 locupletatos,

1912 4800 2119 4856 bonum
2151 4816 2315 4856 suum
2338 4803 2476 4857 velle
2503 4819 2629 4856 cum
2662 4803 2921 4856 omnibus
2950 4804 3157 4860 habere
3182 4823 3501 4880 commune,

1914 4907 2026 4945 non
2054 4891 2333 4962 aliquibus
2374 4891 2622 4946 ardentis
2662 4891 2881 4946 invidiae
2919 4892 3130 4948 facibus
3173 4898 3356 4968 coqui.
3389 4918 3503 4959 non

1914 4996 2081 5049 agere
2098 4996 2410 5051 perperam,
2426 4980 2524 5035 sed
2543 4979 2872 5050 simpliciter
2886 4997 3011 5035 cum
3025 4983 3284 5040 omnibus
3304 4988 3506 5059 quibus

1916 5067 2082 5121 debet
2111 5074 2294 5121 unitas
2322 5068 2612 5122 charitatis
2640 5068 2889 5124 exhiberi
2908 5090 2921 5136 ;
2940 5073 3097 5127 nullo
3128 5073 3275 5131 fastu
3316 5081 3508 5149 perni-

1914 5155 2075 5210 ciosaa
2106 5156 2366 5209 vanitatis
2391 5156 2606 5224 inﬂari;
2633 5158 2772 5212 nihil
2792 5175 2986 5215 eorum
3011 5179 3135 5233 quae
3162 5175 3298 5221 sunt
3322 5170 3510 5228 aliena

1915 5245 2148 5299 crimine
2164 5245 2487 5326 gupiditatis
2507 5246 2720 5301 ambire
2747 5270 2756 5302 :
2781 5264 2906 5319 quin
2922 5257 3055 5306 sunt
3072 5270 3196 5309 sua.
3214 5257 3318 5326 piae
3344 5276 3509 5316 com-

1916 5310 2199 5388 munioni‘s
2211 5334 2354 5389 bono
2364 5351 2475 5389 non
2493 5339 2906 5405 quaereremulli
2922 5341 3151 5403 malum.
3167 5346 3513 5416 quibuslibet

1915 5422 2172 5477 irritatus
2201 5423 2443 5493 injuriis.
2471 5426 2718 5497 cogitare
2746 5446 2758 5494 ;
2792 5445 2905 5483 non
2934 5447 3104 5501 super
3131 5435 3370 5506 alicujus
3398 5437 3509 5491 ini-

1918 5513 2154 5583 quitate,
2179 5513 2279 5567 sed
2306 5513 2375 5568 de
2402 5514 2633 5571 veritate
2665 5514 2779 5587 [Αι.
2812 5516 3043 5592 virtute]
3068 5522 3317 5591 gaudere
3344 5541 3357 5576 :
3388 5538 3509 5577 om-

3198 5620 3275 5681 19
