3936 6164
218 347 308 405 “589

817 337 1203 394 EXPOSITlO
1243 337 1321 392 ΙΝ
1361 337 1513 392 EPP.
1558 338 1612 392 Β.
1659 337 1892 393 PAULI.
1938 369 1997 379 --—
2037 339 2120 395 ‘IN
2161 339 2383 400 EPlST.
2428 348 2451 402 Ι
2488 351 2582 404 AD
2621 349 2781 408 CO'R.

3319 353 3424 422 5'90

224 473 299 542 qui
336 469 546 539 primum
577 463 802 516 videbar
823 463 930 517 tibi
963 463 1252 528 barbarus,
1301 481 1466 517 cerno
1503 473 1556 516 te
1590 464 2102 533 quas-iAsuhaudis
2142 471 2424 538 incognita
2449 475 2592 538 aliis,
2626 479 2707 530 vel
2753 479 2806 531 in
2841 480 3180 538 obscuritate
3212 501 3426 542 sermo-

221 557 474 614 barbarum
493 553 636 605 mihi.

279 649 352 700 Sic
372 651 413 696 et
437 659 534 695 ros.
553 645 814 708 quoniam
837 645 1178 694 aunulalores
1198 645 1321 694 estis
1351 641 1751 707 spirituumyid

219 742 302 796 est,
329 734 442 803 quia
469 731 704 784 studium
738 731 953 782 habetis
983 731 1357 799 spiritualium
1387 731 1659 782 donorum
1683 732 1755 782 att

223 823 578 887 udi/irationem
611 819 871 880 Ecclesia},
905 822 1146 884 quur-ile,
1178 819 1297 887 ipsa
1329 819 1474 870 dona
1513 819 1756 888 Spiritus

207 909 363 963 sancti
391 907 598 969 habere,
623 912 683 958 ut
705 909 1012 965 abundelis,
1029 908 1438 959 ‘fructiﬁcantes
1462 908 1604 959 aliis.
1627 924 1758 976 quo-

209 1001 340 1052 niam
363 1001 452 1064 qui
481 999 723 1062 loquitur
756 999 968 1061 lingua,
987 995 1264 1048 subaudis
1283 996 1518 1049 obscura
1538 1005 1594 1048 et
1613 997 1760 1049 inco-

212 1087 357 1157 gnita,
385 1089 484 1137 oret
512 1089 568 1135 ut
599 1087 1006 1150 interpretetur,
1057 1084 1112 1136 id
1150 1092 1252 1148 est,
1301 1090 1424 1137 oret
1463 1087 1668 1147 IDeum,
1697 1091 1760 1138 ut

205 1175 292 1225 idet
313 1173 380 1224 illi
410 1171 664 1223 virtutem
699 1173 1124 1240 interpretandi,
1160 1179 1221 1225 ut
1251 1174 1398 1242 quod
1429 1173 1757 1242 loquitur-in

214 1278 302 1314 una
334 1260 528 1329 lingua,
561 1261 1038 1328 possitexponere
1065 1261 1188 1313 aliis
1217 1262 1274 1313 in
1305 1261 1434 1314 alia.

268 1350 392 1402 Nam
422 1353 468 1400 si
495 1363 640 1401 orem
690 1352 904 1415 lingua,
950 1350 1218 1404 subaudis
1269 1351 1576 1419 incognita,
1615 1355 1673 1402 et
1707 1350 1760 1402 in

214 1437 512 1490 obscuritate
543 1438 840 1503 sermonis,
865 1442 1099 1504 spiritus
1130 1455 1279 1491 meus
1310 1446 1450 1498 urat,
1479 1455 1632 1490 mens
1655 1454 1762 1490 au-

213 1532 295 1578 tem
333 1543 437 1578 mea
467 1529 579 1578 sine
612 1529 800 1592 fructu
834 1533 928 1591 est,
953 1527 1018 1580 id
1057 1533 1141 1579 est
1179 1527 1257 1579 vis
1287 1527 1487 1579 animm
1519 1543 1671 1580 meze.
1695 1526 1762 1578 id

214 1624 295 1677 est,
322 1614 426 1684 ipsa
455 1615 642 1667 anima
661 1632 780 1684 quae
805 1615 1044 1668 vivilicat
1063 1632 1264 1685 corpus
1283 1617 1493 1684 profert
1508 1615 1757 1666 verbum.

211 1703 494 1756 Intellectus
519 1710 709 1755 autem
742 1706 939 1756 animae
981 1721 1114 1758 mea:
1144 1705 1263 1756 sine
1289 1706 1478 1772 aliqua
1507 1703 1763 1756 utilitate

1838 554 1942 604 nis.
1993 554 2331 624 Simpliciter
2366 563 2550 630 accipe
2585 583 2594 616 :
2625 566 2794 622 Malo.
2833 568 3032 638 inquit,
3076 558 3153 625 sic
3181 562 3428 646 quin-que

1837 642 2003 693 verba
2035 645 2279 712 proferre
2309 648 2361 700 in
2390 655 2954 716 conventu'ﬁdelium.
2979 667 3049 712 ‘ut
3080 642 3430 733 intelligatur

1838 729 1907 780 ab
1934 730 2077 789 aliis,
2114 749 2279 800 quam
2313 736 2503 790 decem
2541 741 2715 793 millia
2746 743 2864 796 sine
2889 735 3134 814 prefectu
3166 729 3425 808 aliorum.

1840 818 2043 871 Utilius
2073 820 2206 872 dicit
2225 824 2422 897 paucis
2456 826 2634 880 verbis
2664 831 2719 882 in
2743 822 3030 902 apertione
3061 818 3432 908 sermonis'lo-

1841 906 1956 973 qui,
1995 908 2141 974 quod
2173 925 2364 963 omnes
2415 913 2755 986 intelligunt,
2799 935 2966 990 quam
3006 906 3284 993 proliXam
3311 915 3432 983 ora-

1831 993 2048 1046 tionem
2083 996 2286 1051 habere
2318 1000 2373 1051 in
2403 1001 2656 1057 obscuro.

1912 1084 2092 1135 Nolite
2117 1089 2450 1154 patrie/ﬁci
2475 1094 2739 1146 sensibus.
2769 1095 3010 1154 ‘Puerilis
3043 1107 3127 1155 est
3149 1119 3335 1171 sensu,
3377 1103 3434 1161 id

1843 1176 1927 1223 est
1971 1173 2262 1240 pueriliter
2312 1177 2447 1245 agit,
2499 1180 2591 1248 qui
2624 1181 2856 1237 obscuro
2887 1193 2943 1240 et
2975 1178 3148 1257 polito
3179 1179 3436 1262 sermone

1841 1267 2071 1328 propter
2093 1263 2421 1330 jactantiam
2467 1266 2616 1336 loqui
2660 1274 2860 1339 quzerit
2895 1297 2904 1327 :
2939 1279 3027 1328 sed
3060 1282 3279 1334 malitia
3305 1271 3436 1350 par-

1836 1349 1966 1401 uult
1987 1355 2162 1412 estote,
2185 1351 2248 1402 id
2282 1359 2383 1413 est,
2418 1354 2586 1407 alieni
2617 1357 2740 1410 sitis
2774 1377 2807 1412 a.
2837 1363 3073 1426 malitia,
3107 1361 3269 1434 sicuti
3302 1349 3438 1428 sum

1837 1438 2080 1504 parvuli.
2117 1439 2377 1493 Sensibus
2406 1450 2584 1495 autem
2616 1449 2845 1511 perfecti
2881 1443 3056 1506 estote.
3093 1437 3266 1509 sensu
3310 1435 3438 1530 per-

1839 1525 2021 1577 fectus
2072 1533 2173 1588 est,
2223 1530 2317 1598 qui
2366 1525 2710 1587 sic‘alterius
2741 1536 3060 1606 utilitatem,
3091 1532 3235 1597 sicut
3256 1525 3439 1615 suam,

1846 1614 2061 1683 quierit.

1925 1707 1985 1755 In
2012 1705 2142 1755 aliis
2176 1707 2384 1772 linguis
2408 1713 2457 1760 et
2489 1712 2648 1763 labiis
2678 1716 2809 1765 aliis
2832 1717 3027 1782 loquar
3052 1725 3250 1787 populo
3270 1724 3400 1778 huic
3422 1744 3438 1776 :

211 1798 292 1844 est.
325 1792 568 1860 quoniam
589 1809 711 1844 non
735 1793 982 1860 intelligo
1011 1809 1135 1860 qua:
1164 1792 1306 1844 dico.
1341 1792 1620 1860 Quod‘per
1649 1791 1824 1871 'spi-B
1848 1804 2019 1842 unum
2059 1790 2338 1859 significat.
2368 1796 2512 1864 quod
2541 1798 2677 1851 dicit
2706 1801 2908 1870 linguis
2935 1811 2988 1856 et
3018 1795 3199 1860 labiis.
3237 1810 3352 1871 Hoc
3383 1811 3442 1865 in

207 1879 348 1931 ritum
391 1879 739 1949 intelligatur
769 1880 975 1934 anima.
1019 1880 1264 1932 ostendit
1302 1880 1639 1949 evangelista
1678 1880 1763 1930 in—
1850 1875 2007 1930 Isaiae
2037 1878 2178 1930 libro
2207 1883 2335 1942 (Isa.
2395 1892 2602 1945 xxvm),
2654 1890 2745 1956 qui
2796 1907 2942 1944 nunc
2987 1894 3072 1946 lex
3102 1883 3436 1965 appellatur,

197 1967 376 2035 quiens
403 1969 468 2020 de
509 1969 748 2021 Domino
782 1987 792 2020 :
840 1971 1110 2021 Inclinato
1141 1973 1330 2035 capite,
1376 1970 1555 2020 emisit
1595 1971 1765 2034 spiri-

203 2063 306 2108 tum
334 2060 514 2119 -(J0an.
555 2067 688 2118 XIX).
721 2060 782 2110 'id
830 2066 915 2112 est
961 2060 1225 2111 animam.
1271 2059 1631 2111 Manifestum
1660 2065 1763 2120 est,

208 2146 433 2213 ignorare
457 2148 713 2201 animum
747 2158 995 2201 nostrum
1029 2149 1141 2201 sive
1174 2149 1537 2207 intellectum,
1576 2148 1618 2199 si
1662 2147 1768 2198 lin-

205 2251 298 2302 gua
327 2236 580 2304 loquatur
612 2237 762 2305 quod
792 2238 988 2299 nescit,
1013 2237 1158 2290 sicut
1187 2238 1433 2289 assolent
1463 2236 1642 2288 Latini
1669 2236 1769 2287 ho-

209 2325 568 2378 minesGreece
604 2337 854 2382 cantare.
873 2325 1131 2378 Oblectati
1150 2343 1286 2378 sono
1316 2324 1628 2386 verborum,
1652 2340 1770 2376 nes-

209 2410 390 2464 cientes
420 2419 625 2467 tamen
678 2415 1077 2483 quid‘dicant,
1132 2415 1276 2476 "Quae
1325 2412 1603 2465 cantilena
1653 2413 1773 2464 sine

192 2498 767 2572 'fructuintelligentize
786 2511 887 2566 est,
919 2520 1082 2572 quem
1108 2519 1218 2556 non
1245 2503 1450 2555 habere
1476 2508 1657 2571 potest
1679 2502 1773 2570 qui

206 2585 400 2654 ignorat
427 2607 548 2658 quae
583 2591 869 2660 loquatur.

263 2678 388 2741 Quid
411 2695 534 2744 ergo
553 2680 706 2731 mihi
737 2687 809 2732 est
836 2685 857 2730 Ρ
885 2679 1610 2737 subaudis'taciendum,vel
1643 2677 1774 2747 quid

206 2770 276 2815 est
298 2766 425 2818 utile
461 2774 517 2820 et
547 2769 953 2821 necessarium.
994 2771 1166 2822 Urabo
1192 2770 1416 2834 spiritu,
1450 2767 1503 2818 i'd
1547 2773 1650 2826 est,
1702 2767 1778 2818 lo-

203 2867 321 2921 quar
348 2855 551 2915 anima,
599 2858 775 2910 nrabo
806 2864 862 2910 et
892 2864 1096 2916 mente,
1134 2857 1187 2908 id
1219 2863 1303 2908 est
1333 2856 1529 2925 loquar
1558 2855 1776 2907 intelle-

204 2947 280 2993 ctu
307 2958 317 2989 :
350 2945 473 3012 quia
503 2945 603 2999 illa
635 2951 772 2998 sunt
801 2947 1054 3009 dicenda,
1080 2963 1199 3014 quae
1222 2952 1277 2997 et
1303 2945 1658 3014 proferantur
1675 2942 1779 2995 uti-

203 3028 310 3082 liter
335 3042 385 3084 et
412 3033 815 3103 intelligantur
841 3034 1149 3087 manifeste.

1847 1965 2116 2034 scriptum
2158 1975 2260 2030 est,
2304 1975 2361 2022 et
2410 1971 2521 2024 haec
2555 1977 2847 2044 prophetia
2874 1996 3043 2049 super
3071 1973 3222 2037 Novo
3254 1969 3444 2046 Testa-

1851 2062 2040 2106 mento
2072 2057 2334 2128 praedicta
2369 2066 2470 2111 est.
2507 2063 2567 2114 ln
2593 2063 2714 2132 lege
2743 2067 2920 2136 Mo‘ysi
2952 2079 3244 2138 peccantes
3278 2057 3444 2135 variis

1855 2143 2032 2194 modis
2064 2145 2442 2222 puniebantur
2487 2167 2550 2202 ex
2599 2161 2873 2223 praecepto
2901 2157 3141 2212 Domini.
3179 2164 3305 2218 Alia
3342 2165 3446 2230 lin-

1851 2247 1961 2300 gua
1987 2233 2234 2302 loquitur
2257 2236 2398 2288 Deus
2416 2237 2808 2309 in‘Evangelio,
2836 2246 2967 2314 quia
2992 2257 3310 2316 peccatores
3332 2239 3443 2310 non

1845 2321 2103 2389 praecipit
2133 2323 2324 2382 occidi,
2359 2326 2455 2377 sed
2499 2328 2564 2379 ad
2609 2331 2994 2398 pmnitentiam
3043 2321 3323 2408 hortatur,
3357 2341 3443 2397 di-

1855 2425 2017 2460 cens:
2051 2412 2427 2465 Pwnitentiam
2451 2419 2594 2480 agite
2628 2418 2838 2486 (Matth.
2877 2427 2978 2487 tu),
3014 2431 3069 2478 et
3094 2413 3329 2500 reliqua.
3350 2413 3447 2492 ,lbi

1856 2499 2284 2552 commendabat
2311 2501 2899 2569 circumcisionem,‘in
2931 2499 3234 2584 Evangelio
3265 2517 3448 2589 bapti-

1856 2602 2060 2644 smum,
2096 2587 2283 2639 dicens
2319 2591 2532 2653 (Matth.
2570 2606 2773 2653 xxvun.
2803 2598 2902 2662 Ite,
2938 2599 3212 2670 baptizate
3252 2587 3448 2673 omnes

1855 2679 2080 2741 gentes;
2099 2675 2169 2726 ibi
2195 2675 2521 2742 Sabbatum,
2540 2679 2624 2732 his
2637 2682 2785 2734 diem
2816 2675 3186 2751 Deminicum,
3201 2699 3257 2744 et
3268 2694 3448 2754 otium

1859 2777 1892 2812 a
1939 2762 2177 2829 peccatis
2212 2779 2222 2812 :
2255 2762 2327 2814 ibi
2369 2766 2640 2819 sacrificia
2665 2785 2960 2839 pecorum,
2995 2775 3082 2828 hic
3110 2780 3356 2848 corporis
3395 2787 3452 2838 et

1859 2850 2152 2916 sanguinis
2183 2851 2264 2903 sui
2301 2853 2648 2921 mysterium.
2684 2858 2748 2910 Et
2781 2873 2875 2912 nec
2902 2865 2980 2914 sic
3009 2867 3323 2932 exaudiant,
3360 2869 3448 2923 in-

1860 2937 2067 2989 creduli
2098 2939 2272 2992 Judaei
2310 2941 2695 3005 Dominum,id
2722 2951 2823 3006 est,
2859 2965 2968 3002 non
2999 2934 3447 3018 obedieruntil‘li.

1859 3025 1958 3077 Vel
1989 3027 2510 3088 aliter,‘secuntlum
2563 3035 2964 3102 praecedentem
3016 3022 3453 3112 disputationem

261 3121 504 3174 Ceterum
553 3128 606 3176 si
651 3125 991 3176 benedimeris
1021 3127 1244 3188 spiritu,
1280 3127 1403 3190 quis
1454 3124 1664 3188 supplet
1702 3122 1781 3172 ιο-
1803 3123 1842 3178 C
1865 3115 2113 3182 Apostoli
2143 3133 2153 3166 I
2191 3117 2288 3170 Die
2316 3125 2631 3185 pentecostes
2663 3124 2812 3177 venit
2841 3127 3084 3194 Spiritus
3115 3138 3454 3202 sanctusvsu-

199 3222 302 3258 cum
336 3211 528 3275 idiota,
552 3212 622 3264 "id
663 3218 768 3273 est,
802 3212 849 3264 si
877 3213 1087 3282 Spiritu
1105 3210 1664 3264 sanctoilluminatus
1684 3208 1781 3261 beo

185 3307 256 3346 'ne
280 3297 544 3358 docueris,
584 3308 644 3354 et
677 3301 818 3354 bene
847 3301 1065 3353 locutus
1093 3301 1279 3353 'f‘ueris
1318 3299 1674 3352 audientibus
1725 3298 1782 3350 in

185 3381 367 3453 ‘lingua
397 3388 716 3459 incognita,
752 3391 877 3459 quis
907 3389 1191 3459 supplebit
1213 3405 1223 3437 :
1249 3389 1327 3441 vel
1355 3389 1478 3458 quis
1517 3387 1783 3456 adimple-

195 3468 264 3523 bit
290 3474 462 3528 locum
496 3478 656 3531 illius
689 3479 784 3547 qui
815 3486 869 3531 te
899 3479 1059 3531 audit
1097 3484 1153 3530 et
1181 3494 1288 3530 non
1323 3475 1587 3545 intelligit
1618 3473 1783 3526 verba

195 3561 309 3612 tua?
329 3563 473 3616 ldios
494 3566 716 3619 dicitur
738 3567 996 3635 proprius
1021 3586 1029 3616 :
1058 3567 1203 3618 unde
1233 3564 1645 3622 dicituridiota,
1666 3579 1786 3627 pro-

195 3649 350 3715 priam
381 3653 1063 3721 linguam-tantummodo
1085 3655 1283 3711 sciens,
1319 3654 1374 3705 in
1408 3669 1515 3721 qua
1547 3661 1710 3703 natus
1731 3658 1787 3702 et

195 3739 418 3792 nutritus
449 3749 555 3794 est.
595 3744 657 3795 Si
689 3743 864 3811 igitur
903 3743 1030 3795 talis
1079 3741 1324 3795 astiterit
1350 3741 1482 3801 'tihi,
1525 3741 1656 3792 dum
1688 3745 1786 3792 aut

192 3830 500 3894 mysterium
521 3832 718 3883 missze
741 3832 1066 3883 solemniter
1082 3830 1450 3889 celebras,aut
1467 3844 1780 3881 sermonem

189 3911 324 3970 facis.
347 3927 444 3970 aut
475 3920 656 3972 etiam
693 3919 1132 3986 benedictionem
1159 3919 1387 3971 tribuis:
1419 3917 1688 3984 quomodo
1705 3917 1786 3966 (li-

188 4011 282 4054 cet:
315 4009 349 4059 Α
364 4023 508 4069 men,
547 4025 726 4076 super
759 4014 911 4060 tu‘am
952 4010 1373 4060 benedictimtem
1401 4013 1421 4057 Ρ
1459 4022 1584 4057 cum
1611 4003 1787 4056 nescit

1851 3217 1964 3270 per
1994 3203 2283 3257 credentes
2315 3206 2370 3259 in
2403 3207 2771 3274 Hierusalem,
2802 3220 2849 3266 et
2873 3225 3142 3284 emperunt
3172 3225 3326 3290 loqui
3358 3242 3454 3278 va-

1866 3293 1967 3342 riis
1992 3295 2218 3360 linguis,
2251 3301 2415 3361 prout
2446 3298 2690 3364 Spiritus
2719 3309 2942 3357 sanctus
2971 3308 3135 3362 dabat
3171 3312 3354 3378 eloqui
3384 3316 3454 3367 il-

1870 3379 1963 3434 lis.
1993 3379 2245 3433 Aderant
2283 3383 2457 3435 Judaei
2489 3401 2554 3436 ex
2592 3387 2742 3439 omni
2775 3391 2999 3445 natione
3033 3411 3153 3464 quae
3185 3397 3288 3450 sub
3318 3401 3455 3454 coelo

1866 3472 1969 3527 est,
1987 3475 2041 3520 et
2055 3468 2147 3536 qui
2179 3471 2744 3538 prindestinatierant.
2765 3479 2903 3530 versi
2925 3479 2979 3532 in
3002 3483 3454 3551 admirationem,

1867 3556 2229 3610 credideiunt
2256 3559 2312 3611 in
2347 3561 2625 3614 Christum
2669 3572 2724 3616 et
2759 3566 2891 3617 salvi
2918 3567 3045 3621 facti
3077 3579 3226 3625 sunt.
3258 3549 3457 3629 Caneri

1869 3660 2012 3700 vero,
2060 3645 2188 3697 licet
2222 3653 2349 3698 tam
2405 3649 2547 3700 mira
2579 3651 2857 3714 audirent,
2905 3658 3208 3714 noluerunt
3235 3645 3456 3718 Christo

1867 3732 2094 3784 credere
2125 3751 2224 3802 per
2252 3738 2532 3804 apostolos
2561 3741 2682 3807 ejus
2709 3741 2912 3810 linguis
2946 3746 3255 3816 loquentes.

1937 3821 2160 3885 Lingua?
2215 3825 2274 3872 in
2328 3827 2550 3889 signum
2595 3834 2748 3892 sunt,
2795 3829 2849 3881 id
2889 3840 2992 3894 est,
3029 3834 3084 3887 in
3127 3838 3458 3896 miraculum

1867 3913 2020 3972 sunt,
2056 3924 2164 3960 non
2196 3910 2448 3963 fidelibus
2466 3913 2559 3980 qui
2590 3915 2775 3968 sciunt
2804 3917 2940 3972 nihil
2976 3921 3089 3975 Deo
3107 3907 3459 3996 impossibile

1869 4011 2008 4059 esse,
2043 3997 2135 4048 sed
2170 3996 2501 4052 infidelibus.
2539 4001 2630 4069 qui
2659 4003 2726 4054 de
2770 4005 2863 4057 Dei
2909 4001 3454 4078 potentiadubitant.

189 4092 302 4158 quid
329 4095 524 4158 dicas;
583 4098 643 4150 id
695 4104 800 4153 est
849 4097 1129 4166 quomodo
1163 4093 1517 4165 respondebit
1551 4092 1777 4144 wrbum
1864 4082 2035 4136 Verbi
2071 4085 2256 4152 gratia
2283 4103 2292 4135 :
2317 4087 2537 4139 'l'aulus
2571 4089 2899 4158 loquebatUr
2936 4097 3197 4153 omnibus
3230 4102 3458 4178 linguis,

185 4184 663 4240 mntimmwrium
701 4186 847 4254 quod
881 4185 1085 4238 dicitur
1125 4187 1321 4236 Amen.
1365 4199 1487 4236 cum
1522 4183 1612 4234 me
1652 4191 1777 4233 tan-
1863 4188 1971 4224 non
2011 4182 2236 4242 propter
2264 4190 2340 4233 se,
2376 4175 2469 4227 sed
2507 4189 2733 4247 propter
2762 4181 3076 4244 incredulos
3106 4175 3454 4259 diversarum

185 4270 288 4320 tum
319 4273 524 4341 linguae
561 4275 811 4344 propria:
854 4273 1080 4343 peritus,
1116 4273 1332 4341 ignoret
1365 4273 1506 4341 quod
1551 4270 1778 4323 tu'bar-
1859 4271 2130 4328 gentium,
2165 4279 2303 4331 quos
2347 4265 2566 4318 Christo
2614 4268 2818 4334 lucrari
2869 4275 3106 4330 volebat.
3154 4281 3456 4348 Prophelia:

166 4351 301 4411 εδει-³
328 4361 419 4415 ma
453 4363 765 4433 “qualis?
799 4364 917 4415 Non
941 4363 1123 4415 aderit
1152 4362 1295 4413 alius
1332 4378 1427 4430 ριιο
1457 4361 1570 4419 illo,
1596 4359 1776 4411 sciens
1800 4433 1834 4438 _
1860 4356 2062 4411 autem,
2095 4352 2146 4403 id
2172 4360 2252 4405 est
2280 4353 2921 4429 Scripturarumexposit
2940 4363 3114 4430 iones,
3137 4384 3245 4421 non
3264 4373 3461 4438 inﬁde-

184 4447 294 4512 quid
327 4458 386 4503 tu
418 4453 603 4513 dicas,
637 4453 979 4522 respondeat
1008 4469 1018 4501 :
1054 4457 1250 4507 'Amen,
1272 4450 1323 4501 id
1355 4457 1454 4508 est,
1483 4444 1669 4501 verum
1696 4433 1845 4500 estD
1866 4441 2008 4494 libus
2041 4449 2187 4502 sunt,
2224 4443 2317 4513 qni
2368 4461 2476 4497 non
2513 4447 2752 4500 audiunt
2802 4452 3135 4523 Scripturas,
3169 4433 3462 4534 sedpﬁ'deli.

180 4538 305 4603 thd
336 4547 394 4594 tu
427 4542 656 4600 dixisti,
690 4543 774 4593 vel
809 4541 1028 4594 fi‘at’ita.
1068 4539 1272 4593 Nescit
1302 4539 1505 4608 quippe
1537 4538 1627 4590 ubi
1659 4555 1778 4589 scr-

180 4629 339 4679 monis
368 4631 636 4683 clausula
673 4631 923 4684 liniatUr.
949 4630 1211 4699 quoniam
1243 4629 1370 4697 quid
1398 4627 1548 4679 dicas
1580 4626 1772 4679 nescit.

235 4715 310 4766 'Tu
338 4721 568 4786 quidem
621 4721 754 4771 bene
802 4723 1014 4784 gratias
1057 4722 1195 4783 agis,
1241 4716 1507 4769 subaudis
1554 4717 1686 4777 Deo,
1723 4715 1778 4767 in

160 4798 346 4870 lingua
396 4809 502 4860 tibi
558 4816 726 4866 nota,
767 4810 856 4860 sed
884 4812 1027 4859 alter
1058 4824 1166 4859 non.
1201 4808 1522 4870 .rdi/iratm',
1555 4805 1646 4873 qui
1676 4821 1780 4856 ne-

175 4890 265 4942 scit
287 4895 412 4962 qui‘d
447 4897 639 4949 dicas.
690 4896 764 4948 Et
813 4913 882 4948 ne
913 4896 1164 4947 dicerent
1206 4894 1476 4947 Corinthii
1510 4893 1577 4946 de
1605 4898 1778 4961 'Apos-

171 4979 288 5035 tolo.
324 4986 473 5051 quod
525 4986 660 5054 ipse
719 5000 827 5036 non
876 4983 1046 5036 habet
1073 4983 1392 5034 varietatem
1425 4981 1766 5050 linguarum,

173 5080 266 5120 non
295 5072 411 5125 vult
444 5073 510 5126 ut
541 5089 659 5125 nos
694 5072 1016 5133 habeamus,
1053 5071 1338 5139 subjunxit
1371 5096 1380 5128 :

230 5161 446 5215 Gratias
483 5179 596 5229 ago
637 5164 745 5215 Deo
771 5165 912 5230 quod
933 5165 1183 5214 omnium.
1214 5167 1451 5211 res-trum
1487 5163 1685 5224 lingua
1706 5161 1776 5211 lo-

171 5259 325 5309 quur.‘
345 5251 626 5320 Quinque
650 5257 788 5302 sunt
807 5250 1130 5303 diﬁerentize
1152 5249 1358 5301 GrmCae
1380 5248 1603 5314 linguae,
1630 5248 1774 5300 sicut

167 5333 215 5388 in
248 5339 519 5393 Prisciani
555 5339 737 5392 dictis
784 5339 1024 5406 prudens
1074 5339 1248 5390 lector
1275 5335 1523 5389 invenire
1569 5343 1770 5404 potest.

169 5423 364 5480 Omnes
394 5431 500 5482 has
529 5434 776 5482 noverat
799 5427 1098 5496 Apostohts
1129 5433 1183 5478 et
1213 5425 1399 5494 plures
1429 5424 1585 5476 alias.
1619 5425 1680 5476 In
1705 5441 1780 5475 ec-

1863 4531 1978 4592 bus,
2015 4532 2108 4600 qui
2140 4533 2382 4601 diligunt
2415 4551 2526 4586 eas.

1935 4622 1997 4673 Si
2037 4637 2160 4687 (’7‘00
2205 4624 2488 4674 ίύηυθηιάι
2517 4627 2777 4677 universa
2809 4628 3046 4682 Ecclesia
3090 4635 3151 4684 in
3185 4635 3471 4706 umn‘mzet

1863 4723 2044 4759 omnes
2079 4710 2286 4773 linguis
2316 4712 2638 4776 loquantur,
2673 4719 2730 4764 et
2760 4714 2965 4783 singuli
2997 4734 3098 4771 sua
3129 4721 3338 4790 lingua,
3381 4731 3467 4781 in-

1863 4801 2008 4847 trent
2035 4801 2218 4848 autem
2256 4799 2450 4861 irtiotae,
2496 4798 2550 4850 id
2586 4807 2670 4852 est
2705 4801 2929 4870 prepria.
2960 4804 3154 4875 lingua
3183 4816 3452 4878 contenti,

1862 4890 1918 4937 et
1939 4884 2146 4936 intrent
2175 4887 2432 4949 inﬁdeles,
2461 4887 2574 4938 sive
2598 4889 2825 4956 pagani,
2861 4906 3042 4960 nonne
3064 4897 3250 4962 dicent
3283 4903 3460 4968 :Quid

1862 4975 2127 5026 insanitis
2149 4979 2170 5021 ν
2199 4972 2250 5023 id
2274 4979 2376 5034 est,
2411 4974 2542 5041 quid
2580 4975 2633 5026 in
2664 4977 3091 5034 amentiam‘vel
3130 4984 3184 5038 in
3209 4988 3470 5056 ,phrene,

1857 5064 1958 5117 sim
1994 5063 2133 5114 versi
2162 5059 2340 5113 estis?
2375 5063 2438 5113 Et
2471 5063 2571 5114 hoc
2607 5062 2732 5115 ideo
2763 5065 2894 5132 quia
2928 5063 3460 5147 omnesiloquimini

1858 5151 2101 5212 confuse,
2137 5157 2192 5202 et
2222 5149 2368 5217 quod
2401 5149 2585 5200 dicitis
2618 5167 2728 5203 non
2757 5152 3100 5226 intelligunt.

1927 5241 2192 5293 Siautem
2221 5246 2402 5288 clunes
2433 5239 2764 5302 prop/teter“,
2797 5241 2847 5293 id
2877 5251 2962 5296 est
2992 5247 3316 5319 Scripturas
3339 5275 3463 5327 pro.

1857 5331 2152 5400 phetarum
2183 5327 2503 5395 explanant,
2543 5331 2709 5382 intret
2733 5337 2918 5386 autem
2943 5341 3070 5403 quis
3108 5344 3349 5410 inﬁdelis
3381 5354 3460 5403 νει

1869 5416 2280 5480 idiota,rustica
2309 5421 2531 5468 tantum
2549 5417 2743 5487 lingua
2768 5429 3080 5492 contentus,
3107 5436 3459 5494 convincitur

165 5519 315 5572 etesia
334 5522 454 5573 volo
477 5521 748 5586 quinque
769 5519 928 5568 verba
953 5532 1064 5568 meo
1085 5529 1245 5567 sensu
1279 5516 1448 5581 loqui,
1491 5517 1547 5564 ut
1570 5518 1617 5564 et
1647 5515 1788 5565 alios
1875 5509 1941 5560 ab
1969 5504 2241 5564 omnibus,
2271 5503 2541 5566 subaudis.
2565 5505 2805 5562 inﬁdelis
2829 5522 3068 5588 esseaut
3086 5516 3278 5587 idiota,
3293 5523 3457 5594 ,djju-

167 5596 464 5672 imgruam’
493 5621 689 5677 quam
725 5606 901 5659 decem
931 5606 1118 5659 millia.
1149 5605 1442 5658 verborum
1473 5605 1534 5654 in
1573 5603 1791 5668 lingua,
1855 5596 2106 5648 "dicatur
2130 5595 2198 5646 ab
2225 5595 2501 5662 omnibus,
2526 5601 2583 5650 et
2607 5597 2756 5666 quod
2784 5598 2892 5652 nisi
2911 5603 3298 5669 paenitentiam
3318 5605 3450 5678 agat
