3936 6164
541 339 640 397 591

959 332 1336 390 HAYMONIS
1374 327 1864 385 HALBERSTAT.
1908 325 2130 381 EPISC.
2173 325 2332 381 OPP.
2375 308 2559 381 PARS
2599 327 2643 380 Ι.
2691 354 2752 365 -
2795 324 3168 380 COMMENT.
3214 325 3392 381 BIBL.

3671 324 3739 384 592

541 461 895 518 damnandus
919 461 1029 526 sit;
1059 462 1269 513 occulta
1298 460 1475 511 cordis
1494 460 1609 522 ejus
1632 456 1927 521 manifesta
1959 455 2122 519 ﬁunt,
2144 456 2188 511 A
2212 452 2293 506 illi
2340 453 2512 507 fuerit
2558 453 2864 507 revelatum
2905 452 2999 521 qui
3039 452 3197 506 sedet
3225 451 3281 505 in
3324 450 3605 505 cathedra.
3632 451 3742 505 aliter

540 551 600 605 id
625 556 712 605 est
729 548 1092 619 cogitationes
1111 563 1293 616 pravae
1322 553 1377 599 et
1407 545 1560 607 vitia,
1579 560 1701 613 qua:
1730 543 1854 594 illos
1876 540 2136 611 praedica-

539 644 692 693 tores
721 643 882 709 putat
907 636 1083 689 latere
1113 650 1124 683 :
1154 634 1287 703 quia
1315 634 1448 687 dum
1476 632 1584 702 ipsi
1623 631 1913 701 disputant
1940 634 2135 682 contra

538 726 697 791 vitia,
726 724 1028 778 manifesta
1063 728 1195 776 sunt
1243 721 1314 775 ab
1354 721 1496 791 ipso,
1542 719 1674 789 quia
1702 718 1837 771 dicit
1865 736 1877 770 :
1904 719 1968 771 1n
1996 717 2135 770 veri-

536 819 654 868 tate
685 814 791 867 ista
812 811 999 865 omnia
1029 825 1297 879 cognosco
1324 808 1384 862 in
1416 824 1507 861 me
1525 824 1665 860 esse.
1698 807 1787 860 Sic
1812 806 1981 858 refert
2000 804 2132 858 bea-

535 907 629 956 tus
650 899 999 971 Augustinus
1027 898 1269 968 quodam
1309 897 1450 959 loco,
1486 894 1635 965 quod
1664 894 1969 963 aliquando
1999 894 2131 946 dum

533 990 746 1045 faceret
786 1002 1102 1042 sermonem
1147 984 1216 1038 ad
1265 984 1552 1055 populum,
1605 982 1859 1035 introivit
1904 981 2131 1051 quidam

532 1079 801 1134 scelestus
829 1077 1014 1135 homo,
1037 1073 1342 1142 statimque
1363 1090 1422 1126 se
1452 1088 1562 1124 non
1594 1071 2132 1129 attendente,sermo

533 1183 670 1221 suus
690 1181 883 1219 versus
913 1169 997 1216 est
1025 1168 1221 1215 contra
1247 1161 1399 1213 illius
1428 1159 1671 1212 hominis
1706 1158 1858 1210 vitia.
1893 1158 1992 1211 llle
2029 1173 2131 1210 au-

528 1260 645 1309 tem
674 1254 1033 1307 considerans
1059 1266 1119 1303 se
1149 1249 1395 1319 pontiﬁci
1418 1264 1451 1300 a
1476 1249 1590 1300 Deo
1625 1247 2128 1305 revelatum,'con-

530 1358 727 1396 versus
757 1346 862 1401 est,
891 1345 948 1391 et
977 1338 1254 1407 pcenitens
1284 1336 1524 1389 salutem
1566 1335 1828 1387 obtinuit.
1867 1333 1957 1387 Sic
1987 1339 2044 1386 et
2071 1332 2123 1385 in

530 1430 645 1482 vita
673 1427 849 1482 sancti
868 1426 1091 1479 Czesarii
1112 1424 1454 1478 Arelatensis
1478 1423 1722 1493 episcopi
1746 1420 2126 1491 legitur,quod

530 1516 774 1587 Spiritus
804 1520 1030 1567 sanctus
1062 1514 1138 1566 ita
1169 1528 1489 1565 sermonem
1522 1512 1641 1579 ejus
1683 1510 2034 1580 disponebat.
2064 1514 2129 1563 ut

530 1604 782 1660 omnium
813 1601 1182 1657 conscientias
1211 1601 1393 1654 verbis
1431 1600 1549 1653 suis
1586 1605 1929 1655 concuteret.
1967 1598 2129 1668 quasi

529 1693 636 1748 sibi
668 1709 763 1746 eas
787 1707 982 1745 omnes
1012 1690 1298 1744 auditores
1327 1689 1669 1753 iudicassent
1688 1697 1787 1741 aut
1818 1705 1929 1757 prie
1953 1686 2128 1739 mani-

2218 558 2386 612 quam
2413 543 2695 612 expositor
2716 542 2993 610 loquatur.
3030 547 3131 594 aut
3158 541 3321 594 alicui
3357 541 3550 593 horum
3581 540 3658 609 qui
3685 557 3743 594 se-

2216 631 2352 684 dent
2381 631 2439 684 in
2469 630 2745 685 subselliis
2768 630 2851 684 vel
2882 629 2940 683 in
2968 630 3307 700 pavimento,
3331 635 3510 683 taceat
3525 628 3617 699 qui
3634 633 3746 683 antea

2214 720 2570 791 loquebatur.

2284 810 2507 862 Potestis
2536 810 2687 861 enim
2730 823 2915 860 omnes
2946 822 3045 874 per
3076 808 3324 873 singulos
3362 805 3680 873 prophetare,
3708 809 3748 857 ut

2214 912 2399 950 omnes
2418 898 2653 957 discant,
2677 900 2726 949 et
2748 911 2930 949 omnes
2960 896 3338 948 eahortentur.
3372 894 3525 948 Sicut
3551 893 3749 946 doctores

2214 1001 2328 1038 non
2372 984 2573 1054 aequali
2628 983 2833 1053 peritia
2877 981 3079 1036 imbuti
3118 988 3271 1047 sunt,
3299 982 3381 1036 ita
3424 988 3482 1036 et
3523 981 3751 1035 auditores

2215 1073 2456 1141 quadam
2484 1072 2863 1142 inaequalitate
2889 1070 3213 1141 capacitatis
3243 1069 3451 1123 differri
3479 1068 3751 1140 probantur.

2213 1162 2457 1231 Ideoque
2471 1162 2713 1232 perfecte
2745 1161 2912 1223 docti,
2947 1161 3222 1230 perfectos
3250 1159 3534 1213 auditores
3563 1158 3617 1211 in
3636 1174 3755 1213 sensu

2210 1250 2446 1304 doceant
2477 1268 2489 1300 :
2523 1250 2708 1303 minus
2732 1248 2900 1313 docti,
2919 1249 3105 1301 minus
3127 1263 3359 1317 capaces
3386 1247 3677 1300 instruant.
3693 1246 3753 1303 Sic

2207 1338 2411 1408 singuli
2439 1342 2673 1408 possunt
2699 1337 3053 1408 prophetare,
3077 1336 3133 1389 id
3164 1342 3250 1389 est
3274 1336 3473 1403 docere
3494 1352 3594 1405 per
3613 1335 3754 1404 singu-

2208 1427 2310 1486 los,
2346 1433 2407 1480 ut
2430 1443 2577 1480 unus
2614 1432 2741 1496 post
2772 1442 2946 1479 unum
2991 1426 3275 1495 loquatur,
3317 1429 3373 1478 et
3412 1424 3492 1477 sic
3523 1440 3623 1493 per
3649 1423 3757 1477 ordi-

2212 1530 2339 1567 nem
2373 1513 2693 1583 praedieatio
2721 1512 2791 1565 ab
2816 1512 3077 1566 omnibus
3103 1512 3411 1582 expleatur.

2284 1602 2529 1668 Spiritus
2550 1602 2947 1668 prophetarum
2969 1602 3244 1668 prophetis
3267 1602 3643 1667 subjectusest.
3673 1599 3760 1670 Spi-

2211 1689 2352 1742 ritus
2377 1694 2605 1742 sanctus
2633 1689 2726 1757 qui
2760 1688 2976 1741 locutus
3002 1693 3090 1742 est
3110 1704 3208 1757 per
3236 1686 3758 1750 IsaiamJeremiam,

524 1780 630 1835 bus
654 1780 887 1834 haberet
917 1778 1172 1845 scriptas.
1204 1779 1268 1831 Et
1304 1779 1501 1831 cadens
1542 1780 1605 1830 in
1625 1779 1845 1843 faciem,
1880 1775 2122 1829 inﬁdelis
2145 1759 2185 1817 Β
2208 1783 2264 1831 et
2295 1776 2539 1847 reliquos
2566 1777 2865 1846 prophetas
2889 1775 3108 1829 Veteris
3140 1774 3506 1837 Testamenli,
3540 1791 3638 1845 per
3671 1792 3762 1845 pro-

524 1869 610 1922 vel
651 1868 845 1930 idiota,
889 1866 1195 1919 humilians
1232 1882 1311 1921 se.
1345 1866 1598 1917 adorabit
1648 1866 1842 1923 Deum,
1875 1879 2124 1931 pronun-

526 1959 675 2010 tians
705 1956 848 2024 quod
873 1971 992 2008 vere
1021 1956 1161 2007 Deus
1196 1956 1258 2006 in
1287 1956 1435 2006 vobis
1462 1956 1552 2014 sit,
1599 1952 1696 2023 qui
1743 1952 1914 2006 etiam
1962 1967 2121 2005 suam

523 2043 923 2099 conscientiam
956 2042 1223 2096 revelavit
1250 2041 1424 2095 vobis.

597 2133 973 2200 Unusquisque
1002 2135 1242 2183 vestrum
1272 2131 1551 2197 psalmum
1585 2110 1759 2193 ha'bet,
1791 2129 1860 2182 de
1896 2145 2005 2198 quo
2029 2128 2123 2182 de—

521 2221 620 2276 bet
645 2221 964 2291 disputare;
997 2221 1306 2272 doctrinam
1331 2218 1505 2281 habet,
1533 2218 1589 2271 id
1612 2223 1697 2270 est
1716 2216 2116 2287 expositionem

521 2309 789 2364 librorum
817 2326 830 2373 ;
862 2309 1234 2375 apocatypsim
1266 2306 1441 2367 habet,
1466 2305 1521 2357 id
1553 2310 1636 2358 est
1662 2304 2061 2357 revelationem
2086 2320 2121 2356 a

520 2398 638 2452 Deo
670 2396 774 2451 sibi
803 2397 861 2449 in
894 2396 1058 2448 corde
1088 2393 1524 2463 manifestatum.
1554 2409 1654 2463 per
1673 2410 1839 2463 quam
1873 2393 2018 2445 valet
2038 2393 2120 2445 in-

520 2486 773 2555 telligere
802 2483 1017 2538 divinas
1048 2482 1364 2552 Scripturas
1390 2500 1402 2546 ;
1445 2485 1701 2548 linguam
1741 2483 1916 2538 habet.
1950 2496 2119 2550 quam

520 2574 786 2646 proferat.
834 2577 883 2625 et
927 2573 1467 2639 interpretationem,
1516 2569 1708 2623 dicens
1743 2588 1757 2623 :
1788 2569 1876 2623 Sic
1915 2569 2123 2622 dicitur

519 2663 626 2717 iste
643 2677 827 2716 sermo
849 2660 908 2713 in
938 2659 1035 2712 illa
1063 2659 1276 2728 lingua,
1301 2663 1357 2711 et
1386 2658 1465 2711 sic
1494 2657 1792 2711 resolvitur
1821 2656 1878 2709 in
1903 2662 2115 2710 nostra.

590 2751 713 2806 Sive
746 2751 959 2815 lingua,
987 2745 1245 2799 videlicet
1264 2745 1473 2813 ignota.
1497 2747 1621 2811 quis
1648 2747 1916 2811 loquitur,
1935 2760 2122 2797 secun-

519 2839 656 2892 dum
681 2839 835 2902 duos,
862 2833 1130 2889 subaudis
1160 2834 1259 2887 ﬁat
1295 2833 1393 2886 illa
1424 2832 1708 2894 allocutio,
1740 2837 1841 2884 aut
1872 2836 1934 2883 ut
1966 2834 2118 2885 mut-

521 2932 643 2979 tum
678 2931 803 2989 tres,
852 2923 909 2976 id
957 2928 1043 2976 est
1077 2926 1177 2975 aut
1202 2921 1349 2992 quod
1383 2921 1620 2975 multum
1669 2926 1772 2984 est,
1806 2919 2117 2973 secundum

519 3018 635 3067 tres
664 3013 782 3075 ﬁat,
811 3017 860 3065 et
884 3026 982 3078 per
1004 3014 1211 3078 partes,
1255 3008 1524 3062 subaudis
1568 3008 1871 3078 loquantur
1900 3024 2011 3062 non
2038 3008 2115 3061 si-

2209 1866 2404 1934 phetas
2430 1880 2652 1934 quoque
2683 1864 2822 1917 Novi
2843 1864 3210 1923 Testamenti.
3242 1864 3389 1917 sicut
3414 1862 3643 1916 fuerunt
3669 1878 3760 1931 apo-

2204 1952 2332 2005 stoli
2364 1958 2421 2005 et
2446 1953 2836 2021 explanatores
2851 1951 3271 2020 prophetarum,
3285 1950 3378 2021 qui
3394 1951 3672 2020 prophetae
3685 1966 3761 2004 non

2203 2039 2487 2093 immerito
2512 2039 2885 2110 appellantur,
2902 2038 3014 2091 illis
3031 2037 3291 2093 omnibus
3307 2038 3550 2108 Spiritus
3574 2044 3761 2092 sanctus

2203 2127 2489 2197 subjectus
2515 2133 2601 2181 est
2629 2127 3062 2197 quodammodo,
3097 2127 3360 2197 quoniam
3394 2143 3507 2180 non
3536 2126 3679 2196 cogit
3698 2142 3760 2179 su-

2204 2214 2318 2269 bito
2352 2216 2408 2269 in
2440 2232 2626 2269 vocem
2668 2232 3054 2286 prorumpere.
3087 2215 3236 2269 sicut
3264 2215 3544 2284 malignus
3560 2215 3762 2285 spiritus

2202 2321 2612 2373 eno-rgumenos
2666 2310 2725 2357 et
2773 2304 3117 2374 arreptitios,
3163 2304 3258 2357 sed
3311 2320 3504 2358 eorum
3539 2302 3763 2374 potestati

2200 2392 2400 2445 tribuit
2427 2393 2654 2462 quando
2685 2393 3008 2463 loquantur.
3043 2398 3099 2446 et
3125 2392 3350 2461 quando
3382 2391 3601 2445 sileant.
3631 2390 3763 2445 Verbi

2202 2481 2388 2551 gratia
2421 2501 2431 2530 :
2466 2482 2762 2551 Propheta.
2794 2481 2850 2534 id
2901 2487 2986 2534 est
3030 2481 3363 2551 praedicator
3397 2480 3649 2551 quilibet,
3676 2479 3766 2533 vult

2204 2586 2520 2623 sermonem
2553 2570 2622 2623 ad
2660 2571 2925 2640 populum
2956 2570 3165 2633 facere,
3209 2569 3382 2623 veluti
3427 2569 3766 2639 Hieronymus

2205 2658 2446 2727 alicujus
2477 2659 2763 2729 prophetae
2783 2658 2987 2712 librum
3020 2674 3295 2728 exponere
3323 2675 3337 2723 ;
3368 2657 3529 2710 adest
3554 2658 3601 2709 ei
3628 2655 3767 2726 Spiri-

2205 2752 2297 2799 tus
2328 2752 2390 2800 ut
2415 2748 2658 2800 instruat
2697 2753 2755 2801 et
2782 2749 3047 2817 loquatur
3068 2763 3169 2817 per
3195 2746 3353 2800 illum
3378 2751 3442 2799 ut
3471 2744 3685 2815 coeperit
3708 2744 3765 2797 lo-

2202 2833 2317 2903 qui,
2355 2850 2466 2886 non
2495 2840 2685 2887 tamen
2715 2834 2860 2887 illico
2890 2840 2953 2886 ut
2984 2832 3234 2903 tetigerit
3261 2831 3499 2895 librum,.
3515 2832 3639 2885 facit
3656 2845 3764 2885 eum

2200 2935 2493 2989 erumpere
2524 2920 2580 2973 in
2596 2937 2782 2974 vocem
2807 2921 2958 2974 velut
2987 2920 3395 2990 phreneticum.
3413 2919 3622 2974 Etbene
3638 2918 3764 2971 idem

2201 3008 2442 3078 Spiritus
2480 3016 2726 3072 sanctus,
2758 3010 2853 3079 qui
2880 3009 2986 3062 fuit
3015 3007 3145 3062 olim
3176 3008 3235 3061 in
3265 3008 3569 3079 prophetis.
3588 3006 3766 3059 dicitur

520 3101 746 3163 mul,ne
769 3098 1065 3152 videantur
1085 3113 1205 3150 esse
1221 3102 1494 3158 amentes,
1523 3097 1570 3149 si
1597 3113 1792 3150 omnes
1819 3097 2109 3166 coeperint,
2137 3103 2180 3162 Ο
2201 3114 2322 3152 esse
2352 3098 2412 3151 in
2443 3097 2898 3168 explanatoribus
2926 3098 3172 3156 illorum.
3209 3096 3473 3167 quoniam
3504 3096 3659 3149 aliter
3671 3109 3767 3147 non

522 3192 571 3242 et
604 3203 752 3240 unus
782 3189 1194 3252 interpretetur,
1221 3184 1277 3237 id
1308 3191 1392 3238 est
1422 3201 1566 3238 unus
1589 3185 1664 3238 sit
1691 3186 1989 3255 interpres,
2025 3185 2119 3255 qui

523 3281 765 3345 exponat
789 3278 846 3327 et
862 3274 1269 3343 interpretetur
1285 3273 1507 3326 illorum
1529 3274 1776 3342 linguam
1799 3273 2116 3336 obscuram,

527 3362 610 3416 vel
641 3362 811 3416 etiam
855 3359 1258 3430 ideo'praacipit
1286 3360 1438 3430 loqui
1471 3377 1571 3430 per
1595 3366 1804 3430 partes.
1837 3366 1902 3412 ut
1938 3360 2116 3412 inter-

523 3467 653 3523 pres
675 3449 851 3521 possit
876 3448 1234 3519 interpretari
1256 3465 1355 3519 per
1382 3449 1633 3520 singulos
1658 3466 1668 3500 :
1690 3455 1748 3503 et
1772 3453 1859 3502 est
1874 3464 2072 3529 sensus
2100 3465 2114 3502 :

523 3540 588 3595 In
613 3545 888 3594 conventu
916 3554 1081 3602 unus,
1127 3544 1227 3592 aut
1255 3538 1364 3592 duo
1394 3539 1479 3591 vel
1505 3544 1621 3591 tres
1658 3538 1982 3607 loquantur,
2017 3552 2120 3589 nec

520 3630 630 3701 ipsi
652 3628 820 3683 simul
850 3627 943 3681 sed
974 3643 1075 3697 per
1095 3632 1284 3697 partes
1316 3645 1325 3678 :
1358 3627 1438 3680 ita
1462 3631 1526 3680 ut
1555 3626 1700 3696 quod
1732 3625 2119 3695 unusquisque

519 3717 792 3789 loquitur,
823 3716 893 3770 ab
927 3716 1235 3786 interprete
1264 3714 1614 3768 manifestari
1657 3713 1834 3783 possit
1881 3713 2118 3767 astanti-

522 3806 649 3861 bus.
884 3793 905 3811 ί
1820 3864 1826 3869 .

590 3893 656 3949 Si
701 3899 886 3947 autem
930 3909 1041 3947 non
1078 3894 1250 3960 fuerit
1279 3893 1569 3959 interpres,
1623 3896 1814 3952 taceat,
1856 3890 2123 3945 subaudis

522 3982 719 4037 doctor
750 3982 844 4053 qui
888 3981 1059 4035 habet
1104 3981 1355 4050 linguam
1400 3979 1766 4045 incognitam,
1800 3982 1906 4033 sibi
1933 3986 2117 4033 autem

524 4074 788 4139 loquatur
809 4075 857 4123 et
885 4072 1007 4124 Deo.
1036 4069 1247 4122 orando
1262 4075 1319 4122 et
1338 4068 1608 4138 legendo:
1638 4068 1768 4139 quia
1797 4068 1902 4138 ipsi
1921 4074 2122 4122 cuncta

522 4164 657 4212 nota
684 4164 816 4212 sunt
840 4157 1161 4226 linguarum
1193 4156 1377 4209 verba.
1414 4157 1699 4224 Prophetas.
1730 4156 1786 4209 id
1816 4162 1903 4210 est
1930 4156 2118 4225 expla-

523 4252 768 4309 natores,
808 4250 908 4298 aut
940 4246 1048 4297 duo
1093 4248 1191 4295 aut
1231 4252 1338 4296 tres
1379 4244 1587 4305 dicant,
1640 4243 1753 4296 sive
1791 4244 2114 4313 loquantur,

2204 3185 2510 3239 valuissent
2541 3186 2840 3255 explanare
2861 3184 3028 3238 verba
3058 3185 3300 3255 Spiritus
3321 3185 3521 3240 sancti.
3544 3198 3710 3254 neque
3724 3182 3769 3235 in

2204 3275 2384 3328 lucem
2417 3274 2723 3344 producere
2756 3274 3155 3328 obscuritatem
3194 3274 3439 3328 illorum.
3478 3273 3687 3327 Aliter:
3719 3269 3768 3324 Si

2202 3362 2504 3431 legerimus
2529 3361 2587 3414 in
2619 3362 2819 3431 plurali
2846 3361 3099 3425 numero,
3131 3360 3372 3430 spiritus
3395 3361 3767 3431 prOphetarum

2202 3450 2490 3521 prophetis
2520 3448 2753 3518 subjecti
2785 3456 2936 3507 sunt.
2969 3465 3192 3503 necesse
3222 3455 3306 3502 est
3338 3455 3401 3503 ut
3419 3448 3770 3518 intelligamus

2201 3554 2302 3607 per
2330 3537 2588 3607 spiritum
2620 3538 2765 3591 dona
2811 3538 3054 3609 Spiritus
3092 3538 3290 3594 sancti.
3341 3538 3395 3591 id
3433 3545 3519 3593 est
3547 3538 3764 3605 linguas,

2201 3626 2457 3688 virtutes,
2494 3626 2793 3694 ejectiones
2839 3626 3178 3687 daemonum,
3228 3626 3582 3695 sapientiam,
3613 3623 3773 3679 consi-

2202 3713 2338 3767 lium
2395 3723 2452 3767 et
2478 3714 2714 3784 reliqua.
2762 3714 2892 3767 Ilzec
2920 3719 3108 3767 autem
3145 3714 3292 3767 dona
3324 3714 3407 3768 sic
3438 3721 3567 3768 sunt
3608 3710 3775 3767 electis

2203 3803 2448 3863 subdita,
2466 3808 2530 3855 ut
2552 3802 2774 3871 quando
2804 3803 2996 3856 volunt
3024 3808 3319 3856 exerceant
3347 3803 3478 3856 illa:
3503 3808 3556 3856 et
3576 3799 3773 3873 quando

2202 3891 2412 3951 volunt,
2448 3891 2728 3944 retineant
2757 3890 2915 3961 quasi
2945 3891 3179 3945 occulta.
3204 3890 3300 3945 His
3329 3891 3510 3945 verbis
3538 3891 3694 3945 datur
3708 3888 3777 3941 in-

2205 3979 2399 4049 telligi,
2435 3980 2602 4049 quod,
2644 3978 2772 4032 licet
2801 3979 2959 4033 multi
3006 3980 3176 4033 simul
3228 3980 3485 4035 doctores
3534 3980 3661 4041 sint,
3690 3976 3772 4046 qui

2203 4073 2480 4122 noverunt
2510 4084 2608 4137 per
2625 4067 2895 4138 Spiritum
2919 4074 3175 4122 sanctum
3199 4068 3335 4138 quid
3359 4068 3509 4139 loqui
3534 4067 3768 4125 debeant,

2202 4173 2315 4210 non
2343 4161 2533 4209 tamen
2565 4156 2642 4209 ita
2674 4157 2744 4209 ab
2774 4156 2894 4226 ipso
2925 4157 3137 4226 Spiritu
3172 4163 3367 4210 sancto
3411 4157 3772 4228 impelluntur,

2202 4252 2267 4299 ut
2290 4262 2402 4299 uno
2434 4245 2717 4314 loquente,
2750 4251 2936 4299 tacere
2962 4246 3058 4299 alii
3089 4262 3199 4299 non
3231 4245 3473 4299 valeant.

523 4333 653 4403 quia
681 4333 740 4385 in
767 4348 863 4385 ore
891 4330 1129 4384 duorum
1163 4329 1244 4383 vel
1288 4331 1460 4384 trium
1492 4331 1722 4384 testium
1751 4331 1923 4385 stabit
1952 4348 2119 4386 omne
2136 4371 2181 4428 Β
2272 4333 2394 4386 Νοη
2423 4337 2573 4387 enim
2601 4336 2959 4388 dissensionis
3004 4339 3081 4387 est
3126 4335 3286 4395 Deus,
3329 4337 3422 4387 sed
3459 4338 3624 4404 pacis,
3663 4329 3775 4402 quia

518 4418 779 4483 verbum;
826 4418 1002 4470 exteri
1044 4433 1191 4481 vero,
1234 4415 1499 4470 subaudis
1530 4420 1813 4487 prophetae
1842 4424 1899 4472 et
1925 4418 2117 4472 docto-

519 4522 630 4571 res,
664 4506 778 4560 sive
807 4505 1196 4576 explanatores
1227 4505 1648 4574 prophetarum,
1688 4506 2015 4573 diiudicent,
2069 4507 2116 4561 si

521 4594 656 4666 quid
684 4594 925 4666 amplius
949 4598 1050 4647 aut
1077 4592 1263 4646 minus
1291 4593 1445 4662 loqui
1473 4609 1699 4646 necesse
1727 4594 1823 4654 sit.
1845 4600 1902 4648 et
1916 4595 2117 4650 discerv

516 4689 659 4739 nant
686 4684 858 4738 etiam
888 4688 1085 4737 utrum
1105 4681 1413 4736 secundum
1443 4682 1735 4736 veritatem
1751 4683 1883 4737 fidei
1913 4684 1997 4738 illi
2017 4685 2115 4739 do-

519 4778 703 4828 ceant.

590 4862 742 4928 Quod
787 4863 836 4913 si
864 4861 970 4912 alii
1007 4859 1214 4912 sedenti
1258 4860 1561 4911 revelatum
1606 4859 1781 4925 fuerit
1836 4875 1871 4913 a
1916 4866 2109 4915 sancto

517 4948 728 5017 Spiritu
755 4947 919 5010 aliter
947 4962 1116 5017 quam
1156 4946 1249 5000 ille
1278 4946 1446 5009 dicat,
1488 4950 1588 4999 aut
1625 4946 1797 5010 aliud,
1830 4951 1989 5014 prior
2013 4948 2112 5018 qui

511 5033 863 5105 loquebatur,
894 5040 1063 5088 taceat
1084 5034 1155 5087 ad
1184 5034 1398 5088 horam.
1429 5033 1747 5088 Secundum
1770 5051 1985 5089 morem
2008 5037 2109 5090 Ju-

515 5121 764 5178 daorum
790 5122 1059 5191 loquitur,
1083 5121 1177 5190 qui
1208 5123 1310 5176 hoc
1329 5122 1524 5175 ordine
1555 5122 1876 5175 residebant
1900 5124 1956 5177 in
1979 5141 2109 5195 syn-

512 5212 707 5281 agogis
754 5209 889 5271 suis,
933 5208 1187 5262 videlicet
1214 5215 1276 5263 ut
1306 5210 1500 5264 scribae
1529 5216 1587 5263 et
1628 5211 1890 5265 Pharisaei
1916 5212 2109 5267 docto—

509 5316 713 5371 resque
733 5298 873 5368 legis
901 5298 1161 5352 sederent
1195 5299 1249 5351 in
1281 5300 1561 5353 cathedris
1594 5318 1604 5352 :
1640 5300 1735 5369 qui
1766 5301 1995 5355 minoris
2020 5302 2109 5355 di-

2202 4420 2351 4475 Deus
2390 4437 2607 4489 pacem,
2642 4426 2699 4475 et
2729 4438 2840 4474 non
2880 4420 3289 4476 dissensionem
3327 4421 3518 4475 docuit
3567 4416 3775 4485 Quando

2200 4525 2348 4562 unus
2372 4510 2637 4563 adversus
2662 4509 2903 4563 alterum
2933 4516 3178 4573 tumens,
3202 4509 3296 4563 illo
3316 4510 3501 4564 adhuc
3517 4510 3777 4579 loquente,

2199 4597 2349 4666 loqui
2379 4597 2651 4657 tentabat.
2679 4598 3084 4652 dissensionem
3116 4597 3398 4652 faciebat:
3428 4606 3487 4652 et
3508 4599 3618 4652 Deo
3648 4609 3781 4650 exse-

2196 4685 2402 4739 crabile
2430 4691 2570 4741 erat.
2613 4686 2771 4742 Sicut
2799 4693 2847 4739 et
2886 4690 2950 4740 in
2985 4688 3243 4740 omnibus
3285 4688 3537 4749 ecclesiis,
3569 4689 3664 4745 sic.
3690 4699 3776 4736 su-

2195 4772 2392 4828 baudis
2412 4780 2466 4827 et
2493 4791 2607 4839 vos,
2637 4775 2810 4833 doceo.
2844 4781 2909 4829 ut
2928 4790 3075 4829 unus
3112 4775 3195 4829 vel
3223 4774 3358 4833 duo.
3390 4782 3492 4829 aut
3510 4780 3659 4829 certe
3681 4779 3780 4824 tres

2194 4861 2251 4914 in
2285 4869 2560 4916 conventu
2588 4862 2826 4917 doceant
2857 4884 2868 4919 :
2899 4868 2955 4917 et
2985 4869 3191 4933 partes,
3224 4868 3288 4917 ut
3318 4880 3463 4918 unus
3501 4863 3765 4931 interpreo

2192 4955 2345 5004 tetur
2377 4968 2388 5002 :
2418 4956 2476 5005 et
2494 4950 2541 5004 si
2579 4951 2856 5022 interpres
2885 4952 3144 5017 defuerit,
3181 4958 3428 5008 taceant.

2263 5039 2519 5091 Mulieres
2543 5042 2606 5092 in
2626 5042 2845 5094 ecclesia
2861 5046 3095 5101 taceant.
3118 5057 3188 5095 ne
3209 5041 3490 5095 seminent
3521 5049 3773 5095 errorem

2192 5125 2338 5180 sicut
2385 5127 2495 5180 Eva
2528 5127 2711 5197 prima
2740 5128 2945 5183 mulier
2974 5129 3103 5183 fecit
3133 5130 3285 5195 (Gen.
3311 5136 3408 5192 u);
3442 5130 3534 5182 sed
3562 5125 3775 5180 subditi

2193 5217 2381 5268 debent
2411 5232 2516 5269 esse
2571 5216 2700 5269 viris
2734 5232 2745 5264 :
2779 5217 2911 5286 quia
2951 5219 3153 5273 mulier
3182 5217 3251 5271 de
3282 5218 3399 5270 viro
3430 5221 3654 5285 sumpta
3684 5214 3776 5271 est,

2194 5319 2305 5355 non
2335 5304 2417 5354 vir
2453 5303 2522 5357 de
2563 5304 2796 5357 muliere
2829 5320 2842 5357 :
2886 5310 2940 5359 et
2973 5306 3105 5376 quia
3136 5321 3234 5374 per
3258 5322 3380 5359 eam
3418 5305 3499 5358 vir
3527 5302 3778 5356 seductus

508 5388 743 5461 gnitatis
768 5392 947 5448 erant,
983 5386 1041 5439 in
1071 5386 1348 5440 subselliis
1375 5394 1432 5441 et
1462 5386 1520 5441 in
1551 5390 1812 5442 scamnis.
1852 5390 2112 5460 Vulgaris
2200 5399 2305 5445 est.
2329 5392 2482 5446 Sicut
2512 5398 2558 5445 et
2595 5395 2679 5444 Iea.‘
2704 5394 2859 5458 dicit,
2900 5394 2953 5447 id
2984 5403 3069 5449 est
3112 5395 3258 5449 Deus
3289 5411 3389 5465 per
3416 5391 3679 5448 Genesim
3708 5388 3779 5440 in-

505 5493 638 5531 vero
666 5474 903 5546 pOpulus
946 5479 1003 5528 et
1048 5474 1325 5544 simplices
1371 5476 1578 5546 quique
1621 5478 1675 5530 in
1719 5477 2037 5547 pavimento
2060 5468 2119 5532 et
2202 5481 2400 5555 quiens
2432 5498 2444 5533 :
2480 5481 2592 5535 Sub
2623 5483 2736 5533 viri
2757 5488 3011 5549 potestate
3032 5483 3311 5539 erislGen.
3339 5494 3438 5544 Im.

504 5581 679 5641 super
704 5569 913 5621 mattas
953 5562 1293 5646 residebant.
1335 5564 1472 5621 Inde
1514 5562 1653 5619 dicit
1674 5567 1975 5637 Apostolus
2012 5579 2025 5614 ε
2058 5565 2120 5624 Si
2273 5571 2362 5625 An
2406 5584 2443 5622 a
2488 5570 2655 5639 vobis,
2691 5586 2726 5625 ο
2756 5569 3057 5642 Corinthii,
3084 5573 3311 5628 verbum
3350 5573 3450 5628 Dei
3484 5565 3779 5643 processit?
