3850 6168
202 267 289 324 593

809 261 1187 320 EXPOSITIO
1224 265 1302 320 IN
1340 266 1494 321 EPP.
1538 268 1596 323 S.
1636 268 1871 324 PAULI.
1916 299 1977 310 —
2020 271 2099 326 IN
2136 272 2357 328 EPIST.
2401 274 2425 328 Ι
2464 274 2560 328 ΑΒ
2598 275 2759 335 ΟΟΒρ

3302 276 3405 331 594

186 388 414 447 subaudis
430 387 494 441 ad
513 387 1035 444 alios.lnﬂabantur
1053 390 1347 455 Corinthii,
1372 392 1532 461 quasi
1550 396 1795 454 exem-A
1812 394 2039 448 veram?
2066 396 2191 449 Non
2236 401 2322 450 est
2367 398 2465 463 ita,
2490 398 2623 469 quia
2662 416 2793 453 vera
2836 415 2929 454 vos
2986 400 3150 454 docui
3197 405 3255 454 et
3294 416 3406 455 non

186 483 262 554 plo
295 480 492 533 illorum
518 485 728 532 caetera:
769 485 967 547 gentes
1015 479 1199 533 invitae
1248 480 1618 535 credidissent
1668 483 1726 536 in

182 570 445 629 Christum,
468 573 521 619 et
540 566 609 619 ab
632 566 741 619 illis
761 576 909 620 esset
923 568 1294 621 dilfamatum.
1331 567 1464 622 Ideo
1486 571 1565 623 ait
1585 574 1728 640 Apo-

181 659 354 714 stolus:
383 660 461 711 An
491 672 523 708 a
550 654 701 707 vobis
731 655 957 708 verbum
992 656 1109 720 Dei,
1147 657 1201 709 id
1230 664 1316 709 est
1361 658 1500 710 fides
1520 659 1728 713 Christi

177 748 247 802 vel
271 747 377 815 ejus
405 744 778 813 Evangelium,
821 744 1089 814 processit
1118 745 1187 798 ad
1214 745 1354 798 alias
1376 745 1611 815 gentes?
1633 747 1729 801 In-

176 833 568 889 ﬂammabantur
588 832 759 886 etiam
790 833 847 885 in
878 833 1001 898 hoc,
1045 833 1204 903 quasi
1255 833 1387 887 solis
1435 835 1545 888 illis
1577 837 1729 890 salus

178 938 280 993 quae
295 922 344 974 in
362 919 575 974 Christo
598 926 684 974 est
700 937 800 991 per
822 920 1173 991 patriarchas
1193 927 1250 975 et
1273 922 1575 992 prophetas
1589 921 1728 976 tuis-

175 1016 245 1065 set
269 1009 526 1080 promissa
558 1028 570 1061 :
604 1014 661 1062 et
689 1009 795 1062 hoc
813 1015 898 1063 est
933 1009 1078 1079 quod
1106 1010 1239 1063 dicit
1268 1016 1400 1063 :aut
1418 1013 1478 1064 in
1493 1014 1728 1066 τουςεοίος

164 1100 378 1168 pervenit
397 1101 420 1148 Ρ
448 1096 674 1151 verbum
703 1097 823 1151 Dei.

229 1186 281 1241 Si
302 1188 415 1253 quis
433 1186 651 1239 videtur
670 1186 935 1253 propheta
956 1203 1082 1251 esse,
1107 1185 1160 1240 id
1182 1191 1269 1239 est
1288 1187 1514 1257 sapiens
1534 1188 1729 1242 doctor

171 1279 217 1328 et
241 1273 545 1343 explanator
581 1273 1019 1343 Scripturarum,
1065 1280 1163 1327 aut
1192 1277 1483 1341 spiritalis,
1514 1276 1571 1329 id
1618 1282 1723 1342 est,

167 1362 245 1432 qui
289 1361 553 1431 spiritalia
593 1377 792 1431 capere
830 1364 1024 1432 possit,
1054 1368 1334 1429 cognoscat
1367 1379 1485 1430 quas
1530 1366 1726 1434 scribo,

168 1452 278 1518 quia
300 1451 516 1503 Domini
546 1451 811 1503 mandata
841 1457 992 1510 sunt,
1017 1451 1074 1504 id
1104 1457 1207 1512 est,
1229 1450 1509 1522 intelligat
1541 1461 1597 1505 et
1625 1469 1726 1523 ap-

163 1538 334 1609 probet
360 1538 489 1608 quia
518 1538 738 1593 Domini
766 1544 852 1592 est
888 1540 1238 1593 mandatum.
1267 1541 1726 1611 Pseudoapostoli

165 1642 192 1679 a
213 1626 390 1696 seipsis
418 1631 473 1679 et
501 1642 537 1679 a
565 1626 785 1680 diabolo
808 1628 1197 1698 loquebantur.
1218 1630 1505 1699 apostolus
1535 1636 1724 1683 autem

1810 482 1971 541 falsa.
2003 500 2301 555 veramque
2345 485 2533 552 ﬁdem,
2559 494 2617 540 et
2654 487 3063 541 credulitatem.
3090 486 3238 557 Ergo
3296 505 3408 558 qua

1810 571 2026 625 ratione
2084 573 2492 641 praedicaverim
2554 574 2727 639 vobis,
2770 576 2817 629 si
2866 576 3087 637 tenetis,
3118 576 3225 629 nisi
3257 578 3406 646 quod

1810 650 2343 714 frustracredidistis
2372 662 2591 731 ignoro.
2617 664 2848 718 Frustra
2861 665 3054 719 credit.
3079 664 3174 735 qui
3196 664 3265 717 ab
3284 663 3406 733 ipsa

1810 747 1918 800 ﬁde
1948 750 2302 818 postmodum
2344 751 2572 804 recedit.
2605 753 2730 805 Jam
2783 752 2842 806 in
2895 751 3259 823 sequentibus
3308 767 3405 805 ex-

1810 836 1968 905 ponit
1996 837 2127 906 quid
2149 839 2551 907 praedicaverit.

1888 924 2118 977 Tradidi
2132 928 2277 979 enim
2294 928 2440 980 vobis
2462 930 2523 980 in
2534 927 2823 995 primis,id
2843 933 2927 982 est
2947 927 3004 981 in
3024 927 3251 981 exordio
3266 942 3405 982 mea

1809 1011 2238 1082 praedicationis,
2272 1016 2415 1082 quod
2441 1020 2488 1067 et
2530 1019 2730 1085 accepi,
2775 1015 3044 1071 subaudis
3083 1033 3119 1069 a
3156 1014 3398 1082 Christo,

1810 1102 2076 1169 quoniam
2098 1102 2346 1155 Christus
2385 1100 2638 1157 mor'tuus
2656 1110 2731 1157 est
2759 1120 2863 1172 pro
2895 1105 3131 1173 peccatis
3177 1106 3403 1172 nostris,

1808 1190 2110 1241 secundum
2166 1189 2505 1257 Scripturas.
2557 1191 2875 1260 Scripturas
2921 1191 3145 1245 Veteris
3204 1176 3403 1246 Testa-'-

1809 1276 1983 1330 menti
2042 1283 2337 1341 memorat,
2379 1294 2503 1346 quae
2549 1278 2796 1331 futuram
2840 1280 3152 1349 passionem
3193 1278 3401 1333 Christi

1808 1365 2156 1422 cecinerunt.
2187 1364 2331 1418 Dicit
2351 1365 2500 1418 enim
2519 1366 2893 1421 lsaias:Sicut
2923 1370 3035 1420 ovis
3068 1368 3142 1420 ad
3180 1369 3401 1421 accisio—

1810 1468 1932 1506 nem
1955 1455 2203 1518 ducetur,
2224 1459 2271 1506 et
2292 1456 2624 1521 sicutagnus
2645 1470 2756 1508 non
2782 1457 2991 1522 aperiet
3010 1471 3064 1507 os
3085 1470 3249 1508 suum
3270 1455 3397 1520 (Isa.

1809 1541 2170 1608 LIII).thuia
2199 1545 2442 1609 sepultus
2472 1548 2566 1605 est,
2591 1542 2861 1596 subaudis
2880 1541 3186 1595 secundum
3206 1541 3398 1612 Scrip-

1808 1635 1984 1692 turas,
2010 1631 2181 1692 dabit,
2215 1629 2401 1699 inquit
2416 1630 2708 1700 propheta,
2734 1634 2931 1699 impios
2948 1630 3171 1685 Judzeos
3196 1646 3297 1699 pro
3318 1646 3400 1683 se-

161 1715 341 1769 Paulus
368 1721 422 1768 et
447 1716 650 1786 reliqui
675 1716 771 1770 Dei
792 1718 1057 1770 mandata
1077 1717 1451 1788 proferebant.
1478 1716 1725 1788 Ideoque
1746 1702 1791 1761 Β
1804 1720 2041 1783 pultura
2068 1722 2117 1769 et
2142 1719 2362 1770 divitem
2384 1733 2483 1785 pro
2514 1723 2685 1771 morte
2715 1734 2815 1771 sua
2832 1719 3022 1789 (Ibid)
3050 1726 3136 1779 ;et
3150 1718 3358 1771 iterum
3381 1732 3398 1773 :

160 1803 423 1857 hisverbis
447 1805 634 1874 tangit
682 1821 777 1860 eos
824 1805 919 1876 qui
965 1821 1066 1876 pro
1110 1805 1276 1859 lucris
1321 1806 1726 1876 temporalibus

158 1896 205 1945 et
228 1891 503 1946 desideriis
536 1893 827 1948 hominum
859 1910 971 1948 non
1001 1893 1210 1959 divina,
1242 1894 1338 1947 sed
1368 1900 1595 1948 terrena
1629 1894 1723 1947 do-

156 1979 345 2034 cebant.

211 2068 268 2123 Si
293 2071 411 2137 quis
459 2075 653 2123 autem
700 2073 942 2137 ignorat.
973 2069 1240 2124 subaudis
1292 2071 1410 2125 haec
1457 2071 1726 2125 mandata

155 2156 368 2217 Domini,
398 2159 793 2223 ignorabitur;
850 2157 907 2210 id
938 2163 1042 2221 est,
1066 2158 1113 2211 si
1157 2158 1281 2228 quis
1328 2158 1605 2226 repudiat,
1638 2160 1724 2212 vel

154 2259 246 2297 non
272 2244 543 2315 approbat
573 2244 690 2299 haec
730 2246 994 2299 mandata
1031 2245 1274 2311 Domini,
1313 2246 1720 2317 repudiabitur,

152 2347 236 2385 nec
259 2332 662 2402 approbabitur
688 2349 721 2386 a
741 2334 977 2387 Domino
1008 2334 1063 2387 in
1094 2333 1183 2387 die
1206 2334 1428 2403 judicii.

208 2421 396 2488 Itaque,
424 2423 660 2486 fratres.
696 2422 803 2475 mei
845 2422 901 2475 in
954 2422 1084 2488 ﬁde,
1113 2426 1489 2485 zrnulamini,
1513 2422 1569 2476 id
1615 2427 1719 2484 est,

149 2508 399 2563 studetote
420 2515 478 2563 et
512 2510 728 2580 diligite
768 2511 1121 2582 prophetare.
1156 2510 1209 2564 id
1249 2517 1335 2565 est
1376 2512 1722 2581 Scripturam

150 2597 501 2667 interpretari,
536 2606 592 2652 et
616 2607 808 2669 aperte
846 2616 1140 2670 exponere,
1174 2599 1343 2652 etiam
1375 2599 1421 2652 si
1453 2599 1576 2669 quis
1608 2600 1728 2653 vult

149 2686 219 2739 vel
245 2693 418 2756 potest
470 2690 686 2754 tinguis
736 2692 907 2755 loqui.
946 2678 1111 2742 nolite
1152 2689 1463 2755 prohibere,
1502 2695 1724 2742 tantum

151 2780 203 2827 ut
225 2774 419 2829 habeat
442 2775 835 2846 interpretem.
872 2776 1072 2831 Omnia
1116 2782 1304 2830 autem
1335 2777 1548 2831 honeste
1583 2780 1725 2843 ﬁant

149 2864 199 2915 in
224 2866 378 2930 vobis,
406 2864 465 2918 id
499 2870 593 2919 est
620 2881 747 2919 cum
778 2865 996 2919 decore.

729 3005 964 3061 CAPUT
998 3006 1117 3060 XV.

1808 1805 1951 1867 Erit,
1996 1804 2197 1875 inquit,
2241 1808 2557 1872 sepulcrum
2612 1808 2728 1873 ejus
2782 1807 3090 1872 gloriosum
3135 1808 3261 1873 (Isa.
3297 1808 3396 1874 x1).

1809 1894 2083 1946 Mortuum
2112 1892 2260 1945 enim
2287 1908 2413 1945 eum
2436 1892 2575 1946 nulli
2604 1892 2837 1946 dubium
2867 1899 2953 1947 est
2998 1899 3056 1947 et
3094 1894 3399 1965 sepultum,

1808 1981 1873 2033 Et
1902 1983 2039 2047 quia
2070 1983 2376 2033 resurrexit
2399 1984 2559 2033 tertia
2582 1983 2669 2034 die
2711 1983 3014 2035 secundum
3052 1981 3396 2051 Scripturas,

1807 2066 2113 2120 viviﬁcabit
2137 2083 2238 2120 nos
2260 2074 2387 2137 post
2428 2068 2569 2121 duos
2598 2068 2736 2131 dies,
2772 2068 2830 2122 in
2886 2070 3052 2123 tertia
3109 2069 3403 2125 suscitabit

1806 2172 1943 2221 nos;
1976 2162 2023 2209 et
2053 2158 2187 2223 quia
2215 2159 2364 2208 visus
2394 2160 2468 2208 est
2500 2156 2698 2222 Cephz.
2726 2156 2943 2227 Cephas
2987 2158 3191 2228 Syrum
3221 2163 3309 2213 est
3344 2164 3404 2213 et

1808 2245 2126 2309 Hebreum,
2146 2245 2345 2298 Petrus
2366 2244 2619 2299 Graecum
2637 2250 2691 2298 et
2712 2245 2996 2299 Latinum.
3014 2246 3164 2300 Licet
3185 2253 3404 2301 certum

1805 2335 1988 2388 locum
2021 2350 2131 2386 non
2156 2332 2429 2385 deﬁniant
2457 2331 2831 2402 Evangelistaa
2850 2334 2945 2387 ubi
2974 2334 3303 2405 apparuerit
3330 2334 3403 2403 ei,

1805 2430 1998 2476 tamen
2027 2422 2368 2475 credendum
2390 2427 2493 2479 est.
2528 2420 2662 2491 quia
2701 2422 3029 2493 apparuerit
3065 2423 3138 2478 ei.
3172 2424 3238 2478 Et
3281 2428 3403 2492 post

1808 2513 1916 2565 haec
1958 2512 2212 2565 undecim
2250 2528 2265 2563 :
2297 2520 2492 2563 octava
2542 2510 2801 2565 videlicet
2850 2512 2939 2565 die
2979 2513 3407 2568 resurrectionis

1807 2616 1940 2663 suae,
1970 2599 2193 2670 quando
2224 2615 2350 2651 cum
2374 2598 2500 2651 aliis
2520 2607 2643 2652 erat
2670 2600 2931 2653 Thomas.

1878 2690 2079 2742 Deinde
2108 2691 2257 2741 visus
2280 2692 2357 2739 est
2382 2688 2511 2754 plus
2550 2703 2719 2754 quam
2767 2691 3084 2755 quingentis
3129 2690 3406 2756 fratribus

1805 2779 1998 2832 simul.
2019 2776 2073 2829 id
2104 2783 2189 2829 est
2213 2773 2591 2829 credentibus.
2630 2775 2748 2828 Hoc
2779 2790 3001 2844 quoque
3045 2792 3241 2829 verum
3287 2782 3395 2844 est,

1804 2865 1938 2918 licet
1985 2864 2340 2933 evangelista
2392 2879 2505 2916 non
2557 2870 3018 2916 commemorent.
3075 2864 3158 2917 Ea:
3204 2866 3405 2932 quibus

1808 2956 1977 3007 multi
2012 2957 2254 3011 manent,
2286 2952 2344 3005 in
2403 2966 2652 3021 corpore,
2684 2967 2854 3018 usque
2904 2951 3106 3014 adhuc,
3130 2952 3403 3009 subaudis

1813 3058 1952 3113 quos
1977 3042 2022 3095 si
2053 3040 2217 3095 vultis
2245 3040 2594 3109 interrogare
2623 3038 2888 3110 potestis;
2936 3039 3164 3110 quidam
3213 3048 3406 3097 autem

198 3130 386 3183 Notum
425 3134 623 3184 autem
653 3130 798 3183 vobis
827 3131 991 3197 facio,
1026 3132 1255 3198 fratres,
1283 3129 1340 3183 id
1383 3135 1486 3195 est,
1509 3130 1580 3183 ad
1616 3147 1730 3185 me-
1810 3130 2178 3193 dormierunt,
2207 3129 2262 3182 id
2285 3139 2372 3183 est
2392 3128 2597 3182 mortui
2619 3138 2770 3190 sunt,
2797 3128 3083 3199 quodideo
3095 3128 3250 3189 dicit,
3274 3132 3408 3201 quia

140 3217 347 3271 moriam
378 3218 535 3273 vobis
578 3218 804 3275 reduco.
836 3219 1207 3285 Evangetium
1246 3220 1391 3285 quod
1424 3221 1727 3287 pradicavi

143 3307 286 3365 vobis.
315 3309 460 3376 quod
481 3315 533 3361 et
567 3311 867 3374 accepistis,
899 3310 958 3360 in
983 3323 1088 3375 quo
1118 3312 1165 3360 et
1194 3310 1370 3372 statis,
1392 3324 1490 3375 per
1505 3309 1649 3376 quod
1671 3313 1719 3361 et

140 3396 438 3451 miramini.
480 3396 698 3449 Fuerat
736 3395 1034 3465 Apostolus
1072 3395 1218 3465 apud
1262 3395 1581 3449 Corinthios
1619 3413 1721 3466 per

138 3495 286 3534 unum
316 3499 528 3538 annum
575 3491 634 3537 et
661 3500 753 3537 sex
787 3500 1028 3549 menses,
1050 3484 1359 3554 praedicans
1399 3484 1511 3537 illis
1540 3482 1717 3537 Evan-

135 3569 321 3639 gelium
353 3591 366 3639 ;
399 3573 521 3633 sed,
552 3578 681 3644 post
704 3573 823 3642 ejus
844 3572 1171 3633 discessum,
1197 3572 1605 3627 introieruntin
1627 3589 1723 3626 eos

138 3661 597 3732 pseudoapostoli,
629 3661 725 3731 qui
756 3661 1039 3730 negabant
1075 3661 1362 3715 Christum
1399 3678 1467 3714 ex
1508 3661 1721 3731 virgine

135 3754 325 3813 natum,
359 3767 616 3820 passum,
670 3766 705 3803 a
743 3749 980 3803 mortuis
1019 3750 1351 3803 suscitatam
1382 3768 1393 3802 :
1436 3750 1721 3820 negabant

1808 3219 2027 3272 facilius
2056 3224 2318 3288 poterunt
2341 3216 2601 3271 suscitari
2630 3234 2664 3270 a
2688 3217 2912 3270 ChriSto
2945 3217 3014 3271 de
3040 3234 3237 3271 somno
3261 3234 3407 3274 mor-

1807 3307 1899 3373 tis,
1916 3323 2085 3378 quam
2102 3306 2228 3377 quis
2254 3322 2287 3360 a
2312 3306 2461 3359 socio
2490 3322 2591 3359 suo
2621 3305 2690 3359 de
2732 3321 2929 3358 somno
2958 3305 3170 3361 lectuli.
3199 3308 3405 3362 Deinde

1802 3399 1948 3449 visus
1970 3400 2044 3448 est
2074 3396 2288 3459 Jarobo,
2332 3394 2427 3465 qui
2465 3394 2844 3464 spoponderat
2880 3396 2938 3447 in
2978 3410 3139 3448 caena
3176 3395 3403 3450 Domini

1798 3500 1909 3538 non
1930 3502 1988 3537 se
2012 3484 2425 3537 manducaturu
2448 3499 2499 3535 m
2521 3488 2620 3536 aut
2640 3482 2964 3536 bibuturum
2985 3484 3163 3537 donec
3179 3483 3394 3539 videret

1807 3573 2093 3626 Christum
2127 3588 2162 3624 a
2216 3571 2451 3624 mortuis
2496 3569 2847 3623 suscitatum.
2883 3571 3088 3623 Deinde
3139 3574 3399 3638 apostolis

1804 3662 2077 3715 omnibus.
2094 3676 2152 3713 in
2176 3666 2367 3713 monte
2380 3658 2470 3712 ubi
2493 3658 2863 3711 constituerat
2878 3674 2973 3711 eos
2993 3657 3092 3723 ire,
3109 3664 3166 3712 et
3179 3660 3405 3729 quando

1803 3749 1971 3803 ccelos
2021 3748 2200 3818 petiit.
2252 3748 2551 3800 Novissime
2583 3752 2767 3798 autem
2808 3749 3081 3810 manium,
3133 3752 3404 3815 tanquam

134 3852 332 3908 quoque
362 3838 842 3893 resurrectionem
871 3837 1195 3908 generalem
1213 3838 1482 3891 futuram.
1509 3839 1717 3893 Idcirco
1800 3839 2045 3890 abortivo
2074 3839 2223 3888 visus
2250 3840 2325 3888 est
2353 3840 2400 3887 et
2433 3835 2593 3887 mihi.
2617 3833 2917 3888 Abortivus
2934 3839 3042 3888 est.
3066 3835 3160 3905 qui
3183 3835 3303 3888 sine
3320 3835 3404 3890 le-

133 3927 434 3996 compulsus
456 3927 765 3998 Apostolus
803 3926 1136 3996 recapitulat
1173 3943 1295 3996 qua}
1324 3926 1449 3979 illos
1472 3943 1716 3995 praesens
1798 3924 1999 3994 gitimo
2020 3930 2273 3994 tempore
2292 3922 2555 3976 nascendi
2587 3921 2865 3975 nascitur:
2892 3927 3049 3975 extra
3075 3929 3296 3992 tempus
3319 3921 3400 3977 vi-

130 4012 395 4069 docuerat.
424 4016 597 4070 Unde
634 4014 806 4068 dicit:
849 4015 1058 4069 Notum
1100 4014 1252 4068 vobis
1289 4014 1432 4067 facio
1473 4014 1717 4085 Evange-
1800 4012 2000 4065 delicet
2040 4026 2347 4080 congruum
2401 4015 2501 4062 aut
2524 4018 2827 4079 antequam
2852 4008 3053 4062 debeat
3091 4010 3264 4073 nasci,
3304 4016 3406 4065 aut

129 4100 247 4155 lium
281 4104 426 4174 quod
457 4104 778 4174 accepistis,
813 4104 926 4157 sive
955 4102 1283 4173 suscepistis
1312 4118 1346 4156 a
1370 4119 1487 4155 me:
1518 4104 1603 4155 vel
1631 4119 1717 4156 ac-
1799 4108 1942 4171 post.
1978 4101 2051 4155 Ut
2073 4101 2255 4154 Julius
2286 4099 2472 4151 Caesar
2503 4097 2608 4150 fuit
2637 4097 2923 4150 abortivus
2952 4097 3047 4166 qui
3078 4103 3205 4167 post
3224 4097 3404 4167 legiti-

128 4197 329 4261 ceptum
372 4192 679 4256 habuistis,
712 4192 767 4245 in
801 4209 911 4263 quo
958 4199 1014 4246 et
1051 4192 1230 4245 statis.
1270 4193 1333 4245 1n
1383 4208 1717 4261 unaquaque
1798 4204 1955 4241 mum
1985 4196 2209 4256 tempus
2244 4203 2369 4239 cuin
2402 4186 2627 4239 caesarie
2657 4192 2824 4238 natus
2872 4191 2979 4252 cst,
3007 4192 3159 4238 secto
3205 4186 3404 4241 matris

129 4278 268 4347 plebe
293 4281 446 4335 ﬁdeli
471 4283 591 4335 duo
612 4289 744 4334 sunt
773 4281 960 4351 populi
988 4281 1265 4351 :perfecti.
1300 4288 1357 4333 et
1382 4280 1711 4350 imperfecti;
1733 4318 1779 4376 Β
1797 4285 1960 4330 utero
1983 4288 1995 4323 ε
2028 4276 2107 4330 sic
2135 4283 2191 4329 et
2221 4276 2522 4346 Apostolus
2552 4273 2838 4328 abortivus
2870 4274 3285 4376 quodammodo
3312 4291 3403 4375 c.1-

128 4370 209 4421 sed
237 4370 325 4423 hic
358 4372 646 4441 perfectos
677 4369 733 4422 in
767 4371 875 4423 fido
914 4370 1237 4440 alloquitur.
1264 4369 1473 4423 Iterum
1517 4376 1712 4422 contra
1736 4362 1777 4376 ν
1807 4366 1971 4427 stitit,
2005 4365 2137 4435 quia
2165 4372 2285 4435 post
2319 4371 2544 4435 tempus
2592 4371 2759 4417 natus
2786 4370 2871 4417 est
2904 4362 2961 4415 in
2993 4362 3236 4428 Christo,
3271 4364 3404 4435 quia

130 4454 469 4525 imperfectos
504 4457 836 4526 subjunxit:
880 4457 996 4523 Qua
1035 4460 1249 4510 ratione
1294 4459 1716 4524 praedicaverim
1804 4469 1915 4506 non
1948 4453 2139 4507 abillo
2168 4459 2393 4506 vocatus
2419 4459 2507 4505 est
2555 4468 2680 4504 cum
2728 4451 2910 4505 adhuc
2951 4462 3098 4505 esset
3125 4451 3181 4504 in
3212 4467 3399 4518 carne,

127 4545 270 4608 vobis,
302 4550 354 4600 si
383 4549 609 4610 tenetis,
637 4550 749 4599 nisi
768 4547 985 4613 frustra
1017 4547 1345 4599 credidistis.
1370 4547 1718 4601 Litteratura
1801 4542 1897 4596 sed
1930 4558 2055 4596 cum
2080 4544 2194 4612 jam
2227 4542 2283 4595 in
2313 4542 2543 4595 dextera
2574 4540 2755 4594 Patris
2780 4547 2926 4594 esset
2954 4540 3257 4594 collocatus
3281 4562 3295 4598 :
3318 4540 3404 4594 vel

126 4630 274 4702 hujus
301 4635 571 4689 versiculi
601 4634 789 4688 minus
826 4634 1091 4705 quiddam
1132 4651 1330 4689 sensus
1367 4636 1592 4689 videtur
1622 4635 1718 4689 ha-
1798 4630 2085 4685 abortivus
2106 4638 2207 4691 est,
2243 4630 2376 4701 quia
2396 4632 2539 4684 sicut
2564 4630 2633 4683 de
2662 4629 2771 4682 vita
2792 4628 3024 4681 abortivi
3048 4627 3396 4698 desperatur,

128 4717 259 4786 bere,
291 4724 422 4795 quia
448 4723 748 4796 pulchrius
774 4724 1007 4776 sonatin
1033 4723 1245 4777 Grieco.
1278 4724 1715 4795 Notandumque
1798 4721 1877 4775 sic
1905 4727 1963 4775 et
1990 4721 2058 4774 de
2084 4720 2194 4774 vita
2226 4720 2381 4773 Pauli
2400 4718 2806 4790 desperabatur
2824 4733 2856 4770 a
2877 4717 3151 4775 fidelibus,
3175 4717 3400 4786 quando

126 4808 245 4865 illud
274 4813 685 4883 interrogative
711 4812 1232 4882 atqueincrepative
1253 4829 1374 4866 esse
1395 4812 1715 4883 legendum.

126 4894 292 4967 Igitur
308 4901 542 4957 dicatur
576 4901 654 4954 ita
678 4914 688 4946 :
722 4900 867 4964 Quid
896 4901 1157 4955 utilitatis
1187 4901 1477 4972 accepistis
1504 4901 1561 4955 in
1589 4902 1711 4967 hoc,

125 4989 255 5054 quod
282 4989 583 5058 przedicavi
616 4989 787 5051 vobis,
812 4989 859 5042 si
881 4990 1043 5043 modo
1073 4989 1289 5060 decepti
1318 5006 1352 5042 a
1374 4991 1718 5061 pseudoapo-

123 5075 267 5129 stolis
292 5078 465 5132 aliter
494 5077 724 5137 tenetis,
751 5077 858 5130 nisi
898 5076 1029 5146 quia
1070 5076 1281 5131 frustra
1318 5078 1434 5132 sive
1472 5078 1720 5132 inaniter

124 5164 446 5230 credidistis,
476 5165 540 5219 in
557 5166 658 5219 hoc
680 5166 825 5235 quod
851 5181 885 5218 a
906 5165 1015 5219 ﬁde
1031 5165 1339 5220 recessistis
1358 5167 1383 5219 ’I
1406 5167 1550 5220 Dicit
1561 5183 1712 5236 ergo:

126 5250 236 5315 Qua
272 5255 496 5308 ratione
528 5254 643 5307 sive
671 5271 781 5324 qua
822 5254 1066 5308 utilitate
1107 5255 1519 5324 przedicaverim
1564 5256 1717 5310 vobis

125 5342 338 5395 verbum
374 5344 533 5402 ﬁdei,
564 5343 611 5396 si
631 5342 855 5403 tenetis,
886 5343 1153 5396 subaudis
1177 5344 1338 5397 modo
1360 5345 1525 5397 aliter
1545 5361 1715 5415 quam

126 5435 248 5483 tunc
275 5433 545 5495 audistis,
577 5432 683 5485 nisi
716 5431 844 5501 quia
873 5431 1077 5485 frustra
1109 5433 1469 5486 credidistis?
1499 5435 1583 5486 An
1627 5451 1715 5487 me

126 5518 453 5587 praedicante
487 5518 681 5591 adepti
722 5520 855 5574 estis
890 5520 1057 5574 ﬁdem
1105 5521 1471 5593 superﬂuam,
1505 5527 1562 5575 et
1604 5538 1717 5576 non

1799 4826 1895 4864 eos
1913 4807 2373 4880 persequebatur.
2408 4806 2514 4870 Qui
2563 4804 2756 4874 utique
2782 4808 3115 4873 perpetuum
3137 4802 3407 4859 incurris-

1800 4904 1887 4953 set
1911 4904 2169 4961 mortem,
2203 4896 2311 4950 nisi
2339 4897 2391 4949 ei
2439 4910 2473 4946 a
2523 4892 2745 4947 Christo
2793 4890 2990 4944 fuisset
3041 4890 3397 4948 subventum.

1799 4988 1967 5041 Visus
1988 4992 2073 5040 est
2102 4992 2290 5039 autem
2322 4984 2371 5037 ei
2404 4984 2472 5036 de
2498 4981 2636 5035 ccelo
2663 4992 2790 5050 post
2817 4995 2929 5033 non
2967 4995 3202 5050 parvum
3260 4987 3399 5037 tem-

1801 5093 1906 5148 pus
1938 5074 2280 5129 ascensionis
2310 5088 2443 5137 suae,
2472 5069 2696 5141 quando
2716 5074 2952 5122 czecatus
2974 5073 3060 5122 est
3079 5069 3137 5123 in
3164 5069 3402 5128 viadum

1802 5171 2062 5236 pergeret
2089 5165 2424 5219 Damascum
2470 5161 2606 5225 (Act.
2642 5162 2739 5225 Ix),
2768 5164 2825 5211 et
2863 5162 3058 5228 postea
3108 5158 3296 5213 oranti
3341 5159 3403 5214 in

1802 5254 2031 5324 templo.

1875 5345 1981 5408 Ego
2006 5345 2156 5395 enim
2186 5357 2311 5393 sum
2339 5341 2612 5392 minimus
2645 5340 3039 5407 apostolorum.
3071 5336 3256 5392 Causa
3293 5337 3400 5393 hu-

1802 5432 2059 5486 militatis
2088 5431 2188 5483 lmc
2219 5429 2376 5484 dicit.
2400 5429 2545 5482 sicut
2584 5433 2640 5480 et
2672 5426 2971 5481 Mattheus
3026 5427 3121 5496 qui
3154 5431 3311 5479 vocat
3338 5442 3400 5479 se

1800 5520 2181 5592 publicanum.
2217 5519 2318 5573 Vel
2347 5518 2519 5574 etiam
2541 5515 2810 5570 minimus
2839 5522 2926 5570 est
2955 5522 3207 5586 tempore
3235 5518 3293 5565 et
3308 5527 3401 5567 vo-
