3936 6164
441 266 544 327 599

860 273 1238 330 HAYMONIS
1274 269 1767 328 HALBERSTA’I‘.
1809 269 2031 325 EPISC.

2131 268 2236 322 PP.
2276 267 2461 322 PARS
2500 267 2543 321 Ι.
2586 297 2650 309 -
2688 262 3062 319 ΟΟΜΜΕΝΤ.
3103 262 3285 317 BIBL.

3582 256 3677 317 600

441 395 667 452 Christo
695 398 853 457 Jesu.
891 400 1133 456 Securus
1163 405 1219 454 et.
1247 400 1387 453 ﬁxus
1424 396 1481 449 in
1525 412 1642 466 spe,
1675 395 1812 449 talia
1838 391 2419 466 loque-Apotentiam
2446 389 2846 460 omnipotentis
2877 387 2978 441 Dei
3009 385 3336 443 viviﬁcatur,
3371 388 3429 437 et
3445 383 3682 454 producit

441 482 629 550 batur,
665 488 827 557 quasi
848 489 969 560 jam
1005 489 1221 544 habens
1247 487 1395 559 quod
1423 486 1481 539 in
1506 485 1699 538 futuro
1729 484 2036 554 adepturus

442 578 583 630 erat.

516 663 581 719 Si
603 668 903 720 secundum
936 668 1213 721 hominem.
1241 666 1314 719 ad
1336 668 1526 719 bestias
1542 665 1794 732 pugnavi
1821 662 2030 731 Ephesi,

447 751 507 805 id
535 757 640 818 est,
670 756 723 806 si
748 756 1055 809 secundum
1077 755 1223 827 quod
1254 755 1424 807 homo
1446 768 1699 823 pugnare
1726 755 1928 821 potest,
1952 750 2037 803 vel

447 845 719 909 quantum
750 842 916 896 homo
944 844 1091 898 ferre
1132 848 1334 914 potest,
1362 844 1496 910 quid
1546 841 1688 893 mihi
1720 840 1952 908 prodest,
1989 841 2039 892 si

447 931 662 981 mortui
693 946 804 984 non
828 938 1169 999 resurgunt?
1198 932 1415 985 Bestias
1435 929 1492 982 in
1516 928 1621 982 hoc
1646 928 1764 981 loco
1794 927 2042 998 appellat

448 1016 708 1073 homines
736 1018 960 1075 bestiali
986 1022 1418 1090 moreviventes,
1452 1020 1544 1089 qui
1577 1017 1907 1072 seditionem
1939 1036 2040 1088 po-

448 1105 704 1174 pularem
736 1108 1032 1163 adversum
1063 1126 1189 1163 eum
1213 1111 1655 1179 provocavcrunt
1682 1106 1827 1175 apud
1857 1106 2037 1176 Ephe-

450 1207 580 1246 sum
612 1202 844 1266 propter
872 1196 1062 1251 Dianae
1090 1197 1325 1262 idolum,
1354 1196 1513 1265 cujus
1534 1194 1810 1248 culturam
1836 1193 2039 1264 praedi-

451 1280 617 1336 cabat
634 1283 938 1353 Apostolus
958 1285 1352 1339 destruendam
1370 1286 1505 1351 (Act.
1530 1283 1866 1352 xm).0mnis
1882 1281 2041 1336 labor

448 1376 771 1426 sanctorum
804 1373 871 1425 ad
899 1373 1003 1427 hoc
1020 1374 1225 1438 tendit,
1261 1377 1322 1427 ut
1349 1371 1774 1426 resurrectionis
1801 1371 2038 1441 gloriam

449 1464 780 1514 mereantur
806 1452 1535 1532 perciperefManducemus
1559 1466 1607 1514 et
1640 1461 2041 1524 biba:nus,rras

449 1549 600 1601 enim
625 1552 950 1606 moriemur.
982 1552 1112 1605 Haec
1139 1568 1241 1605 vox
1272 1549 1691 1621 desperantium
1716 1549 2041 1603 Judteorum

449 1635 575 1698 fuit,
610 1637 943 1693 imminente
972 1640 1296 1710 captivitate
1322 1638 1424 1693 sub
1442 1636 1822 1693 Sennacherib
1850 1643 1906 1691 et
1933 1638 2043 1691 Na-

2118 482 2295 535 multa
2331 496 2511 551 grana
2538 495 2604 531 ex
2652 495 2730 531 se.
2767 476 2981 541 Quibus
3021 474 3203 529 verbis
3257 474 3549 528 ostendere
3578 472 3683 526 vult

2119 578 2342 624 mortua
2373 584 2609 639 corpora
2634 583 2828 620 rursus
2860 565 3109 636 reparari
3136 564 3208 617 ad
3238 564 3429 616 vitam.
3461 562 3527 615 Et
3566 577 3685 630 gra-

2120 675 2253 713 num
2279 660 2422 726 quod
2445 660 2824 718 seminas,non
2844 670 3039 721 corpus
3064 654 3209 721 quod
3235 655 3496 719 futurum
3519 655 3589 703 est
3614 666 3687 703 se-

2119 750 2322 813 minas,
2354 748 2444 800 sed
2474 748 2691 799 nudum
2709 760 2975 811 granum.
3012 741 3098 796 Ibi
3142 740 3531 794 manifestatur
3555 738 3687 808 quod

2121 836 2271 890 Deus
2299 834 2394 904 qui
2425 850 2529 887 sua
2556 833 2806 904 potentia
2823 848 3025 903 purum
3041 846 3281 900 granum
3312 836 3371 882 et
3400 827 3605 881 nudum
3629 827 3690 880 ab

2122 923 2312 978 aristis
2341 928 2397 976 et
2425 922 2609 976 culmo
2639 921 2932 974 resuscitat
2981 920 3040 973 in
3086 918 3319 979 radices,
3350 917 3411 969 in
3439 915 3688 980 culmum,

2121 1012 2375 1083 stipulas,
2409 1011 2611 1082 spicas.
2642 1026 2819 1079 grana
2843 1016 2899 1062 et
2926 1009 3130 1062 aristas
3206 1008 3326 1078 ipse
3356 1020 3573 1076 quoque
3595 1020 3693 1058 non

2122 1101 2290 1165 nuda,
2315 1101 2409 1155 sed
2432 1099 2858 1153 immortalitate
2873 1103 2927 1152 et
2947 1097 3366 1167 incorruptione
3384 1094 3694 1154 vestita,sua

2122 1190 2345 1251 virtute,
2404 1195 2727 1243 sanctorum
2783 1185 3140 1240 resuscitabit
3194 1198 3432 1254 corpora
3475 1181 3696 1253 propriis

2124 1277 2413 1349 spiritibus
2433 1278 2700 1332 animata.
2735 1276 2805 1329 Et
2830 1275 2973 1328 sicut
2999 1290 3112 1328 non
3141 1273 3316 1328 aliud.
3348 1271 3449 1325 sed
3476 1285 3694 1340 granum

2124 1367 2272 1437 quod
2297 1367 2627 1431 seminatur,
2651 1365 2720 1418 de
2743 1372 2892 1418 terra
2915 1361 3229 1434 pullulabit,
3260 1361 3339 1415 sic
3368 1376 3483 1413 non
3506 1359 3562 1412 in
3586 1358 3700 1412 alie»

2124 1472 2216 1521 no,
2250 1456 2347 1509 sed
2378 1456 2436 1509 in
2468 1454 2692 1526 proprio
2718 1460 2975 1523 resurget
3003 1451 3391 1522 unusquisque
3426 1448 3698 1502 hominum

2124 1560 2376 1615 corpore,
2403 1544 2549 1598 sicut
2564 1542 2673 1597 Job
2698 1542 2779 1595 ait
2809 1562 2821 1596 :
2854 1544 2921 1597 In
2947 1557 3113 1596 carne
3151 1556 3271 1592 mea
3322 1539 3511 1592 ridebo
3545 1537 3699 1590 Deum

2128 1634 2258 1702 (Job.
2294 1643 2430 1699 XIX),
2463 1648 2630 1703 quem
2653 1631 2872 1685 visurus
2892 1647 3015 1685 sum
3038 1646 3141 1702 ego
3170 1629 3309 1699 ipse,
3332 1633 3397 1681 et
3414 1641 3526 1680 non
3551 1624 3697 1678 alius.

448 1722 961 1791 buchodonosor,et
984 1729 1089 1782 hoc
1118 1735 1204 1782 est
1229 1727 1618 1782 testimonium
1645 1725 1715 1780 ab
1748 1725 1894 1780 lsaia
1917 1742 2105 1804 pro-B
2196 1723 2319 1776 Non
2345 1724 2525 1775 omnis
2545 1737 2673 1775 caro
2706 1722 2890 1774 eadem
2920 1735 3066 1783 caro,
3111 1720 3201 1772 sed
3252 1720 3374 1771 alia
3407 1716 3700 1779 hominum,

447 1812 824 1870 latum.Positi
853 1817 1004 1872 enim
1031 1817 1090 1871 in
1120 1817 1356 1871 articulo
1375 1815 1571 1869 mortis
1599 1814 1827 1869 aiebant
1850 1832 1862 1867 :
1886 1815 2042 1867 Man-
2062 1821 2073 1829 ’

448 1900 708 1955 ducemus
729 1908 778 1955 et
796 1905 1044 1958 bibamus
1072 1924 1088 1959 :
1116 1904 1250 1974 quia
1277 1920 1400 1956 cras
1430 1901 2038 1970 moriemurtlsa.xxn).

450 1986 611 2052 Quod
642 1991 944 2061 Apostolus
966 1992 1136 2047 refert
1151 1993 1218 2046 ad
1244 1992 1389 2053 illos,
1412 1992 1509 2061 qui
1534 1990 1603 2044 de
1629 1981 2042 2044 resurrectione

450 2075 800 2133 dubitabant.
842 2079 912 2134 Et
968 2081 1017 2133 si
1070 2081 1151 2134 ita
1181 2086 1283 2139 est,
1316 2078 1517 2149 inquit,
1570 2084 1634 2132 ut
1661 2094 1757 2131 vos
1786 2076 1998 2148 putatis
2026 2096 2038 2131 :

449 2164 709 2219 videlicet
728 2167 775 2219 si
790 2169 1129 2223 resurrectio
1149 2168 1340 2222 futura
1370 2184 1482 2221 non
1506 2172 1615 2232 est,
1642 2168 2044 2219 manducemus

448 2253 616 2306 modo
628 2258 676 2306 et
692 2255 1101 2325 bibamus,quia
1114 2270 1236 2308 cras
1250 2257 1556 2308 moriemur
1574 2272 1589 2306 :
1611 2259 1667 2307 et
1685 2253 2045 2323 postmodum

447 2341 590 2395 nihil
616 2341 746 2395 mali
763 2342 1141 2412 patiemur.Et
1158 2359 1350 2396 revera
1370 2342 1417 2395 si
1444 2342 1783 2396 resurrectio
1802 2346 2044 2396 mortuo-

447 2422 573 2483 rum
604 2446 716 2484 non
746 2437 912 2495 esset,
948 2432 1402 2487 manducandum
1435 2436 1491 2485 et
1537 2430 1841 2485 bibendum
1875 2435 2041 2488 esset.

520 2519 701 2572 Nolite
730 2520 931 2583 seduci,
952 2519 1008 2573 id
1037 2525 1124 2573 est
1150 2519 1321 2572 nolite
1341 2517 1523 2587 decipi
1551 2533 1584 2570 a
1602 2517 2043 2588 pseudoaposto-

450 2605 539 2672 lis,
572 2606 669 2678 qui
696 2607 979 2679 denegant
1006 2607 1472 2662 resurrectionem
1506 2625 1517 2659 :
1544 2622 1726 2676 neque
1746 2621 1781 2659 a
1799 2605 2040 2670 diabolo,

451 2695 547 2767 qui
567 2712 663 2750 vos
689 2697 806 2751 vult
818 2697 1486 2768 decipere.00rrumpunt
1504 2710 1679 2748 mores
1706 2696 1867 2748 bonos
1889 2696 2046 2748 collo-

448 2788 585 2853 quia
607 2801 786 2853 prava
825 2785 926 2839 His
957 2785 1139 2839 verbis
1163 2784 1410 2840 ostendit
1433 2782 1756 2854 Apostolus,
1786 2781 2048 2836 confabu-

448 2872 688 2929 lationes
704 2874 979 2928 malorum
991 2874 1284 2928 hominum
1308 2878 1364 2927 et
1377 2871 1783 2926 lascivientium
1799 2877 2048 2924 evertere

2124 1814 2243 1865 alia
2282 1827 2561 1879 pecorum,
2614 1809 2666 1863 id
2698 1815 2784 1863 est
2806 1812 2987 1863 omnis
3015 1824 3144 1862 caro
3176 1823 3288 1861 non
3318 1813 3407 1859 est
3428 1820 3541 1858 una
3566 1808 3618 1856 et
3643 1802 3703 1855 si-

2126 1901 2277 1954 milis
2298 1916 2450 1953 caro.
2484 1899 2681 1953 Omnis
2702 1898 2928 1969 quidem
2958 1914 3108 1952 caro.
3142 1902 3389 1967 quatuor
3416 1895 3702 1947 elemento-

2125 2005 2251 2042 rum
2279 1986 3018 2051 admistionet‘ormatur,sed
3043 2001 3152 2039 una
3177 2001 3242 2038 ex
3268 1982 3490 2053 origine
3507 1981 3704 2035 diversa

2126 2076 2355 2148 capiunt
2374 2077 2514 2138 loca,
2539 2083 2602 2130 ut
2625 2077 2878 2129 volucres
2896 2073 3370 2139 aerem,homines
3390 2078 3618 2135 terrain,
3636 2068 3703 2138 pi-

2126 2182 2246 2219 sces
2276 2182 2434 2236 aqua
2457 2167 2683 2218 ﬂuenta.
2721 2165 2864 2234 Ergo
2884 2164 3027 2218 sicut
3046 2162 3490 2232 unumquodque
3516 2156 3702 2213 animal

2127 2255 2417 2326 proprium
2447 2252 2616 2307 habet
2635 2269 2854 2323 corpus,
2890 2269 2993 2306 nec
3021 2252 3228 2306 habere
3255 2257 3445 2322 potest
3471 2247 3699 2310 alterius,

2127 2343 2211 2397 ita
2238 2342 2622 2412 unusquisque
2650 2341 2818 2395 homo
2844 2358 3030 2405 suum,
3062 2357 3175 2394 non
3212 2339 3451 2394 alterius
3480 2341 3704 2391 resumet

2126 2448 2327 2501 corpus
2355 2431 2413 2484 in
2435 2430 2524 2483 die
2550 2430 2767 2500 judicii.
2786 2430 2853 2483 Et
2881 2428 3358 2501 quemadmodum
3391 2444 3462 2480 ex
3490 2440 3597 2479 una
3618 2425 3703 2477 im-

2127 2535 2299 2590 pensa
2329 2518 2547 2572 diversa
2566 2525 2652 2571 est
2670 2534 2801 2571 caro
2817 2518 3211 2581 animantium,
3240 2516 3321 2569 ita
3342 2514 3513 2568 unius
3542 2511 3702 2567 carnis

2126 2608 2385 2662 homines
2413 2607 2617 2660 diversi
2650 2611 2813 2660 erunt
2843 2606 3120 2676 dignitate
3171 2604 3226 2658 in
3284 2602 3702 2664 resurrectione,

2127 2704 2193 2751 ut
2209 2697 2340 2750 talis
2360 2695 2747 2766 unusquisque
2769 2693 3250 2766 appareat,qualis
3274 2690 3708 2755 fuerit,meritus.

2200 2787 2269 2840 Et
2322 2800 2552 2852 corpora
2605 2786 2835 2837 ealestia
2882 2789 3033 2848 sunt,
3069 2790 3116 2836 et
3143 2797 3375 2851 corpora
3423 2781 3710 2834 terrestria.

2130 2874 2380 2944 Corpora
2411 2872 2664 2925 ccelestia
2696 2879 2829 2926 sunt
2859 2871 3190 2929 volatilium.
3224 2869 3524 2924 terrestria
3544 2865 3713 2921 homi-

448 2977 614 3032 posse
657 2961 867 3016 bonum
917 2963 1286 3033 propositum.
1336 2959 1653 3015 Assiduitas
1711 2959 1859 3013 enim
1892 2959 2047 3031 pravi
2131 2979 2268 3016 num
2300 2968 2358 3016 et
2379 2962 2708 3016 animalium
2755 2966 2963 3014 terram
2985 2959 3309 3021 colentium.
3342 2959 3463 3019 Vel,
3506 2971 3716 3027 corpora

450 3049 713 3120 colloquii
751 3050 913 3104 vitiat
931 3056 1199 3104 mentem.
1236 3051 1321 3104 Ac
1349 3066 1449 3121 per
1477 3049 1581 3103 hoc
1610 3049 1921 3103 cavendum
1962 3053 2048 3102 est
2070 3053 2398 3111 Ccmlestia.
2423 3053 2526 3117 Sol,
2559 3050 2901 3108 luna.stellaa
2930 3066 3052 3120 quae
3082 3065 3349 3120 corporea
3375 3049 3713 3117 sunt,utpote

453 3153 490 3191 a
515 3137 740 3200 talibus,
766 3139 900 3209 quia
927 3138 1100 3192 vitam
1128 3137 1334 3194 bonam
1365 3143 1422 3191 et
1452 3138 1716 3191 honestos
1763 3145 1933 3207 atque
1953 3155 2048 3192 ve-
2132 3141 2315 3211 ignea.
2353 3141 2496 3194 Nam
2527 3146 2584 3194 et
2611 3140 2833 3193 videtur
2858 3142 2975 3193 alia
2997 3141 3290 3193 caelestium
3315 3139 3527 3205 gloria,
3559 3135 3613 3190 id
3640 3136 3712 3187 est

452 3226 730 3281 recundos
758 3243 943 3281 mores
958 3233 1330 3299 corrumpunt
1357 3232 1414 3282 et
1442 3227 1751 3297 depravant
1775 3226 2051 3298 colloquia
2133 3228 2380 3298 dignitas
2400 3228 2740 3281 velcharitas
2764 3246 2776 3293 ;
2809 3229 2926 3280 alia
2949 3229 3319 3289 terrestrium,
3337 3224 3398 3277 in
3429 3241 3537 3278 suo
3561 3227 3710 3276 statu.

452 3315 624 3376 mala,
656 3315 923 3386 quoniam
975 3316 1298 3387 depravatio
1343 3316 1636 3381 bonorum,
1668 3314 1933 3369 allocutio
1965 3322 2053 3370 est
2206 3318 2377 3372 Stella
2405 3320 2553 3370 enim
2584 3333 2619 3369 a
2644 3318 2801 3369 stella
2820 3316 3005 3381 differt
3027 3312 3709 3384 elarilate.magnitudine,

453 3403 755 3458 malorum.
2131 3405 2445 3459 velocitate.
2478 3406 2606 3458 Alia
2644 3407 2873 3459 claritas
2897 3406 3045 3468 solis,
3077 3407 3197 3457 alia
3227 3407 3394 3469 tuna,
3435 3408 3547 3456 etc.
3579 3400 3714 3455 Sicut

531 3493 800 3561 Evigilate
816 3496 987 3562 juste,
1008 3499 1059 3548 et
1086 3495 1255 3548 nolite
1275 3511 1515 3564 peccare.
1562 3496 1801 3560 Quidam
1832 3494 2050 3549 codices
2136 3494 2219 3547 sol
2258 3500 2317 3547 et
2345 3494 2475 3546 luna
2498 3509 2563 3546 ac
2594 3493 2768 3547 stellae
2789 3509 2913 3546 cum
2937 3493 3051 3546 sint
3070 3492 3240 3546 unius
3262 3491 3510 3562 generis,
3536 3488 3714 3543 merito

457 3580 667 3637 habent
700 3600 712 3636 :
749 3583 1031 3651 Evigilate,
1052 3584 1382 3653 justi,quasi
1405 3584 1531 3637 illos
1547 3585 1873 3655 praeciperet
1888 3582 2055 3652 evigi-
2135 3588 2329 3635 tamen
2359 3582 2661 3636 dissimiles
2708 3589 2877 3636 erunt
2904 3581 2961 3634 in
2987 3581 3187 3652 gloria,
3223 3580 3368 3634 sicut
3396 3580 3519 3650 ipse
3555 3576 3714 3632 mani-

455 3671 577 3726 lare
608 3671 704 3741 qui
722 3672 863 3742 justi
892 3672 1153 3727 suntsed
1183 3672 1323 3737 falso
1348 3672 1619 3742 scriptum
1644 3679 1729 3727 est
1762 3692 1772 3726 :
1807 3671 1939 3742 quia
1961 3671 2056 3742 qui
2138 3672 2331 3737 festat,
2362 3670 2606 3725 subdens
2634 3690 2647 3724 :
2679 3670 2770 3725 Sic
2786 3670 2890 3724 erit
2923 3675 2971 3723 et
3001 3671 3331 3723 resurrectio
3358 3674 3711 3729 mortuorum,

452 3757 592 3829 justi
608 3764 741 3812 sunt
751 3775 863 3813 non
880 3759 1136 3829 indigent
1150 3759 1441 3813 admoneri
1456 3760 1842 3831 utevigilenta
1858 3775 2056 3814 somno
2142 3759 2408 3831 quoniam
2428 3776 2553 3813 cum
2578 3764 2766 3813 multa
2791 3760 2905 3812 sint
2924 3760 3236 3812 mansiones
3254 3761 3315 3810 in
3344 3758 3506 3810 domo
3530 3756 3713 3819 Patris,

460 3846 896 3912 inﬁdelitatis,et
925 3864 959 3901 a
982 3855 1209 3919 torpore
1222 3851 1449 3902 erroris.
1477 3848 1887 3904 Adverbialiter
1905 3849 2057 3902 enim
2142 3854 2199 3901 et
2220 3864 2320 3919 pro
2341 3847 2665 3901 diversitate
2687 3850 3014 3901 meritorum
3057 3846 3165 3899 erit
3209 3844 3505 3899 retributio
3544 3843 3718 3897 coeles-

461 3934 618 3999 dixit,
647 3936 916 4004 Evigilate
934 3941 1105 4005 justo,
1139 3937 1235 4007 qui
1281 3938 1416 3992 estis
1442 3937 1501 3991 in
1535 3954 1732 3993 somno
1762 3937 1971 3992 erroris
2002 3942 2060 3990 et
2141 3937 2284 3991 tium
2318 3936 2676 4007 praemiorum
2711 3954 2723 3990 :
2757 3952 2868 3989 non
2895 3935 3041 4006 quod
3072 3934 3206 3988 alibi
3230 3936 3353 3999 iste,
3374 3934 3509 3987 alibi
3539 3934 3629 3988 ille
3655 3930 3719 3984 sit

458 4023 826 4092 infidelitatis,
857 4041 970 4078 non
998 4026 1289 4080 credentes
1310 4028 1862 4086 resurrectionem,et
1887 4025 2059 4079 nolite
2142 4025 2715 4085 remunerandus,sed
2745 4025 2891 4077 sicut
2915 4024 2997 4078 sol
3014 4031 3071 4077 et
3093 4024 3227 4077 luna
3244 4039 3309 4077 ac
3338 4023 3514 4077 stellae
3542 4035 3718 4075 omnes

458 4128 713 4184 peccare,
748 4119 826 4173 ut,
864 4114 1019 4183 juste
1064 4112 1124 4166 in
1148 4112 1308 4167 bonis
1351 4114 1614 4185 operibus
1642 4122 2054 4175 conversantes,
2142 4113 2466 4167 dilferentes
2495 4130 2530 4167 a
2555 4130 2613 4166 se
2637 4112 2912 4175 claritate,
2946 4112 3004 4166 in
3025 4128 3136 4166 uno
3176 4116 3312 4166 sunt
3340 4111 3500 4170 coelo.
3530 4111 3607 4164 ita
3625 4108 3718 4163 dit-

460 4200 691 4271 possitis
720 4200 790 4253 ad
818 4199 1058 4269 gloriam
1104 4217 1416 4271 resurgere.
1481 4203 1871 4268 Ignorantiain
1909 4203 2059 4254 enim
2144 4201 2385 4255 ferentes
2413 4201 2573 4255 electi
2603 4200 2833 4265 meritis,
2865 4216 3060 4254 omnes
3089 4216 3203 4255 uno
3233 4199 3647 4254 coronabuntur
3668 4196 3718 4250 in

461 4289 561 4343 Dei
593 4289 825 4355 quidam
855 4288 1076 4348 habent,
1101 4287 1156 4340 id
1214 4294 1319 4355 est,
1353 4289 1581 4359 quidam
1614 4294 1861 4343 vestrum
1906 4290 2062 4359 igno-
2144 4290 2715 4360 regno.Seminatur,
2738 4290 2793 4343 id
2815 4296 2902 4344 est
2919 4290 3192 4360 sepelitur
3222 4306 3426 4359 corpus
3457 4305 3517 4342 in
3547 4301 3721 4342 corru-

466 4375 711 4429 rantiam
768 4374 979 4429 habent
1030 4374 1329 4430 verborum
1361 4376 1482 4442 Dei,
1527 4377 1732 4448 quibus
1769 4378 1978 4431 dicitur
2001 4378 2060 4431 in
2078 4360 2126 4420 D
2138 4382 2343 4446 ptione,
2376 4379 2509 4449 quia
2555 4379 2935 4449 corrumpitur
2958 4395 2991 4432 a
3023 4376 3323 4441 vermibus,
3357 4383 3415 4430 et
3452 4381 3627 4430 scatet
3643 4377 3720 4427 at-

466 4463 770 4534 Evangelio
805 4482 817 4517 :
850 4463 1053 4518 Veniet
1082 4464 1222 4518 hora
1250 4465 1474 4535 quando
1506 4482 1700 4520 omnes
1726 4468 1818 4537 qui
1849 4467 1908 4521 in
1939 4483 2061 4520 mo-
2145 4483 2253 4537 que
2283 4467 2589 4538 putrescit;
2644 4472 2829 4534 surget
2860 4472 2921 4521 in
2951 4469 3385 4535 incorruptione,
3420 4465 3550 4536 quia
3581 4468 3720 4535 post-

465 4552 752 4607 numentis
777 4559 910 4607 sunt
936 4552 1170 4606 audient
1198 4569 1385 4607 vocem
1408 4554 1533 4608 Filii
1558 4555 1736 4615 Dei,et
1761 4556 2062 4626 precedent
2143 4556 2372 4609 modum
2401 4555 2552 4609 nullo
2582 4554 2771 4608 labore
2805 4555 2888 4609 vel
2915 4553 3274 4625 corruptione
3302 4559 3700 4624 corrumpetur.

467 4643 647 4709 (Joan.
684 4647 757 4708 v),
791 4648 848 4696 et
867 4648 1090 4697 caetera.
1124 4644 1207 4696 Ad
1230 4646 1620 4708 reverentiam,
1644 4644 1700 4698 id
1720 4651 1806 4698 est
1819 4645 1887 4698 ad
1913 4645 2063 4698 utili-
2214 4644 2539 4700 St-minatur
2560 4646 2624 4697 in
2644 4646 3008 4711 ignobilitate,
3030 4643 3087 4697 id
3117 4642 3483 4712 estsepelitur
3504 4642 3560 4695 in
3573 4642 3717 4711 igno-

464 4737 639 4787 tatem
665 4738 926 4793 vestram,
957 4732 1104 4785 vobis
1136 4734 1354 4799 loquor,
1394 4738 1459 4786 ut
1490 4732 1665 4787 Deum
1704 4733 1970 4795 timentis,
2005 4739 2062 4787 et
2145 4733 2320 4786 minia
2361 4736 2545 4799 surget
2577 4735 2637 4786 in
2654 4736 2855 4799 gloria,
2876 4732 2931 4786 id
2950 4740 3035 4786 est
3066 4732 3123 4786 in
3154 4717 3434 4799 incorrupt

463 4821 716 4876 timendo
745 4820 967 4875 ametis.
1001 4819 1365 4875 Cassiodorus
1405 4820 1541 4875 dicit
1573 4822 1719 4891 quod
1750 4821 2062 4876 reverentia

467 4916 552 4964 est
570 4910 743 4963 timor
770 4909 971 4962 mistus
999 4909 1197 4963 amori.

541 4997 645 5052 Sed
672 4998 810 5050 dicet
839 5000 1067 5065 aliquis,
1091 5004 1360 5063 vestrum,
1411 4997 1681 5053 subaudis
1700 4999 1963 5054 dubitans
1992 4999 2061 5053 de

468 5085 899 5139 resurrectione.
957 5086 1231 5152 Quomodo
1269 5093 1555 5155 resurgent
1593 5091 1806 5141 mortui
1836 5093 1859 5140 ?
1896 5090 2062 5155 Quali

467 5179 659 5229 autem
690 5188 911 5242 corpore
930 5177 1148 5227 venient
1180 5178 1205 5226 ?
1236 5174 1501 5229 subaudis
1526 5177 1594 5230 ad
1618 5176 1914 5246 judicium.

538 5265 810 5332 [nsipiens
832 5268 911 5325 tu,
937 5264 1080 5331 quod
1093 5267 1334 5318 seminas
1349 5263 1405 5319 in
1422 5272 1713 5327 terra,non
1725 5269 2057 5334 viriﬁcatur,

2145 4733 2320 4786 minia
2361 4736 2545 4800 surget
2577 4735 2637 4786 in
2654 4736 2855 4799 gloria,
2876 4732 2931 4786 id
2950 4740 3035 4786 est
3066 4732 3123 4786 in
3154 4731 3568 4802 incorruptione
3595 4736 3647 4783 et
3667 4727 3719 4781 in

2145 4821 2219 4875 im
2229 4821 2614 4892 passibilitate.
2636 4821 2903 4891 Ignobilis
2923 4821 3143 4883 dicitur,
3170 4820 3331 4891 quasi
3350 4819 3473 4873 sine
3489 4818 3717 4873 nomine.

2144 4911 2428 4966 Mortuum
2461 4910 2608 4964 enim
2638 4918 2723 4965 est
2766 4911 2886 4963 sine
2916 4910 3159 4975 nomine,
3194 4909 3325 4979 quia
3350 4910 3470 4978 jam
3512 4924 3617 4962 non
3644 4908 3720 4958 est

2144 4999 2333 5060 homo,
2379 4999 2475 5052 sed
2522 4998 2776 5062 cadaver,
2809 4998 2953 5069 quod
3004 5014 3038 5051 a
3084 4997 3334 5051 cadendo
3384 4996 3604 5050 dicitur.
3629 4991 3719 5046 Vel

2144 5086 2424 5156 ignobilis,
2450 5087 2506 5141 id
2538 5095 2624 5141 est
2659 5087 2777 5141 sine
2807 5086 3100 5157 dignitatis
3140 5086 3386 5139 nomine.
3419 5084 3565 5150 Quid
3585 5081 3718 5137 enim

2145 5176 2444 5246 ignobilius
2465 5192 2631 5229 carne
2665 5176 2918 5243 mortua?
2946 5176 3030 5229 vel
3055 5175 3187 5246 quid
3220 5175 3424 5229 iterum
3437 5171 3716 5244 gloriosius

2146 5263 2204 5317 in
2241 5264 2511 5317 creaturis
2567 5270 2832 5332 surgente
2881 5280 2947 5317 ea
2997 5271 3055 5317 et
3091 5263 3526 5334 incorruptelam
3554 5258 3718 5333 perci-

466 5355 583 5408 nisi
605 5355 770 5421 prius
803 5352 1349 5424 moriatur.Physica
1368 5354 1586 5409 ratione
1604 5355 1786 5408 utitur
1806 5355 2062 5425 exemplo

465 5442 536 5496 de
582 5456 760 5513 grano
810 5440 1048 5511 alicujus
1078 5442 1323 5507 seminis,
1351 5443 1500 5513 quod
1531 5444 1770 5498 moritur
1819 5444 1877 5497 in
1909 5449 2065 5498 terra

465 5531 688 5608 quando
706 5528 1175 5611 seminatur,quia
1192 5531 1435 5598 lacteum
1449 5531 1693 5593 efﬁcitur
1708 5532 1857 5605 quod
1867 5538 2064 5607 postea

2146 5353 2361 5424 piente?
2375 5355 2700 5413 seminatur
2720 5355 2782 5407 in
2808 5351 3310 5422 inﬁrmitatequia
3337 5367 3397 5405 se
3423 5366 3534 5404 non
3555 5350 3720 5419 potest

2146 5457 2368 5495 movere
2393 5460 2404 5495 :
2440 5440 3004 5512 quoniamimmobile
3029 5440 3311 5494 redditum
3336 5445 3440 5507 est;
3473 5442 3648 5506 surget
3661 5437 3717 5487 in

2145 5532 2370 5597 virtute,
2401 5529 2669 5591 subaudis
2694 5530 2818 5600 Dei,
2849 5530 2935 5586 vel
2971 5530 3031 5586 in
3058 5529 3263 5585 virtute
3287 5545 3403 5607 qua
3438 5527 3584 5584 ultra
3609 5535 3712 5585 non
