3936 6164
221 374 302 435 601

829 366 1210 424 ΕΧΡΟΞΙΤΙΟ
1249 369 1326 425 IN
1365 367 1521 424 EPP.
1563 367 1619 421 S.
1663 367 1769 457 ΙῖΑῚ

1863 368 1896 422 l.
1945 399 2008 409 —
2049 369 2128 423 IN
2167 367 2389 422 EPIST.
2430 366 2456 421 Ι
2495 364 2591 419 AD
2630 364 2792 419 COR.

3333 356 3437 415 60‘2

216 500 367 575 possit
398 495 547 562 mori,
584 493 716 565 quia
754 490 898 546 vivet
926 492 1133 548 virtute
1170 493 1505 549 aeternitatis
1543 491 1756 561 angeli-
1775 497 1819 552 Α
1843 493 2199 555 resurrectio,
2225 498 2281 546 et
2307 495 2511 546 caetera
2535 490 2670 544 talia
2703 505 2824 559 quae
2852 487 2970 559 ipse
3001 485 3260 559 patravit,
3288 484 3438 556 posi-

215 602 296 641 ωε.

271 674 564 729 Seminatur
599 685 793 737 corpus
830 672 1098 734 animale,
1131 671 1276 740 quod
1304 670 1494 723 anima
1523 665 1756 733 habuit;

214 764 369 828 surget
393 773 573 825 corpus
601 759 868 823 spiritale.
906 756 1059 810 Sicut
1103 757 1346 811 animale
1397 772 1598 826 corpus
1650 771 1761 808 non

215 854 286 902 est
316 846 503 907 anima,
533 844 625 897 sed
657 859 879 914 corpus,
914 842 995 896 ita
1022 850 1077 897 et
1106 844 1358 914 spiritale
1388 859 1607 912 corpus,
1649 858 1761 895 non

211 934 431 1005 spiritum
457 931 722 985 debemus
754 938 952 1001 putare
1001 933 1096 986 sed
1128 949 1351 1003 corpus.
1383 932 1523 985 Nam
1557 931 1760 987 eleoto-

213 1039 316 1076 rum
344 1036 578 1091 corpora,
611 1026 674 1072 ut
702 1020 783 1074 ait
812 1020 1114 1091 Gregorius
1146 1039 1309 1093 papa,
1340 1022 1399 1075 in
1438 1021 1534 1074 illa
1576 1037 1764 1073 resur-

211 1109 421 1165 rectione
441 1115 601 1163 erunt
631 1108 933 1179 palpabilia
961 1127 1062 1181 per
1081 1112 1374 1164 veritatem
1401 1117 1636 1164 naturae.
1662 1108 1763 1161 sic-

210 1204 263 1254 ut
304 1196 633 1251 Dominicum
687 1213 888 1267 corpus
930 1197 1039 1251 fuit
1076 1205 1203 1268 post
1240 1200 1711 1252 resurrectionem
1744 1213 1758 1251 :

210 1287 317 1358 quia
344 1301 513 1338 veram
543 1301 769 1338 carnem
810 1284 1115 1349 habebunt,
1145 1286 1239 1339 sed
1277 1286 1569 1340 subtiliora
1599 1289 1766 1338 erunt

208 1391 291 1446 per
314 1375 551 1427 eﬂ‘ectum
585 1373 786 1427 divinae
806 1375 1086 1444 potentiae.
1111 1375 1236 1428 Non
1257 1382 1425 1428 erunt
1452 1373 1682 1443 spiritus
1702 1377 1767 1426 ut

206 1462 388 1535 palpari
409 1470 463 1516 et
479 1461 651 1515 videri
681 1477 793 1515 non
816 1462 1048 1532 possint,
1073 1463 1170 1516 sed
1197 1462 1255 1516 in
1287 1464 1388 1516 hoc
1410 1467 1577 1516 erunt
1605 1461 1767 1531 spiri-

205 1550 350 1616 talia;
389 1550 514 1621 quia
539 1550 687 1603 sicut
713 1549 963 1621 spiritus,
1001 1550 1058 1604 id
1098 1556 1185 1604 est
1211 1550 1401 1604 anima
1432 1556 1624 1603 nostra
1653 1565 1764 1603 non

203 1644 360 1710 potest
401 1641 557 1703 mori,
606 1654 720 1692 non
757 1638 974 1709 indiget
1009 1639 1130 1693 cibo
1178 1646 1235 1693 et
1283 1646 1439 1710 potu,
1472 1639 1553 1692 ita
1586 1645 1642 1692 et
1671 1638 1764 1691 illa

203 1727 506 1782 immortalia
549 1733 734 1791 erunt,
778 1743 881 1781 nec
927 1727 1259 1798 indigebunt
1288 1728 1409 1781 cibo
1456 1734 1555 1782 aut
1605 1734 1758 1798 potu,

1840 585 1932 635 tus
1962 582 2019 634 in
2042 581 2249 634 mundo
2272 596 2374 650 per
2395 578 2747 650 praesentiam
2770 576 2986 630 carnis:
3018 575 3273 629 doctrina
3299 587 3440 643 quo-

1842 686 1950 740 que
1980 671 2101 739 ejus
2132 677 2185 723 et
2219 669 2488 722 miracula
2521 668 2643 737 ejus
2664 666 2909 719 caelestia
2941 665 3186 719 fuerunt.

1914 760 2104 825 Qualis
2126 764 2395 815 terrenus,
2424 756 2631 813 Adam;
2668 758 2798 807 tales
2818 760 2867 808 et
2901 755 3128 813 terreni,
3162 751 3437 813 homines,

1843 845 1899 899 id
1924 854 2010 901 est
2041 847 2302 900 mortales
2326 851 2669 916 peccatores;
2703 849 2753 895 et
2781 840 2964 911 qualis
2995 844 3213 896 cwlestis
3237 841 3439 902 Adam,

1843 936 1899 989 id
1933 944 2016 989 est
2063 936 2339 991 Christus.
2376 937 2506 987 tales
2545 939 2594 986 et
2637 936 2876 989 calestes.
2909 931 3006 1001 qui
3045 930 3115 984 ad
3152 928 3438 983 Christum

1843 1025 2146 1095 pertinent,
2174 1022 2523 1077 immortales
2551 1021 2825 1084 videlicet,
2860 1025 2917 1073 et
2943 1019 3064 1073 sine
3094 1024 3340 1088 peccato.
3373 1015 3444 1070 Et

1843 1114 1949 1167 hoc
1968 1119 2100 1166 sunt
2135 1112 2300 1165 modo
2326 1112 2382 1164 in
2402 1125 2521 1180 spe,
2540 1109 2599 1162 in
2628 1111 3037 1163 resurrectione
3066 1112 3256 1161 autem
3278 1108 3444 1160 erunt

1845 1203 1902 1255 in
1935 1218 2014 1255 re.

1915 1291 2070 1346 Sicut
2113 1291 2460 1357 portavimus
2498 1288 2802 1353 imaginem
2833 1288 3043 1339 terreni
3079 1282 3343 1347 hominis,
3384 1281 3441 1335 id

1847 1384 1933 1432 est
1950 1382 2236 1449 peccatum
2260 1383 2314 1431 et
2337 1376 2759 1432 mortalitatem.
2776 1378 3054 1441 portemus
3070 1377 3118 1426 et
3140 1374 3443 1438 imaginem

1847 1471 2085 1527 caelestis,
2114 1468 2174 1520 in
2199 1467 2308 1521 ﬁde
2335 1471 2393 1519 et
2420 1482 2538 1536 spe,
2565 1466 2622 1518 in
2645 1463 2889 1517 novitate
2916 1462 3042 1515 vitae
3066 1459 3440 1522 ambulantes,

1848 1561 1904 1611 et
1932 1573 2086 1627 spem
2117 1554 2543 1610 resurrectionis
2575 1552 2863 1607 habentes.

1920 1646 2059 1699 Caro
2089 1650 2139 1698 et
2169 1647 2399 1711 sanguis
2431 1658 2667 1710 regnum
2698 1643 2797 1695 Dei
2827 1655 2938 1693 non
2971 1638 3343 1706 possidebunt.
3378 1634 3447 1689 In

1850 1733 2156 1804 Scripturis
2197 1731 2499 1803 aliquando
2543 1746 2674 1783 caro
2710 1727 2978 1798 recipitur
3008 1726 3314 1780 secundum
3346 1740 3450 1778 na-

203 1815 406 1886 ideoque
433 1816 565 1869 dicit
596 1833 608 1868 :
644 1816 973 1871 Seminatur
1000 1832 1215 1884 corpus,
1249 1816 1305 1870 id
1336 1823 1420 1870 est
1458 1817 1761 1887 sepelitur;
1786 1838 1827 1896 Β
1847 1829 2054 1887 turam,
2086 1827 2150 1875 ut
2177 1840 2189 1872 ε
2228 1822 2334 1875 Hoc
2361 1836 2511 1873 nunc
2535 1836 2589 1871 os
2620 1835 2684 1871 ea;
2727 1818 2936 1872 ossibus
2966 1817 3118 1879 meis,
3151 1819 3199 1867 et
3228 1829 3360 1867 caro
3385 1813 3449 1865 de

202 1904 310 1974 quia
333 1906 466 1958 velut
488 1921 731 1975 granum
762 1905 1045 1960 viriditate
1077 1905 1503 1960 resurrectionis
1535 1904 1764 1958 donabi-

1845 1927 2017 1965 carne
2040 1926 2160 1964 mea
2175 1910 2331 1977 (Gen.
2356 1912 2441 1967 11).
2458 1906 2775 1977 Aliquando
2798 1903 3106 1958 secundum
3136 1900 3448 1971 corruptio-

200 1997 291 2046 tur.
317 1993 374 2048 Si
406 1998 477 2046 est
515 2009 713 2062 corpus
750 1997 998 2047 animale
1030 1995 1193 2048 modo
1223 1996 1282 2048 in
1312 1995 1417 2048 hac
1446 1993 1577 2057 vita,
1611 1998 1687 2046 est
1715 1997 1763 2045 et

1863 2016 1973 2054 lem
2003 2005 2061 2053 et
2089 1997 2491 2052 mortalitatem
2524 1996 2637 2050 sive
2668 1993 3053 2064 fragilitatem,
3085 1998 3148 2045 ut
3176 1990 3271 2044 ubi
3304 2008 3315 2041 :
3346 1991 3447 2045 Re-

199 2085 436 2150 spiritate,
467 2082 522 2136 id
551 2088 642 2136 est
669 2083 778 2136 erit
814 2082 1066 2153 spiritale
1095 2083 1150 2136 in
1180 2084 1291 2136 alia
1320 2083 1433 2136 vita
1473 2081 1622 2153 quod
1652 2096 1764 2134 non
1849 2090 2106 2142 cordatus
2152 2093 2229 2140 est
2268 2090 2368 2154 qui
2415 2101 2544 2139 caro
2587 2088 2717 2138 sunt
2770 2084 2936 2149 (Psal.
2988 2084 3218 2142 Lxxvm,
3259 2078 3315 2132 id
3366 2081 3453 2131 est

202 2171 380 2239 poterit
405 2171 542 2225 mori
574 2189 585 2224 :
621 2173 768 2225 sicut
797 2178 883 2225 est
904 2172 1024 2240 jam
1055 2172 1112 2225 in
1145 2172 1408 2239 Christo;
1443 2178 1501 2225 et
1542 2170 1652 2225 erit
1688 2169 1769 2222 ita
1850 2177 2079 2246 fragiles
2108 2181 2164 2229 et
2192 2175 2403 2228 miseri.
2437 2172 2754 2243 Aliquando
2792 2170 3099 2224 secundum
3141 2168 3360 2238 culpam
3396 2170 3455 2219 et

201 2258 417 2328 spiritale
437 2275 658 2330 corpus,
693 2267 757 2313 ut
784 2276 957 2330 supra
987 2260 1251 2314 diximus.
1851 2263 2389 2337 praevaricationem.
2444 2261 2510 2316 In
2547 2262 2653 2315 hoc
2697 2276 2828 2314 vero
2866 2259 2986 2313 loco
3016 2257 3296 2328 accipitur
3333 2260 3452 2309 tam

264 2348 1114 2416 FactusestprimushomoAdam
1135 2350 1766 2402 inanimamviventem.
1854 2354 2163 2408 secundum
2195 2351 2633 2423 corruptionem,
2668 2365 2838 2420 quam
2868 2347 3174 2401 secundum
3209 2345 3449 2416 culpam,

200 2434 300 2489 Ηοο
331 2437 591 2508 scriptum
642 2442 730 2490 est
771 2437 827 2490 ίη
868 2437 1088 2491 GeneSi-
1126 2438 1281 2503 Ωιιοά
1323 2453 1451 2490 vero
1490 2435 1764 2505 sequitur.
1853 2444 1998 2498 sicut
2026 2443 2175 2496 Deus
2203 2442 2411 2495 dicitur
2435 2446 2657 2494 tentare
2682 2438 2905 2492 electos.
2936 2435 3243 2490 secundum
3271 2433 3411 2487 illud
3437 2450 3449 2486 :

202 2527 497 2577 nouissimus
516 2527 700 2579 Adam
718 2529 779 2579 in
800 2528 1065 2593 spiritum
1083 2528 1471 2592 vivi/itania".
1504 2524 1609 2577 hoc
1629 2526 1772 2594 Apo-
1852 2533 2057 2586 Tentat
2086 2548 2181 2584 vos
2216 2530 2487 2584 Dominus
2532 2529 2680 2582 Deus
2709 2532 2908 2580 vester.
2952 2526 3020 2579 Et
3050 2525 3195 2578 sicut
3222 2523 3452 2591 dicitur,

202 2612 352 2665 stolus
386 2612 601 2667 addidit
642 2614 710 2667 de
747 2630 867 2667 suo.
901 2614 1080 2667 Adam
1110 2613 1291 2667 factus
1319 2620 1405 2667 est
1436 2613 1492 2665 in
1523 2613 1770 2666 animam
1794 2654 1809 2666 .
1855 2622 2005 2675 Deus
2034 2619 2319 2674 neminem
2350 2623 2550 2681 tantm,
2594 2617 2673 2669 ita
2718 2620 2903 2685 potest
2930 2613 3034 2666 dici
3063 2631 3074 2665 ε
3110 2613 3252 2666 Caro
3285 2610 3459 2681 ροεεί-

203 2698 465 2763 viventem,
499 2701 555 2754 id
583 2707 673 2754 est
701 2700 962 2754 animalis
993 2702 1171 2754 tactus
1204 2708 1306 2765 est,
1339 2707 1395 2754 et
1425 2716 1627 2771 corpus
1648 2701 1772 2769 ejus
1855 2709 2007 2763 debit
2038 2700 2272 2778 regnum
2324 2706 2440 2770 Dei,
2478 2711 2532 2759 et
2561 2720 2690 2758 caro
2723 2720 2834 2757 non
2866 2701 3175 2773 possmebit
3216 2714 3455 2769 regnum

204 2786 480 2842 animatum
521 2797 628 2853 est.
679 2789 759 2843 ita
803 2796 869 2843 ut
916 2789 960 2842 Si
1001 2797 1278 2860 peccaret.
1327 2789 1472 2843 Sicut
1527 2797 1584 2843 et
1619 2788 1769 2853 feeit.
1855 2798 1976 2852 Dei.
2006 2796 2187 2867 Igitur
2216 2796 2275 2849 in
2305 2794 2496 2848 electis
2524 2809 2759 2863 regnum
2784 2791 2882 2845 Dei
2914 2789 3221 2860 possidebit
3248 2804 3377 2843 caro
3398 2792 3456 2840 et

202 2877 325 2929 mori
348 2877 638 2947 potuisset,
680 2878 919 2948 ideoque
966 2879 1219 2933 mortalis
1257 2879 1487 2933 exstitit.
1521 2877 1769 2932 Novissi-

1863 2886 2085 2957 sanguis
2104 2902 2203 2956 per
2223 2884 2514 2938 veritatem
2541 2888 2773 2938 naturae.
2791 2886 2848 2934 et
2866 2896 2977 2933 non
2999 2876 3303 2949 possidebit
3323 2891 3454 2929 caro

201 2977 306 3017 mus
330 2965 523 3028 Adam,
554 2966 611 3019 id
657 2958 741 3020 est
770 2966 1048 3028 Christus,
1078 2969 1134 3021 in
1181 2967 1442 3037 spiritum
1488 2967 1773 3021 viviﬁcan-

1857 2991 2092 3045 regnum
2117 2974 2214 3035 Dei
2243 2989 2340 3043 per
2360 2971 2773 3042 corruptionem
2796 2975 2853 3022 et
2878 2968 3299 3031 mortalitatem,
3323 2964 3457 3035 quia

201 3055 297 3104 tem
320 3051 436 3118 fait,
469 3054 741 3123 quoniam
788 3054 1039 3125 Spiritus,
1088 3071 1253 3125 quem
1295 3055 1562 3108 ἱηοιίῐιειῐο
1592 3055 1773 3126 capite
1795 3114 1832 3128 Α
1856 3063 2205 3117 immortales
2227 3067 2393 3115 erunt
2416 3068 2473 3114 et
2493 3057 2945 3128 incorruptibiles
3001 3056 3085 3110 vel
3111 3055 3305 3117 etiam,
3325 3069 3456 3107 caro

201 3140 378 3206 emisit,
399 3142 454 3195 in
484 3144 902 3197 resurrectione
924 3160 1126 3214 corpus
1146 3146 1269 3214 ejus
1289 3144 1603 3197 viviﬁcavit.
1631 3144 1775 3213 Ergo

199 3228 410 3284 animale
438 3248 648 3302 corpus
694 3232 801 3286 fuit
840 3233 898 3285 in
929 3233 1129 3295 Adam,
1175 3234 1231 3286 id
1263 3238 1351 3286 est
1388 3233 1626 3286 mortale
1661 3252 1673 3286 :
1716 3233 1772 3286 in

200 3315 391 3372 Christo
419 3336 544 3374 vero
574 3321 853 3391 spiritale,
890 3322 1037 3391 quod
1065 3338 1166 3392 per
1193 3322 1660 3376 resurrectionem
1688 3328 1775 3376 est

196 3405 538 3473 gloriﬁcatum
590 3410 706 3464 Sed
730 3410 1063 3463 intuendum
1089 3419 1174 3464 est
1203 3427 1377 3481 quare
1399 3410 1657 3464 Christus
1677 3419 1776 3464 aut

198 3496 500 3552 novissimus
527 3499 715 3552 Adam
745 3506 846 3552 aut
874 3500 1152 3552 secundus
1181 3500 1421 3557 dicatur.
1453 3516 1579 3552 cum
1612 3499 1773 3553 multi

198 3580 326 3637 inter
339 3586 510 3640 Adam
538 3588 630 3655 (de
660 3604 771 3657 quo
802 3603 913 3640 non
943 3595 1028 3641 est
1053 3588 1382 3657 ambiguum
1404 3590 1538 3658 quin
1564 3588 1777 3658 primus

199 3670 276 3739 sit)
304 3681 355 3727 et
383 3675 529 3729 inter
558 3676 853 3730 Christum
897 3676 1125 3730 fuerint.
1159 3677 1241 3729 Ad
1275 3676 1424 3746 quod
1453 3677 1772 3741 dicendum,

202 3761 313 3831 quia
338 3763 591 3818 videlicet
619 3766 679 3818 in
702 3765 880 3819 Adam
910 3772 1219 3836 peccatore,
1246 3764 1340 3836 qui
1367 3781 1561 3818 omnes
1589 3782 1779 3835 pecca-

198 3853 326 3903 tores
350 3856 562 3921 genuit,
602 3855 1203 3924 comphrehenduntur
1230 3870 1424 3907 omnes
1459 3862 1778 3923 peccatores

197 3951 351 4009 usque
392 3943 461 3995 ad
502 3941 818 3996 Christum.
863 3942 1120 3997 Christus
1161 3950 1349 3997 autem
1390 3943 1511 3996 sine
1550 3946 1776 4012 peccato

196 4041 307 4081 suos
332 4031 520 4085 ﬁdeles
539 4032 603 4085 in
626 4032 966 4102 baptismate
988 4032 1200 4102 absque
1228 4037 1453 4102 peccato
1477 4031 1611 4085 facit
1630 4047 1774 4097 esse,

198 4120 431 4185 quoniam
453 4122 899 4193 chirographum
926 4121 1124 4175 mortis
1145 4121 1367 4192 penitus
1388 4120 1552 4174 tollit.
1579 4119 1778 4190 Itaque

1859 3159 1916 3207 et
1944 3151 2176 3221 sanguis
2205 3166 2306 3221 per
2351 3150 2569 3220 culpam
2610 3164 2723 3201 non
2770 3144 3094 3218 possidebit,
3128 3143 3259 3214 quia
3301 3142 3459 3196 nulla

1858 3240 1965 3294 erit
1994 3239 2070 3293 ibi
2114 3240 2280 3309 culpa
2309 3239 2394 3292 vel
2423 3235 2835 3309 praevaricatio.
2875 3233 3076 3304 Itaque
3104 3249 3254 3295 caro,
3285 3230 3342 3284 id
3374 3234 3459 3284 est

1858 3328 2193 3393 mortalitas,
2234 3334 2290 3381 et
2316 3327 2567 3397 sanguis,
2616 3325 2673 3378 id
2702 3330 2788 3379 est
2816 3322 3121 3393 corruptio,
3152 3321 3238 3375 vel
3288 3320 3456 3374 homo

1856 3418 2177 3472 carnalibus
2206 3416 2500 3470 desideriis
2529 3415 2773 3479 deditus,
2797 3428 3033 3482 regnum
3062 3410 3158 3465 Dei
3186 3426 3296 3464 non
3326 3425 3457 3480 pos-

1856 3507 2081 3571 sidebit,
2103 3514 2160 3560 et
2188 3513 2376 3560 tamen
2409 3520 2538 3558 caro
2560 3509 2617 3557 et
2646 3504 2875 3572 sanguis
2898 3516 3134 3570 regnum
3163 3498 3263 3552 Dei
3286 3496 3460 3568 possi-

1858 3595 2072 3650 debunt
2115 3595 2172 3648 in
2220 3594 2533 3664 gloriﬁcata
2578 3592 2809 3644 veritate
2857 3594 3090 3642 nature.
3126 3586 3305 3653 Neque
3333 3600 3461 3638 cor-

1858 3688 2044 3753 ruptio
2072 3686 2528 3750 incorruptelam,
2553 3680 2668 3732 sive
2697 3675 3199 3747 incorruptibilem,
3226 3675 3462 3741 posside-

1861 3775 1955 3833 bit,
1989 3771 2044 3825 id
2071 3778 2157 3824 est
2199 3769 2663 3824 resurrectionem
2696 3784 2806 3821 non
2842 3763 3146 3837 possidebit
3172 3761 3459 3833 corruptio

1860 3860 2067 3930 aliqua,
2103 3858 2235 3929 quia
2283 3874 2393 3910 non
2425 3856 2531 3910 erit
2557 3857 2675 3926 jam
2705 3854 2765 3907 in
2810 3852 3155 3908 resuscitatis
3184 3850 3256 3905 ad
3289 3851 3459 3904 vitam

1860 3948 2176 4002 mortalitas
2206 3952 2263 4000 et
2285 3945 2596 4015 corruptio.
3098 3932 3109 3935 A

1933 4037 2061 4089 Ecce
2092 4037 2421 4104 mysterium
2442 4035 2589 4086 vobis
2615 4033 2755 4095 dico,
2783 4031 2839 4085 id
2870 4036 2954 4084 est
2984 4034 3259 4084 secretum
3280 4034 3339 4083 et
3365 4044 3462 4083 oc-

1861 4125 2073 4178 cultum
2093 4123 2240 4194 quod
2264 4123 2403 4176 latet
2425 4121 2703 4187 inﬁdeles,
2721 4122 2807 4174 vel
2829 4119 2974 4190 quod
3001 4120 3271 4172 hactenus
3295 4117 3461 4171 latuit

192 4210 443 4263 secundus
486 4212 574 4265 vel
625 4211 964 4264 novissimus
1005 4211 1182 4264 Adam
1226 4218 1376 4263 recte
1404 4210 1630 4272 dicitur,
1664 4225 1777 4262 non
1862 4231 1975 4268 vos.
1998 4215 2140 4268 Nam
2168 4211 2495 4284 mysterium
2519 4211 2774 4265 Gnaeum
2800 4215 2904 4273 est,
2930 4208 3076 4279 quod
3103 4207 3298 4262 Latine
3318 4206 3459 4260 dici.

194 4295 364 4351 ordine
413 4300 512 4353 sed
570 4300 707 4354 facti
757 4300 1110 4366 imitatione,
1151 4298 1418 4369 quoniam
1467 4299 1645 4352 donec
1704 4298 1775 4351 ad
1857 4311 1953 4358 tur
1981 4310 2257 4357 secretum
2290 4307 2347 4356 et
2375 4301 2675 4356 occultum.
2716 4300 2911 4354 Omnes
2952 4299 3173 4366 quidem
3206 4311 3459 4364 resurge-

193 4380 448 4487 Christuru
477 4406 584 4460 per
605 4389 775 4443 ﬁdem
807 4405 872 4443 ac
903 4388 1245 4459 baptismum
1274 4393 1552 4452 transeas,
1576 4387 1646 4440 ad
1669 4387 1839 4487 pri-D
1859 4410 2001 4455 mus,
2033 4392 2089 4445 id
2114 4399 2199 4446 est
2229 4390 2357 4445 boni
2381 4395 2439 4444 et
2468 4390 2599 4444 mali
2627 4408 2639 4457 ;
2671 4390 2762 4442 sed
2793 4405 2903 4442 non
2932 4404 3116 4442 omnes
3138 4387 3461 4441 immutabi-

193 4486 325 4527 mum
368 4476 550 4531 Adam
596 4479 866 4549 pertines,
898 4477 1161 4547 deinceps
1193 4493 1320 4530 vero
1351 4476 1421 4529 ad
1465 4476 1774 4530 secundum
1797 4475 1837 4487 ν
1858 4497 2009 4545 mur,
2034 4480 2301 4535 subaudis
2320 4480 2389 4533 ad
2411 4479 2672 4549 gloriam,
2698 4477 2753 4531 id
2778 4483 2866 4531 est
2885 4494 2996 4531 non
3016 4475 3461 4546 gloriﬁcabimur

193 4560 371 4620 Adam.
400 4569 496 4639 qui
528 4568 1025 4640 praevaricationes
1051 4567 1220 4638 primi
1249 4567 1521 4620 remittat.
1546 4567 1692 4620 Nam
1719 4572 1777 4619 et

194 4654 245 4702 tu
262 4654 464 4721 primus
483 4674 546 4711 es
574 4657 761 4711 Adam
790 4673 1083 4727 usquequo
1106 4655 1432 4726 baptizeris:
1467 4654 1770 4719 secundus,

193 4752 297 4795 cum
328 4743 653 4816 baptizaris.

251 4831 343 4884 Sed
363 4851 472 4888 non
498 4840 669 4903 prius
691 4836 835 4902 quod
854 4836 1107 4903 spiritale
1136 4838 1232 4899 est,
1255 4834 1345 4887 sed
1361 4832 1505 4901 quod
1526 4835 1773 4887 animale

194 4923 279 4981 εει,
297 4922 483 4978 deinde
500 4925 655 4993 quod
675 4926 931 4992 spiritale
952 4929 1055 4985 est,
1082 4922 1347 4993 quoniam
1371 4924 1586 4993 primus
1606 4922 1773 4975 homo

192 5012 266 5061 est
289 5012 553 5073 mortalis,
594 5013 959 5084 postmodum
990 5029 1119 5066 vero
1145 5012 1386 5065 efficitur
1414 5004 1770 5064 immortalis.

249 5097 463 5155 Primus
487 5103 677 5168 homo,
700 5102 903 5165 Adam,
926 5103 989 5155 de
1011 5108 1161 5155 terra
1192 5106 1471 5162 terrenus;
1503 5101 1774 5153 secundus

191 5183 346 5250 homo,
376 5190 662 5256 Christus,
711 5193 774 5244 de
831 5193 955 5246 calo
1008 5193 1246 5245 caelestis.
1290 5191 1449 5244 Unde
1496 5190 1616 5260 ipse
1645 5189 1769 5243 ait:

191 5271 337 5328 Nemo
364 5282 611 5333 ascendit
640 5284 701 5333 in
731 5283 945 5342 calum,
972 5282 1086 5333 nisi
1113 5283 1210 5349 qui
1236 5281 1299 5333 de
1327 5282 1451 5332 cwlo
1479 5280 1770 5341 descendit,

193 5361 347 5417 Filius
376 5367 645 5435 hominis,
680 5373 777 5438 qui
800 5374 876 5423 est
902 5371 964 5422 in
992 5373 1116 5424 coelo
1150 5371 1328 5435 (Joan.
1365 5376 1470 5432 Ill).
1502 5369 1625 5421 Non
1658 5368 1774 5438 ipse

190 5446 341 5504 homo
368 5471 468 5524 per
486 5474 548 5510 se
574 5458 649 5510 de
673 5459 810 5511 coelo
832 5458 1139 5523 descendit,
1164 5458 1257 5512 sed
1286 5458 1343 5511 in
1363 5457 1654 5510 divinitate
1685 5466 1774 5510 ta-

191 5552 323 5606 men,
346 5558 472 5598 cum
496 5564 613 5617 qua
638 5564 747 5602 una
772 5557 859 5603 est
876 5565 1135 5619 persona.
1160 5547 1414 5602 Ctelestis
1435 5554 1625 5600 autem
1652 5545 1773 5598 ideo

190 5635 420 5701 Vocatur,
444 5636 586 5705 quia
604 5637 847 5694 ccelestis
866 5638 975 5693 fuit
997 5639 1120 5724 ejus
1137 5636 1467 5704 incarnatio,
1488 5635 1771 5703 nativitas,

1859 4586 2070 4624 omnes.
2106 4568 2195 4623 Illi
2226 4570 2374 4622 enim
2406 4585 2516 4621 non
2545 4567 3031 4638 gloriﬁcabuntur,
3060 4565 3156 4635 qui
3186 4565 3339 4617 velut
3376 4564 3459 4618 sol

1858 4659 2156 4731 fulgebunt
2184 4659 2240 4712 in
2268 4674 2440 4728 regno
2470 4657 2653 4711 Patris
2681 4655 2789 4709 sui.

1930 4751 1997 4802 In
2027 4752 2318 4802 momento.
2351 4747 2699 4800 Momentum
2729 4747 2815 4795 est
2840 4738 3132 4793 minimum
3164 4743 3334 4808 atque
3363 4754 3461 4792 an-

1854 4838 2241 4907 gustissimum
2286 4842 2527 4906 tempus,
2573 4837 2825 4886 vocatum
2855 4845 2890 4882 a
2920 4834 3075 4881 motu
3118 4827 3367 4881 siderum
3399 4834 3458 4882 et

1856 4925 2166 4988 stellarum,
2188 4942 2287 4996 per
2308 4924 2452 4995 quod
2472 4921 2824 4992 signiﬁcatur
2840 4915 3227 4970 brevissimum
3243 4921 3462 4988 tempo-

1856 5014 1934 5067 ris
1962 5014 2237 5084 spatium;
2271 5019 2358 5066 est
2396 5011 2542 5065 enim
2572 5004 2900 5062 extremitas
2928 5005 3079 5057 horae
3107 5004 3166 5057 in
3195 5003 3459 5059 brevibus

1856 5102 2168 5157 intervallis
2198 5118 2323 5155 cum
2351 5098 2561 5169 aliquid
2583 5096 2687 5150 sibi
2717 5092 2865 5148 cedit
2883 5099 3053 5163 atque
3074 5093 3321 5147 succedit
3346 5112 3359 5159 ;
3392 5096 3458 5148 in

1858 5196 1969 5245 ictu
1984 5194 2148 5245 oculi.
2163 5191 2313 5244 Ictus
2327 5187 2470 5241 oculi
2483 5194 2569 5240 est
2585 5184 2733 5256 quod
2752 5181 3146 5254 palpebraicit,
3160 5182 3215 5236 id
3234 5190 3320 5237 est
3335 5199 3460 5254 per-

1856 5281 1997 5334 cutit
2025 5280 2265 5333 oculum.
2298 5277 2383 5330 vel
2415 5275 2579 5346 (quod
2614 5272 2813 5327 melius
2844 5272 2962 5326 vult
2990 5272 3359 5342 Augustinus)
3385 5287 3456 5327 ne

1857 5376 2017 5423 tanta
2048 5383 2205 5420 mora
2236 5367 2333 5418 ﬁat
2363 5365 2417 5418 in
2444 5364 2675 5434 judicio,
2718 5363 2864 5415 ictus
2909 5361 3055 5414 oculi
3100 5361 3455 5431 intelligitur,

1859 5474 1968 5528 quo
2006 5456 2140 5510 solis
2186 5454 2481 5525 splendore
2511 5452 2717 5514 subito,
2748 5456 2812 5503 ut
2857 5450 2945 5503 vix
2984 5450 3218 5520 cogitari
3260 5438 3452 5519 poSsit,

1856 5546 2056 5599 feritur
2079 5544 2302 5610 oculus;
2339 5547 2401 5597 in
2430 5545 2727 5597 novissima
2749 5539 2903 5601 tuba,
2926 5539 2981 5591 id
3008 5548 3094 5592 est
3121 5539 3176 5591 in
3209 5553 3337 5590 voce
3359 5551 3456 5591 an-

1853 5634 2052 5705 gelica,
2084 5634 2348 5713 quoniam
2374 5632 2646 5688 Dominus
2677 5629 2736 5687 in
2759 5627 2929 5697 jussu
2948 5627 3052 5682 Dei
3077 5625 3281 5691 Patris,
3307 5628 3366 5677 et
3394 5622 3454 5681 in
