3936 6164
225 286 313 344 eos
459 275 474 290 ‘
803 281 1188 358 EXPQSELO
1225 285 1304 340 IN
1343 286 1501 346 EPP.
1539 289 1598 342 s.
1649 286 1779 342 PAE

1888 331 1890 336 .
1926 313 1998 326 —
2033 285 2118 340 ΙΝ.
2150 284 2379 352 sensu.
2414 285 2438 338 Ι
2477 284 2580 344 AD
2613 283 2786 354 φαεν.
3334 283 3442 358 eos

220 412 356 474 audis
367 425 508 472 meas.
531 411 696 477 atque
725 412 941 468 vestras
966 409 1310 466 laudatorias
1326 412 1394 466 de
1413 418 1594 466 vestra
1609 412 1753 466 bona
1773 413 1822 468 Α
1840 416 1977 470 sunt,
1987 413 2254 477 primitiae
2275 411 2507 470 Achaiae,
2529 407 2979 485 quoniam'primi
2997 408 3358 484 crediderunt
3375 426 3444 485 eg

221 501 476 557 voluntate,
503 496 580 548 vel
612 497 1140 554 commendatorias.
1170 499 1370 568 quibus
1401 518 1496 554 vos
1525 501 1678 570 apud
1699 502 1764 552 ﬁ-
1847 500 2085 560 Achaeis,
2121 506 2177 552 et
2205 499 2606 551 ordinaverunt
2634 515 2692 565 se
2720 504 2782 564 ut
2825 499 3220 568 ministrarent.
3237 487 3443 574 sanctis

219 590 350 644 deles
370 586 418 644 in
450 585 788 648 meliusalem
819 588 1250 654 commendabo,
1276 596 1339 644 ut
1381 591 1761 660 suscipiantur
1843 590 1944 657 qui
1962 593 2093 646 sunt
2114 587 2532 655 Hierosolymis.
2562 588 2780 642 Obsecro
2802 592 2988 652 atatem
3013 593 3133 639 utet
3154 604 3241 661 ros
3262 579 3446 640 subdi;

218 693 320 730 cum
338 689 471 744 pace.
1847 681 1892 730 ti-
1918 679 2040 729 sitis
2070 679 2355 744 ejusmodi,
2377 676 2430 741 id
2453 682 2556 737 est,
2573 675 2883 742 imitatores
2913 669 3034 728 sitis
3057 676 3444 750 ministrantes

274 764 398 829 Quod
420 765 465 813 si
478 762 704 826 dignum
721 765 895 827 fuerit
920 769 1084 831 utego
1109 781 1258 819 eam:
1287 766 1346 834 id
1373 773 1459 820 est
1484 768 1531 821 si
1559 784 1764 837 magna
1845 764 2088 829 sanctis;
2123 770 2170 816 et
2201 766 2356 815 omni
2385 767 2698 830 cooperanti
2745 768 2792 816 et
2845 765 3142 830 (aberranti,
3178 757 3444 822 subaudis

215 851 352 918 fuerit
371 849 604 919 pecunia,
632 857 695 914 ut
717 868 824 920 ego
842 855 1050 922 possim
1070 870 1195 907 cum
1221 855 1429 912 honore
1453 855 1602 908 illam
1621 858 1763 909 ferre
1845 853 1966 906 sitis
1992 851 2206 905 subditi
2226 851 2340 906 sive
2372 851 2706 914 imitatores.

214 939 290 1021 qui
318 955 424 990 sum
445 939 722 1007 apostolus
754 947 809 994 et
835 942 1146 1012 episcopus,
1175 960 1390 1006 mecum
1422 944 1602 1001 ibunt.
1625 947 1762 998 Nolo
1918 941 2137 998 Gaudeo
2163 946 2354 992 autem,
2375 943 2435 991 in
2453 944 2742 1007 praesentia
2769 941 3053 1012 Stephanze
3077 947 3122 993 et
3151 943 3446 1016 Fortunati

215 1030 330 1090 inim
344 1043 420 1080 ros
433 1028 578 1078 modo
593 1030 911 1084 intransitu
925 1032 1398 1101 vitiaraquoniam
1416 1034 1764 1092 multaerant
1845 1035 1898 1082 et
1927 1031 2170 1085 Achaici.
2204 1029 2382 1082 Datur
2411 1028 2667 1098 intelligi,
2701 1029 2848 1102 quod
2878 1029 2934 1082 hi
2987 1036 3122 1098 tres,
3157 1027 3443 1102 Stephana

213 1115 498 1184 corrigenda
528 1113 736 1178 inillis.
771 1133 896 1186 quae
937 1117 994 1172 in
1046 1120 1291 1174 transitu
1344 1136 1452 1173 non
1503 1129 1764 1190 poterant
1850 1118 2126 1180 videlicet,
2159 1118 2519 1175 Fortunatus.
2548 1133 2764 1170 necnon
2793 1123 2850 1170 et
2896 1111 3189 1182 Achaicus,
3225 1119 3442 1188 expleto

213 1202 395 1271 corrigi,
425 1203 540 1256 ideo
592 1204 695 1258 hoc
735 1205 911 1258 dicit:
948 1209 1278 1260 Permanebo
1324 1215 1508 1262 autem
1571 1211 1764 1276 Ephesi
1846 1206 1996 1260 omni
2029 1206 2339 1260 ministerio
2396 1222 2496 1260 suo
2538 1206 2684 1275 apud
2747 1213 2968 1259 sanctos
3017 1207 3439 1276 Hierosolymis,

215 1308 352 1358 usque
376 1293 442 1343 ad
462 1278 818 1346 Pentecosten.
851 1295 974 1348 Non
997 1295 1064 1348 de
1095 1297 1421 1352 Pentecoste
1441 1299 1466 1350 ,Ι
1477 1299 1760 1352 udamrum
1845 1304 2115 1347 venerunt
2137 1295 2210 1349 ad.
2221 1295 2452 1350 Paulum
2467 1301 2765 1362 antequam
2792 1295 3065 1347 redissent
3085 1292 3436 1349 Corinthum.

211 1379 319 1434 dicit
335 1385 390 1430 ut
431 1387 675 1448 putatur.
700 1383 802 1434 sed
828 1383 1293 1439 Christianorum.
1327 1387 1551 1454 quando
1584 1387 1758 1456 Spiri-
1845 1385 1986 1437 Nam
2017 1383 2290 1440 Corinthii
2323 1392 2483 1444 erant
2513 1399 2744 1452 genere,
2775 1383 2832 1452 in
2877 1399 3111 1455 quorum
3146 1384 3442 1453 prmsenti‘a

211 1473 282 1520 tus
309 1475 513 1520 sanctus
545 1469 693 1524 venit
725 1487 894 1540 super
921 1473 1337 1540 multitudinem
1379 1475 1750 1532 credentium.
1845 1473 2064 1526 laetatus
2097 1479 2182 1535 est
2210 1473 2528 1541 Apostolus.
2562 1473 2834 1538 Quoniam
2887 1467 2946 1523 id
2991 1473 3132 1539 quod
3182 1465 3325 1525 vobis
3355 1475 3442 1526 de-

263 1556 446 1608 Oslium
469 1563 616 1609 enim
641 1560 784 1612 mihi
802 1568 1055 1626 apertum.
1078 1569 1150 1612 est
1179 1580 1438 1635 mag/iuni
1457 1569 1506 1615 et
1522 1567 1755 1626 evidens;
1843 1568 1979 1621 erat,
2016 1565 2123 1628 ipsi
2143 1564 2548 1628 suppleverunt,
2573 1559 2666 1613 ubi
2698 1560 2864 1613 datur
2890 1551 3128 1630 intelligi
3152 1555 3304 1634 quod
3331 1559 3439 1612 mi-

205 1641 358 1707 idest,
375 1645 537 1697 multa
560 1647 727 1699 corda
753 1648 1039 1704 hominum
1066 1658 1260 1719 parata
1277 1658 1409 1704 sunt
1440 1652 1506 1704 ad
1533 1669 1761 1708 creden-
1784 1721 1816 1724 _
1845 1650 2227 1704 nistraverunt
2248 1649 2519 1718 Apostolo.
2543 1666 2605 1700 ex
2666 1665 2770 1701 sua
2798 1648 3131 1708 substantia.
3164 1649 3315 1722 quod
3342 1649 3440 1724 alii

206 1731 335 1795 dum,
364 1741 414 1785 et
435 1735 555 1801 jam
608 1737 908 1790 maniﬁesta
950 1746 1081 1794 sunt
1112 1740 1244 1808 quia
1301 1741 1368 1792 de
1400 1741 1620 1796 illorum
1653 1741 1761 1794 ﬁde
1782 1721 1827 1782 Β
1847 1739 2124 1792 Corinthii
2156 1738 2358 1808 quibus
2390 1739 2504 1790 haec
2535 1736 2813 1790 scribebat
2865 1753 2974 1789 non
3006 1743 3256 1807 egerant,
3289 1721 3438 1796 unde

207 1835 298 1891 non
314 1821 587 1876 dubitatur
611 1845 621 1877 ;
648 1830 692 1876 et
711 1829 1022 1879 adversarii
1039 1832 1226 1891 multi,
1249 1827 1516 1882 subaudis
1535 1830 1628 1899 qui
1657 1831 1761 1881 mi-
1844 1828 1942 1884 ait.
1978 1831 2128 1893 Quod
2156 1830 2300 1880 vobis
2326 1829 2530 1889 deerat,
2583 1828 2688 1894 ipsi
2741 1821 3148 1896 suppleverunt,
3181 1811 3439 1882 videlicet

201 1906 247 1960 hi
271 1909 615 1963 adversantur
635 1930 734 1981 pro
779 1915 895 1967 suis
938 1916 1270 1987 propinquis
1299 1923 1359 1972 et
1409 1917 1602 1970 amicis
1624 1934 1761 1986 quos
1845 1915 2215 1968 ministrando
2245 1908 2400 1968 mihi.

203 1994 388 2050 Christo
411 2001 690 2067 coniunxi.
1910 2006 2229 2070 Refeeerunt
2259 2007 2409 2056 enim
2439 2009 2491 2056 et
2518 2019 2700 2055 meum
2745 2005 3011 2070 spiritum
3039 2002 3236 2071 utique
3266 2001 3435 2068 fame,

253 2084 308 2138 Si
334 2091 524 2148 venerit
557 2089 628 2142 ad
659 2106 751 2144 vos
785 2091 1114 2147 Timotheus.
1145 2093 1240 2163 qui
1271 2095 1416 2146 hanc
1452 2095 1754 2163 Epistolam
1840 2093 1954 2152 siti.
1982 2099 2038 2145 et
2059 2091 2341 2144 laboribus
2362 2091 2656 2160 fatigatum
2685 2132 2696 2155 ,
2742 2097 2789 2142 et
2820 2097 3080 2152 oestrum,
3116 2091 3214 2162 qui
3266 2091 3439 2145 laetati

200 2171 325 2225 vobis
353 2176 604 2246 portabit,
643 2181 816 2232 ridete.
843 2186 900 2232 ut
959 2198 1075 2236 sine
1133 2187 1328 2236 timore
1355 2188 1424 2235 sit
1469 2185 1619 2250 apud
1649 2200 1753 2238 vos.
1841 2181 1976 2236 estis
2006 2181 2316 2239 audientes,
2353 2181 2497 2250 quod
2536 2179 2672 2232 mihi
2733 2179 3120 2246 ministrarent
3169 2178 3282 2231 vice
3323 2195 3439 2231 om-

198 2259 414 2322 Forsitan
447 2264 632 2320 fuerat
661 2268 808 2336 apud
843 2269 968 2324 illos
1011 2271 1130 2338 jam
1187 2287 1312 2324 cum
1357 2271 1576 2325 timore.
1623 2273 1758 2341 quia
1839 2259 1998 2334 nium
2019 2278 2285 2336 vestrum.
2320 2272 2624 2335 Cognosczte
2651 2285 2775 2335 ergo
2806 2271 2903 2335 qui
2934 2268 3254 2335 hujusmodi
3285 2271 3440 2339 sunt;

206 2351 622 2421 pseudoapostoli
676 2356 994 2410 excitabant
1025 2361 1468 2426 persecutionem
1511 2377 1756 2429 pagano-
1839 2359 1894 2414 id
1929 2366 2032 2418 est,
2066 2359 2282 2428 diligite
2312 2365 2369 2410 et
2398 2364 2587 2411 notate
2619 2363 2787 2433 atque
2836 2355 3137 2412 imitamini
3196 2353 3334 2431 tales
3356 2353 3437 2434 vi-

197 2451 301 2488 rum
327 2448 510 2494 contra
534 2443 746 2496 ﬁdeles.
783 2445 922 2512 Opus
953 2462 1097 2498 ennn
1122 2448 1348 2500 Domini
1375 2455 1758 2516 operatursrc-
1841 2464 1931 2501 ros
1963 2465 1973 2498 :
2001 2448 2084 2500 vel
2107 2447 2440 2516 cognoscite.
2490 2447 2544 2498 id
2591 2453 2676 2499 est
2713 2443 2922 2499 subditi
2953 2445 3131 2498 estote
3161 2435 3271 2497 illis
3309 2459 3438 2524 cum

198 2533 246 2576 ut
272 2532 314 2578 et
339 2545 438 2594 ego,
470 2530 529 2584 id
557 2541 646 2588 est
661 2533 970 2587 doctrinam
997 2542 1054 2588 et
1073 2536 1473 2594 miraculorum
1494 2537 1757 2594 virtutem
1840 2535 2181 2601 humilitate,
2209 2537 2304 2606 qui
2336 2536 2471 2588 talia
2498 2541 2692 2604 agunt.
2943 2587 2952 2602 ξ
3414 2525 3416 2527 ’

196 2612 251 2666 ad
277 2616 492 2670 salutem
517 2620 840 2674 animarum
863 2628 1191 2678 vestrarum.
1913 2623 2175 2679 Salutant:
2199 2641 2287 2677 cos
2313 2625 2556 2677 Ecclesize
2573 2640 2756 2676 omnes
2776 2623 2934 2682 Asia,
2953 2622 3008 2674 id
3057 2627 3161 2684 est,
3194 2617 3434 2678 salutem

253 2705 320 2754 Ne
339 2710 455 2772 quis
489 2725 617 2774 ergo
650 2712 814 2763 illum
845 2718 1087 2778 spernat,
1123 2713 1257 2782 quia
1299 2714 1530 2768 forsitan
1552 2716 1672 2783 jam
1697 2715 1757 2767 il-
1842 2699 1993 2766 vobis
2025 2720 2260 2784 Optant:
2297 2713 2454 2783 quasi
2481 2712 2631 2764 dicat
2663 2731 2674 2764 :
2733 2711 2845 2764 Has
2898 2711 3170 2764 Ecclesias
3224 2709 3436 2784 imitari

197 2786 288 2842 lum
318 2802 650 2860 spreverant.

1879 2802 2072 2864 ebetis,
2099 2802 2229 2870 quia
2244 2802 2379 2854 mihi
2402 2809 2456 2854 et
2472 2801 2680 2853 sanctis
2701 2800 2795 2870 qui
2825 2804 2958 2866 sunt
2983 2799 3041 2852 in
3057 2793 3429 2862 Hierusalem,

247 2878 308 2930 De
335 2884 511 2947 Apollo
533 2891 727 2936 autem
751 2887 930 2952 fratre
959 2892 1148 2941 notum
1166 2890 1310 2946 vobis,
1337 2891 1500 2957 facio,
1524 2893 1748 2956 fratres.
1839 2890 2165 2945 ministrant
2195 2891 2263 2942 de
2294 2890 2411 2944 suis
2440 2889 2787 2956 substantiis.
3281 2879 3283 2881 ’
3366 2875 3368 2877 ’

193 2963 276 3017 Hic
314 2970 594 3042 episcopus
642 2973 1058 3028 Corinthiorum
1089 2993 1122 3029 a
1145 2977 1316 3032 Paulo
1333 2979 1517 3031 fuerat
1535 2980 1755 3033 ordina-
1777 3029 1816 3046 η
1911 2980 2172 3033 Salutant
2195 2995 2282 3032 vos
2299 2982 2504 3045 fratres
2525 2994 2724 3032 omnes,
2758 2975 2857 3029 Hic
2885 2975 3070 3046 tangit
3099 2990 3293 3046 omnes
3331 2973 3432 3026 ad-

191 3057 283 3114 tus,
312 3059 397 3110 sed
432 3067 492 3114 ut
523 3062 605 3117 illi
639 3071 931 3132 coeperunt
981 3065 1166 3120 dicere
1201 3085 1212 3118 :
1242 3067 1355 3136 Ego
1404 3085 1528 3121 sum
1573 3069 1750 3128 Pauli,
1775 3029 1817 3088 Ο
1831 3071 2047 3133 jutores
2070 3084 2235 3134 suos;
2261 3070 2496 3120 salutate
2514 3069 2747 3118 inricem-
2773 3069 2832 3118 in
2857 3065 3036 3131 osculo
3056 3062 3331 3145 sancl0,lid
3350 3067 3435 3115 est

191 3156 274 3214 ego
298 3147 500 3215 Apollo,
539 3166 647 3220 ego
681 3169 808 3204 vero
838 3153 1198 3222 Cephae,cum
1225 3172 1338 3210 non
1358 3158 1632 3225 potuisset
1661 3175 1754 3211 eos
1836 3162 1988 3218 casto
2010 3163 2065 3209 et
2094 3173 2248 3210 vero.

187 3231 376 3295 satiare.
409 3238 622 3291 relictis
678 3240 788 3293 illis
835 3240 973 3294 abiit
1029 3243 1307 3312 Ephesum
1340 3245 1408 3297 ad
1440 3248 1753 3315 apostolum
1906 3245 2186 3299 Sulutatio
2216 3261 2335 3298 mea
2359 3261 2532 3297 manu
2561 3245 2744 3300 Pauli.
2785 3235 2944 3296 Alius
2963 3243 3109 3300 hanc
3129 3237 3433 3312 Epistolam

188 3315 392 3408 _P_aulum
417 3343 434 3389 ;
464 3343 634 3394 quem
667 3345 794 3381 cum
818 3337 1008 3399 postea
1025 3338 1252 3400 rogaret
1271 3335 1588 3402 Apostolus,
1613 3335 1757 3389 sicut
1838 3333 2157 3402 scripserat,
2191 3334 2336 3404 sicut
2356 3341 2412 3386 et
2441 3321 2578 3386 alias
2610 3352 2620 3385 :
2654 3332 2750 3408 sed
2804 3333 2924 3408 ipse
2979 3330 3278 3408 Apostolus
3310 3345 3435 3406 pro-

187 3403 258 3458 hic
282 3409 494 3476 dicitur,
533 3423 594 3469 ut
624 3416 842 3470 rediret
879 3419 1235 3481 Corinthum,
1268 3422 1470 3486 noluit,
1503 3424 1633 3492 quia
1674 3424 1755 3477 in-
1837 3421 1957 3491 pria
1988 3438 2157 3475 manu
2179 3422 2236 3474 in
2267 3422 2378 3474 ﬁne
2410 3422 2511 3490 hoc
2539 3405 2775 3474 addidit.

190 3506 442 3567 correptos
482 3520 578 3557 eos
617 3505 804 3558 adhuc
825 3507 1054 3562 sciebat.
1111 3511 1285 3563 Veniet
1322 3516 1529 3576 autem,
1555 3528 1681 3564 cum
1705 3516 1756 3564 ei
1905 3510 1970 3565 Si
1984 3514 2105 3577 quis
2137 3527 2244 3563 non
2275 3517 2429 3563 amat
2461 3499 2756 3564 Dominum
2783 3502 2969 3562 Jesum
3004 3512 3075 3562 sit
3106 3503 3428 3566 anathema.

186 3595 388 3640 vacuum
416 3585 615 3656 fuerit,
651 3594 709 3646 id
736 3601 823 3648 est
851 3613 979 3649 cum
1010 3613 1105 3650 vos
1146 3599 1473 3654 emendatos
1503 3617 1624 3655 esse
1653 3617 1756 3654 au-
1838 3599 2154 3652 Anathema
2170 3600 2361 3654 Graeco
2383 3615 2640 3652 sermone
2668 3598 2874 3652 dicitur
2901 3595 3154 3668 perditus
3192 3596 3276 3648 vel
3306 3601 3436 3648 con-

184 3668 340 3726 ἀίεΐίῑο
1838 3687 2158 3751 demnatus,
2183 3688 2236 3741 id
2261 3696 2345 3741 est
2367 3689 2584 3742 alienus
2601 3693 2658 3740 et
2676 3693 2968 3758 separatus
2984 3702 3016 3738 a
3051 3683 3186 3737 Deo.
3213 3681 3280 3738 Et
3297 3681 3434 3760 sub-

253 3761 470 3856 licilate.
509 3769 749 3840 Vigilat,
783 3773 878 3842 qui
905 3773 974 3825 ad
1005 3780 1291 3845 aspectum
1343 3777 1456 3830 veri
1500 3779 1746 3843 luminis,
1838 3775 2007 3852 infert
2059 3777 2414 3841 maranaiha,
2451 3777 2596 3846 quod
2650 3775 2828 3845 magis
2874 3781 2960 3827 est
3020 3773 3224 3845 Syrum
3262 3787 3430 3856 quam

183 3855 356 3904 mentis
375 3857 566 3932 oculos
584 3867 816 3929 apertos
841 3869 992 3916 tenet
1019 3882 1031 3929 ;
1066 3864 1277 3932 vigilat,
1298 3865 1391 3934 qui
1423 3875 1608 3922 servat
1627 3885 1753 3938 ope-
1837 3850 2172 3926 llacbraeum,
2207 3866 2433 3918 tametsi
2466 3882 2528 3917 ex
2560 3865 2800 3918 conﬁnio
2821 3869 3188 3939 utrarumque
3218 3850 3433 3938 lingua-

181 3940 330 3993 τεηάο
350 3946 493 4013 quod
512 3949 737 4014 credit;
769 3957 905 4003 state
927 3954 985 4003 in
1007 3951 1136 4020 ﬁde,
1166 3969 1237 4006 ne
1264 3955 1643 4010 succumbatis
1663 3958 1754 4010 de-
1835 3969 1984 4018 rum,
2017 3954 2229 4024 aliquid
2254 3961 2309 4010 et
2339 3953 2629 4006 Hebrmum
2678 3959 2856 4006 sonet.
2891 3951 3302 4022 Interpretatur
3329 3941 3433 4003 au-

181 4031 301 4114 fepti
327 4033 393 4084 ab
419 4036 767 4096 inﬁdelibus.
797 4047 858 4093 ut
883 4036 1106 4110 poSsitis
1132 4043 1327 4096 audire
1359 4061 1483 4096 cum
1518 4045 1712 4114 Moyse
1737 4065 1746 4098 :
1837 4048 1949 4095 tem
1977 4043 2280 4098 :Dominus
2305 4050 2497 4094 noster
2518 4042 2668 4094 venit
2692 4061 2703 4105 ;
2734 4048 2797 4093 ut
2816 4041 2888 4092 sit
2919 4056 3115 4093 sensus
3138 4057 3148 4090 :
3180 4037 3431 4092 Anathe-

186 4113 247 4165 Tu
266 4127 442 4175 autem
472 4127 562 4178 hic
599 4133 689 4180 sta
738 4145 949 4181 meeum
973 4131 1147 4182 (Deut.
1186 4141 1256 4194 ν).
1303 4134 1549 4186 Viriliter
1584 4113 1748 4200 agite,
1837 4147 1949 4193 ma,
1983 4132 2037 4184 id
2066 4139 2150 4184 est
2181 4131 2436 4202 perditio,
2468 4131 2548 4183 eis
2577 4131 2632 4183 in
2657 4131 2894 4182 adventu
2929 4127 3150 4200 Domini
3182 4127 3276 4197 qui
3299 4114 3430 4179 eum

177 4215 262 4256 nec
287 4211 543 4268 molliter.
578 4231 766 4284 neque
820 4216 1192 4280 muliebriter,
1228 4219 1324 4271 sed
1378 4220 1618 4274 ﬁrmiter
1655 4239 1754 4291 pu-
1837 4238 1946 4274 non
1970 4227 2181 4288 amant,
2209 4229 2308 4279 aut
2336 4223 2550 4281 venisse
2571 4231 2670 4276 aut
2698 4229 2993 4274 venturum
3023 4236 3145 4273 esse
3172 4236 3289 4278 non
3306 4233 3427 4271 cre-

175 4301 320 4357 gnate
344 4309 537 4354 contra
551 4303 768 4356 diaboli
785 4310 1150 4375 tentamenta.
1169 4308 1594 4375 Uon/brtamini,
1619 4311 1753 4363 sub-
1837 4311 1994 4364 dunt.
3126 4291 3128 4293 Ι

177 4381 312 4435 audis
337 4385 392 4439 in
423 4389 693 4455 Domino,
720 4408 830 4444 non
887 4392 943 4446 in
985 4393 1180 4446 vestris
1220 4396 1451 4462 meritis,
1485 4413 1666 4468 neque
1693 4400 1751 4453 in
1773 4382 1820 4440 D
1910 4401 2101 4454 Gratia
2131 4402 2357 4454 Domini
2387 4404 2564 4454 nas-tri
2603 4403 2727 4454 Jesu
2767 4400 2974 4460 Christi
3017 4399 3331 4459 vobiscum;
3373 4395 3431 4450 id

175 4479 330 4562 “Sim
355 4477 583 4531 νίηαῐεο
1835 4495 1920 4544 est
1951 4490 2106 4552 ﬁdes,
2129 4489 2386 4544 remissio
2418 4497 2797 4559 peccatorum,
2833 4495 2890 4542 et
2917 4491 3116 4542 cuncta
3154 4485 3254 4562 Dei
3283 4487 3432 4548 dona

233 4559 416 4650 Diania
452 4574 638 4620 uestra
661 4572 724 4623 in
754 4570 1022 4622 clm-ritate
1043 4573 1200 4636 ﬁant.
1235 4571 1287 4624 id
1341 4577 1427 4625 est
1451 4573 1750 4629 dilectione
1834 4594 1957 4648 quae
1977 4579 2154 4648 gratis
2178 4580 2385 4632 dantur
2405 4579 2681 4633 ﬁdelibus.

174 4641 254 4739 Dei
274 4647 730 4720 etproximi,non
748 4657 952 4727 duplici
989 4659 1194 4721 animo,
1222 4677 1402 4730 neque
1437 4679 1607 4716 causa
1635 4665 1728 4718 ina

1905 4668 2158 4721 Charitas
2189 4684 2308 4721 mea
2330 4685 2456 4720 cum
2478 4670 2731 4720 omnibus
2754 4668 2931 4728 vobis;
2965 4665 3018 4718 id
3053 4669 3156 4727 est,
3187 4681 3254 4717 ea
3285 4659 3425 4718 dile-

173 4739 461 4833 ¹¹¹⁸β¹⁰¹⁷ίεθα
1831 4755 2014 4809 ctione
2071 4773 2182 4826 qua
2235 4774 2329 4810 vos
2379 4757 2570 4827 diligo.
2605 4756 2817 4825 diligite
2849 4771 2945 4807 vos
2978 4754 3229 4818 invicem,
3265 4759 3321 4806 et
3359 4769 3426 4807 ea

229 4824 390 4916 {tostis
420 4833 659 4886 domum
698 4835 982 4902 Stephana’
1033 4841 1079 4889 et
1114 4837 1422 4892 Fortunati.
1461 4841 1746 4910 Stephana
1829 4824 2104 4898 charitate
2135 4862 2245 4916 qua
2269 4847 2444 4900 Deum
2476 4824 2665 4914 diligo,
2690 4824 2937 4911 diligatis
2964 4859 3111 4895 eum.
3146 4835 3336 4909 Amen,
3367 4841 3424 4916 id

170 4909 344 5006 nobilis
362 4921 622 4988 quaedam
657 4929 782 4976 erat
805 4931 1080 4998 matrona,
1134 4927 1294 4994 cujus
1353 4928 1564 4984 familia
1599 4931 1745 4986 facta
1829 4941 1932 4999 est,
1960 4937 2058 4990 ﬁat
2079 4936 2227 5005 quod
2256 4943 2387 5006 opto
2413 4954 2424 5000 ;
2459 4936 2562 5000 vel,
2599 4951 2729 4990 vera
2759 4933 2873 4987 sint
2902 4933 3089 4986 omnia
3110 4911 3423 5004 superius'a

169 5010 271 5054 erat
284 5003 539 5073 Ecclesia,
559 5011 821 5065 similiter
837 5013 1103 5067 etdomus
1125 5014 1438 5070 Fortunati.
1471 5020 1743 5084 Quoniam
1829 5039 1917 5076 me
1941 5003 2112 5075 dicta:
2293 5003 2308 5006 _
3169 5005 3172 5010 1

165 5122 3422 5168 .______________________________________

865 5253 981 5330 IN
1034 5253 1638 5335 EPISTOLAM
1687 5263 1766 5334 II
1816 5259 1968 5336 AD
2022 5253 2705 5342 CORINTHIOS.

693 5495 1212 5553 ARGUMENTUM.
1830 5521 1924 5557 eos
1953 5505 2210 5557 seductos
2232 5522 2352 5559 esse
2388 5521 2419 5556 a
2448 5507 2946 5578 pseudoapostolis,
2970 5508 3275 5562 discordias
3288 5523 3420 5576 quo-

224 5574 477 5644 Apostolo
535 5582 839 5639 recedente
887 5603 920 5639 a
951 5588 1279 5653 Corinthiis,
1321 5603 1448 5643 cum
1499 5589 1748 5645 audisset
1831 5609 1938 5663 que
1967 5594 2196 5662 habere,
2230 5574 2464 5666 scripsit
2480 5597 2561 5651 eis
2596 5574 2843 5667 priorem
2885 5597 3191 5667 Epistulam
3222 5595 3282 5648 in
3304 5574 3419 5663 qua
