3936 6164
497 259 600 317 607

941 260 1319 318 HAYMONIS
1361 261 1851 320 HALBERSTAT.
1886 265 2091 324 EPISC

2175 271 2307 327 )PP.
2334 274 2520 331 PARS
2547 274 2593 333 Ι.
2627 305 2691 317 -
2724 275 3101 337 COMMENT.
3138 280 3320 342 BIBL.

3598 289 3681 348 608

495 384 1024 481 fortiterredarguit
1051 389 1179 444 illos
1200 389 1295 460 qui
1320 389 1698 444 dissensiones
1727 390 1878 445 inter
1896 391 2098 446 fratres
2116 400 2158 455 A
2183 412 2301 463 qua
2323 399 2471 463 facta
2494 404 2571 452 est
2584 403 2642 453 in
2653 401 2803 454 Asia.
2830 401 2887 456 Si
2904 401 3202 459 dividimus
3240 408 3483 463 mundum
3495 427 3579 481 per
3593 420 3685 469 tres

495 475 867 540 seminabant,
902 485 960 531 et
990 495 1085 531 eos
1115 479 1207 548 qui
1240 495 1365 532 cum
1423 478 1518 532 illo
1568 479 1891 534 societatem
1926 481 2098 534 habe-

493 560 653 629 bant,
685 581 900 619 necnon
926 572 982 619 et
1013 566 1166 620 illum
1192 567 1285 636 qui
1317 583 1543 619 uxorem
1578 568 1752 636 patris
1784 575 2094 639 acceperat,

498 668 664 723 quem
700 654 862 723 prisci
870 654 952 725 pit
978 654 1102 723 ejici
1133 671 1163 707 a
1188 655 1468 707 consortio
1495 655 1767 719 omnium,
1789 657 2018 710 tradens
2038 658 2101 711 il-

498 741 612 816 lum
637 742 856 795 Satanae
877 743 945 795 ad
970 742 1362 809 cruciandum;
1392 743 1448 796 in
1471 760 1581 813 qua
1602 743 1835 797 tradidit
1853 746 1933 798 eis
1957 762 2102 816 mys-

498 810 703 883 t’erium
738 831 987 900 corporis
1025 840 1082 884 et
1110 831 1399 900 sanguinis
1428 831 1745 894 Domini,et
1764 834 1908 902 quod
1930 834 2101 887 debe-

493 925 623 972 rent
652 919 787 972 illud
804 936 1047 981 sumere,
1072 927 1128 973 et
1153 920 1299 989 quod
1331 919 1602 973 deberent
1634 920 1733 973 viri
1761 930 1816 975 et
1835 922 2101 977 mulieres

492 1006 551 1061 in
577 1007 809 1061 ecclesia
836 1013 989 1061 stare
1041 1008 1119 1062 De
1150 1009 1558 1061 resurrectione
1587 1025 1809 1079 quoque
1852 1010 2100 1064 instituit

493 1093 641 1160 illos,
660 1101 718 1148 et
737 1095 807 1149 de
835 1095 1030 1149 multis
1050 1096 1177 1149 aliis
1200 1095 1386 1150 rebus.
1425 1097 1727 1166 Postquam
1746 1114 1875 1152 vero
1898 1115 2100 1168 cogno-

493 1181 571 1235 vit
600 1198 695 1236 eos
726 1183 1112 1254 pcenitentiam
1145 1184 1324 1254 egisse
1345 1184 1413 1236 de
1444 1184 1560 1237 suis
1598 1185 1902 1251 erroribus,
1937 1187 2097 1240 illum

495 1286 718 1341 quoque
739 1288 888 1325 asuo
908 1273 1188 1326 consortio
1229 1272 1528 1327 exclusisse
1570 1273 1665 1343 qui
1694 1274 1964 1329 incestum
1998 1293 2099 1346 pa-

492 1364 760 1421 traverat,
816 1375 1044 1413 uxorem
1105 1360 1281 1430 patris
1335 1361 1631 1431 accipiens,
1693 1363 1919 1433 scripsit
1948 1365 2028 1417 eis
2066 1381 2100 1418 a

491 1448 710 1501 Troade
741 1447 885 1502 hanc
929 1448 1234 1519 Epistolam
1284 1449 1656 1504 laudatoriam
1707 1458 1762 1506 et
1792 1454 2097 1507 consolato-

494 1535 660 1601 riam,
691 1535 747 1589 in
778 1552 890 1607 qua
909 1536 1045 1590 dicit
1078 1536 1202 1590 illos
1246 1538 1691 1592 misericordiam
1724 1540 2001 1595 invenisse
2039 1548 2098 1596 et

494 1630 721 1677 revocat
750 1624 909 1678 illum
940 1625 1345 1689 miserrimum,
1383 1644 1556 1697 quem
1581 1635 1748 1683 antea
1780 1629 2095 1684 tradiderat

2182 492 2389 556 partes,
2447 489 2761 542 invenimus
2799 491 3154 546 medietatem
3206 496 3367 550 totius
3410 500 3573 553 mundi
3596 518 3689 557 esse

2179 575 2392 638 Asiam,
2422 576 2588 630 aliam
2616 594 2745 631 vero
2797 580 3152 634 medietatem
3202 589 3382 638 tenere
3403 586 3531 640 inter
3562 589 3694 644 Euro-

2182 680 2309 733 pam
2336 669 2389 717 et
2412 665 2676 723 Africam.
2703 667 2757 721 Si
2792 684 2919 721 vero
2950 670 3352 741 quadripaitite
3378 674 3515 727 illum
3534 677 3694 731 divise-

2183 753 2378 818 rimus,
2396 761 2561 808 erunt
2582 763 2770 825 partes
2792 758 2913 826 ejus
2928 758 3151 828 Europa
3170 766 3226 813 et
3254 759 3428 814 Africa
3452 781 3461 813 :
3481 764 3592 817 Asia
3605 782 3697 819 ma-

2177 842 2289 912 jor.
2314 852 2368 896 et
2385 844 2520 896 Asia
2559 843 2760 907 minor;
2792 846 2848 898 in
2874 862 2982 915 qua
3006 848 3210 901 multas
3232 848 3581 905 tribulationes
3604 870 3701 923 pro-

2182 930 2315 984 tulit
2335 932 2634 1001 Apostolus
2660 951 2672 991 ;
2706 932 2855 987 dicta
2884 943 2969 988 est
2997 942 3184 989 autem
3215 939 3530 1006 generaliter
3560 941 3703 995 omnis

2180 1019 2333 1083 Asia,
2355 1018 2485 1072 Asia
2510 1021 2707 1090 major,
2724 1028 2779 1075 et
2808 1022 2937 1076 Asia
2972 1023 3174 1087 minor,
3206 1041 3240 1078 a
3270 1026 3485 1079 muliere
3510 1027 3704 1097 quadam

2183 1123 2304 1176 quae
2332 1107 2506 1161 totius
2538 1109 2697 1178 regni
2727 1110 2960 1164 orientis
3005 1111 3300 1183 imperium
3330 1114 3512 1175 tenuit,
3542 1115 3663 1184 quod
3685 1132 3710 1168 a

2182 1212 2283 1250 suo
2315 1196 2544 1249 nomine
2575 1198 2790 1251 vocavit
2818 1198 3027 1253 Asiam.
3078 1200 3163 1254 Ab
3212 1202 3393 1255 Indico
3420 1202 3546 1255 mari
3571 1219 3710 1273 usque

2181 1285 2250 1338 ad
2272 1285 2656 1339 Britannicum
2680 1303 2875 1341 omnes
2895 1287 3236 1353 illazinsulaa,
3252 1290 3459 1344 Asianae
3472 1296 3711 1344 vocantur.

2179 1373 2255 1427 Ut
2275 1389 2408 1441 ergo
2439 1373 2715 1427 Corinthii
2733 1375 2827 1445 qui
2860 1377 3304 1446 persecutionem
3335 1377 3712 1432 sustinebantab

2177 1460 2515 1523 inﬁdelibus,
2545 1478 2655 1515 non
2687 1462 3010 1529 deﬁcerent,
3034 1464 3131 1518 dat
3150 1465 3228 1518 eis
3244 1466 3521 1535 Apostolus
3546 1471 3714 1518 semet-

2176 1548 2359 1619 ipsum
2392 1549 2449 1603 in
2482 1551 2819 1621 exemplum.
2852 1551 3043 1606 dicens
3074 1571 3085 1604 :
3120 1553 3263 1607 Nolo
3287 1560 3350 1607 ut
3375 1553 3617 1624 ignoretis
3640 1553 3715 1605 tri-

2178 1636 2497 1691 bulationes
2521 1655 2660 1708 quas
2690 1656 2791 1692 nos
2820 1641 3186 1701 sustinemus,
3228 1649 3293 1696 ut
3311 1650 3493 1696 nostro
3508 1640 3716 1711 exemplo

493 1715 736 1782 Satanae,
767 1717 1135 1771 reconcilians
1190 1718 1349 1772 illum
1412 1720 1685 1785 Ecclesiae,
1719 1722 2089 1796 hortaturque
2109 1703 2153 1761 Β
2176 1724 2531 1779 roboremini.
2551 1727 2693 1789 Quid
2713 1728 2862 1781 enim
2880 1730 3084 1782 mirum
3103 1729 3145 1783 si
3178 1730 3430 1800 discipuli
3460 1727 3715 1781 verberan-

485 1803 615 1858 illos
643 1822 867 1877 semper
890 1808 1166 1877 proiicere
1194 1808 1265 1860 ad
1298 1807 1547 1863 meliora.

990 1948 1225 2004 CAPUT
1256 1950 1573 2005 PRIMUM.

564 2074 768 2127 Paulus
794 2076 1066 2141 apostolus
1086 2076 1212 2127 Jesu
1236 2075 1460 2129 Christi.
1497 2076 1564 2129 Et
1592 2075 1695 2129 hoc
1710 2077 1827 2146 jam
1877 2077 2015 2131 satis
2036 2078 2094 2132 in

490 2162 875 2232 superioribus
903 2162 1113 2216 dictum
1149 2168 1251 2216 est.
1276 2165 1380 2216 Per
1407 2168 1745 2218 voluntatem
1776 2168 1886 2219 Dei.
1910 2167 2094 2221 Patris

492 2255 550 2305 et
578 2251 751 2305 totius
771 2251 1083 2314 Trinitatis,
1117 2253 1378 2322 quoniam
1425 2253 1571 2308 sicut
1623 2271 1735 2308 una
1779 2254 2091 2310 substantia

488 2339 784 2394 Trinitatis
813 2347 901 2394 est
922 2346 979 2394 et
1015 2341 1252 2394 indivisa
1299 2343 1584 2413 majestas,
1620 2343 1700 2396 ita
1720 2349 1777 2397 et
1805 2344 2089 2414 insepara-

494 2427 618 2481 bilis
652 2429 923 2482 voluntas.
985 2431 1051 2483 Et
1105 2431 1433 2492 Timotheus,
1479 2433 1659 2498 frater
1688 2432 1746 2485 in
1797 2432 1926 2496 fide,
1974 2433 2089 2486 sive

494 2517 680 2571 socius
707 2517 765 2571 in
792 2518 1212 2588 praedicatione,
1242 2535 1354 2572 non
1378 2527 1564 2573 tamen
1587 2521 1816 2590 aequalis
1833 2521 1891 2574 in
1913 2520 2093 2591 digni-

490 2610 628 2660 tate.
664 2606 911 2660 Ecctesia
952 2608 1053 2660 Dei
1098 2624 1217 2674 qua
1253 2617 1327 2661 est
1385 2609 1656 2663 Corinthi.
1694 2608 1950 2662 Forsitan
1980 2626 2091 2662 non

491 2694 780 2749 habebant
821 2695 1006 2749 adhuc
1061 2696 1357 2767 praelatum
1394 2697 1738 2769 episcopum,
1770 2697 1896 2751 ideo
1939 2699 2092 2752 omni

490 2783 748 2838 Ecclesiae
778 2784 971 2855 dirigit

564 2875 883 2928 Benedictus
904 2877 1063 2941 Deus,
1085 2873 1353 2930 subaudis
1374 2876 1543 2929 Pater
1581 2875 1816 2930 Creator
1839 2876 2092 2930 omnium

412 3002 429 3009 -
496 2962 820 3032 rerum,qui
834 2968 919 3017 est
935 2966 1096 3017 Pater
1110 2965 1333 3018 Domini
1373 2968 1552 3018 nostri
1578 2966 1705 3018 Jesu
1719 2966 1946 3029 Christi,
1978 2974 2092 3019 tam

2173 1819 2268 1866 tur
2290 1830 2416 1867 cum
2443 1814 2701 1884 magistri
2724 1816 3073 1870 decollentur
3107 1818 3519 1888 cruciﬁgantur,
3545 1821 3593 1869 et
3613 1812 3719 1884 lapi-

2175 1901 2416 1955 dentur?
2436 1906 2612 1970 Quam
2642 1920 2814 1971 supra
2837 1907 3061 1958 modum
3078 1910 3501 1972 gravatisumus
3518 1910 3559 1957 et
3584 1918 3719 1971 supra

2175 1992 2455 2043 uirtutem.
2491 1991 2631 2044 Cum
2674 1991 2824 2045 idem
2883 1994 3187 2063 Apostolus
3222 1993 3281 2047 in
3316 1993 3549 2064 Epistola
3574 1992 3720 2062 prima

2176 2079 2349 2132 dicat:
2378 2078 2584 2134 Fidelis
2606 2081 2755 2134 Deus
2788 2081 2881 2151 qui
2904 2098 3015 2135 non
3046 2084 3298 2153 patietur
3334 2100 3427 2136 vos
3448 2081 3631 2136 tentari
3654 2096 3724 2134 su-

2177 2184 2278 2238 pra
2307 2167 2358 2220 id
2386 2168 2532 2237 quod
2552 2169 2801 2238 potestis,
2824 2170 3184 2239 quaerendum
3204 2179 3293 2225 est
3312 2187 3481 2242 quare
3502 2170 3582 2223 hic
3605 2169 3723 2222 dicat

2174 2272 2345 2326 supra
2363 2257 2586 2310 modum
2602 2273 2661 2311 se
2674 2273 2795 2311 esse
2806 2267 3100 2327 gravatum
3122 2259 3147 2312 7
3167 2260 3253 2312 Ad
3277 2260 3422 2330 quod
3445 2259 3719 2321 dicendum,

2173 2345 2304 2414 quia
2336 2345 2465 2398 licet
2508 2361 2678 2415 supra
2730 2346 2959 2400 modum
2992 2347 3108 2401 sint
3150 2348 3390 2417 gravati,
3422 2347 3474 2401 id
3505 2356 3581 2400 est
3606 2346 3725 2399 ultra

2171 2435 2482 2487 humanum
2516 2434 2766 2499 modum,
2792 2441 2851 2489 et
2872 2436 3019 2489 ultra
3045 2453 3213 2507 quam
3237 2438 3485 2491 humana
3498 2434 3726 2499 fragilitas

2173 2538 2272 2576 sua
2303 2523 2508 2576 virtute
2529 2528 2714 2593 potest
2734 2523 2987 2587 sufferre,
3012 2540 3122 2578 non
3140 2532 3336 2579 tamen
3358 2525 3503 2578 ultra
3522 2523 3725 2576 divinam

2173 2615 2459 2678 virtutem,
2493 2633 2616 2685 qua:
2646 2617 2724 2670 eis
2745 2617 3102 2672 tolerantiam
3155 2616 3471 2672 sustinendi
3509 2622 3562 2670 et
3583 2615 3728 2667 virtu-

2173 2710 2286 2759 tem
2317 2705 2616 2775 superandi
2647 2705 2863 2770 tribuit,
2919 2709 3019 2771 ita,
3052 2706 3256 2777 inquit,
3285 2721 3482 2761 sumus
3528 2701 3725 2775 gravati.

2174 2798 2234 2847 ut
2269 2795 2479 2847 taderet
2506 2810 2600 2847 nos
2632 2797 2799 2848 etiam
2853 2798 3047 2849 vivere.
3101 2796 3355 2850 Tedium
3404 2801 3490 2849 est
3520 2790 3732 2846 anxietas

2175 2877 2350 2931 animi
2388 2896 2399 2931 :
2443 2877 2744 2948 aliquando
2788 2895 2887 2949 pro
2932 2879 3333 2949 aggravatione
3389 2877 3621 2950 ponitur,
3657 2872 3734 2926 ali-

2178 2963 2401 3033 quando
2422 2979 2520 3032 pro
2541 2962 2688 3027 odio,
2713 2970 2776 3015 ut
2793 2962 2899 3015 hic.
2924 2961 3214 3016 Intantum
3246 2961 3544 3033 (inquiens)
3573 2973 3732 3012 sumus

499 3051 807 3105 secundum
835 3052 1208 3115 divinitatem,
1233 3069 1400 3123 quam
1443 3054 1749 3107 secundum
1782 3053 2158 3121 humanita-C
2177 3050 2392 3121 gravati
2428 3050 2723 3121 pressuris,
2749 3056 2811 3104 ut
2831 3050 2957 3103 odio
2981 3050 3320 3105 haberemus
3354 3051 3522 3104 vitam
3531 3061 3739 3120 praesen-

492 3143 628 3192 tem.
654 3139 876 3195 Aliter:
936 3142 1271 3195 Benedictus
1318 3142 1468 3196 Deus
1500 3142 1693 3206 Filius,
1735 3144 1833 3211 qui
1871 3148 1996 3196 erat
2032 3144 2091 3197 in

492 3227 771 3299 principio
838 3229 1084 3283 Verbum
1143 3230 1288 3300 apud
1346 3231 1591 3297 Patrem,
1635 3231 1731 3300 qui
1782 3237 1866 3285 est
1923 3231 2092 3285 Pater

492 3313 725 3371 Domini
756 3319 932 3371 nostri
960 3320 1090 3372 Jesu
1154 3318 1384 3381 Christi,
1427 3318 1483 3371 id
1543 3325 1630 3371 est
1680 3318 1922 3372 hominis
1961 3336 1994 3372 a
2031 3336 2091 3373 se

494 3406 786 3476 assumpti.
821 3407 1018 3461 Totius
1046 3406 1193 3460 enim
1225 3406 1519 3459 Trinitatis
1548 3423 1715 3476 opere
1757 3415 1977 3461 creatus
2007 3412 2094 3461 est

494 3495 591 3549 ille
625 3495 811 3549 homo.
843 3494 1055 3548 Tamen
1114 3494 1581 3549 considerandum
1623 3494 1753 3564 quia
1793 3496 2092 3549 dividimus

492 3600 783 3656 personas,
806 3585 902 3637 sed
925 3601 1035 3638 non
1059 3583 1457 3653 distinguimus
1472 3583 1834 3637 substantias.
1855 3587 1901 3638 A
1921 3584 2091 3638 bene-

494 3672 834 3727 dictionibus
875 3678 931 3726 et
986 3672 1247 3725 laudibus
1291 3672 1572 3726 inchoavit
1598 3674 1898 3743 Apostolus
1938 3690 2092 3727 more

495 3760 966 3831 patriarcharum,
1017 3767 1455 3832 sanctorumque
1507 3763 1780 3816 Patrum:
1827 3763 1973 3833 quod
1999 3762 2091 3817 ubi

494 3848 796 3909 invenitur,
829 3866 895 3903 ea
925 3867 1048 3920 quae
1074 3858 1391 3920 sequuntUr
1436 3867 1701 3921 prospere
1758 3852 2086 3906 succedunt.

493 3940 658 3993 Pater
678 3941 1216 4002 misericordiarum.
1248 3938 1515 3993 subaudis
1534 3939 1608 3993 sit
1638 3939 1965 3994 benedictus
1995 3941 2091 4011 qui

496 4027 802 4082 secundum
833 4028 1249 4082 multitudinem
1282 4045 1533 4082 errorum
1576 4036 1629 4082 et
1662 4029 1959 4082 criminum
1992 4045 2056 4081 ve
2077 4061 2089 4067 ς

495 4121 763 4177 atrorum,
795 4116 1033 4185 largitus
1063 4125 1144 4169 est
1173 4116 1327 4169 vobis
1380 4116 1765 4186 paenitentiam
1796 4115 2094 4185 agentibus

496 4204 835 4273 multiplices
888 4204 1323 4266 misericordias,
1355 4204 1698 4273 indulgendo
1753 4204 1907 4257 vobis
1936 4221 2091 4258 com-

2172 3146 2309 3195 tem.
2332 3139 2667 3193 etvellemus
2687 3138 2871 3208 potius
2911 3139 3051 3192 mori
3080 3156 3247 3209 quam
3284 3142 3502 3205 vivere,
3541 3136 3627 3190 sed
3652 3130 3735 3204 ipsi

2171 3228 2230 3281 in
2258 3228 2671 3298 nobismetipsis
2693 3244 3021 3298 responsum
3048 3228 3245 3282 mortis
3269 3228 3633 3282 habuimusut
3649 3237 3737 3277 non

2172 3318 2348 3371 simus
2369 3318 2604 3370 fidentes
2619 3316 2677 3370 in
2698 3315 2877 3370 nobis.
2899 3316 2992 3369 sed
3017 3317 3074 3370 in
3097 3317 3211 3370 Deo
3254 3317 3354 3387 qui
3381 3315 3607 3370 suscitat
3624 3326 3740 3364 mor-

2172 3410 2320 3459 tuos.
2355 3405 2512 3468 Quod
2546 3410 2729 3475 potest
2760 3422 2909 3457 mors
2938 3405 3090 3475 loqui
3122 3412 3177 3459 et
3237 3420 3570 3475 responsum
3599 3398 3740 3454 dare?

2175 3494 2289 3547 Nos
2319 3493 2519 3564 inquit,
2553 3494 2658 3564 ipsi
2689 3493 2988 3547 habuimus
3017 3494 3073 3547 in
3109 3494 3420 3565 nobisipsis
3444 3500 3739 3562 responsum

2176 3582 2393 3639 mortis.
2410 3582 2463 3634 id
2481 3587 2566 3635 est
2595 3582 2714 3652 ipsa
2740 3598 2890 3635 mors
2921 3588 2977 3634 et
3004 3581 3296 3636 tribulatio
3332 3593 3506 3652 atque
3521 3572 3746 3648 angustia

2175 3669 2394 3723 dicebat
2420 3669 2580 3723 nobis
2609 3670 2665 3723 in
2697 3671 2882 3734 corde,
2943 3671 3075 3724 dum
3131 3673 3522 3725 cruciaremur
3553 3690 3564 3721 ;
3593 3664 3746 3720 Nolite

2175 3759 2455 3814 conﬁdere
2472 3759 2530 3812 in
2553 3758 2724 3819 vobis,
2745 3760 2841 3813 sed
2863 3759 2918 3812 in
2942 3760 3058 3813 Deo
3103 3760 3375 3829 quoniam
3410 3774 3522 3812 non
3548 3750 3749 3828 potestis

2175 3855 2359 3902 vestra
2383 3848 2586 3901 virtute
2608 3855 2707 3900 aut
2723 3847 2958 3901 aliorum
2979 3848 3269 3901 hominum
3294 3848 3521 3901 vincere
3542 3845 3636 3898 hos
3654 3855 3753 3894 cru-

2174 3936 2371 3991 ciatus.
2408 3936 2603 3989 Ponite
2631 3935 2687 3989 in
2725 3936 2836 3989 Deo
2868 3937 2940 3989 ﬂd
2954 3936 3132 3989 uciam
3155 3942 3212 3990 et
3237 3954 3400 4007 spem
3434 3941 3682 3994 vestram,
3707 3930 3753 3981 et

2175 4027 2293 4097 ipse
2316 4025 2411 4096 qui
2440 4024 2674 4078 suscitat
2694 4033 2962 4078 mortuos.
2980 4025 3189 4095 poterit
3212 4027 3417 4096 utique
3435 4040 3530 4077 vos
3552 4032 3755 4075 eruere:

2175 4115 2254 4168 sic
2275 4114 2422 4167 enim
2455 4112 2747 4165 videbatur
2774 4113 2887 4165 illis
2920 4113 3078 4182 quasi
3110 4113 3179 4165 de
3225 4113 3479 4166 mortuis
3516 4110 3583 4163 ad
3613 4107 3755 4159 vitam

2175 4209 2589 4256 revocarentur.
2607 4203 3016 4269 Adjuvantibus
3044 4203 3189 4254 vobis
3212 4203 3275 4255 in
3293 4204 3661 4266 orationepro
3687 4209 3762 4247 n0-

497 4291 673 4343 missa
716 4291 947 4353 scelera,
970 4296 1019 4343 et
1046 4293 1182 4343 Deus
1205 4296 1368 4344 totius
1400 4295 1809 4358 consolationis,
1825 4292 2092 4346 subaudis
2112 4337 2159 4360 η
2177 4294 2275 4357 bis,
2309 4290 2574 4344 subaudis
2594 4292 2758 4352 tacta,
2780 4296 2845 4342 ut
2865 4290 3175 4360 eripiamur
3192 4296 3245 4343 et
3270 4306 3380 4343 nos
3412 4291 3484 4343 de
3513 4280 3758 4356 angustiis

495 4379 572 4432 sit
600 4377 943 4433 benedictus.
998 4379 1165 4432 Recte
1192 4380 1338 4432 Deus
1366 4379 1542 4433 totius
1570 4380 1965 4434 consolationis
1992 4398 2093 4452 ap-
2113 4365 2344 4450 J“hujus
2364 4379 2577 4439 mundi,
2598 4365 2739 4431 utea:
2762 4382 3077 4432 multarum
3101 4382 3363 4447 personis
3383 4381 3654 4446 facierum
3668 4376 3763 4441 ejus

498 4467 758 4539 pelialur,
775 4468 907 4538 quia
924 4468 1244 4538 quicunque
1272 4470 1548 4522 consolari
1577 4476 1864 4523 merentur
1883 4469 1953 4522 ab
1975 4470 2089 4535 illo,
2177 4486 2292 4538 qua
2318 4474 2380 4522 in
2412 4471 2563 4522 nobis
2593 4473 2667 4521 est
2694 4469 3031 4531 donationis,
3044 4483 3146 4535 per
3166 4470 3380 4521 multae
3400 4469 3601 4535 gratia
3619 4475 3764 4529 agan-

498 4564 554 4612 et
566 4556 839 4628 perillum
862 4557 1239 4611 consolantur.
1274 4559 1335 4611 Ut
1363 4562 1632 4625 possimus
1653 4564 1700 4612 et
1722 4562 1831 4626 ipsi
1853 4561 2094 4611 consola-

498 4650 557 4701 ri
582 4663 667 4701 eos
694 4649 795 4715 qui
822 4650 884 4700 in
939 4649 1096 4700 omni
1132 4661 1399 4714 pressura
1443 4652 1594 4700 sunt.
1618 4647 1749 4700 Ideo
1776 4648 2096 4701 consolatur

496 4753 599 4791 nos
613 4736 939 4808 Apostolus,
960 4735 1248 4789 liberando
1262 4736 1329 4789 de
1343 4735 1738 4789 afﬂictionibus
1773 4742 2094 4806 persecuto-

496 4843 645 4892 rum,
670 4834 727 4881 et
741 4844 841 4881 nos
865 4826 1071 4880 iterum
1103 4832 1296 4880 nostro
1319 4825 1485 4879 verbo
1519 4832 1576 4878 et
1605 4825 1857 4895 exemplo
1901 4841 2094 4879 conso-

496 4917 681 4969 lemur
702 4916 829 4969 illos
854 4914 949 4984 qui
975 4916 1031 4968 in
1062 4914 1216 4968 omni
1240 4930 1503 4984 pressura
1545 4919 1602 4967 et
1649 4914 1907 4983 angustia
1935 4919 2089 4968 sunt.

498 5002 575 5056 Et
610 5003 934 5072 quomodo?
979 5006 1081 5056 Per
1100 5004 1534 5057 exhortationem
1567 5018 1677 5069 qua
1704 5005 2086 5067 exhortamur,

498 5091 555 5145 id
577 5097 665 5145 est
680 5091 964 5151 docemur,
992 5090 1353 5151 liberandi,et
1392 5095 1499 5159 ipsi
1533 5108 1567 5144 ιι
1604 5092 1726 5145 Deo.
1764 5091 2087 5145 Exhortatio

499 5179 712 5250 species
750 5185 838 5232 est
857 5178 1140 5232 doctrina).
1176 5179 1341 5232 Verbi
1374 5181 1585 5249 gratia:
1622 5189 1763 5232 (.um
1793 5187 1892 5232 aut
1923 5179 2089 5233 verbo

498 5268 756 5339 simplici,
791 5276 891 5321 aut
915 5268 1167 5336 exemplo
1198 5285 1298 5322 suo
1349 5269 1432 5321 vel
1468 5269 1705 5321 aliorum
1737 5269 2093 5322 consolamur

496 5358 739 5429 aliquem
766 5374 835 5411 ne
868 5357 1127 5428 desperet
1175 5358 1245 5411 de
1275 5359 1475 5423 salute,
1509 5358 1605 5412 sed
1636 5358 1711 5413 sit
1756 5375 1986 5413 securus
2023 5358 2092 5412 de

496 5450 680 5504 venia.

571 5538 705 5595 Νοιο
732 5552 822 5593 vos
850 5540 1132 5605 ignorare,
1164 5538 1390 5604 fratres,
1425 5538 1489 5590 de
1519 5540 1876 5596 tribulatione
1901 5543 2092 5594 nostra

2179 4564 2272 4610 tur
2315 4575 2416 4627 pro
2449 4559 2616 4611 nobis.
2658 4557 2795 4610 Ecce
2853 4556 3086 4610 confusa
3140 4556 3456 4610 sententia.
3493 4551 3767 4625 Imperitos

2176 4649 2325 4701 enim
2351 4647 2456 4702 fuit
2474 4647 2777 4716 Apostolus
2797 4662 3076 4710 sermone,
3091 4644 3185 4698 sed
3226 4661 3344 4699 non
3364 4644 3624 4706 scientia,
3647 4640 3769 4693 sicut

2176 4738 2295 4807 ipse
2307 4737 2375 4790 de
2397 4735 2580 4806 seipso
2602 4735 2754 4789 dicit.
2781 4734 2953 4788 Istius
2982 4733 3237 4787 versiculi
3269 4732 3390 4786 ista
3422 4739 3515 4787 est
3544 4735 3770 4785 constru-

2175 4825 2284 4878 ctio
2319 4842 2329 4876 :
2366 4824 2494 4878 Ideo
2533 4840 2633 4894 per
2656 4830 2868 4877 vestras
2901 4823 3183 4876 orationes
3209 4820 3488 4875 liberabit
3513 4827 3570 4873 et
3586 4820 3771 4872 erueta

2172 4913 2451 4985 pressaris
2478 4917 2897 4983 persecuturum
2927 4917 2989 4965 ut
3018 4927 3082 4965 ex
3112 4909 3306 4963 multis
3348 4907 3615 4980 personis
3635 4902 3775 4959 facie-

2172 5019 2321 5067 rum,
2344 5002 2400 5055 id
2420 5008 2506 5056 est
2526 5001 2841 5059 hominum,
2865 5007 3108 5070 agantur
3120 5000 3234 5053 Deo
3256 4999 3475 5068 gratiae
3506 5013 3607 5068 pro
3636 4990 3774 5048 nobis

2172 5108 2272 5163 per
2299 5090 2507 5144 multos
2538 5089 2791 5143 homines
2822 5091 2944 5160 ejus
2973 5087 3291 5142 donationis
3317 5104 3455 5158 quae
3487 5081 3710 5140 donatio
3728 5077 3777 5131 in

2174 5179 2333 5233 nobis
2350 5184 2471 5246 est;
2502 5195 2699 5231 sensus
2737 5183 2925 5231 autem
2973 5176 3078 5230 iste
3096 5183 3212 5230 est:
3257 5175 3491 5229 Idcirco
3524 5175 3671 5227 Deus
3694 5182 3779 5222 nos

2176 5268 2435 5323 liberabit
2465 5284 2565 5338 per
2594 5273 2806 5320 vestras
2827 5265 3128 5321 orationes.
3146 5269 3209 5317 ut
3231 5279 3365 5316 cum
3391 5280 3505 5317 nos
3527 5259 3779 5316 fuerimus

2176 5357 2415 5415 liberati.
2450 5357 2768 5411 referantur
2795 5355 2847 5409 ei
2896 5354 3092 5425 gratiae
3122 5369 3155 5406 a
3184 5352 3390 5405 multis
3445 5349 3774 5407 hominibus.

2176 5447 2379 5518 quibus
2409 5447 2717 5517 profuimus
2743 5452 2800 5498 et
2816 5459 3132 5515 prosumus,
3158 5448 3332 5511 atque.
3361 5446 3641 5510 prodesse
3669 5451 3783 5509 pos-

2174 5554 2389 5604 sumus,
2416 5535 2563 5607 quod
2585 5551 2681 5588 vos
2700 5533 3015 5595 exaudierit
3032 5548 3133 5605 pro
3162 5528 3327 5589 nobis
3356 5529 3666 5586 liberando
3695 5539 3783 5580 nos
