3852 6154
183 256 286 314 609

836 258 1219 315 EXPOSITIO
1257 260 1336 315 IN
1373 261 1527 315 EPP.
1572 262 1630 317 S.
1673 260 1912 317 PAULI.
1952 288 2020 302 -
2058 258 2141 315 IN
2179 260 2401 317 EPIST.
2441 260 2468 315 Ι
2508 259 2606 314 AD
2643 259 2803 315 COR.

3340 258 3448 317 610

186 380 340 444 Quod
371 380 523 435 enim
553 382 690 436 dicit
717 384 1031 437 multarum
1056 385 1352 450 facierum,
1375 385 1481 439 hoc
1500 390 1603 449 est,
1627 385 1775 457 quod
1793 387 1840 445 A
1862 401 1983 453 qua:
2012 390 2202 455 sperat
2229 384 2480 455 accipere
2497 401 2530 437 a
2551 383 2817 438 divitibus
2837 389 2893 438 et
2909 384 3272 455 principibus.
3304 385 3455 455 quod

182 469 310 523 dicit
342 486 408 524 ex
439 472 717 540 personis.
750 471 1075 526 Donationis
1105 480 1295 528 autem
1328 475 1450 545 ejus
1478 475 1607 529 dicit
1644 492 1747 545 δῖα

180 557 313 610 tiam
346 575 457 629 qua
488 560 571 613 illi
604 560 823 614 liberati
856 566 1009 613 sunt.

249 648 398 700 Nam
426 650 611 714 gloria
640 654 848 703 nostra.
883 648 939 701 id
973 653 1060 703 est
1075 649 1254 704 honor
1274 656 1331 705 et
1359 650 1779 722 magniﬁcentia

183 738 392 799 nostra,
427 735 537 788 hac
559 741 633 788 est
656 754 671 797 ;
704 736 882 798 Quae?
907 741 1285 792 testimonium
1312 745 1651 795 conscientia:
1679 757 1778 794 no-

181 827 323 885 stra,
355 823 489 892 quia
532 824 871 877 conscientia
922 832 1131 889 nostra,
1178 827 1231 880 id
1273 834 1360 882 est
1396 845 1555 883 mens
1583 834 1778 883 nostra

180 908 440 979 perhibet
495 911 650 964 nobis
697 912 1081 966 testimonium
1123 915 1271 984 quod
1296 922 1448 970 recte
1472 917 1773 983 credimus,

181 996 321 1052 bene
350 998 636 1061 docemus,
667 1008 859 1054 sancte
890 1000 1144 1063 vivimus,
1175 1008 1225 1055 et
1245 1007 1389 1072 quod
1418 1008 1480 1058 in
1502 1009 1777 1074 simplici-

183 1092 288 1140 tate
338 1089 517 1141 cordis
561 1095 609 1143 et
653 1092 967 1144 sinceritate
1008 1093 1122 1153 Dei,
1157 1092 1211 1145 id
1244 1099 1330 1146 est
1356 1093 1414 1147 in
1442 1094 1697 1157 veritate,
1727 1101 1777 1150 et

183 1192 291 1230 non
321 1176 531 1247 duplici
559 1177 768 1239 animo,
802 1194 982 1248 neque
996 1182 1058 1232 in
1082 1181 1354 1248 sapientia
1381 1186 1620 1247 carnali,
1643 1200 1775 1237 con-

181 1265 389 1319 versati
430 1282 626 1319 sumus
654 1266 712 1319 in
742 1266 846 1320 hoc
876 1268 1103 1328 mundo,
1138 1271 1229 1322 sed
1272 1273 1330 1323 in
1355 1274 1544 1337 gratia
1575 1274 1685 1335 Dei,
1720 1272 1775 1326 id

178 1359 262 1407 est
291 1353 352 1407 in
393 1354 669 1424 sapientia
704 1372 827 1425 quae
869 1357 1046 1425 gratis
1095 1373 1128 1409 a
1170 1357 1284 1410 Deo
1324 1358 1482 1412 nobis
1513 1360 1647 1413 data
1668 1365 1771 1414 est.

178 1442 637 1513 Pseudoapostoli
687 1444 1160 1499 conversabantur
1186 1446 1392 1517 duplici
1430 1448 1615 1509 corde,
1645 1449 1778 1519 quia

178 1530 346 1583 aliter
387 1530 665 1584 docebant
702 1539 872 1602 atque
897 1532 1063 1587 aliter
1088 1534 1361 1589 vivebant.
1393 1537 1490 1590 Vel
1521 1538 1653 1607 quia
1678 1555 1779 1609 po-

175 1618 286 1672 tius
315 1635 421 1689 pro
470 1620 639 1673 lucris
666 1621 1070 1690 temporalibus
1119 1624 1503 1692 praedicationi
1550 1627 1776 1681 insiste-

1861 466 2137 541 pi'omittit
2169 474 2355 531 alicui.
2392 473 2626 543 implere
2650 472 2856 535 differt,
2891 488 3000 526 non
3030 489 3259 528 servans
3288 488 3456 527 suum

1861 562 2218 631 promissum,
2268 567 2329 614 ut
2359 565 2430 615 sit
2460 563 2611 630 apud
2648 578 2733 614 me
2765 567 2841 614 est
2884 568 2933 621 et
2970 568 3126 616 non?
3154 561 3211 616 id
3242 568 3347 619 est.
3393 566 3457 616 ut

1861 650 2183 719 promittam
2240 666 2327 702 me
2372 649 2579 711 venire,
2623 654 2680 702 et
2727 665 2837 702 non
2886 650 3102 703 veniam
3137 669 3149 704 :
3184 656 3241 704 et
3268 649 3458 703 videar

1860 737 2150 791 veritatem
2177 737 2355 807 loqui,
2382 743 2439 791 et
2473 738 2758 791 mentiar?
2788 737 3035 791 Minime.

1931 827 2126 878 Fidelis
2167 832 2352 878 autem
2382 828 2538 889 Deus,
2582 826 2636 879 id
2669 832 2756 880 est
2787 843 2947 880 verax
2979 831 3083 887 est,
3117 827 3251 897 quia
3283 826 3451 898 quid-

1859 912 1991 983 quid
2021 913 2317 982 promittit,
2351 931 2518 984 opere
2541 914 2769 985 implet;
2801 922 2859 968 et
2882 915 3000 986 ipse
3032 915 3125 985 qui
3155 921 3237 969 est
3269 931 3451 982 verax,

1856 1001 1978 1071 ipse
2007 1003 2282 1071 cognovit,
2311 1007 2445 1069 quia
2474 1019 2650 1056 sermo
2681 1008 2863 1057 noster
2884 1006 2985 1072 qui
3008 1006 3119 1070 fuit
3157 1005 3307 1071 apud
3335 1019 3451 1070 nos,

1859 1089 2083 1159 quando
2131 1089 2281 1143 vobis
2331 1091 2773 1159 praedicavimus,
2822 1092 2903 1144 vel
2953 1091 3049 1162 qui
3096 1092 3160 1144 fit
3188 1091 3350 1145 modo
3381 1091 3451 1146 de

1858 1194 1985 1231 meo
2014 1178 2256 1231 adventu
2286 1178 2355 1231 ad
2388 1195 2502 1241 vos,
2543 1195 2653 1232 non
2686 1184 2759 1232 est
2790 1184 2852 1233 in
2882 1182 2999 1239 illo,
3038 1179 3304 1233 subaudis
3331 1196 3453 1234 ser-

1857 1281 2024 1319 mone
2044 1271 2119 1319 est
2138 1271 2189 1319 et
2219 1281 2350 1330 non,
2381 1265 2438 1318 id
2478 1271 2564 1319 est
2591 1267 2797 1320 veritas
2837 1272 2894 1320 et
2935 1267 3309 1331 mendacium,
3352 1271 3454 1322 aut

1859 1354 2205 1408 mutabilitas
2236 1354 2444 1424 aliqua,
2478 1360 2543 1407 ut
2568 1370 2762 1407 verum
2793 1354 3011 1407 viderer
3046 1354 3218 1424 loqui,
3256 1361 3312 1409 et
3340 1371 3453 1410 non

1859 1449 2008 1496 esset
2029 1457 2218 1494 verum
2245 1461 2256 1498 :
2290 1444 2381 1494 sed
2410 1447 2484 1494 est
2516 1445 2577 1495 in
2606 1444 2707 1494 illo
2736 1458 3026 1508 sermone;
3058 1448 3153 1507 est,
3185 1443 3289 1496 hoc
3318 1449 3405 1497 est
3438 1461 3450 1497 :

1861 1530 2070 1585 veritas
2096 1530 2171 1582 ibi
2201 1539 2286 1583 est
2311 1548 2323 1594 ;
2358 1530 2491 1599 quia
2516 1530 2572 1583 in
2603 1530 2836 1583 veritate
2858 1530 3075 1584 locutus
3104 1547 3229 1584 sum
3258 1531 3456 1601 ;quasi

1859 1618 2070 1672 diceret
2110 1637 2121 1670 :
2168 1618 2378 1671 Idcirco
2422 1634 2562 1671 aura
2608 1619 2881 1672 mendacii
2912 1635 3026 1672 non
3057 1635 3299 1687 moveor,
3324 1619 3457 1691 quia

177 1707 331 1767 bant,
361 1724 530 1777 quam
558 1724 658 1777 pro
680 1724 870 1762 amore
902 1710 999 1762 Dei
1031 1716 1088 1763 et
1113 1712 1295 1766 salute
1317 1713 1575 1767 aliorum.
1599 1715 1779 1769 Philo—
1801 1706 2109 1793 Blenitatis
2134 1706 2266 1759 νίῐίο
2298 1723 2408 1760 non
2436 1707 2756 1761 succumbo-

177 1795 336 1865 sophi
368 1812 591 1866 quoque
639 1796 1018 1867 praedicabant
1060 1798 1117 1852 in
1159 1802 1369 1854 carnali
1401 1803 1696 1872 sapientia.
1721 1805 1778 1858 id

177 1889 255 1937 est
283 1884 689 1954 philosophice,
723 1892 780 1939 et
810 1885 995 1940 fucato
1025 1904 1301 1947 sermone.
1329 1891 1574 1945 volentes
1604 1910 1779 1963 appa-

175 1988 298 2026 rere
328 1973 616 2042 sapientes
641 1990 651 2024 :
686 1974 770 2027 vel
790 1974 845 2027 in
877 1976 1001 2039 hoc,
1039 1977 1171 2046 quia
1193 1978 1476 2033 Christum
1499 1982 1781 2050 negabant

175 2077 427 2131 passum,
479 2067 787 2123 mortuum,
834 2073 1003 2134 atque
1033 2081 1064 2118 a
1094 2067 1330 2120 mortuis
1360 2070 1731 2124 resurrexisse
1759 2090 1773 2138 ;

176 2150 559 2204 abundantius
604 2157 791 2204 autem
824 2152 895 2205 ad
928 2169 1038 2215 vos,
1067 2153 1124 2206 in
1155 2154 1514 2224 simplicitate
1546 2174 1775 2212 conver-

178 2244 334 2292 satus
364 2255 491 2292 sum
525 2255 537 2290 :
570 2240 703 2309 quia
740 2256 868 2293 cum
910 2240 980 2294 ab
1009 2242 1135 2295 aliis
1164 2244 1409 2297 ecclesiis
1440 2246 1648 2316 aliquid
1681 2264 1773 2301 ac-

176 2327 471 2397 cepissem,
500 2343 534 2380 a
561 2326 713 2381 vobis
740 2328 875 2381 nihil
903 2330 1110 2399 accepi.
1144 2347 1213 2385 ne
1241 2332 1587 2387 occasionem
1620 2334 1774 2388 falsis

177 2416 448 2486 apostolis
475 2416 666 2469 darem
699 2417 1005 2486 accipiendi
1038 2434 1292 2485 munera,
1326 2426 1384 2475 et
1422 2427 1486 2475 ut
1510 2438 1606 2476 vos
1634 2422 1776 2478 libe-

175 2503 288 2556 rius
310 2503 727 2573 reprehendere
750 2521 990 2575 possem.

242 2591 367 2645 Non
407 2596 559 2644 enim
596 2595 713 2645 alia
751 2595 1046 2646 scribimus
1088 2596 1233 2648 vobis
1276 2598 1433 2649 modo
1463 2613 1631 2664 quam
1661 2615 1779 2666 qua;

180 2681 382 2745 legistis
404 2678 464 2731 in
489 2678 662 2748 priori
694 2679 963 2750 Epistola,
991 2686 1040 2734 et
1069 2687 1413 2749 cognorislis,
1433 2684 1488 2738 in
1519 2685 1629 2740 vita
1653 2704 1779 2742 mea

178 2772 347 2836 atque
390 2766 806 2837 praedicatione,
839 2770 983 2839 quod
1016 2786 1185 2838 usque
1211 2775 1273 2825 in
1300 2775 1467 2839 finem
1496 2774 1622 2830 vita:
1652 2792 1776 2830 nos-

181 2860 291 2919 trae,
334 2855 422 2908 vel
453 2855 545 2908 die
569 2856 785 2924 judicii,
833 2862 1154 2924 cognoscetis
1184 2875 1305 2929 quae
1342 2862 1690 2932 scripsimus.
1720 2869 1777 2918 et

183 2959 297 3012 qua:
330 2944 760 3013 praedicavimus
791 2945 943 2999 vobis
968 2964 981 3007 ;
1013 2949 1154 3001 sicut
1173 2953 1221 3001 et
1250 2954 1571 3015 cognouistis
1599 2969 1694 3006 nos
1713 2970 1776 3007 ea;

177 3036 352 3096 parte,
386 3046 499 3084 non
532 3047 633 3101 per
660 3031 870 3096 omnia,
917 3034 1179 3102 quoniam
1220 3051 1328 3089 non
1361 3038 1549 3091 omnia
1591 3040 1775 3109 potui-

182 3133 299 3171 mus
327 3117 486 3171 vobis
517 3118 840 3173 ministrare
877 3127 934 3174 et
964 3123 1323 3178 manifestare
1352 3142 1473 3195 quae
1500 3127 1775 3199 intellige-

183 3205 380 3259 bamus
426 3207 497 3260 de
542 3208 677 3272 Deo,
718 3212 854 3277 quia
896 3210 1079 3264 adhuc
1110 3213 1323 3282 parvuli
1374 3215 1544 3269 eratis
1570 3233 1777 3284 sensu;

181 3297 362 3361 gloria
392 3302 571 3349 vestra
598 3313 811 3355 sumus.
830 3298 961 3368 quia
976 3286 1072 3352 vos
1098 3300 1329 3369 gloriari
1361 3305 1610 3372 potestis,
1634 3306 1781 3376 quod

181 3390 402 3438 sanctos
443 3391 499 3438 et
533 3385 802 3440 veridicos
841 3388 1233 3456 praedicatores
1263 3390 1502 3456 habetis,
1548 3396 1691 3447 sicut
1734 3400 1782 3448 et

182 3488 264 3526 ros
290 3474 480 3544 gloria
510 3479 700 3528 nostra
726 3476 883 3530 eritis
912 3480 975 3530 in
1013 3480 1099 3531 die
1129 3481 1374 3545 Domini,
1408 3481 1465 3534 id
1496 3487 1581 3535 est
1612 3483 1666 3535 in
1692 3482 1783 3536 die

181 3562 390 3630 judicii,
436 3563 662 3632 quando
718 3580 981 3618 coronam
1032 3571 1258 3621 aeternae
1313 3571 1784 3625 remunerationis

185 3665 279 3718 pro
306 3650 466 3704 vobis
494 3651 848 3722 recipiemus.

250 3739 314 3791 Et
344 3741 453 3791 hac
480 3742 830 3806 conﬁdentia.
853 3741 967 3795 sive
993 3760 1110 3813 spe,
1143 3761 1373 3799 securus
1395 3746 1463 3799 de
1500 3746 1670 3809 vobis,
1694 3765 1779 3802 ro-

188 3828 267 3878 lui
286 3830 457 3895 prius
492 3832 680 3881 venire
702 3831 774 3881 ad
802 3846 909 3891 vos,
939 3833 1162 3901 quando
1193 3834 1439 3903 priorem
1471 3836 1779 3906 Epistulam

186 3914 353 3968 direxi
406 3915 583 3977 vobis,
628 3922 688 3969 ut
736 3921 1033 3973 secundam
1070 3924 1316 3987 gratiam
1352 3924 1633 3977 haberetis.
1675 3926 1783 3979 lla-

185 4001 381 4057 buistis
410 4020 583 4058 unam
613 4006 876 4075 gratiam,
896 4008 1121 4077 quando
1144 4010 1385 4079 primum
1417 4012 1489 4066 ad
1520 4029 1613 4067 vos
1635 4014 1779 4080 veni,

187 4091 312 4145 dum
343 4093 717 4149 citovenistis
736 4096 805 4149 ad
835 4097 1004 4150 ﬁdem
1035 4117 1046 4165 ;
1071 4105 1128 4152 et
1165 4098 1331 4153 debui
1358 4100 1565 4155 iterum
1584 4103 1783 4157 .venire

187 4187 247 4233 ut
270 4196 367 4235 vos
399 4183 734 4253 castigarem
766 4190 823 4237 et
851 4186 1215 4257 corriperem,
1247 4194 1307 4241 ut
1335 4195 1392 4243 et
1424 4192 1784 4262 vosmetipsos

189 4271 570 4332 emendantes,
601 4273 869 4327 haberetis
892 4279 1186 4330 secundam
1218 4282 1486 4345 gratiam.
1524 4279 1631 4334 Sed
1656 4280 1783 4334 ideo

190 4374 294 4414 non
323 4361 473 4421 veni,
506 4362 642 4432 quia
669 4363 852 4429 timui,
886 4364 932 4418 si
952 4366 1216 4428 venivem,
1252 4368 1399 4438 quod
1427 4385 1537 4422 non
1564 4386 1782 4440 possem

189 4464 279 4503 vos
303 4450 384 4504 ita
413 4452 695 4521 corripere
724 4470 824 4523 per
867 4470 1046 4508 meam
1101 4457 1474 4525 praesentiam,
1527 4475 1597 4513 ne
1644 4458 1787 4513 forte

190 4535 545 4608 impatientes
574 4540 792 4607 essetis,
811 4541 959 4595 sicut
985 4543 1166 4597 verbis
1191 4561 1292 4614 per
1320 4545 1587 4615 epistolas
1610 4546 1786 4601 levius

194 4625 559 4682 admonendo.

259 4716 397 4770 Cum
418 4732 543 4784 ergo
567 4717 665 4772 hoc
692 4720 1002 4783 voluissem,
1028 4721 1084 4774 id
1115 4726 1202 4775 est
1228 4738 1355 4776 cum
1385 4723 1456 4777 ad
1487 4739 1581 4777 vos
1601 4724 1787 4780 venire

193 4803 505 4868 voluissem,
550 4806 685 4861 dum
734 4824 847 4861 non
887 4808 1033 4869 veni,
1082 4813 1345 4879 nunquid
1391 4815 1606 4866 levitate
1654 4831 1788 4868 usus

193 4907 311 4946 sum
332 4898 357 4944 Ρ
390 4893 637 4949 Levitate
668 4896 877 4951 dicitur
906 4897 1010 4961 uti,
1042 4899 1137 4969 qui
1168 4900 1312 4969 quod
1348 4901 1626 4970 permittit
1664 4919 1787 4957 ver-

193 4979 291 5045 bis,
314 4999 429 5036 non
456 4985 641 5055 explet
670 4985 950 5055 operibus.
987 4987 1055 5040 Et
1082 4988 1381 5057 Apostolus
1406 4994 1539 5043 tunc
1566 4991 1788 5045 levitate

193 5083 326 5123 usus
368 5082 529 5130 esset.
573 5074 619 5126 si
647 5074 1001 5143 promitteret
1031 5092 1090 5129 se
1121 5076 1327 5137 venire,
1369 5084 1425 5131 et
1448 5079 1788 5149 promissum

194 5174 353 5212 suum
384 5174 492 5215 non
523 5162 790 5233 expleret.
831 5163 939 5217 Sed
970 5164 1104 5217 dum
1133 5181 1243 5218 non
1278 5166 1551 5235 promisit.
1587 5186 1791 5239 quam-

196 5246 273 5301 vis
302 5248 482 5312 vellet,
515 5267 626 5304 non
658 5257 846 5305 tamen
870 5268 1005 5306 usus
1036 5258 1122 5306 est
1151 5253 1392 5309 levitate.
1429 5258 1538 5309 Aut
1565 5274 1683 5325 qua:
1702 5276 1789 5312 co-

197 5339 325 5401 gito,
359 5340 655 5391 secundum
683 5354 907 5392 carnem
936 5343 1107 5407 cogito
1140 5346 1162 5392 ?
1200 5341 1254 5394 id
1287 5348 1374 5396 est
1405 5345 1707 5399 carnaliter
1735 5352 1792 5400 et

198 5421 457 5479 humane.
483 5427 798 5481 Secundum
829 5444 1054 5491 carnem
1086 5430 1313 5500 cogitat,
1345 5432 1442 5502 qui
1475 5449 1576 5502 pro
1606 5435 1791 5489 amici-

200 5511 293 5566 tiis
311 5520 371 5569 et
378 5514 678 5571 honoribus
686 5516 1003 5590 principum
1017 5525 1074 5573 et
1081 5535 1186 5590 pro
1198 5519 1369 5575 lucris
1391 5523 1796 5593 temporalibus

1808 4320 1861 4379 D

1934 1797 2027 1849 Dci
2048 1799 2196 1849 enim
2222 1797 2397 1849 Filius
2416 1802 2509 1856 est,
2543 1795 2810 1850 subaudis
2849 1794 3018 1850 Jesus
3045 1796 3323 1859 Christus,
3354 1799 3456 1864 qui

1862 1887 1925 1937 in
1956 1886 2101 1937 vobis
2123 1886 2450 1951 praedicatus
2486 1890 2559 1938 est
2588 1901 2684 1952 per
2710 1901 2812 1942 me.
2848 1890 2897 1938 et
2927 1886 3259 1953 Sylvanum,
3290 1890 3337 1938 et
3373 1887 3457 1939 Ti-

1861 1973 2158 2025 motheum.
2190 1973 2464 2042 Sylvanus
2492 1973 2609 2042 ipse
2639 1978 2725 2026 est
2769 1974 2930 2043 Sylas
2968 1979 3025 2026 et
3064 1974 3277 2044 Syleas,
3310 1974 3457 2028 sicut

1859 2060 2063 2114 Lucius
2090 2060 2211 2129 ipse
2235 2068 2321 2113 est
2346 2061 2539 2114 Lucas.
2556 2061 2740 2124 Quare
2766 2078 2898 2131 ergo
2931 2062 3159 2131 ponitur
3180 2062 3455 2131 Sylvanus

1859 2157 1991 2204 ante
2020 2150 2378 2204 Timotheum
2401 2157 2424 2203 Ρ
2452 2151 2596 2214 Quia
2642 2159 2771 2205 ante
2811 2153 3020 2205 electus
3048 2159 3135 2206 est
3163 2152 3233 2206 ad
3264 2153 3454 2219 ﬁdem,

1858 2244 1916 2293 et
1961 2240 2295 2308 conjunctus
2344 2239 2413 2292 ad
2467 2239 2877 2308 praedicationis
2925 2240 3170 2294 officium
3216 2258 3249 2294 a
3280 2240 3457 2294 Paulo

1857 2328 2109 2399 apostolo
2151 2343 2318 2397 quam
2343 2327 2690 2381 Timotheus.
2727 2327 2879 2385 Ideo.
2910 2328 3115 2399 inquit,
3141 2329 3272 2399 quia
3300 2329 3460 2383 Iesus

1859 2416 2118 2470 Christus
2166 2416 2341 2469 Filius
2370 2416 2469 2469 Dei
2500 2420 2604 2481 est,
2651 2432 2763 2469 non
2790 2418 2901 2482 fuit
2942 2421 3006 2471 in
3039 2420 3157 2481 illo,
3190 2417 3245 2471 id
3278 2423 3365 2473 est
3400 2417 3460 2471 in

1861 2503 2101 2569 Christo,
2136 2508 2210 2556 est
2253 2508 2299 2556 et
2331 2520 2462 2564 non,
2511 2503 2566 2556 id
2610 2508 2695 2556 est
2741 2504 3086 2558 mutabilitas
3121 2505 3328 2575 aliqua,
3360 2509 3462 2559 aut

1859 2591 2067 2645 veritas
2114 2607 2240 2645 cum
2286 2590 2613 2655 mendacio;
2661 2592 2753 2643 sed
2791 2598 2889 2659 est,
2936 2592 2991 2644 id
3023 2598 3109 2645 est
3138 2593 3362 2659 veritas,
3394 2610 3460 2648 in

1860 2683 1957 2734 illo
1986 2682 2135 2748 fuit;
2170 2680 2316 2734 sicut
2359 2679 2479 2750 ipse
2522 2677 2662 2732 dixit
2694 2697 2705 2729 :
2743 2680 2852 2746 Ego
2880 2696 3007 2733 sum
3034 2684 3237 2734 veritas
3267 2683 3452 2751 (Joan.

1855 2769 1988 2838 x1v).

1928 2859 2193 2925 Quotquot
2223 2860 2375 2910 enim
2395 2859 2785 2924 promissiones
2812 2859 2908 2911 Dei
2944 2860 3127 2911 Patris
3146 2864 3277 2911 sunt
3297 2857 3456 2912 facta;

1858 2963 1956 3017 per
1977 2946 2275 3016 prophetas
2302 2946 2371 2999 de
2388 2945 2681 2999 nativitate
2703 2944 2930 3010 Christi,
2962 2946 3238 3016 passione.
3253 2951 3455 3012 morte,

1862 3033 2266 3089 resurrectione
2296 3039 2465 3105 atque
2486 3033 2815 3088 ascensione
2841 3036 2985 3104 ejus,
3013 3035 3082 3088 de
3108 3036 3290 3089 salute
3319 3051 3461 3105 quo-

1863 3141 1970 3195 que
1996 3122 2272 3193 gentium,
2292 3126 2350 3176 in
2374 3125 2471 3175 illo
2500 3128 2595 3187 est,
2614 3122 2671 3175 id
2692 3129 2796 3185 est,
2821 3122 2875 3176 in
2904 3123 3128 3177 Christo
3146 3124 3463 3193 adimpletae

1863 3218 1995 3267 sunt
2024 3212 2316 3274 veraciter,
2347 3210 2442 3281 qui
2468 3227 2690 3280 semper
2719 3227 2842 3265 esse
2871 3212 3059 3277 habet,
3094 3221 3152 3266 et
3176 3212 3232 3266 in
3260 3213 3355 3266 illo
3379 3217 3465 3267 est

1863 3300 2067 3353 veritas
2114 3300 2565 3369 promissionum.
2611 3300 2770 3354 Unde
2812 3300 2930 3371 ipse
2960 3300 3097 3355 dicit
3125 3303 3372 3372 pendens
3403 3301 3463 3356 in

1864 3405 2026 3442 cruce
2064 3411 2074 3445 :
2109 3390 2566 3443 Consummalum
2604 3394 2681 3442 est
2709 3392 2894 3460 (Joan.
2927 3397 3057 3456 xIx),
3092 3390 3149 3444 id
3183 3397 3287 3457 est,
3317 3407 3466 3445 com-

1868 3478 2019 3547 pleta
2049 3482 2183 3530 sunt
2210 3476 2401 3530 omnia
2434 3494 2557 3547 quae
2599 3477 2668 3531 de
2711 3494 2799 3531 me
2828 3479 3094 3548 praedicta
3123 3486 3304 3536 erant.
3338 3481 3464 3534 Ideo

1866 3572 1913 3620 et
1938 3582 2038 3634 per
2085 3569 2267 3634 ipsum
2298 3568 2471 3620 Amen
2504 3568 2605 3619 Deo
2642 3552 2715 3619 ad
2755 3570 2993 3634 gloriam
3028 3573 3295 3622 nostram.
3328 3567 3464 3623 Ideo

1864 3655 1995 3725 quia
2021 3655 2080 3708 in
2110 3655 2331 3708 Christo
2373 3654 2692 3725 adimpletac
2722 3660 2855 3708 sunt
2884 3655 3156 3709 veraciter
3184 3656 3290 3725 illae
3330 3673 3463 3726 pro-

1861 3742 2155 3797 missiones
2185 3760 2284 3813 per
2303 3743 2508 3813 ipsum,
2544 3744 2596 3796 id
2630 3749 2716 3797 est
2737 3761 2834 3814 per
2862 3744 3169 3803 Christum.
3191 3761 3376 3811 amen,
3403 3745 3462 3799 id

1862 3837 1950 3884 est
1973 3832 2084 3885 Deo
2117 3831 2269 3884 l’atri
2296 3832 2504 3885 veritas
2523 3830 2822 3884 tribuenda
2852 3839 2938 3885 est
2962 3832 3030 3885 ad
3060 3832 3301 3902 gloriam
3332 3850 3464 3888 nos-

1864 3927 2032 3980 tram.
2065 3920 2195 3990 quia
2223 3937 2418 3973 sumus
2442 3920 2564 3988 ejus
2589 3920 2827 3990 apostoli
2854 3927 2911 3973 et
2942 3920 3204 3974 ministri.
3231 3921 3341 3975 Alii
3366 3921 3464 3976 ad-

1865 4008 2132 4062 diderunt
2159 4013 2290 4061 ante
2319 4025 2505 4069 amen,
2540 4007 2778 4061 dicimus
2798 4008 3150 4079 amen,quod
3179 4026 3291 4063 non
3310 4010 3465 4065 vide-

1842 4104 1960 4151 -tur
1986 4098 2055 4151 de
2085 4104 2261 4161 textu,
2292 4096 2389 4151 sed
2418 4096 2487 4150 de
2502 4097 2708 4167 glossa.
2725 4096 3015 4160 Quomodo
3039 4103 3230 4151 autem
3258 4098 3327 4152 ad
3347 4099 3467 4169 glo-

1868 4187 2009 4240 riam
2040 4188 2290 4256 ipsarum
2339 4185 2638 4238 tribuenda
2680 4193 2767 4239 est
2804 4186 3012 4239 veritas
3044 4203 3144 4256 per
3173 4187 3466 4242 Christum

1867 4275 1980 4328 Deo
2012 4274 2208 4328 Patri?
2237 4274 2383 4338 Quia
2411 4274 2559 4344 quod
2587 4274 2845 4329 Christus
2872 4274 2927 4327 in
2963 4291 3022 4329 se
3062 4276 3379 4347 complevit,
3411 4282 3471 4331 et

1869 4365 1986 4434 ipse
2013 4363 2349 4433 praedicavit.
2383 4370 2440 4416 et
2468 4363 2738 4433 apostolis
2765 4363 3018 4429 tradidit,
3054 4371 3107 4418 et
3138 4364 3245 4418 illis
3277 4366 3472 4436 praedi-

1869 4452 2124 4507 cantibus
2154 4453 2304 4506 Deus
2339 4452 2505 4505 Pater
2536 4451 2808 4506 miracula
2832 4452 3106 4517 faciendo,
3141 4455 3473 4509 ostendebat

1870 4558 2063 4596 verum
2095 4558 2217 4595 esse
2247 4541 2392 4612 quod
2423 4540 2544 4611 ipse
2575 4541 2932 4612 promiserat,
2962 4547 3021 4594 et
3044 4542 3193 4611 quod
3213 4543 3297 4596 illi
3324 4560 3472 4613 prm-

1869 4630 2152 4696 dicabant,
2186 4630 2318 4684 etin
2351 4630 2456 4683 hoc
2491 4630 2673 4700 gloria
2703 4641 2826 4683 erat
2856 4630 3099 4683 illorum.

1943 4721 2048 4787 Qui
2076 4724 2261 4772 autem
2287 4721 2580 4784 conﬁrmat
2612 4717 2939 4771 nosludzeos
2969 4720 3031 4770 in
3066 4718 3279 4773 Christo
3302 4719 3472 4771 vobis-

1869 4824 2032 4875 cum;
2054 4808 2111 4861 id
2139 4813 2224 4861 est
2243 4807 2299 4860 in
2328 4807 2435 4860 ﬁde
2461 4806 2665 4860 Christi
2685 4812 2740 4859 et
2768 4804 3059 4874 conjungit
3084 4800 3267 4858 inuno
3287 4805 3473 4875 lapide

1870 4896 2127 4966 angulari
2148 4896 2289 4949 duos
2316 4895 2569 4966 pOpulos,
2595 4899 2652 4947 et
2681 4892 2776 4963 qui
2808 4893 2967 4947 unxit
2995 4909 3116 4956 nos,
3135 4894 3323 4964 gratia
3354 4894 3475 4966 Spi-

1872 4985 2016 5038 ritus
2069 4984 2268 5048 sancti,
2318 4984 2375 5037 id
2423 4989 2510 5036 est
2553 4984 2648 5052 qui
2695 4980 2851 5035 dedit
2895 4981 3057 5036 nobis
3086 4983 3477 5039 remissionem

1872 5079 2226 5143 peccatorum
2278 5089 2376 5142 per
2410 5072 2653 5141 gratiam
2690 5070 2932 5141 Spiritus
2963 5072 3160 5133 sancti,
3200 5075 3353 5135 Deus,
3387 5090 3479 5129 su-

1872 5162 2071 5215 baudis
2100 5169 2186 5215 est
2214 5177 2392 5214 verus.
2449 5161 2507 5212 In
2549 5159 2738 5213 Veteri
2766 5161 3128 5215 Testamento
3157 5163 3479 5217 sacerdotes

1874 5256 1931 5304 et
1952 5267 2111 5317 reges
2131 5249 2488 5316 angebantur
2501 5249 2623 5302 oleo
2642 5248 2859 5303 visibili.
2888 5248 2951 5302 In
2967 5251 3121 5304 Novo
3150 5258 3338 5306 autem
3360 5267 3478 5305 om-

1875 5356 1974 5392 nes
1999 5339 2194 5391 tideles
2220 5346 2513 5403 unguntur
2542 5354 2651 5391 non
2683 5344 2905 5391 tantum
2924 5339 3046 5392 oleo
3073 5339 3276 5393 visibili
3297 5354 3477 5409 quan-

1874 5435 1995 5482 tum
2018 5426 2281 5480 invisibili
2299 5426 2486 5503 gratia
2504 5426 2761 5480 videlicet
2772 5428 2952 5481 sancti
2971 5428 3213 5499 Spiritus
3227 5429 3284 5481 in
3301 5425 3476 5497 bapti-

1872 5520 2098 5585 smate;
2133 5521 2194 5571 et
2217 5531 2321 5588 per
2349 5532 2552 5572 manus
2570 5515 3007 5590 impositionem,
3040 5517 3291 5588 ﬁuntque
3311 5530 3473 5584 reges
