3852 6154
151 315 236 395 613
756 326 1136 382 EXPOSITIO
1178 327 1256 381 IN
1295 326 1448 380 EPP.
1495 326 1554 382 s.
1594 324 1829 379 PAULI.
1875 353 1938 366 --
1979 323 2057 378 IN
2096 324 2318 379 EPIST.
2362 325 2386 378 ι
2421 325 2518 379 AD
2558 311 2721 379 Coa.
3259 311 3364 382 61‘4

159 469 202 516 et
226 457 418 531 quando
432 453 682 526 praecepit
701 458 764 505 ut
783 452 882 505 viri
909 470 1020 506 non
1043 453 1225 506 velato
1257 452 1438 522 capite
1472 457 1688 506 starent
1707 455 1747 508 Α
1769 452 2229 508 contradictores.
2259 451 2618 520 philosophos
2637 448 2913 510 videlicet.
2934 464 3128 517 magos
3155 454 3210 502 et
3227 449 3364 503 alios

151 553 197 605 in
223 547 439 606 ecclesia,
470 543 726 596 mulieres
768 543 967 594 velato.
1002 550 1057 594 et
1088 541 1301 594 volebat
1335 542 1516 594 adhuc
1553 557 1682 610 pro-
1762 545 2052 614 plurimos,
2084 559 2186 595 nec
2211 548 2429 611 poterat
2456 540 2574 609 ipse
2600 539 2750 591 solus
2777 544 3079 607 utrumque
3109 544 3364 607 agere,et

145 639 252 691 bare
277 632 622 689 obedientiam
677 631 902 684 illorum
963 632 1019 683 in
1074 631 1196 690 hoc.
1248 637 1308 683 ut
1358 636 1681 683 revocarent
1761 632 2103 703 philosophis
2134 630 2412 688 resistere.
2449 636 2505 681 et
2537 627 2846 680 volentibus
2870 615 3097 680 credere
3130 627 3359 681 verbum

148 729 362 797 ejectum.
1763 721 1960 774 salutis
1990 721 2312 789 przedicare.
2363 710 2419 771 Si
2467 723 2655 769 autem
2702 716 2888 769 Titum
2936 716 3239 769 invenisset
3288 716 3364 769 ibi

193 816 290 868 'Oui
311 816 477 863 autem
497 811 716 875 aliquid
742 810 987 861 donastis
1013 814 1058 860 et
1081 825 1190 873 ego.
1221 809 1399 861 Paulo
1429 809 1680 877 apostolo
1764 811 1927 863 sicuti
1956 809 2238 879 sperabat.
2302 808 2420 876 ipse
2460 806 2662 873 utique
2694 805 2978 857 resisteret
3004 805 3359 870 adversariis,

149 905 358 956 morante
378 898 514 968 apud
536 897 1151 965 eos.cuidamipeccanti
1174 897 1518 949 dimiserunt
1536 897 1684 965 quod
1770 905 1826 952 et
1854 900 2013 952 Titus
2039 897 2365 967 praedicaret
2394 893 2826 964 simplicioribus
2855 893 2948 962 qui
2971 893 3366 947 desiderabant

143 991 426 1059 deliquerat,
461 996 515 1039 et
537 987 662 1055 ipse
703 986 1001 1055 Apostolus
1041 1002 1109 1038 ne
1138 985 1421 1038 videretur
1451 985 1520 1037 ab
1559 985 1688 1036 illo—
1768 989 2013 1041 credere.
2049 984 2324 1056 Apparuit
2353 1000 2574 1053 quoque
2604 983 2653 1034 ei
2677 981 2732 1034 in
2761 982 2954 1034 eodem
2988 982 3105 1034 loco
3139 982 3219 1035 vir
3245 971 3364 1035 Ma-

149 1096 249 1132 rum
279 1077 461 1130 unione
489 1074 729 1144 sejungi,
768 1073 1000 1126 indulsit
1045 1091 1074 1125 e
1103 1073 1366 1142 tiamipse
1386 1073 1496 1126 illi.
1528 1073 1686 1126 Unde
1774 1077 1928 1136 cedo,
1962 1076 2149 1128 dicens
2175 1093 2186 1126 :
2222 1075 2514 1126 Transims
2545 1075 2605 1123 in
2638 1071 3006 1123 Macedoniam
3041 1059 3246 1138 adjnva
3270 1087 3364 1124 nos

149 1166 258 1221 dicit
278 1164 424 1216 modo
455 1181 466 1215 :
515 1162 617 1215 Cui
669 1168 859 1215 autem
895 1161 1164 1216 donastis.
1207 1161 1321 1213 sive
1353 1161 1686 1223 indulsistis.
1775 1165 1906 1236 (Act.
1942 1170 2068 1228 xvi).
2092 1162 2186 1231 qui
2220 1179 2252 1215 a
2285 1159 2606 1213 doctoribus
2631 1158 2863 1227 angelus
2894 1145 3080 1211 bonus
3112 1159 3363 1228 ejusdem

139 1253 330 1325 quando
356 1251 495 1320 apud
520 1267 620 1302 vos
635 1265 808 1311 eram,
839 1255 1015 1318 etlego
1037 1248 1298 1303 similiter
1318 1250 1686 1302 donavietin-
1765 1253 1954 1322 gentis
1973 1251 2315 1322 praepositus
2341 1248 2510 1302 fuisse
2539 1247 2804 1300 creditur.

149 1342 281 1395 dulsi.
309 1337 651 1392 Consuetudo
680 1344 765 1390 est
793 1338 1032 1393 dicendi.
1065 1338 1292 1390 donaVit
1328 1337 1463 1390 mihi
1491 1353 1686 1406 pecca-
1845 1343 1946 1395 Ι)εο
1975 1347 2180 1393 autem.
2214 1329 2483 1392 subaudis
2504 1335 2681 1401 Patri,
2704 1339 2915 1402 gratias
2946 1335 3368 1403 referimus.qui

1773 1445 1983 1495 semper
2024 1413 2332 1495 triumphat
2367 1443 2478 1486 nos,
2507 1424 2560 1476 id
2596 1429 2699 1491 est,
2733 1423 2826 1492 qui
2859 1423 2992 1474 facit
3016 1439 3115 1474 nos
3146 1440 3367 1492 semper

1775 1517 2145 1586 triumphare.
2168 1522 2221 1568 et
2251 1505 2534 1567 victoriam
2559 1511 2784 1566 habere.
2818 1511 2875 1562 in
2905 1509 3126 1564 Christo
3147 1510 3370 1573 Jesu.id

1775 1611 1879 1661 est.
1917 1621 2016 1674 per
2045 1604 2325 1658 Christum
2357 1602 2546 1655 Jesum
2583 1600 2968 1653 inﬁdelitatem
3004 1599 3364 1666 destruendo,

1776 1694 2026 1746 et‘ﬁdem
2063 1693 2119 1746 in
2151 1692 2412 1744 cordibus
2441 1689 2788 1742 credentium
2823 1689 3146 1757 plantando,
3169 1689 3369 1742 etinﬁ-

136 1434 256 1486 tum,
285 1427 333 1479 id
361 1431 441 1478 est
465 1425 726 1479 indulsit.
770 1425 973 1477 Volens
1002 1440 1134 1493 ergo
1165 1425 1463 1494 Apostolus
1486 1441 1691 1494 provo-

145 1533 243 1568 care
266 1515 376 1567 illos
402 1514 469 1566 ad
502 1513 1010 1565 reconciliationem
1043 1513 1224 1580 ejecti.
1254 1520 1310 1566 et
1340 1519 1403 1566 ut
1427 1514 1475 1566 ei
1505 1512 1692 1566 dimit-

133 1609 307 1658 terent.
335 1602 442 1654 vult
461 1601 757 1654 ostendere
786 1606 850 1654 ut
869 1601 1016 1653 sicut
1042 1601 1159 1669 ipse
1180 1601 1412 1653 indulsit
1442 1600 1691 1670 peccanti

137 1690 329 1761 quando
357 1689 431 1741 illi
468 1689 824 1746 dimiserunt.
857 1688 934 1741 sic
985 1696 1040 1740 et
1089 1689 1166 1740 illi
1205 1689 1530 1756 indulgeant
1558 1689 1688 1740 dum

145 1759 500 1848 ipseindulget.
532 1776 890 1845 Quapropter
918 1776 1138 1829 subdit:
1173 1779 1312 1829 Nam
1347 1781 1392 1828 ct
1424 1794 1515 1842 ego
1546 1759 1751 1844 quodB
1773 1781 1989 1836 delibus
2018 1781 2266 1834 efficiens
2299 1780 2511 1842 ﬁdeles,
2535 1783 2580 1830 et
2604 1779 2819 1830 odorem.
2843 1780 3050 1828 notitia!
3065 1781 3368 1830 summani-

143 1868 323 1924 donari.
353 1866 458 1918 sive
491 1865 701 1918 indulsi
733 1865 828 1927 illi,
857 1865 901 1917 si
937 1864 1065 1934 quid
1101 1865 1300 1916 donavi
1325 1872 1552 1934 propter
1574 1881 1686 1927 vos,

142 1955 216 2024 qui
238 1954 480 2007 volebatis
505 1954 558 2006 ei
590 1954 892 2011 dimittere,
928 1953 1134 2006 indulsi
1169 1959 1226 2006 et
1247 1970 1350 2022 ego
1367 1957 1426 2006 in
1456 1969 1686 2020 pyrrona

133 2043 326 2105 'Clm'sti,
365 2043 462 2096 hoc
493 2048 580 2096 est
613 2043 727 2096 vice
749 2041 975 2100 Christi.
997 2043 1090 2111 qui
1125 2042 1282 2094 nobis
1311 2043 1577 2111 apostolis
1597 2043 1688 2096 de-

143 2131 523 2200 ditzpotestatem
560 2131 774 2200 ligandi
794 2137 850 2183 et
875 2130 1140 2183 solvendi.
1162 2131 1281 2183 Non
1307 2131 1504 2184 leviter
1521 2131 1691 2184 dabat

141 2219 805 2288 indulgemiamApostolus
821 2219 1007 2288 delinq
1019 2219 1412 2277 uentibusmisi
1426 2220 1503 2272 illi
1520 2237 1686 2288 quem

140 2307 321 2360 videbat
345 2308 625 2362 a-Christo
655 2325 778 2361 esse
793 2309 1226 2376 solutum.cujus
1249 2309 1580 2378 paenitentia
1600 2325 1686 2362 ac-

139 2401 267 2464 cepta
291 2404 401 2449 erat
429 2398 558 2452 Deo.
602 2401 662 2452 [ft
685 2417 795 2452 non.
817 2400 1412 2458 cirrurmwu’amur,id
1432 2405 1517 2452 est
1533 2399 1682 2451 deci-

133 2485 334 2552 piamur.
357 2486 634 2540 aSatana.
662 2489 812 2545 Ideo.
830 2489 1306 2558 inquit.przecipio
1334 2487 1484 2542 vobis
1514 2493 1576 2540 ut
1595 2487 1682 2539 in-

136 2571 365 2641 dulgeatis
389 2575 545 2628 fratri
584 2577 854 2645 peccanti.
884 2577 1029 2630 sicut
1069 2583 1125 2630 et
1153 2594 1255 2645 ego
1295 2577 1580 2644 indulgeo.
1613 2592 1684 2628 ne

137 2660 435 2731 decipiamur
462 2681 494 2716 a
524 2666 739 2719 Satana
763 2666 856 2734 qui
883 2665 1490 2718 desideratdiscordias
1518 2681 1686 2733 gene-

139 2765 254 2803 rare.
281 2752 605 2822 Plerumque
640 2754 772 2808 dum
804 2770 947 2807 unus
979 2755 1096 2807 vult
1125 2753 1564 2806 misericordiam
1592 2771 1686 2806 ex-

142 2836 282 2891 hiberi
299 2840 448 2894 fratri
465 2843 738 2911 peccanti,
765 2843 1096 2896 dimittendo
1119 2843 1170 2894 ei
1199 2843 1344 2912 quod
1368 2842 1604 2910 deliquit
1632 2847 1689 2895 et

142 2929 448 2982 reconciliare
487 2931 784 2984 conventui
815 2930 1084 2994 ﬁdelium,
1113 2932 1270 2983 alius
1300 2930 1522 2983 diabolo
1549 2947 1679 2983 sua-

143 3013 273 3068 dente
292 3034 389 3069 non
421 3021 536 3072 vult
564 3019 858 3088 indulgere
900 3036 1236 3090 permanens
1267 3019 1322 3072 in
1352 3019 1561 3072 duritia
1581 3019 1680 3071 sui

1771 1873 1932 1936 feriat
1968 1887 2063 1937 per
2088 1886 2183 1923 nos
2216 1873 2274 1921 in
2303 1871 2457 1921 omni
2483 1871 2611 1928 loco,
2644 1871 2758 1918 tam
2793 1865 2848 1917 in
2876 1863 3082 1918 Judaeis
3117 1881 3284 1936 quam
3307 1866 3363 1921 in

1769 1959 2052 2028 gentibus.
2090 1958 2331 2011 Odorem
2359 1957 2416 2008 in
2448 1957 2550 2007 hoc
2581 1955 2698 2006 loco
2720 1953 2960 2022 appellat
2985 1941 3368 2021 cognitionem-

1771 2053 1976 2100 sancta:
2005 2045 2315 2100 Trinitatis.
2349 2047 2616 2097 Aromata
2640 2043 2808 2110 igitur
2838 2048 2893 2094 et
2921 2051 3211 2118 unguenta
3235 2059 3362 2098 cum

1772 2135 1904 2188 alibi
1935 2135 2215 2192 sint.a|ibi
2232 2134 2456 2187 odorem
2485 2131 2740 2189 reddunt.
2767 2130 2846 2182 sic
2867 2130 3131 2200 apostolis
3163 2131 3362 2200 praedi-

1775 2224 2032 2280 cantibus
2058 2223 2221 2276 ﬁdem
2249 2228 2455 2274 sancta:
2475 2217 2786 2277 Trinitatis,
2803 2224 2858 2270 et
2880 2218 3079 2270 notitia
3109 2207 3366 2272 divinita-

1771 2312 1842 2365 tis
1871 2311 2274 2381 omnipotentis
2306 2309 2422 2364 Dei.
2451 2325 2576 2361 cum
2599 2307 2721 2376 ipsa
2736 2297 2994 2360 divinitas
3016 2322 3128 2360 non
3157 2295 3367 2360 videre.-

1769 2407 1882 2461 tur.
1923 2405 2268 2471 utpote-quae
2296 2397 2588 2451 invisibilis
2617 2403 2720 2460 est,
2753 2396 2884 2448 dum
2909 2412 3006 2464 per
3025 2396 3369 2466 praedicatio-

1767 2507 1894 2544 nem
1909 2491 2287 2560 apostolorum
2303 2484 2825 2554 recipiebantﬁdem
2839 2483 3217 2551 ejus.odorenz
3231 2501 3364 2554 quo-

1767 2579 2066 2632 dammodo
2095 2584 2147 2630 et
2177 2575 2550 2644 cognitionem
2590 2571 2898 2625 divinitatis
2921 2571 3068 2623 illius
3092 2571 3364 2642 percipie-

1769 2665 1936 2720 bant:
1969 2670 2102 2733 quia
2134 2667 2342 2720 Christi
2373 2665 2540 2715 bonus
2557 2663 2688 2714 odor
2711 2677 2902 2712 sumus
2936 2663 3036 2712 Deo
3069 2662 3124 2711 in
3149 2661 3244 2720 [iis
3265 2663 3365 2726 qui

1768 2762 2014 2824 pereunt,
2043 2760 2086 2808 et
2114 2759 2175 2807 in
2196 2755 2281 2806 liis
2313 2755 2411 2820 qui
2429 2753 2570 2802 salvi
2592 2747 3025 2816 ﬁunt.Legimus
3047 2747 3102 2799 in
3135 2737 3357 2810 Genesi,

1773 2845 1920 2914 quod
1951 2846 2070 2898 Noe
2099 2839 2711 2895 offerentesacriﬁcium
2739 2831 2862 2906 post
2881 2836 3073 2888 diluvii
3105 2837 3363 2890 cessatio-

1772 2950 1920 2990 nem.
1968 2933 2234 2985 odoratus
2266 2936 2352 2982 est
2384 2927 2653 2982 Dominus
2683 2925 2910 2977 odorem
2943 2925 3236 2978 suavitatis
3265 2912 3361 2978 in-

1764 3028 1984 3074 tantum
2009 3028 2071 3073 ut
2093 3019 2446 3072 benediceret
2466 3016 2543 3068 illi
2575 3020 2631 3068 et
2655 3014 2784 3066 ﬁliis
2800 3015 2920 3081 ejus
2950 3014 3070 3066 Non
3095 3011 3361 3068 debemus

141 3104 300 3156 cordis.
331 3107 476 3160 Unde
505 3125 656 3178 saepe
687 3109 867 3161 solent
888 3108 1021 3161 oriri
1043 3108 1332 3161 discordiae
1364 3113 1420 3160 et
1449 3108 1578 3160 rixae
1601 3107 1687 3160 in-
1706 3110 1749 3169 Ο
1773 3127 1905 3178 ergo
1935 3109 2228 3178 pueriliter
2273 3106 2586 3174 intelligere
2625 3102 2772 3172 quod
2807 3102 2969 3176 Deus,
3005 3101 3099 3170 qui
3131 3101 3362 3171 spiritus

130 3195 205 3242 ter
227 3192 334 3248 illos
359 3197 448 3265 qui
467 3197 745 3250 dissident
772 3204 830 3250 et
858 3197 1184 3251 discordant
1214 3197 1271 3248 in
1302 3195 1532 3263 judicio.
1561 3197 1684 3249 Non

138 3283 254 3332 enim
287 3285 600 3349 ignoramus
634 3289 986 3353 cogitationes
1016 3289 1149 3352 ejus.
1183 3285 1239 3338 id
1268 3291 1371 3346 est,
1421 3285 1681 3342 astutias.

138 3366 259 3420 dolos
275 3377 325 3423 et
347 3372 564 3427 fraudes
595 3374 805 3427 diaboli
836 3391 944 3428 non
971 3372 1425 3443 ignommus,sed
1448 3373 1679 3449 scimus.

187 3457 299 3511 Gum
323 3466 579 3515 venissem
612 3470 800 3516 autem
854 3465 1138 3516 Troadem.
1174 3463 1348 3514 Troas
1373 3461 1568 3514 civitas
1598 3467 1682 3514 est

139 3542 427 3609 Graecorum.
463 3567 586 3619 quae
617 3552 783 3620 Troja
817 3551 948 3604 olim
993 3557 1184 3604 vocata
1213 3557 1335 3610 est;
1369 3558 1423 3602 et
1455 3549 1682 3619 ponitur

134 3628 384 3704 improprie
416 3657 426 3689 ε
452 3639 705 3709 Phrygia
734 3639 886 3694 enim
922 3638 1204 3708 provincia
1225 3647 1307 3690 est
1333 3639 1674 3690 (ἴκτεροι-ατη.

135 3717 264 3788 Troia
289 3726 431 3802 regio
459 3736 547 3780 est
577 3729 636 3780 in
661 3729 783 3797 ipsa
815 3727 1057 3796 Phrygia
1087 3770 1096 3783 .
1127 3726 1319 3778 civitas
1337 3741 1465 3778 vero
1496 3724 1684 3792 appel-

135 3804 222 3860 lata
246 3812 516 3870 estllium.
542 3817 691 3869 sicut
711 3816 765 3867 in
793 3815 1028 3884 Virgilio
1066 3813 1301 3866 habetur
1333 3829 1343 3861 :
1377 3815 1682 3877 Ceciditque

135 3902 381 3962 mperbum
409 3907 600 3957 Itium.
623 3905 959 3978 Plerumque
981 3904 1206 3972 ponitur
1222 3918 1425 3954 nomen
1441 3900 1684 3969 regionis

125 3999 213 4052 pro
227 3988 440 4052 civitate.
467 4001 523 4045 et
547 3993 873 4063 appellatur
886 3993 1052 4059 Truja
1081 3993 1305 4056 Propter
1321 3991 1683 4054 Erangetium

141 4071 321 4137 Christi,
345 4079 393 4131 id
417 4088 502 4134 est
513 4082 585 4134 ad
613 4080 1027 4150 praedicandum
1045 4078 1415 4146 Evangelium
1447 4076 1676 4139 Christi,

140 4163 175 4209 et
191 4167 360 4217 ostium
383 4170 521 4220 mihi
535 4173 796 4236 apertum
820 4170 1029 4219 essetin
1059 4165 1365 4228 [ωηιιίιοῄά
1395 4163 1684 4227 est,multa

137 4249 266 4301 corda
287 4251 560 4308 hominum
578 4263 780 4325 parata
799 4271 897 4324 per
917 4252 1211 4307 Dominum
1227 4252 1301 4304 ad
1321 4251 1680 4311 credendum.

143 4348 225 4388 non
249 4339 400 4393 habui
424 4347 671 4411 requiem
701 4360 761 4396 in
803 4345 1008 4410 spiritu
1049 4359 1182 4402 meo.
1210 4340 1264 4393 id
1295 4349 1380 4393 est
1407 4341 1462 4393 in
1494 4340 1684 4393 animo

1767 3197 1933 3251 estin
1966 3197 2137 3250 odore
2157 3204 2209 3247 et
2233 3196 2384 3248 fumo
2407 3192 2657 3247 carnium
2680 3191 2992 3244 delectetur
3016 3206 3023 3242 ;
3047 3191 3145 3243 sed
3184 3190 3364 3244 inten-

1766 3286 1975 3339 tionem
2001 3285 2150 3337 illius
2164 3284 2292 3337 boni
2318 3284 2414 3336 viri
2439 3288 2632 3335 sancta
2661 3280 2910 3350 appellat
2930 3279 3218 3349 Scriptura
3236 3280 3364 3333 odo-

1767 3391 1884 3428 rem
1917 3373 2227 3426 suavitatis.
2282 3389 2393 3441 qua
2431 3371 2743 3423 delectatus
2775 3375 2858 3422 est
2894 3369 3054 3422 Deus.
3094 3368 3365 3422 Similiter

1766 3463 1823 3515 in
1857 3463 1960 3514 hoc
1987 3461 2104 3514 loco
2136 3460 2560 3529 intelligendum
2587 3458 2837 3511 studium
2863 3463 2921 3510 et
2941 3457 3142 3510 bonam
3175 3458 3365 3510 volun-

1765 3555 1934 3604 tatem
1963 3538 2442 3618 intentionemque
2474 3548 2702 3600 odorem
2732 3545 3095 3615 appellatum.
3131 3545 3358 3606 Christi.

1766 3638 1966 3708 inquit.
1993 3637 2170 3690 honus
2200 3637 2338 3689 odor
2365 3652 2561 3688 sumus
2593 3629 2726 3692 Deo.
2763 3634 2814 3685 id
2848 3640 2934 3686 est
2988 3633 3042 3685 in
3077 3633 3361 3686 Christum

1765 3727 2074 3787 credentes,
2109 3734 2165 3778 et
2193 3743 2227 3778 a
2259 3725 2480 3778 Christo
2510 3723 2711 3776 educti.
2761 3721 3111 3790 praedicando
3145 3728 3362 3790 myste—

1767 3815 1909 3867 rium
1952 3813 2352 3866 incarnationis
2385 3813 2524 3879 ejus,
2574 3811 2866 3881 passionis.
2911 3809 3358 3875 resurrectionis,

1766 3902 2126 3958 ascensionis.
2165 3901 2492 3970 mysterium
2525 3916 2748 3969 quoque
2800 3906 3005 3951 sanctze
3032 3898 3358 3963 Trinitatis;

1767 3993 1942 4044 bonus
1971 3991 2108 4043 odor
2126 4006 2320 4042 sumus
2349 3989 2518 4046 illius.
2546 3989 2677 4057 quia
2700 3987 2899 4039 bonam
2919 3987 3125 4038 famam
3149 3987 3269 4054 ejus
3299 4003 3364 4040 ac

1766 4080 1939 4133 totius
1967 4076 2521 4146 Trinitatisgloriam
2555 4075 2940 4145 przedicamus,
2963 4074 3362 4128 Deo-subaudis

1769 4169 1920 4222 Patri
1963 4169 2267 4237 placentes,
2301 4165 2439 4219 talia
2469 4165 2738 4218 faciendo.
2761 4153 2842 4218 ‘Et
2873 4165 3179 4237 notandum
3213 4166 3363 4234 quod

1766 4257 2096 4328 sulijungat:
2131 4257 2193 4309 In
2225 4255 2330 4316 his,
2355 4253 2660 4324 inquit.qui
2680 4252 2986 4306 salviﬂunt
3004 4261 3193 4307 nostra
3221 4269 3363 4324 prie-

1769 4346 2066 4406 dicatione,
2103 4352 2158 4397 et
2197 4344 2254 4397 in
2287 4343 2370 4396 his
2403 4343 2495 4413 qui
2527 4349 2766 4413 pereunt
2794 4341 2970 4395 bonus
3009 4342 3146 4395 odor
3169 4359 3365 4396 sumus

139 4434 604 4496 meo,eoquod‘non
632 4434 940 4484 invenerim
974 4431 1176 4490 Titum.
1204 4433 1447 4494 fratrem
1476 4446 1680 4492 meum;
1705 4424 1750 4480 D
1773 4435 2001 4494 Christi,
2040 4435 2151 4486 Deo
2184 4432 2336 4486 Patri
2354 4433 2637 4502 placentes
2671 4450 2683 4496 ;
2715 4431 2850 4502 quia
2877 4431 3028 4486 sicut
3046 4432 3226 4501 placet
3249 4431 3364 4485 Deo

140 4513 208 4563 sed
230 4519 532 4583 vale/“aciem
579 4523 676 4584 eis,
729 4519 782 4572 id
825 4525 926 4579 est.
982 4519 1232 4572 salutans
1265 4536 1378 4582 eos,
1407 4520 1685 4585 profectus

139 4614 234 4652 tum
262 4607 313 4656 in
353 4609 729 4662 Macedoniam
761 4608 1100 4678 provinciam
1133 4608 1302 4660 aliam
1335 4608 1678 4661 Graecorum.

142 4684 254 4742 Dicit
273 4691 452 4749 beatus
474 4697 855 4768 Hieronymus
879 4697 1046 4760 :Quia
1065 4713 1178 4750 non
1197 4697 1408 4750 invenit
1437 4697 1684 4749 ﬁstulam

141 4789 264 4832 suam
298 4785 612 4854 Apostolus,
647 4786 699 4838 id
750 4794 836 4838 est
869 4787 1054 4840 Titum
1100 4785 1465 4855 interpretem
1495 4801 1679 4847 suum,

140 4861 236 4918 ideo
261 4875 488 4927 recessit.
521 4875 635 4929 Sed
667 4875 899 4944 quaestio
926 4880 1008 4928 est
1039 4875 1098 4928 in
1130 4875 1235 4928 hoc
1262 4875 1416 4927 loco:
1452 4874 1512 4928 Si
1540 4877 1685 4945 Apo-

136 4955 274 5010 stolus
291 4964 529 5017 omnium
560 4963 820 5034 gentium
852 4964 1059 5034 linguis
1091 4970 1311 5033 poterat
1339 4963 1511 5034 loqui.
1540 4964 1686 5017 sicut

135 5039 226 5108 ipse
250 5046 368 5102 dicit
393 5051 448 5104 in
480 5053 656 5121 priori
687 5054 927 5122 epistola
962 5071 972 5104 :
1027 5054 1250 5108 Gratias
1277 5070 1376 5120 ago
1405 5054 1510 5105 Deo
1543 5055 1686 5120 quod

135 5136 341 5189 omnium
377 5147 618 5194 vestrum
650 5145 858 5209 tinguis
888 5145 1080 5209 loquor
1110 5144 1157 5207 (Ι
1187 5144 1308 5197 συν.
1335 5145 1476 5203 xxv),
1508 5158 1682 5210 quare

135 5227 375 5279 recesserit
401 5246 434 5281 a
455 5228 676 5283 Troade
707 5230 855 5300 quod
883 5230 1097 5283 scilicet
1131 5230 1291 5283 Titus
1313 5229 1679 5296 abesset,ma:

133 5306 248 5364 xime
273 5329 388 5368 cum
419 5319 596 5372 multa
637 5319 804 5372 corda
835 5329 1034 5372 essent
1065 5325 1261 5388 parata
1315 5319 1395 5371 illi
1446 5319 1516 5370 ad
1566 5335 1681 5372 cre-

134 5393 381 5480 dendum?
409 5406 538 5468 Quae
571 5408 677 5459 hoc
708 5407 870 5460 modo
899 5408 1150 5466 solvitur.
1177 5407 1311 5476 quia
1341 5407 1476 5459 dum
1506 5407 1681 5460 venis-

135 5490 202 5537 set
222 5485 489 5557 Troadem,
517 5495 648 5547 licet
665 5496 840 5548 multa
863 5496 1031 5547 corda
1051 5496 1358 5548 invenisset
1383 5503 1580 5565 parata
1597 5497 1676 5549 ad

133 5572 447 5645 credendum,
479 5580 694 5635 invenit
729 5591 920 5636 tamen
978 5582 1184 5636 multos
1243 5583 1592 5637 adversarios
1619 5587 1678 5638 et

1767 4533 2018 4577 nostrum
2043 4523 2251 4576 bonum
2281 4521 2717 4591 stmlium.quod
2748 4520 3123 4590 impendimus
3157 4520 3240 4573 his
3263 4521 3366 4590 qui

1767 4613 2076 4672 salvantur.
2109 4611 2188 4664 sic
2221 4611 2404 4680 placet
2435 4610 2604 4662 etiam
2637 4609 2774 4661 illud
2791 4609 2942 4678 quod
2981 4594 3358 4682 impendimus

1769 4701 1855 4753 his
1876 4701 1969 4770 qui
1994 4705 2246 4770 pereunt,
2285 4699 2549 4769 quoniam
2579 4703 2771 4750 nostra
2801 4698 3054 4750 voluntas
3099 4697 3224 4769 talis
3255 4695 3356 4762 est,

1769 4796 1834 4842 ut
1863 4790 2132 4842 vellemus
2155 4803 2351 4840 omnes
2380 4786 2446 4852 (si
2479 4789 2786 4855 possemus)
2821 4784 3034 4836 salvare
3079 4802 3090 4836 :
3122 4781 3359 4854 ideoque

1767 4878 2084 4931 delectatur
2111 4876 2281 4929 odore
2312 4881 2518 4928 nostrae
2558 4871 2902 4926 intentionis.
2965 4871 3088 4924 Sive
3134 4889 3269 4941 ergo
3302 4873 3359 4927 in

1770 4967 1856 5019 his
1885 4966 1982 5036 qui
2014 4966 2320 5027 salvantur,
2378 4963 2491 5016 sive
2536 4961 2592 5014 in
2643 4961 2726 5013 his
2766 4959 2860 5030 qui
2893 4966 3150 5038 pereunt,
3184 4961 3361 5016 bonus

1768 5056 1907 5109 odor
1933 5062 2094 5108 erant
2122 5052 2359 5124 apostoli
2408 5052 2517 5104 Deo
2570 5050 2722 5103 Patri
2749 5049 3050 5118 placentes,
3083 5051 3215 5120 quia
3238 5037 3361 5106 sin-

1765 5145 1970 5198 ceriter
1999 5148 2056 5197 et
2087 5143 2204 5196 sine
2231 5140 2558 5194 adulatione
2576 5137 2970 5209 praedicabant.

1834 5236 1975 5286 Aliis
2005 5234 2224 5299 quidem
2251 5245 2444 5282 sumus
2474 5230 2606 5280 ator
2649 5231 2844 5279 mortis
2875 5231 2934 5279 in
2970 5235 3220 5290 mortem.
3252 5231 3362 5284 illis

1764 5307 2025 5372 videlicet
2045 5316 2246 5386 quibus
2266 5314 2702 5385 praedicamussi
2719 5322 3087 5371 contemnunt
3102 5309 3327 5373 credere
3346 5338 3356 5371 :

1763 5411 1893 5461 aliis
1923 5411 2106 5458 autem
2134 5403 2266 5455 odor
2303 5406 2422 5455 vita?
2454 5405 2513 5454 in
2545 5406 2737 5478 vitam,
2771 5403 2879 5456 illis
2909 5404 3005 5473 qui
3039 5406 3278 5475 audiunt
3304 5412 3361 5459 et

1763 5495 2030 5567 cred.unt._
2053 5493 2193 5569 Cum
2239 5507 2348 5545 una
2399 5497 2546 5571 esset
2577 5491 2920 5571 .prmdicatio
2947 5495 3350 5571 apostolorum,

1761 5598 1931 5653 quam
1960 5565 2361 5652 impendebant
2399 5565 2659 5634 dmnibus
2688 5586 2745 5633 et
2768 5565 3077 5636 volentibus
3107 5568 3351 5646 credere,
