3936 6164
489 225 594 284 615

915 220 1293 278 HAYMONIS
1331 217 1820 274 HALBERSTAT.
1862 217 2087 274 EPISC.
2128 218 2288 274 OPP.
2328 220 2513 297 PARS
2550 220 2597 275 Ι.
2638 251 2702 264 -
2739 219 3110 277 COMMENT.
3153 220 3339 277 BIBL.

3621 225 3708 285 616

488 354 547 404 et
572 365 685 403 non
722 346 1055 402 volentibus.
1080 343 1416 416 quibusdam
1451 348 1573 396 erat
1612 342 1728 412 ipsa
1762 340 2323 413 priedicatioAnobis
2347 345 2733 399 testimonium
2759 344 2941 399 laudis
2973 344 3327 416 perhibeant.
3360 345 3578 417 Exponit
3600 365 3711 420 ergo

486 447 687 509 gustus
715 445 770 492 et
797 437 935 491 odor
958 435 1152 489 mortis
1178 433 1247 487 ad
1298 438 1535 486 mortem
1576 438 1865 493 aeternam,
1900 431 2087 501 potius

493 544 661 598 quam
697 527 766 580 ad
796 530 1145 596 praesentem.
1194 540 1360 592 quam
1403 521 1676 574 habemus
1715 520 2089 573 communiter

491 632 616 670 cum
645 615 985 669 animalibus
1012 620 1069 666 et
1096 610 1409 683 pecoribus,
1445 609 1577 679 quia
1600 608 1941 663 aeternaliter
1959 607 2088 661 inde

497 701 1082 771 damnabantur.quod
1106 698 1373 753 nolebant
1395 697 1621 751 obedire
1642 697 1823 750 verbis
1846 697 2089 766 Evange-

490 793 581 859 lii;
613 792 945 863 quibusdam
966 796 1153 843 autem
1181 794 1304 842 erat
1325 787 1464 840 odor
1482 794 1537 839 et
1565 793 1765 856 gustus
1781 787 1905 839 vita
1926 787 1992 838 ad
2019 785 2091 838 vi-

488 886 605 934 tam
633 887 895 935 aeternam
919 876 1470 950 percipiendam,qui
1502 876 1771 946 perillam
1802 874 2091 928 salvaban-

487 974 601 1024 tur.
633 969 789 1024 Sicut
818 968 964 1022 enim
994 968 1287 1021 credentes
1309 982 1409 1035 per
1431 965 1582 1017 illam
1608 964 1744 1017 salvi
1762 963 1989 1025 ﬁebant,
2010 964 2089 1017 ita

490 1058 761 1113 increduli
805 1055 1240 1116 damnabantur,
1275 1054 1409 1124 quia
1456 1052 1863 1106 inexcusabiles
1902 1058 2081 1107 erant.

487 1149 555 1202 Et
575 1148 647 1200 ad
676 1149 800 1209 hac,
836 1145 1102 1199 subaudis
1136 1142 1524 1197 discernenda.
1560 1145 1684 1210 quis
1715 1146 1829 1194 tam
1860 1143 2087 1196 idoneus

490 1240 547 1290 et
568 1241 733 1305 aptus
776 1233 1105 1304 praedicator
1151 1238 1253 1288 est,
1290 1235 1353 1283 ut
1404 1230 1580 1300 possit
1622 1229 1942 1282 discernere
1991 1228 2086 1299 qui

490 1324 604 1378 sint
632 1324 754 1392 ejus
789 1321 1182 1392 praedicatione
1219 1318 1482 1373 Asalvandi
1522 1324 1691 1387 atque
1721 1317 2026 1371 damnandi
2069 1334 2080 1369 :

492 1411 713 1465 Nullus.
743 1409 988 1479 Ideoque
1035 1408 1295 1463 omnibus
1336 1406 1746 1478 impendendus
1772 1412 1858 1460 est
1900 1422 2088 1459 sermo

492 1498 922 1570 praedicationis.

568 1588 691 1641 Non
704 1589 853 1640 enim
876 1602 1069 1639 sumus
1098 1602 1200 1638 nos
1232 1584 1467 1655 apostoli
1494 1586 1638 1636 sicut
1654 1586 1900 1650 plurimi
1922 1584 2087 1635 adul-

2168 449 2397 486 causam
2430 450 2603 503 quare
2629 450 2739 487 non
2770 434 3040 503 indigeat,
3066 434 3329 504 inquiens
3360 452 3371 487 :

2242 522 2484 587 Epistota
2501 527 2689 574 nostra
2704 538 2790 574 vos
2803 524 3159 589 estis,scripta
3179 526 3240 574 in
3260 523 3505 575 cordibus
3526 528 3715 578 nostris.

2170 608 2417 678 Epistula
2447 608 2670 678 signum
2694 615 2781 662 est
2808 609 3028 675 salutis,
3061 609 3194 681 quia
3222 610 3459 663 salutem
3488 611 3721 667 mittentis

2171 698 2439 759 continet,
2481 703 2538 751 et
2581 698 2650 751 de
2681 698 2830 752 illius
2862 699 3043 753 salute
3076 700 3343 770 loquitur,
3379 700 3467 753 cui
3498 700 3721 756 mittitur.

2173 785 2442 855 Epistola,
2477 785 2680 855 inquit,
2704 793 2897 840 nostra
2925 804 3021 841 vos
3045 788 3197 850 estis,
3231 788 3522 852 Corinthii,
3552 790 3724 860 scripta

2171 873 2229 926 in
2258 873 2520 928 cordibus
2572 875 2799 940 nostris,
2833 876 2964 945 quia
3004 877 3073 929 de
3117 884 3301 930 vestra
3336 877 3516 931 salute
3539 877 3617 931 die
3641 894 3725 932 no-

2171 969 2377 1032 ctuque
2421 963 2764 1017 meditemur
2813 970 2870 1017 et
2916 965 3247 1034 cogitamus,
3283 971 3340 1018 et
3376 965 3497 1036 ipsa
3526 966 3727 1020 intentio

2173 1051 2351 1104 nostri
2381 1051 2565 1105 cordis
2588 1051 2847 1121 perhibet
2875 1069 2971 1105 vos
2991 1053 3376 1106 testimonium
3407 1053 3603 1115 laudis,
3636 1068 3730 1122 qua

2168 1139 2422 1209 epistola,
2455 1142 2633 1193 scitur
2679 1146 2729 1193 et
2783 1143 2987 1209 legitur
3017 1143 3086 1194 ab
3136 1143 3393 1195 omnibus
3423 1142 3727 1206 hominibus,

2171 1228 2229 1281 id
2260 1234 2345 1281 est
2375 1227 2444 1281 ab
2466 1227 2725 1282 omnibus
2758 1228 3080 1283 hominibus
3108 1229 3287 1283 scitur
3313 1235 3370 1283 et
3399 1229 3616 1299 legitur,
3643 1245 3734 1283 non

2169 1316 2346 1369 oculis
2376 1316 2677 1386 corporeis,
2696 1317 2790 1370 sed
2823 1324 3011 1371 mente
3028 1317 3487 1388 intelligiturilla
3513 1317 3732 1387 epistola,

2168 1404 2226 1457 id
2257 1411 2362 1465 est,
2390 1403 2496 1457 hoc
2536 1403 2686 1473 quod
2739 1404 2809 1458 de
2847 1411 3042 1458 vestra
3084 1405 3276 1459 salute
3306 1421 3533 1477 semper
3557 1405 3736 1475 cogita-

2171 1509 2316 1547 mus.

2242 1584 2592 1650 Manifestati
2618 1585 2887 1651 quoniam
2911 1586 3143 1650 epistola
3169 1586 3294 1637 estis
3316 1584 3545 1641 Christi.
3576 1584 3645 1637 Ex
3665 1599 3739 1638 su-

496 1679 734 1728 terantes
759 1677 985 1728 verbum
1024 1676 1138 1727 Dei.
1169 1673 1269 1726 Hic
1298 1672 1540 1743 percutit
1569 1672 2082 1742 pseudoapostolos.
2106 1656 2152 1716 Β
2175 1670 2488 1740 perioribus
2518 1672 2765 1742 pendent
2794 1691 2805 1725 :
2856 1672 2968 1725 Vos
3010 1671 3103 1741 qui
3134 1673 3269 1725 estis
3300 1672 3552 1743 Epistola
3577 1678 3740 1725 nostra

495 1762 653 1817 Sicut
681 1761 827 1815 enim
847 1761 1069 1815 adulter
1097 1778 1209 1814 non
1237 1777 1407 1814 causa
1428 1761 1636 1813 amoris
1667 1760 1906 1813 ﬁliorum
1925 1759 2087 1813 adul-

491 1850 882 1905 teratalterius
904 1850 1257 1913 uxorem,sed
1279 1866 1447 1903 causa
1466 1867 1579 1903 suae
1603 1849 1849 1902 libidinis
1871 1849 2090 1919 explen-

493 1939 595 1993 dae.
629 1941 708 1992 ita
736 1939 857 1992 falsi
884 1939 1118 2009 apostoli
1151 1938 1547 1991 adulterabant
1577 1937 1804 1991 verbum
1829 1936 2092 2008 Dei,quia

492 2044 606 2082 non
638 2028 760 2081 ideo
795 2027 1173 2098 praedicabant
1197 2035 1260 2079 ut
1284 2027 1425 2080 ﬁlios
1455 2027 1737 2097 spiritales
1763 2027 1873 2080 Deo
1893 2026 2087 2095 acqui-

501 2123 714 2177 rerent,
750 2116 884 2187 quia
913 2116 1050 2169 falso
1082 2114 1677 2185 praedicabantmeque
1708 2132 1807 2185 pro
1838 2131 2094 2169 remune-

495 2205 714 2259 ratione
743 2204 983 2258 ccelestis
1011 2203 1325 2274 patriaesed
1352 2220 1450 2273 pro
1473 2204 1642 2256 lucris
1662 2203 2088 2273 temporalibus,

498 2301 556 2349 et
603 2292 885 2348 favoribus
936 2292 1216 2346 humanis.
1270 2293 1332 2346 In
1363 2292 1469 2345 hoc
1496 2292 1666 2344 etiam
1699 2291 2095 2345 adulterabant

496 2382 729 2437 verbum
762 2381 879 2442 Dei,
919 2382 1051 2451 quia
1079 2398 1189 2434 non
1221 2388 1372 2434 recte
1403 2397 1584 2450 neque
1632 2381 1906 2434 veraciter
1952 2381 2090 2434 illud

495 2469 788 2533 docebant,
817 2469 1064 2523 dicentes
1122 2469 1404 2523 Christum
1446 2485 1556 2522 non
1608 2485 1729 2522 esse
1781 2474 2086 2528 mortuum.

494 2576 679 2630 neque
732 2575 767 2611 a
823 2558 1058 2611 mortuis
1106 2557 1432 2611 surrexisse.
1475 2557 1727 2628 Apostoli
1757 2564 1948 2611 autem
1977 2573 2090 2610 non

493 2647 1049 2717 adulterabant.quia
1062 2646 1342 2716 spiritales
1363 2647 1507 2700 ﬁlios
1520 2647 1633 2700 Deo
1644 2647 1935 2717 acquirere
1951 2645 2092 2700 desi-

494 2737 851 2797 derabant,et
866 2752 973 2789 non
995 2752 1093 2806 pro
1115 2735 1282 2789 lucris
1301 2734 1721 2805 temporalibus,
1741 2736 1837 2789 sed
1855 2752 2095 2806 proprae-

494 2826 611 2880 mio
650 2833 871 2880 aeternie
909 2823 1276 2878 beatitudinis
1316 2824 1695 2894 praedicationi
1749 2823 2090 2889 insistentes,

495 2932 677 2986 neque
704 2931 801 2986 pro
830 2913 1017 2967 favore
1049 2919 1105 2967 et
1132 2914 1298 2966 laude
1340 2914 1586 2966 humana
1612 2912 1924 2966 rectissime
1950 2929 2094 2983 prae-

2171 1759 2381 1830 scripta
2407 1760 2463 1813 in
2495 1760 2776 1824 cordibus,
2804 1761 3064 1832 vosestis
3095 1761 3435 1815 manifestati
3476 1762 3599 1815 aliis
3618 1759 3740 1831 quod

2173 1856 2368 1902 noStra
2398 1849 2794 1919 praedicatione
2850 1849 2919 1902 ad
2979 1849 3148 1902 ﬁdem
3206 1850 3458 1915 venistis,
3511 1849 3742 1921 quoniam

2175 1937 2413 2006 epistola
2433 1937 2567 1991 estis
2598 1937 2826 1991 Christi.
2849 1938 3174 1991 Ministrata
3200 1954 3235 1991 a
3258 1939 3425 2003 nobis,
3468 1946 3523 1992 et
3549 1942 3740 2005 scripta,

2175 2041 2285 2077 non
2316 2029 2649 2083 atramento.
2708 2026 2801 2078 sed
2847 2027 3050 2092 spiritu
3108 2026 3206 2078 lJei
3260 2029 3392 2079 vivi.
3440 2025 3586 2079 Illud
3621 2024 3743 2095 quod

2176 2118 2495 2166 atramento
2525 2112 2789 2166 scribitur
2815 2111 3129 2166 oblitterari
3183 2114 3299 2167 sive
3349 2114 3529 2167 deleri
3570 2118 3741 2183 petest,

2177 2202 2315 2255 ﬁdes
2370 2209 2557 2256 autem
2607 2219 2733 2272 quae
2791 2218 2825 2254 a
2877 2202 3090 2272 Spiritu
3132 2208 3326 2256 sancto
3357 2203 3637 2258 scribitur.
3666 2201 3743 2269 qui

2178 2307 2403 2361 semper
2432 2290 2582 2351 vivit,
2618 2299 2828 2344 aeterna
2878 2297 2982 2354 est,
3013 2290 3147 2360 quia
3183 2290 3331 2344 sicut
3378 2291 3475 2344 ille
3535 2289 3743 2362 Spiritus

2175 2392 2419 2434 aeternus
2472 2386 2577 2445 est,
2630 2381 2709 2433 ita
2749 2380 2848 2433 illa
2880 2380 3019 2433 ﬁdes
3048 2386 3261 2433 aeterna
3289 2386 3393 2434 est.
3431 2376 3747 2434 Manifestati

2173 2469 2332 2531 estis,
2367 2469 2570 2539 inquit,
2605 2469 2754 2538 quod
2785 2476 2976 2522 nostra
3000 2468 3397 2539 praedicatione
3435 2468 3742 2531 credidistis,

2173 2557 2436 2626 quoniam
2478 2556 2717 2627 epistola
2759 2556 2895 2610 estis
2918 2556 3145 2615 Christi.
3168 2557 3226 2609 id
3269 2563 3357 2610 est
3410 2557 3582 2610 ﬁdem
3623 2554 3746 2608 illius

2173 2644 2411 2707 habetis,
2476 2663 2510 2699 a
2554 2662 2666 2716 qua
2713 2645 2965 2699 dicimini
3017 2646 3356 2700 Christiani:
3395 2662 3523 2716 quae
3565 2645 3689 2699 ﬁdes
3721 2657 3749 2694 a

2176 2732 2336 2787 nobis
2369 2740 2456 2787 est
2483 2733 2821 2799 ministrata,
2854 2734 2986 2804 quia
3006 2735 3144 2787 ﬁdes
3163 2751 3227 2787 ex
3250 2736 3453 2787 auditu
3486 2742 3574 2788 est
3601 2735 3745 2800 (Rom.

2177 2828 2251 2888 κ),
2281 2829 2336 2874 et
2380 2838 2414 2874 a
2446 2822 2659 2892 Spiritu
2689 2831 2882 2876 sancto
2916 2830 3001 2875 est
3030 2823 3239 2893 scripta
3286 2822 3344 2876 in
3394 2823 3651 2877 cordibus
3676 2836 3746 2875 ve-

2178 2911 2333 2977 stris,
2364 2910 2497 2980 quia
2536 2911 2661 2964 aliis
2710 2911 2878 2964 datur
2916 2912 3054 2965 ﬁdes
3078 2911 3137 2964 in
3165 2912 3361 2965 eodem
3394 2912 3616 2982 Spiritu.
3646 2910 3747 2965 Non

496 2972 769 3064 dicentes,
801 3003 946 3056 sicut
977 3003 1122 3056 idem
1156 3002 1455 3072 Apostolus
1484 3001 1691 3059 subdit.
1726 3003 1815 3055 sed
1866 2972 2081 3055 ear-sin-
2117 2972 2261 3051 Cest
2293 2972 2503 3069 scripta
2542 2999 2640 3052 illa
2688 3000 2826 3053 ﬁdes
2866 3002 2927 3053 in
2978 3003 3181 3054 tabulis
3241 2972 3470 3068 lapideis
3499 3001 3641 3055 sicut
3676 2999 3746 3051 lex

497 3096 739 3156 ceritate,
771 3092 975 3161 inquit,
1034 3091 1420 3161 praedicamus,
1454 3090 1508 3142 id
1542 3096 1717 3144 estex
1759 3090 2004 3161 puritate
2035 3094 2092 3143 et

493 3180 764 3244 veritate;
810 3181 901 3232 sed
947 3182 1089 3233 sicut
1118 3195 1182 3232 ea:
1212 3180 1332 3239 [)co,
1376 3178 1430 3231 id
1451 3185 1535 3231 est
1564 3195 1628 3231 ex
1660 3178 1871 3249 Spiritu
1897 3184 2090 3232 sancto

496 3269 835 3339 accepimus,
865 3268 942 3321 ita
976 3267 1343 3338 praedicamus
1379 3267 1508 3336 quia
1559 3267 1726 3320 unius
1763 3266 2090 3321 substantiae

496 3358 740 3412 existens
796 3372 923 3410 cum
975 3356 1142 3409 Patre
1172 3362 1227 3409 et
1252 3355 1393 3409 Filio
1423 3371 1569 3408 unus
1595 3362 1679 3407 est
1708 3356 1876 3420 Deus,
1904 3372 2089 3409 coram

496 3447 600 3501 Deo
631 3445 899 3500 subaudis
920 3443 1283 3514 loquimur,id
1308 3452 1410 3501 est.
1436 3443 1516 3496 sic
1549 3443 1915 3513 praedicamus
1932 3444 2090 3514 quasi

494 3534 552 3588 in
582 3533 881 3605 praesentia
936 3532 1035 3586 Dei
1083 3548 1306 3602 semper
1353 3531 1528 3585 simus
1560 3531 1745 3602 positi,
1787 3538 1844 3586 et
1872 3532 1989 3603 ipse
2020 3533 2097 3587 sit.

494 3630 688 3678 noster
710 3623 954 3692 adjutor.
988 3621 1203 3674 Revera
1230 3620 1379 3673 enim
1428 3620 1548 3689 ipse
1590 3620 1800 3690 ubique
1850 3639 2093 3692 praesens

495 3711 672 3765 adest.
708 3712 771 3763 In
798 3710 1010 3764 Christo
1036 3710 1162 3761 Jesu
1196 3710 1498 3775 loquimur,
1528 3708 1584 3762 id
1615 3716 1701 3763 est
1729 3709 1801 3763 ad
1821 3709 2088 3765 honorem

498 3804 554 3852 et
589 3797 828 3867 gloriam
861 3795 1068 3851 Christi
1098 3796 1250 3850 Jesu.

1104 3885 1337 3940 CAPUT
1370 3886 1449 3941 ΙΙΙ
1465 3930 1477 3943 .

567 3976 872 4043 Incipimus
923 3977 1125 4028 iterum
1174 3978 1525 4044 nosmetipsos
1576 3978 1999 4030 commendare?
2026 3977 2088 4031 Id

498 4070 582 4120 est
614 4065 862 4119 laudare.
902 4063 1169 4134 Nunquid
1206 4080 1320 4117 non
1359 4081 1417 4118 se
1443 4070 1500 4118 et
1528 4064 1669 4117 alios
1692 4066 1811 4133 jam
1843 4065 2092 4118 laudavit

472 4154 664 4224 paulo
693 4152 983 4222 superius?
1003 4152 1156 4204 Fecit
1182 4152 1377 4221 utique
1407 4158 1462 4205 et
1492 4152 1769 4222 superius,
1802 4158 1860 4206 et
1886 4153 2088 4206 iterum

493 4241 604 4293 isto
634 4241 687 4292 in
718 4241 842 4292 loco
872 4247 1040 4308 atque
1071 4238 1127 4291 in
1159 4239 1543 4309 sequentibus.
1577 4241 1684 4293 Sed
1706 4257 1831 4294 cum
1864 4241 2091 4311 sapien-

2172 3087 2370 3156 Moysi,
2422 3089 2513 3140 sed
2542 3091 2604 3141 in
2638 3090 2842 3141 tabulis
2867 3091 3046 3141 cordis
3074 3090 3416 3143 carnalibus.
3455 3088 3745 3144 Praevidens

2173 3176 2526 3247 omnipotens
2556 3177 2702 3229 Deus
2733 3177 2997 3231 duritiam
3031 3176 3217 3231 cordis
3236 3178 3583 3241 sudzeorum,
3613 3191 3746 3231 eam-

2173 3264 2298 3318 dem
2330 3265 2509 3334 legem
2560 3280 2726 3335 quam
2759 3266 2841 3318 eis
2875 3265 3064 3325 dabat,
3107 3266 3164 3319 in
3203 3267 3388 3337 lapide
3437 3266 3671 3338 scripsit,
3700 3270 3748 3319 ut

2174 3369 2276 3423 per
2310 3353 2554 3423 lapidem
2606 3354 2817 3408 duritia
2849 3355 3031 3408 cordis
3083 3355 3309 3409 illorum
3358 3356 3744 3427 designaretur.

2173 3442 2281 3495 Per
2307 3442 2529 3496 tabulas
2557 3459 2689 3511 ergo
2710 3443 2960 3513 lapideas
2990 3443 3257 3499 debemus
3287 3444 3601 3515 intelligere
3628 3444 3750 3497 dura

2176 3531 2345 3583 corda
2360 3531 2659 3584 hominum
2691 3539 2749 3585 et
2774 3532 3146 3593 insensibilia,
3177 3533 3232 3586 in
3265 3534 3467 3604 quibus
3494 3550 3603 3587 non
3628 3530 3748 3586 scri-

2178 3617 2331 3672 bitur
2361 3619 2500 3673 ﬁdes
2528 3619 2755 3681 Christi,
2790 3621 2924 3691 quia
2974 3622 3127 3675 nulla
3157 3623 3570 3693 praedicatione,
3602 3619 3749 3675 nullis

2173 3708 2487 3762 terroribus
2503 3708 2742 3761 emolliri
2763 3710 3134 3779 possunt.Per
3150 3711 3255 3765 hoc
3272 3728 3404 3765 vero
3426 3712 3573 3783 quod
3590 3710 3712 3764 dicit
3732 3725 3746 3761 :

2173 3796 2274 3851 Sed
2294 3799 2358 3850 in
2387 3798 2588 3850 tabulis
2614 3800 2793 3851 cordis
2816 3798 3439 3861 carnalibus,debemus
3458 3799 3747 3868 intelligam

2173 3900 2269 3938 cor
2297 3884 2465 3938 molle
2497 3891 2555 3938 et
2593 3885 2878 3955 sensibile,
2909 3886 3058 3957 quod
3113 3888 3284 3942 sentit
3334 3895 3393 3942 et
3425 3889 3664 3943 ﬂectitur
3685 3882 3746 3939 ad

2176 3973 2489 4037 mollitiem,
2522 3981 2580 4027 et
2602 3974 2867 4045 intelligit
2890 3975 3037 4046 quod
3069 3975 3291 4039 dicitur,
3323 3978 3524 4048 recipit
3550 3983 3603 4032 et
3628 3990 3747 4029 con-

2173 4062 2336 4127 tinet,
2360 4063 2418 4116 in
2441 4064 2644 4133 quibus
2659 4064 2923 4118 scribitur
2947 4065 3182 4136 epistola
3201 4065 3428 4133 Christi,
3447 4067 3502 4121 id
3531 4076 3615 4121 est
3626 4064 3747 4118 ﬁdes

2174 4150 2233 4204 in
2264 4152 2475 4222 Spiritu
2505 4160 2719 4207 sancto.

2248 4242 2537 4294 Fiduciam
2566 4246 2753 4295 autem
2777 4245 2941 4296 talem
2965 4244 3225 4298 habemus
3249 4260 3352 4312 per
3377 4247 3653 4302 Christum
3680 4242 3748 4296 ad

493 4327 577 4380 tia
600 4326 751 4379 dicat
780 4343 881 4396 per
910 4326 1265 4379 Salomonem
1290 4342 1302 4375 :
1327 4329 1525 4381 Laudet
1557 4332 1602 4380 te
1631 4331 1867 4392 alimus,
1901 4336 1949 4383 et
1980 4325 2155 4385 nonD
2174 4330 2366 4383 Deum.
2401 4329 2467 4383 In
2499 4330 2602 4384 hac
2632 4330 2867 4384 lectione
2907 4332 3024 4385 vult
3060 4334 3361 4403 Apostolus
3391 4332 3745 4387 differentiam

494 4431 550 4469 os
581 4419 740 4467 tuum
760 4416 941 4477 (Prov.
975 4416 1161 4481 xxvn),
1195 4431 1367 4484 quare
1398 4432 1456 4468 se
1487 4416 1736 4470 laudabit
1762 4419 2087 4489 Apostolus?

495 4502 777 4557 Nimirum
826 4502 1032 4556 idcirco
1064 4509 1128 4556 ut
1160 4503 1480 4558 Corinthios
1526 4505 1597 4559 ab
1631 4522 1823 4561 amore
1854 4509 2088 4579 pseudo-

493 4592 875 4664 apostolorum
936 4591 1250 4649 retraheret
1305 4593 1374 4646 ad
1420 4610 1584 4648 suum
1641 4612 1912 4659 amorem,
1954 4597 2089 4652 alio-

492 4698 732 4753 rumque
786 4680 1155 4735 veridiCorum
1195 4683 1598 4753 apOstolorum.
1662 4687 1772 4739 Aut
1830 4688 2090 4755 nunquid

492 4788 706 4839 egemus
725 4774 867 4825 sicut
893 4773 1118 4839 quidam
1142 4772 1603 4825 commendatitiis
1624 4777 1863 4841 epistolis
1878 4781 1902 4827 ?
1921 4775 1983 4829 Id
2003 4780 2091 4829 est

490 4860 821 4923 laudatitiis,
853 4876 975 4930 quae
1002 4859 1072 4913 ab
1102 4859 1224 4913 aliis
1251 4859 1512 4930 gentibus
1533 4867 1590 4914 et
1607 4862 1884 4928 Ecclesiis,
1906 4866 1979 4917 ad
1998 4880 2088 4918 vos

492 4952 811 5003 mittantur.
837 4954 935 5002 aut
966 4964 1001 5001 a
1024 4952 1170 5003 vobis
1199 4949 1269 5002 ad
1302 4950 1461 5011 alias,
1499 4967 1621 5020 quae
1653 4950 1804 5004 vobis
1836 4952 2089 5006 testimo-

492 5037 649 5091 nium
680 5036 867 5090 laudis
896 5042 954 5090 et
971 5037 1285 5091 sanctitatis
1315 5038 1809 5108 perhibeant.sicut
1830 5044 2081 5111 quidam,

492 5124 762 5178 subaudis
788 5124 1237 5194 faciunt.pseudo
1255 5127 1508 5181 videlicet
1536 5130 1770 5199 apostoli
1803 5137 1859 5184 et.
1877 5130 2079 5191 Judaei.

493 5212 589 5284 qui
619 5211 899 5281 accipiunt
928 5227 962 5263 a
991 5211 1187 5265 scribis
1210 5219 1266 5266 et
1284 5214 1581 5270 Phariszeis
1611 5218 2083 5290 pontiﬁcibusque

492 5300 812 5355 Iudaeorum
863 5300 1128 5369 epistolas
1156 5301 1498 5366 laudatitias,
1556 5312 1619 5358 ut
1658 5322 1758 5376 pro
1792 5310 1999 5361 sanctis
2026 5314 2083 5362 et

491 5388 769 5459 religiosis
797 5404 830 5441 a
861 5388 1326 5444 Praedicatoribus
1367 5391 1718 5448 habeantur?
1771 5396 1895 5450 Non
1934 5397 2082 5451 indi-

493 5494 695 5551 gemas
720 5482 907 5533 vestra
924 5477 1109 5547 laude,
1138 5495 1322 5551 neque
1352 5481 1602 5551 epistolis
1624 5483 1935 5541 laudatitiis
1958 5502 2082 5557 quis

2171 4424 2229 4472 et
2252 4418 2578 4472 distantiam
2628 4420 2809 4473 tacere
2855 4421 3005 4474 inter
3033 4422 3259 4493 Moysen
3290 4423 3661 4493 legislatorem
3697 4426 3749 4474 et

2171 4507 2457 4561 Christum
2488 4507 2741 4562 datorem
2772 4509 3077 4580 Evangelii,
3120 4511 3270 4565 inter
3295 4512 3477 4582 legem
3509 4519 3563 4566 et
3588 4513 3747 4565 Evan-

2169 4596 2400 4665 gelium,
2426 4595 2575 4650 inter
2603 4596 2858 4651 doctores
2888 4599 3026 4668 legis
3054 4606 3111 4653 et
3135 4600 3423 4670 Evangelii
3454 4620 3466 4654 :
3500 4608 3555 4654 et
3578 4612 3749 4653 osten-

2171 4687 2255 4739 dit
2283 4686 2415 4756 quia
2442 4695 2652 4756 quanta
2677 4686 2947 4740 distantia
2976 4694 3061 4742 est
3090 4690 3238 4742 inter
3266 4690 3496 4760 Moysen
3525 4698 3578 4744 et
3603 4685 3748 4744 Chri-

2170 4781 2339 4841 stum,
2371 4779 2531 4828 tanta
2559 4774 2830 4829 distantia
2874 4783 2960 4830 est
3004 4777 3152 4831 inter
3198 4777 3380 4848 legem
3421 4785 3477 4833 et
3504 4780 3747 4847 Evangeo

2169 4862 2327 4927 lium,
2360 4868 2417 4916 et
2447 4863 2595 4917 inter
2639 4865 2896 4919 doctores
2924 4865 3064 4936 legis
3095 4871 3152 4919 et
3180 4867 3496 4938 Evangelii;
3529 4868 3745 4921 demon-

2169 4960 2315 5006 strat
2339 4968 2562 5022 quoque
2592 4953 2724 5024 quia
2754 4954 2893 5007 nihil
2909 4971 3122 5011 sumus.
3147 4955 3256 5010 nisi
3284 4957 3509 5011 Domini
3538 4954 3742 5009 miseri-

2168 5041 2357 5096 cordia
2387 5053 2443 5096 et
2459 5044 2644 5113 gratia
2682 5060 2965 5114 regamur.
2999 5046 3307 5108 Fiduciam,
3353 5048 3547 5119 inquit,
3580 5046 3629 5099 id
3661 5046 3746 5097 est

2167 5130 2465 5183 audaciam
2495 5136 2552 5183 et
2574 5129 2738 5183 tidem
2765 5133 2929 5184 talem
2952 5132 3212 5186 habemus
3222 5150 3325 5200 per
3343 5136 3609 5189 Christum
3640 5131 3746 5184 Do-

2166 5219 2380 5273 minum
2407 5227 2661 5273 nostrum
2715 5220 2873 5289 cujus
2903 5220 3158 5290 passione
3189 5222 3463 5294 redempti
3476 5229 3530 5276 et
3554 5235 3746 5275 recon-

2168 5307 2340 5360 ciliati
2369 5324 2565 5362 sumus
2596 5310 2668 5362 ad
2696 5310 2888 5371 Deum,
2932 5310 2984 5363 id
3018 5318 3103 5364 est
3131 5311 3281 5382 apud
3307 5313 3481 5367 Deum
3504 5312 3739 5374 Patrem,

2165 5397 2391 5467 qualem
2445 5414 2549 5467 ego
2587 5396 2837 5453 dicturus
2868 5404 2924 5452 et
2951 5400 3264 5470 scripturus
3290 5417 3416 5455 sum
3439 5401 3498 5454 in
3518 5412 3742 5469 sequen-

2164 5487 2336 5542 tibus.
