3852 6154
138 323 224 383 617

754 311 1134 371 EXPOSITIO
1163 314 1243 371 IN
1270 315 1425 373 EPP.
1459 316 1517 373 S.
1550 313 1787 371 PAULI.
1820 346 1881 358 —
1912 312 1992 369 IN
2019 309 2243 370 EPIST.
2277 313 2331 370 Il
2368 313 2465 371 AD
2494 315 2657 373 00R.

3246 320 3355 379 6l8

191 449 298 505 Non
341 441 474 513 quod
506 441 837 509 sufﬁcientes
874 444 1050 496 simus
1107 444 1345 510 cogitare
1387 442 1608 510 aliquid
1641 438 1974 502 aAbratica
2001 458 2013 491 :
2046 440 2364 511 quicunque
2394 441 2634 497 voluerit
2661 442 2917 499 eamdem
2946 443 3129 516 legem
3156 462 3358 502 carna-

136 540 280 601 nobis,
307 531 451 603 quasi
474 545 541 584 ea:
568 531 747 598 nobis,
775 531 867 583 sed
894 532 1232 598 sufficientia
1262 536 1452 585 nostra
1480 547 1545 584 ea:
1571 532 1675 584 Deo

130 632 209 683 est.
230 624 322 678 Hic
339 619 568 676 destruit
584 635 808 673 omnem
828 619 1225 674 confidentiam
1254 618 1417 673 liberi
1436 617 1676 685 arbitrii,

132 731 215 788 per
229 710 358 784 quod
377 708 533 763 multi
553 712 756 778 putant
774 724 835 762 se
856 724 1020 779 posse
1036 707 1245 762 bonum
1266 707 1493 778 aliquod
1512 724 1680 778 agere

129 804 230 858 sine
250 798 417 871 gratia
442 796 574 864 Dei;
607 800 665 850 et
694 796 901 851 idcirco
930 797 1042 852 ista
1069 796 1261 852 omnia
1284 796 1381 862 ait,
1406 802 1471 851 ut
1499 802 1683 851 osten-

132 893 213 947 dat
251 886 375 943 nihil
422 884 553 939 boni
596 901 701 939 sua
740 885 947 940 virtute
994 890 1053 940 et
1095 885 1396 956 prudentia
1436 885 1682 956 cogitare

128 986 210 1034 aut
226 978 408 1033 facere.
424 973 573 1028 Dicit
593 991 754 1044 ergo:
780 975 905 1028 Non
929 973 1202 1028 habemus
1232 977 1395 1028 talem
1418 976 1681 1041 ﬁduciam

128 1068 199 1122 vel
223 1064 514 1124 audaciam.
547 1064 690 1132 quod
716 1064 891 1116 simus
921 1064 1273 1130 sufﬁcientes,
1306 1062 1363 1115 id
1395 1067 1499 1127 est,
1533 1063 1682 1133 quod

126 1155 369 1229 possimus
397 1153 635 1219 cogitare
658 1168 693 1204 a
720 1152 873 1205 nobis
893 1151 1108 1221 aliquid
1140 1150 1268 1204 boni
1293 1151 1363 1203 de
1386 1155 1573 1204 vestra
1597 1167 1684 1204 sa-

126 1249 226 1301 lute
243 1243 325 1297 vel
342 1246 553 1306 nostra,
576 1242 740 1308 quasi
756 1256 822 1293 ex
841 1241 995 1293 nobis
1022 1238 1237 1310 aliquid
1261 1237 1391 1293 boni
1414 1238 1567 1293 vobis
1595 1239 1682 1294 tu-

126 1340 286 1389 tumm
299 1331 372 1385 sit
388 1328 509 1383 sine
525 1327 714 1398 gratia
727 1326 949 1393 Dei,sed
968 1328 1307 1395 sufﬁcientia
1322 1344 1387 1381 ex
1398 1326 1687 1382 abundan-

124 1420 188 1474 tia
203 1424 376 1473 nostra
395 1434 459 1472 ea:
474 1418 583 1472 Deo
608 1421 704 1480 est,
729 1416 827 1488 qui
854 1416 953 1471 dat
971 1416 1113 1470 velle
1144 1432 1326 1487 posse,
1352 1416 1410 1470 id
1439 1421 1542 1483 est,
1574 1434 1689 1472 non

129 1508 284 1563 solum
322 1522 432 1561 non
471 1504 726 1559 valemus
762 1503 974 1581 bonum
1004 1504 1232 1575 aliquod
1272 1507 1540 1575 perﬁcere
1570 1506 1690 1560 sine

126 1596 214 1651 Dei
226 1593 595 1649 misericordia
607 1598 664 1647 et
678 1593 865 1663 gratia
880 1593 1229 1662 praecedente
1244 1599 1303 1647 et
1316 1593 1691 1665 subsequente

127 1685 207 1739 sed
231 1700 326 1739 nec
351 1682 619 1754 cogitare.
650 1681 753 1736 Dei
782 1680 933 1736 enim
960 1680 1147 1752 gratia
1178 1698 1282 1736 nos
1307 1684 1592 1753 prtevenit,
1628 1690 1694 1739 ut

1762 528 1893 583 liter
1919 527 2232 595 observare,
2257 530 2533 585 morietur
2557 531 2615 585 in
2644 532 2835 587 anima
2861 533 2995 604 quia
3018 533 3208 590 anima
3233 552 3358 607 quas

1760 617 2073 687 peccaverit
2116 618 2403 673 morietur.
2457 619 2617 674 Unde
2654 625 2712 674 et
2758 621 2906 675 idem
2952 623 3256 694 Apostolus
3297 624 3359 679 in

1764 706 2000 778 epistola
2019 707 2090 761 ad
2112 706 2360 773 Galatas,
2382 707 2464 760 ait
2486 725 2498 761 :
2524 708 2667 762 Vere
2685 710 2804 764 dico
2824 712 2989 773 vobis,
3009 715 3143 779 quia
3172 715 3224 766 si
3243 715 3359 767 cir-

1762 797 2187 859 cumcidamini,
2203 796 2454 849 Christus
2470 797 2617 849 nihil
2632 799 2778 851 vobis
2791 801 3043 867 proderit
3059 800 3263 869 (Galat.
3284 804 3358 872 v).

1764 888 1822 939 et
1848 882 2056 937 scimus
2084 883 2217 953 quia
2241 883 2444 953 quibus
2462 884 2718 939 Christus
2738 902 2851 939 non
2876 887 3126 957 prodest,
3149 891 3363 944 mortui

1763 976 1896 1026 sunt
1914 971 1974 1025 in
1994 970 2202 1025 anima.
2227 971 2333 1035 Qui
2351 988 2480 1026 vero
2503 973 2831 1043 spiritaliter
2849 974 3085 1029 voluerit
3103 978 3362 1032 eamdem

1765 1061 1946 1131 legem
2012 1076 2254 1121 servare,
2315 1059 2765 1115 circumcidendo
2810 1080 2872 1117 se
2919 1063 3249 1134 spiritaliter
3300 1065 3363 1121 in
3467 1097 3483 1107 ι

1766 1148 2121 1219 baptismate,
2150 1148 2246 1202 ubi
2275 1153 2361 1202 est
2405 1164 2538 1202 vera
2582 1150 2908 1220 exspoliatio
2946 1152 3226 1219 vitiorum,
3262 1152 3363 1207 ob-

1765 1236 2041 1291 servando
2094 1236 2416 1302 sabbatum,
2456 1236 2515 1291 id
2570 1243 2657 1291 est
2710 1239 3045 1308 quiescendo
3098 1256 3134 1294 a
3192 1258 3364 1311 pravo

1769 1340 1958 1395 opere,
1980 1329 2038 1378 et
2060 1324 2431 1394 omnipotenti
2450 1324 2566 1379 Deo
2592 1325 2875 1395 spiritales
2895 1327 3107 1383 hostias
3126 1329 3368 1385 offeren-

1770 1412 1861 1478 do,
1885 1412 2132 1483 seipsum
2155 1428 2380 1483 quoque
2403 1412 2795 1468 mortiﬁcando
2822 1430 2951 1469 cum
2978 1415 3124 1471 vitiis
3153 1421 3212 1471 et
3238 1434 3369 1473 con-

1772 1500 2147 1572 cupiscentiis,
2162 1500 2259 1555 ille
2274 1500 2409 1554 vivit
2426 1505 2485 1555 et
2505 1501 2647 1555 vivet
2668 1502 2726 1555 in
2748 1506 2960 1557 aeterna
2976 1503 3109 1560 vita.
3132 1505 3272 1561 Inde
3290 1506 3373 1561 di-

1772 1589 1849 1644 cit
1868 1589 2206 1661 Apostolus:
2236 1591 2443 1644 Littcra
2463 1591 2657 1644 occidit
2685 1590 2742 1644 in
2773 1592 2967 1646 anima
2986 1594 3172 1659 modo,
3195 1594 3255 1649 id
3284 1600 3372 1651 est

1772 1677 2032 1732 litteralis
2052 1677 2426 1749 intelligentia
2444 1678 2616 1749 legis:
2643 1682 2876 1747 spiritus
2898 1687 3084 1736 autem
3107 1686 3369 1751 viviﬁeat,

123 1773 345 1838 velimus,
369 1776 427 1825 et
452 1770 579 1842 ipsa
599 1787 702 1825 nos
721 1769 1101 1841 subsequitur,
1122 1776 1188 1825 ut
1209 1771 1504 1842 possimus.
1528 1773 1688 1828 Unde
1708 1789 1756 1849 Β
1772 1765 1830 1820 id
1850 1770 1937 1821 est
1955 1766 2226 1837 spiritalis
2245 1766 2621 1838 intelligentia
2640 1767 2814 1823 vitam
2832 1774 3102 1825 aeternam
3118 1777 3369 1842 praestat.

122 1861 353 1917 exorabat
370 1860 676 1915 Psalmista
694 1859 914 1914 dicens:
952 1861 1333 1914 Misericordia
1353 1865 1471 1929 ejus
1487 1878 1692 1930 prave-

120 1952 212 2003 niet
233 1966 311 2003 me
330 1949 501 2019 (Psal.
519 1951 705 2017 Lvm),
728 1954 787 2003 et
805 1948 1188 2002 Misericordia
1215 1952 1313 2003 tua
1333 1952 1692 2020 subsequetur

120 2052 189 2090 me
213 2037 347 2102 (Psal
360 2079 374 2093 .
404 2036 566 2104 xm).
586 2036 647 2090 Si
666 2036 818 2090 enim
838 2052 952 2091 non
971 2034 1223 2089 valemus
1244 2039 1513 2109 cogitare,
1542 2058 1693 2112 quo-

117 2124 259 2178 modo
277 2123 591 2194 poterimus
618 2124 930 2195 perﬁcere?

173 2213 283 2280 Qui,
303 2212 575 2267 subaudis
601 2212 772 2280 Deus,
793 2215 924 2283 fecit
952 2231 1053 2269 nos
1072 2216 1310 2281 idoneos,
1333 2215 1391 2271 id
1421 2222 1506 2271 est
1529 2222 1692 2289 aptos

114 2307 161 2355 et
179 2316 457 2372 congruos,
484 2304 777 2356 ministros
796 2303 935 2357 Novi
976 2305 1322 2371 Testamenti,
1346 2321 1458 2359 non
1480 2309 1689 2374 littera,

116 2392 192 2443 sed
217 2393 433 2458 spiritu,
460 2389 519 2444 id
546 2394 657 2454 est,
677 2405 791 2445 non
818 2390 948 2446 fecit
972 2408 1074 2446 nos
1094 2392 1387 2448 ministros
1414 2394 1472 2447 in
1502 2395 1693 2449 littera

115 2478 251 2550 legis,
283 2485 345 2534 ut
381 2479 825 2551 praedicaremus
862 2479 1344 2535 circumcisionem
1390 2482 1693 2536 carnaliter

114 2567 511 2635 observandam,
540 2573 647 2623 aut
667 2567 886 2623 sabbati
912 2568 1112 2635 otium,
1132 2574 1232 2624 aut
1264 2570 1690 2626 neomeniarum

111 2655 181 2710 vel
204 2655 604 2711 sacrificiorum
635 2655 809 2710 ritum
848 2655 1265 2719 celebrandum,
1303 2657 1402 2711 sed
1435 2657 1496 2711 in
1525 2658 1692 2728 spiri-

111 2743 194 2797 tali
218 2744 592 2816 intelligentia
627 2744 931 2816 Evangelii,
976 2745 1125 2817 quod
1163 2745 1494 2817 spiritaliter
1530 2746 1694 2800 intel-

110 2831 364 2903 ligendum
415 2838 553 2888 est:
601 2838 660 2887 et
686 2834 848 2903 cujus
892 2832 1204 2889 observatio
1250 2834 1521 2905 Spiritum
1561 2852 1694 2889 san-

110 2928 239 2975 ctum
263 2921 463 2976 tribuit
480 2926 747 2992 tempore
765 2921 1139 2993 baptismatis.
1164 2921 1326 2987 Quod
1347 2928 1538 2977 autem
1560 2923 1696 2978 dicit

109 3009 308 3064 idoneos
344 3011 648 3065 ministros
678 3026 739 3064 se
781 3011 1031 3081 aliosque
1058 3012 1342 3083 apostolos
1384 3011 1579 3079 fuisse,
1612 3012 1695 3066 ita

106 3098 264 3170 accipe
300 3114 312 3148 :
352 3099 615 3154 idoneus
646 3098 903 3153 minister
938 3105 1027 3154 est
1063 3099 1287 3171 proprie
1317 3116 1599 3171 congruus
1636 3107 1695 3155 et

106 3187 253 3251 utilis,
290 3192 463 3259 atque
503 3187 598 3242 illi
652 3186 735 3242 rei
771 3193 938 3259 aptus
975 3188 1044 3243 de
1094 3205 1206 3259 qua
1252 3204 1438 3243 sermo
1477 3189 1690 3259 agitur.

105 3275 278 3329 Littera
288 3279 442 3330 enim
463 3276 694 3341 occidit,
716 3279 949 3345 spiritus
966 3280 1154 3330 autem
1176 3278 1436 3343 viviﬁcat.
1462 3276 1692 3331 Duobus

106 3363 258 3417 modis
271 3374 356 3418 est
371 3364 821 3435 intelligendum
830 3405 842 3418 .
860 3367 1062 3419 Littera
1079 3364 1219 3434 legis
1232 3364 1487 3419 Mosaicae
1498 3367 1693 3420 occidit

103 3448 356 3506 hominem
371 3453 777 3524 corporaliter.
785 3452 1052 3523 jubendo,
1071 3458 1128 3507 et
1143 3469 1256 3507 non
1268 3452 1690 3523 juvando.Dum

106 3537 230 3591 enim
249 3539 381 3594 dicit
408 3541 503 3595 lex
528 3559 542 3594 :
570 3541 703 3595 Non
729 3539 963 3606 occides,
985 3556 1097 3595 non
1122 3540 1462 3595 adulterium
1488 3541 1687 3606 facies;

105 3624 182 3694 qui
198 3627 480 3693 occiderit,
496 3628 591 3683 vel
611 3628 712 3700 qui
725 3628 1066 3683 adulterium
1087 3634 1186 3684 aut
1203 3630 1317 3683 tale
1336 3630 1549 3702 aliquid
1571 3646 1694 3702 per-

104 3715 327 3781 petrarit,
352 3733 493 3771 reus
517 3717 637 3771 erit
653 3717 887 3787 judicio,
912 3717 969 3772 id
989 3722 1078 3772 est
1104 3718 1409 3785 occidetur,
1435 3719 1549 3789 igni
1569 3736 1692 3774 cre-

102 3800 338 3870 mabitur,
352 3805 653 3877 lapidibus
666 3804 1018 3872 obruetur,in
1031 3806 1283 3877 patibulo
1291 3807 1691 3878 suspendetur,

103 3894 148 3941 et
165 3906 264 3945 non
282 3894 449 3963 juvat
469 3909 593 3964 quo
614 3893 921 3964 impleatur
939 3895 1134 3965 procul
1155 3894 1325 3949 dubio
1345 3894 1468 3966 ipsa
1488 3895 1692 3949 occidit

101 3974 376 4045 hominem,
403 3998 539 4053 quae
561 3981 847 4053 judicium
872 3982 971 4037 dat
999 3988 1063 4038 ut
1090 3983 1395 4051 occidatur,
1416 3983 1545 4038 licet
1572 3982 1692 4054 ipsa

97 4081 190 4121 non
213 4069 285 4124 sit
307 4087 484 4126 causa
517 4069 731 4125 mortis
760 4071 899 4141 ejus.
930 4071 1176 4140 Spiritus
1204 4078 1391 4126 autem
1424 4075 1685 4139 viviﬁcat.

100 4153 436 4230 Evangelium
485 4160 652 4231 quod
698 4159 1027 4231 spiritaliter
1067 4161 1422 4231 intelligitur,
1455 4166 1512 4216 et
1541 4161 1690 4233 quod

99 4241 340 4313 Spiritum
370 4255 654 4304 sanctum
700 4252 948 4317 prestat,
992 4264 1105 4303 non
1130 4250 1310 4303 solum
1340 4265 1453 4303 non
1490 4248 1693 4305 occidit

100 4328 354 4390 hominem
382 4336 445 4391 in
494 4335 796 4409 praesenti,
837 4335 935 4390 sed
963 4335 1193 4407 insuper
1224 4335 1475 4395 vivillcat.
1508 4336 1568 4390 id
1606 4342 1692 4391 est

1846 1856 1997 1921 Quod
2015 1857 2066 1909 si
2094 1858 2443 1910 ministratio
2470 1859 2685 1922 mortis,
2718 1856 2775 1910 id
2795 1862 2900 1924 est,
2923 1858 2971 1912 si
2995 1859 3083 1913 lex
3108 1876 3232 1930 qum
3260 1861 3372 1916 mi-

1772 1942 1955 1996 nistra
1980 1947 2105 1997 erat
2129 1943 2347 2011 mortis,
2379 1944 2525 1999 sicut
2565 1944 2731 1999 modo
2757 1945 3023 2015 diximus,
3056 1949 3370 2015 deformata

1771 2031 1857 2084 vel
1884 2031 2094 2102 scripta
2123 2034 2323 2086 litteris
2344 2036 2407 2087 in
2432 2035 2708 2103 lapidibus
2735 2036 2868 2102 fuit,
2895 2035 3165 2092 subaudis
3191 2037 3374 2109 Moysi

1771 2122 1835 2174 in
1878 2123 2080 2187 gloria,
2114 2138 2181 2175 ex
2225 2121 2483 2176 claritate
2523 2122 2728 2187 vultus,
2771 2126 2853 2177 ita
2899 2130 2963 2178 ut
3010 2141 3123 2179 non
3157 2132 3372 2194 possent

1773 2211 2058 2264 intendere
2080 2212 2191 2277 ﬁlii
2218 2213 2390 2265 Israel
2420 2213 2484 2263 in
2511 2212 2711 2277 faciem
2740 2214 2857 2279 ejus
2880 2218 3107 2281 propter
3128 2214 3374 2282 gloriam

1771 2300 1958 2352 vultus
1987 2301 2124 2367 ejus,
2155 2315 2274 2367 qua:
2300 2298 2481 2368 gloria
2511 2299 2598 2353 vel
2628 2299 2855 2354 claritas
2884 2307 3205 2368 evacuatur,
3238 2319 3374 2374 quo-

1773 2386 1940 2440 modo
1954 2386 2073 2442 'non
2104 2387 2283 2457 magis
2301 2387 2642 2442 ministratio
2668 2389 2918 2459 spiritus,
2936 2388 2994 2444 id
3012 2395 3099 2445 est
3116 2391 3375 2448 doctrina

1775 2480 1835 2528 et
1887 2475 2211 2546 praedicatio
2263 2475 2535 2547 spiritalis
2573 2477 2859 2548 Evangelii
2894 2481 3005 2532 erit
3052 2482 3116 2533 in
3150 2482 3377 2547 gloria?

1775 2562 1892 2617 suis
1921 2563 2397 2618 ministratoribus
2430 2570 2489 2620 et
2529 2564 2998 2622 observatoribus.
3022 2567 3138 2622 Isto
3164 2568 3223 2623 in
3253 2568 3376 2624 loco

1774 2651 1895 2706 vult
1944 2653 2259 2719 ostendere,
2301 2670 2425 2724 quas
2462 2653 2730 2709 distantia
2767 2654 2842 2709 sit
2894 2654 3044 2709 inter
3078 2656 3260 2726 legem
3316 2661 3391 2711 et.

1776 2740 2157 2811 Evangelium,
2185 2746 2244 2796 et
2268 2741 2505 2813 Moysen
2533 2746 2589 2796 et
2618 2743 2875 2797 doctores
2899 2744 3205 2814 Evangelii,
3226 2744 3379 2798 sicut

1770 2830 1890 2899 jam
1912 2846 2083 2901 supra
2100 2830 2364 2884 diximus.
2388 2831 2654 2902 Legimus
2676 2831 2734 2885 in
2759 2831 2947 2885 Exodo
2960 2834 3149 2900 (Exod.
3166 2835 3370 2902 πίων),

1776 2917 1925 2987 quod
1955 2919 2147 2989 Moyse
2174 2918 2548 2973 descendente
2572 2919 2643 2974 de
2668 2924 2880 2985 monte,
2901 2919 3073 2975 facies
3100 2921 3223 2991 ejus
3249 2926 3375 2977 erat

1776 3012 2014 3060 cornuta
2060 3023 2127 3061 ex
2170 3007 2454 3062 consortio
2494 3008 2771 3063 sermonis
2800 3008 2922 3075 Dei,
2963 3008 3022 3063 id
3052 3013 3140 3063 est
3183 3009 3374 3065 radios

1777 3094 2048 3163 quosdam
2089 3095 2385 3150 emittebat
2420 3095 2734 3167 splendoris
2769 3095 2918 3151 sicut
2951 3097 3054 3162 sol,
3086 3097 3377 3152 intentum

1774 3187 1841 3237 ut
1867 3199 1980 3237 non
2004 3189 2237 3255 possent
2261 3184 2555 3239 intendere
2585 3184 2682 3239 ﬁlii
2712 3185 2886 3239 Israel
2916 3185 2976 3239 in
3000 3185 3202 3241 faciem
3230 3185 3374 3255 ejus,

1774 3270 1872 3325 sed
1896 3272 2121 3342 quando
2142 3272 2540 3343 egrediebatur
2556 3273 2629 3327 ad
2650 3273 2941 3344 populum,
2966 3273 3212 3345 ponebat
3232 3274 3377 3329 vela-

1774 3376 1906 3414 men
1936 3377 2106 3432 super
2132 3361 2334 3416 faciem
2361 3378 2543 3416 suam.
2575 3362 2683 3417 Sed
2722 3362 2924 3433 quaerit
2944 3362 3088 3418 forte
3116 3363 3323 3434 aliquis
3355 3380 3369 3417 :

1775 3448 1960 3513 Quare
2007 3449 2089 3503 illi
2116 3450 2357 3521 gloriam
2399 3456 2458 3505 et
2493 3450 2810 3506 claritatem
2837 3452 3092 3506 mortalis
3128 3452 3376 3507 hominis

1772 3554 1886 3593 non
1923 3544 2188 3611 poterant
2237 3539 2576 3594 intendere?
2616 3539 2719 3594 Cui
2764 3540 3221 3611 respondendum
3260 3546 3367 3604 est,

1774 3628 1907 3698 quia
1926 3629 2146 3699 Moyses
2166 3634 2395 3683 sanctus
2415 3633 2474 3682 et
2492 3630 2682 3698 justus
2703 3634 2843 3694 erat,
2867 3628 2993 3683 ideo
3017 3628 3369 3695 coruscabat,

1773 3732 2050 3787 suumque
2070 3717 2425 3787 splendorem
2455 3717 2576 3787 ipse
2603 3722 2827 3788 poterat
2852 3717 3034 3772 ferre:
3066 3717 3148 3771 illi
3177 3722 3371 3772 autem

1773 3805 1870 3876 qui
1892 3810 2212 3876 peccatores
2234 3812 2398 3859 erant
2418 3810 2476 3859 et
2502 3805 2798 3868 increduli,
2824 3822 2937 3860 non
2964 3807 3195 3861 fuerunt
3213 3805 3371 3877 digni

1772 3894 2141 3964 contemplari
2162 3894 2519 3965 splendorem
2542 3895 2591 3964 ej
2599 3911 2683 3948 us.
2701 3895 2910 3949 Sensus
2929 3894 3111 3964 igitur
3121 3895 3226 3951 iste
3247 3900 3367 3951 est:

1773 3982 1831 4037 Si
1852 3982 2071 4053 Moyses
2093 3988 2310 4036 tantam
2326 3981 2640 4036 claritatem
2661 3981 2855 4036 habuit
2874 3981 2934 4036 in
2947 3983 3123 4045 vultu,
3142 3983 3369 4054 quando

1770 4070 1950 4141 legem
1979 4069 2134 4124 dedit
2160 4070 2388 4141 populo,
2422 4086 2545 4141 quae
2566 4070 2823 4125 ministra
2846 4074 2971 4125 erat
2994 4070 3210 4135 mortis,
3234 4072 3372 4143 quia

1770 4163 2009 4213 mortem
2033 4158 2376 4222 minabatur,
2398 4163 2608 4230 quanto
2638 4160 2911 4230 majorem
2938 4159 3178 4230 gloriam
3198 4159 3370 4216 habe-

1770 4245 1912 4301 bunt
1940 4246 2185 4301 ministri
2216 4247 2524 4318 Evangelii,
2553 4247 2649 4319 qui
2689 4247 2957 4303 virtutem
2992 4252 3052 4304 et
3082 4248 3369 4320 justitiam

1771 4334 2114 4397 ministrant,
2145 4352 2268 4407 quae
2306 4336 2480 4390 vitam
2527 4341 2796 4391 aeternam
2832 4336 3152 4409 praestant?
3189 4338 3369 4393 multo

98 4419 266 4477 Vitam‘
286 4431 573 4481 aeternam
617 4428 869 4495 praestat.
902 4424 1195 4495 Nusquam
1242 4424 1392 4478 enim
1436 4424 1690 4495 Evange-
1706 4413 1757 4472 D
1778 4424 2052 4494 majorem
2065 4424 2304 4495 gloriam
2323 4430 2381 4479 et
2392 4425 2707 4480 claritatem
2726 4426 3041 4482 habebunt:
3065 4427 3201 4498 quia
3219 4443 3372 4482 eam-

100 4504 217 4563 lium
259 4512 427 4582 jubet
480 4512 676 4568 occidi
727 4512 1033 4579 hominem,
1092 4512 1192 4567 sed
1252 4518 1513 4584 provocat
1565 4519 1695 4584 post

99 4597 288 4669 culpam
306 4602 379 4656 ad
395 4600 831 4674 penitentiam,
848 4601 1181 4673 promittens
1199 4600 1370 4655 vitam
1390 4607 1687 4656 aeternam:

101 4684 459 4745 Panitentiam
495 4690 734 4762 (inquit)
761 4694 926 4758 agite,
957 4691 1424 4759 appropinquabit
1454 4707 1690 4759 regnum

97 4776 323 4832 calorum
344 4780 585 4843 (Matth.
614 4777 726 4849 Ill).
750 4778 948 4833 Aliter.
971 4780 1117 4833 Ante
1136 4778 1362 4833 Domini
1387 4778 1689 4834 adventum

99 4868 233 4917 erant
248 4867 515 4937 quaedam
540 4883 727 4939 opera
745 4868 906 4939 legis,
930 4884 1056 4939 quae
1076 4884 1110 4920 a
1127 4866 1426 4923 levioribus
1446 4869 1690 4938 peccatis

95 4952 417 5013 mandabant
465 4973 617 5012 suos
669 4955 1074 5021 observatores,
1105 4955 1261 5010 verbi
1287 4956 1512 5027 gratia:
1545 4957 1691 5012 sicut

96 5036 438 5110 circumcisio,
458 5062 599 5117 qua:
621 5044 900 5116 originale
919 5050 1210 5116 peccatum
1226 5045 1479 5110 tollebat,
1498 5062 1692 5117 quam-

95 5124 159 5181 Vis
196 5130 406 5188 aditum
446 5133 671 5206 patria:
698 5133 940 5187 caelestis
983 5150 1096 5188 non
1131 5138 1431 5199 reseraret,
1462 5140 1522 5189 et
1546 5135 1693 5189 sicut

96 5223 230 5272 erant
256 5222 436 5277 multa
471 5222 621 5287 alia,
662 5237 763 5292 pro
785 5219 988 5291 quibus
1015 5220 1397 5276 otl‘erebantur
1425 5222 1692 5277 holocau-

93 5305 166 5357 sta
185 5307 364 5371 (Leuit.
396 5314 521 5381 xu),
559 5314 626 5365 et
656 5309 727 5364 de
756 5308 960 5380 quibus
988 5309 1277 5365 dicebatur
1304 5329 1315 5364 :
1348 5310 1408 5365 Si
1437 5311 1562 5382 quis
1588 5312 1692 5365 hoc

93 5392 162 5445 vel
185 5393 320 5451 illud
342 5398 576 5465 fecerit,
614 5398 818 5453 oﬁeret
847 5398 1078 5452 arietem
1109 5403 1209 5453 aut
1235 5399 1447 5470 aliquid
1474 5401 1608 5465 tale,
1635 5404 1694 5454 et

92 5483 453 5543 mandabitur.
484 5488 640 5543 Post
670 5486 893 5541 Domini
921 5492 1114 5542 autem
1141 5488 1467 5555 adventum,
1496 5488 1555 5543 in
1583 5504 1694 5560 quo

92 5572 347 5643 completa
366 5581 510 5632 sunt
522 5577 591 5632 in
610 5574 853 5632 veritate
863 5576 1055 5632 omnia
1073 5576 1172 5631 illa
1192 5576 1491 5648 ﬁgurativa
1500 5582 1559 5632 et
1576 5593 1698 5633 um-

330 5675 627 5739 PATROL.
682 5674 913 5740 CXVII.

1772 4511 1901 4566 dem
1925 4512 2239 4567 claritatem
2269 4512 2576 4579 habebunt,
2608 4530 2777 4585 quam
2806 4516 3052 4570 ostendit
3092 4516 3369 4571 Dominus

1771 4601 1831 4655 in
1860 4607 2054 4656 monte
2074 4601 2257 4657 tribus
2287 4602 2597 4674 discipulis,
2616 4603 2842 4674 quando
2863 4603 2964 4657 visi
2991 4608 3126 4658 sunt
3152 4620 3280 4658 cum
3299 4619 3367 4657 eo

1770 4691 1990 4762 Moyses
2025 4696 2083 4746 et
2113 4691 2264 4746 Elias
2289 4691 2350 4745 in
2377 4692 2671 4761 majestate
2700 4696 2758 4745 et
2784 4691 3056 4745 claritate.
3082 4690 3367 4745 Videbunt

1771 4778 1919 4834 enim
1953 4779 2129 4834 oculis
2165 4779 2448 4851 corporeis
2482 4779 2722 4849 gloriam
2751 4778 3178 4849 claritatemque
3196 4777 3366 4833 clari-

1770 4869 1944 4923 ficata:
1964 4869 2335 4931 humanitatis
2363 4868 2490 4923 Filii
2518 4868 2639 4934 Dei,
2660 4872 2726 4922 ut
2746 4866 2946 4922 beatus
2966 4867 3078 4922 Leo
3097 4867 3253 4933 dicit,
3274 4868 3364 4940 ip«

1770 4957 1930 5029 sique
1950 4957 2206 5013 eamdem
2221 4957 2460 5027 gloriam
2478 4955 2785 5020 habebunt,
2804 4955 3045 5026 gloriam
3066 4973 3195 5012 vero
3219 4958 3366 5013 Divi-

1771 5046 1966 5101 uitatis
1998 5053 2053 5101 et
2083 5046 2255 5101 totius
2282 5044 2571 5100 Trinitatis
2610 5052 2798 5099 mente
2836 5045 3368 5118 contemplabuntur

1770 5135 2123 5190 solummodo
2158 5153 2169 5187 :
2212 5134 2346 5206 quia
2373 5135 2521 5188 Deus
2549 5133 2781 5204 spiritus
2808 5139 2912 5199 est,
2939 5134 2998 5189 id
3027 5140 3133 5201 est,
3160 5136 3369 5207 spiritu

1772 5223 1940 5278 debet
1980 5222 2173 5276 videri.
2206 5221 2354 5275 Dicit
2378 5221 2526 5275 enim
2556 5220 2757 5276 beatus
2782 5222 2894 5277 Leo
2923 5223 2983 5277 in
3020 5224 3364 5296 expositione

1773 5311 1924 5366 illius
1964 5310 2266 5380 Evangelii,
2315 5309 2472 5363 illam
2510 5310 2824 5366 claritatem
2863 5317 2921 5367 et
2962 5312 3203 5383 gloriam
3250 5329 3365 5368 non

1774 5400 1947 5454 fuisse
1974 5398 2284 5453 divinitatis
2305 5397 2433 5453 Filii
2454 5399 2555 5454 Dei
2572 5400 2833 5470 gloriam,
2854 5402 2951 5456 sed
2970 5401 3358 5458 humanitatis.

1776 5486 2040 5558 Alioquin
2053 5486 2333 5557 quomodo
2353 5492 2503 5542 esset
2519 5504 2713 5543 verum
2724 5488 2875 5560 quod
2892 5488 3033 5543 dixit
3050 5489 3123 5543 ad
3135 5488 3366 5557 Moysen

1781 5576 1973 5647 (Ea-od.
1994 5575 2085 5645 xu)
2119 5590 2131 5627 :
2172 5574 2293 5629 Non
2321 5576 2523 5631 videbit
2553 5593 2638 5631 me
2666 5577 2827 5631 homo
2853 5581 2903 5630 et
2929 5579 3065 5631 viret
3096 5594 3113 5629 :
3144 5570 3366 5645 quando

3061 5669 3139 5731 20
