3966 6156
173 370 273 430 681

849 374 1231 430 EXPOSITIO
1262 377 1340 430 IN
1372 374 1526 433 EPP.
1559 373 1616 427 S.
1654 369 1818 425 PAU]

1919 401 1984 411 —
2017 372 2095 427 IN
2132 373 2353 429 EPIST.
2388 373 2440 428 II
2480 374 2576 428 AD
2607 374 2766 430 COR.

3348 376 3455 435 622

172 513 287 551 non
313 498 444 552 idco
473 502 772 568 penetrant
802 497 976 551 Judaei
998 497 1235 567 gloriam
1267 497 1537 569 spiritalis
1564 494 1774 549 intelli-
1795 497 1836 553 Α
1859 512 2013 576 spem
2043 504 2353 554 cernentes.
2388 496 2544 553 Inter
2592 500 2875 572 speculam
2923 509 2981 556 et
3030 504 3319 583 speculum
3349 502 3455 563 hoc

169 587 384 657 gentiaa
409 603 531 657 quae
564 588 621 640 in
655 588 777 657 lege
805 586 963 648 latet,
993 603 1103 657 qua
1131 586 1315 641 obtusi
1348 592 1405 639 et
1445 584 1781 638 reverberati

172 682 311 729 sunt
337 692 539 729 sensus
568 676 794 728 illorum
821 675 1168 729 inﬁdelitatis
1186 675 1418 746 perﬁdia
1449 682 1500 728 et
1526 674 1784 744 ignoran-

177 764 275 825 tia,
299 765 438 834 quia
469 765 667 818 nolunt
697 765 754 818 in
784 764 1070 819 Christum
1118 765 1347 818 credere
1380 782 1392 829 ;
1427 763 1521 816 sed
1562 778 1787 831 semper

173 853 427 907 litteram
458 852 618 923 sequi
671 853 882 905 volunt.
941 853 1108 920 Usque
1152 862 1216 906 in
1275 854 1601 906 hodiernum
1632 853 1783 902 enim

173 941 323 993 diem
346 942 593 1008 idipsum
620 943 882 996 velamen.
908 939 964 993 id
986 945 1072 994 est
1090 941 1213 1011 ipsa
1227 939 1537 993 obscuritas
1558 943 1615 991 et
1632 937 1786 1006 igno-

176 1028 388 1085 rantia.
410 1032 475 1082 in
500 1031 727 1082 lectione
756 1029 949 1085 Veteris
992 1030 1321 1082 Testamenti
1350 1032 1554 1086 manet.
1586 1025 1788 1080 subau-

176 1116 262 1171 dis
281 1117 439 1187 apud
460 1117 1029 1174 Judaiosincredulos.
1055 1133 1166 1171 non
1192 1113 1788 1173 rwelatum,subaudis

1864 584 2119 645 interest.
2147 586 2276 656 quia
2305 589 2532 657 specula
2560 595 2643 642 est
2700 591 2873 644 turris
2923 591 2979 644 in
3023 592 3357 662 civitatibus,
3400 600 3457 649 et

1864 672 2020 725 locus
2048 674 2196 727 unde
2226 676 2545 745 speculatur
2572 693 2604 729 a
2644 678 2807 747 longe
2833 695 2896 731 ex
2945 697 3054 749 qua
3086 686 3242 748 parte
3266 699 3460 752 supcr-

1866 761 2092 813 veniant
2111 762 2299 815 hostes
2323 782 2333 815 :
2365 765 2653 835 speculum
2681 756 2809 819 vero
2832 773 2934 826 est.
2969 767 3057 822 ubi
3089 758 3458 857 contemplari

1868 848 2049 902 solent
2071 850 2325 904 homines
2345 851 2618 922 imagines
2639 855 2932 925 vultusque
2961 873 3091 924 suos
3112 864 3168 921 et
3195 848 3456 929 aliorum,

1870 937 1939 989 de
1969 953 2079 1007 quo
2100 937 2189 991 hic
2218 939 2455 993 dicitur:
2485 942 2779 1010 Speculum
2815 960 2948 1014 ergo
2993 951 3269 1009 nostrum,
3302 963 3461 1000 mens

1870 1031 2064 1079 nostra
2075 1032 2161 1079 est
2185 1040 2197 1075 :
2218 1027 2348 1097 quia
2364 1028 2510 1097 sicut
2529 1029 2585 1082 in
2611 1032 2835 1101 speculo
2855 1039 3071 1086 contem
3081 1035 3459 1117 platurimago

1871 1118 1928 1166 et
1948 1113 2167 1179 umbra,
2191 1115 2272 1167 ita
2298 1131 2397 1168 nos
2418 1116 2473 1169 in
2498 1119 2755 1186 praesenti
2780 1127 2964 1187 mente
2986 1112 3237 1177 videmus
3259 1130 3312 1177 et
3334 1112 3461 1185 con-

176 1204 249 1258 ab
281 1205 423 1262 illis.
448 1206 578 1275 quia
599 1206 902 1259 inﬁdelitas
923 1212 981 1259 et
1002 1212 1232 1287 peccata
1271 1203 1629 1258 reverberant
1657 1219 1788 1256 sen-
1868 1201 2210 1272 templamur
2247 1202 2398 1256 illam
2419 1204 2681 1273 gloriam,
2715 1223 2880 1287 quam
2922 1212 3238 1287 percepturi
3264 1230 3460 1277 sumus

181 1306 305 1348 sum
331 1310 556 1348 eorum.
582 1310 686 1348 nec
714 1294 901 1349 valent
929 1285 1030 1363 per
1054 1310 1114 1347 se
1131 1299 1426 1363 penetrare
1450 1292 1632 1345 illam:
1654 1308 1789 1361 quo-
1869 1290 1925 1343 in
1959 1306 2037 1343 re.
2736 1285 2740 1287 ’
2924 1286 2933 1294 ’
3090 1285 3103 1295 “

180 1382 331 1436 niam
362 1382 425 1436 in
460 1382 683 1436 Christo
711 1388 1033 1444 evacuatur,
1060 1382 1116 1435 id
1149 1389 1254 1437 est.
1287 1397 1388 1451 per
1435 1380 1600 1432 ﬁdem
1633 1380 1789 1433 Cl'tl’l?
1941 1379 2009 1431 In
2046 1380 2289 1431 eamdem
2316 1383 2617 1446 imaginem
2650 1388 3129 1453 transformamur
3156 1404 3190 1440 a
3217 1393 3467 1453 claritate

179 1471 251 1524 sti
273 1472 579 1527 auferetur
631 1472 883 1524 velamen
942 1447 1301 1540 ignorantiae,
1324 1486 1434 1522 non
1466 1486 1566 1539 per
1593 1483 1786 1520 eorum
1874 1468 1935 1518 in
1956 1468 2287 1519 claritatem.
2313 1468 2374 1521 In
2400 1469 2590 1523 Graeco
2608 1447 2863 1535 habetur,
2889 1482 2951 1527 ut
2967 1448 3163 1529 beatus
3198 1447 3468 1548 Augusti—

178 1559 508 1622 scientiam,
541 1575 644 1617 nec
672 1559 1011 1614 revelabitur
1038 1561 1150 1613 illis
1182 1558 1290 1613 nisi
1312 1558 1559 1611 credant.
1591 1556 1792 1610 Bedus—
1874 1569 1981 1606 nus
2000 1554 2150 1612 dicit,
2176 1571 2208 1607 a
2229 1554 2407 1609 forma
2426 1556 2481 1609 in
2504 1559 2737 1613 formam
2782 1564 3202 1630 transducimur
3228 1585 3239 1618 :
3267 1567 3469 1631 Homo,

182 1664 283 1715 que
316 1651 383 1701 in
417 1649 751 1701 hodiernum
781 1649 925 1702 diem
954 1665 1077 1701 cum
1113 1644 1795 1715 legituraJudwisincre-
1878 1644 2023 1695 sicut
2056 1643 2110 1695 in
2143 1644 2344 1697 Genesi
2376 1646 2614 1700 habetur
2639 1651 2783 1703 (Gen.
2818 1658 2872 1717 ι),
2907 1652 2975 1706 ad
3037 1653 3338 1723 imaginem
3371 1656 3471 1709 Dei

181 1736 333 1799 dalis
358 1737 587 1802 Moyses,
631 1736 687 1789 id
719 1740 822 1793 est.
856 1736 941 1789 lex
971 1752 1093 1805 qum
1145 1753 1246 1806 per
1272 1735 1505 1805 Moysen
1525 1733 1659 1785 data
1688 1737 1792 1791 est,
1814 1730 2059 1839 Bfactus
2088 1738 2192 1791 est,
2224 1742 2468 1797 sanctus,
2496 1736 2702 1803 justus,
2734 1739 3089 1809 immortalis,
3133 1730 3189 1795 et
3218 1744 3471 1813 incorru-

182 1828 445 1878 oclamsn
472 1830 547 1878 est
577 1829 817 1891 positum
848 1840 1015 1891 super
1041 1839 1135 1877 cor
1154 1839 1363 1883 eorum,
1392 1823 1448 1875 id
1506 1829 1609 1882 est,
1642 1819 1860 1890 igno-"
1881 1819 2089 1890 ptibilis
2124 1839 2135 1872 :
2170 1837 2335 1890 quam
2368 1823 2671 1892 imaginem
2690 1834 2746 1879 et
2770 1828 3006 1895 formam
3036 1831 3315 1899 peccando
3335 1832 3474 1893 ami-

184 1914 380 1975 rantia
400 1920 464 1967 et
492 1913 710 1967 castitas
757 1912 1147 1981 intelligentia
1178 1917 1264 1966 est
1309 1912 1367 1965 in
1413 1910 1673 1964 cordibus
1707 1909 1799 1962 iu-
1880 1908 1970 1971 sit,
2005 1914 2061 1962 et
2082 1909 2283 1963 cecidit
2311 1911 2365 1964 in
2395 1912 2629 1966 formam
2671 1917 3047 1972 mortalitatis.
3076 1920 3469 1989 corruptionis,

185 2002 471 2061 deorum,
497 2017 569 2056 ne
589 2002 810 2055 valeant
840 2009 1134 2071 penetrare
1163 2007 1222 2054 et
1255 2000 1564 2071 spiritalem
1588 1998 1798 2051 intelli-
1882 2002 1940 2050 et
1966 1997 2276 2065 injustitiee.
2297 1998 2381 2051 Ab
2412 2000 2518 2053 ista
2550 2002 2941 2073 ergoimagine
2957 2006 3193 2074 justitiaz
3219 1994 3274 2060 e't
3294 2009 3476 2061 forma

185 2091 324 2145 tiam
350 2090 521 2160 legis,
546 2107 668 2160 qua
688 2091 924 2151 obscura
952 2090 1062 2144 illis
1100 2096 1157 2144 et
1185 2090 1401 2148 occulta
1428 2093 1572 2154 erat,
1600 2102 1802 2157 quous—
1883 2086 2353 2141 transformamur
2380 2093 2437 2141 et
2465 2090 2888 2145 transducimur
2909 2094 3026 2171 jam
3055 2093 3112 2162 in
3155 2112 3252 2166 spe
3280 2101 3338 2149 et
3368 2096 3477 2150 ﬁde

187 2196 295 2250 qua
325 2180 396 2233 in
431 2174 718 2233 Christum
747 2178 1026 2233 credendo
1041 2178 1359 2232 denudetur
1385 2177 1466 2231 eis
1492 2193 1527 2230 a
1554 2174 1792 2230 Christe.
1880 2173 1937 2227 in
1968 2174 2222 2228 eamdem
2248 2174 2425 2245 ipsam
2456 2177 2759 2270 imaginem
2802 2185 2859 2233 et
2886 2180 3119 2235 formam
3149 2172 3316 2253 quam
3347 2201 3480 2270 per-

252 2270 406 2324 0am
438 2272 628 2326 autem
657 2282 948 2320 conversus
991 2269 1166 2334 fuerit
1206 2269 1281 2319 ad
1308 2268 1496 2324 Deum,
1531 2262 1801 2318 subaudis
1883 2262 2150 2321 didimus,
2184 2279 2217 2316 a
2244 2263 2422 2317 forma
2451 2258 2706 2320 videlicet
2734 2270 3031 2323 creationis
3050 2271 3117 2335 ad
3143 2258 3481 2344 formamju-

183 2357 277 2410 ille
305 2356 563 2427 papulas
602 2362 666 2409 ut
687 2356 881 2410 credat
904 2355 960 2408 in
990 2356 1296 2413 Christum,
1342 2357 1635 2421 auferetur
1654 2355 1800 2405 rela-
1885 2350 2237 2404 stiﬁcationis
2271 2370 2283 2403 :
2314 2367 2343 2403 a
2376 2352 2557 2406 forma
2609 2356 2969 2411 mortalitatis
3000 2364 3056 2412 et
3085 2350 3477 2431 corruptionis,

186 2463 336 2507 mea,
366 2445 428 2498 id
456 2450 547 2507 est
572 2444 884 2499 obscuritas
903 2446 973 2499 de
998 2446 1121 2515 lege
1142 2461 1243 2515 per
1280 2443 1587 2503 Christum,
1619 2446 1677 2494 et
1705 2457 1805 2510 per
1887 2440 1955 2493 ad
1979 2440 2216 2494 formam
2249 2441 2692 2497 immortalitatis
2724 2462 2736 2497 :
2780 2461 2813 2497 a
2842 2445 3021 2513 forma
3041 2437 3346 2519 ﬁliationis,
3372 2468 3483 2521 qua

182 2540 443 2605 gratiam
472 2534 649 2587 sancti
663 2533 927 2603 Spiritus,
942 2534 1038 2604 qui
1058 2541 1311 2604 tempore
1335 2530 1685 2602 baptismatis
1713 2530 1803 2584 in-
1886 2528 1989 2581 lilii
2012 2528 2288 2581 Deimodo
2303 2545 2497 2583 sumus
2524 2531 2579 2583 in
2610 2548 2727 2599 Spe,
2771 2534 2839 2586 ad
2864 2535 3098 2603 formam
3128 2526 3482 2609 contempla-

189 2624 331 2694 πίνη
362 2622 552 2685 ποριεῖ
584 2622 868 2676 habitator
896 2639 1035 2676 ρεεθ,
1887 2616 2058 2670 tinnis
2088 2623 2145 2670 et
2172 2617 2400 2671 visionis
2432 2636 2443 2670 :
2478 2635 2512 2671 a
2539 2619 2721 2672 forma
2740 2620 2976 2675 obscura
3000 2624 3068 2677 ad
3089 2624 3323 2679 formam
3352 2614 3484 2681 luci-

259 2713 550 2767 Dominus
580 2716 767 2763 autem
805 2714 1039 2778 spiritus
1065 2716 1158 2767 est.
1201 2700 1309 2764 Ubi
1338 2714 1524 2763 autem
1573 2710 1806 2776 spiritus
1888 2705 2039 2765 dam,
2071 2706 2139 2759 de
2168 2722 2279 2776 qua
2308 2707 2553 2760 Joannes
2570 2707 2649 2761 ait
2677 2709 2728 2774 (Ι
2750 2711 2911 2764 Joan.
2941 2726 3019 2781 lli}
3050 2725 3061 2758 :
3095 2714 3231 2781 filii
3257 2715 3356 2767 Dei
3390 2731 3486 2768 su-

193 2802 458 2862 Domini,
476 2802 557 2852 ibi
587 2801 828 2855 libertas.
860 2800 1038 2858 Nemo
1064 2799 1160 2869 qui
1191 2798 1356 2852 ﬁdem
1400 2803 1606 2854 sanctae
1626 2795 1808 2849 'Frini-
1889 2811 2012 2847 mus
2040 2798 2102 2847 in
2132 2812 2238 2861 spe,
2272 2800 2320 2847 et
2352 2797 2596 2848 nondum
2630 2801 2893 2864 apparuit
2931 2802 3067 2867 quid
3095 2804 3304 2855 erimus
3323 2802 3380 2855 in
3403 2818 3483 2871 re,

190 2889 329 2945 tatis
365 2887 566 2952 habet,
593 2888 818 2941 dubitat
843 2888 1116 2959 Spiritum
1160 2894 1414 2941 sanctum
1457 2887 1631 2942 Deum
1665 2900 1806 2949 esse,
1894 2882 1978 2936 Ab
2003 2883 2111 2936 ista
2140 2883 2377 2937 obscura
2407 2884 2588 2937 forma
2615 2887 3044 2957 transducemur
3097 2889 3165 2942 ad
3221 2890 3486 2959 lucidam,

195 2978 333 3048 quia
354 2977 537 3031 tertia
554 2992 793 3047 persona
818 2983 904 3035 est
920 2976 1233 3038 Trinitatis,
1258 2981 1314 3029 et
1344 2982 1532 3028 tamen
1549 2991 1658 3028 non
1679 2978 1814 3028 sunt
1896 2972 2119 3041 quando
2139 2976 2349 3027 similes
2371 2973 2484 3027 Deo
2503 2977 2743 3026 erimus:
2764 2979 3027 3042 quoniam
3041 2978 3343 3047 ridebimus
3359 2995 3487 3047 eum

196 3073 316 3120 tres
342 3065 599 3126 Domini,
621 3066 715 3118 sed
744 3082 891 3119 unus
909 3065 1211 3122 Dominus:
1236 3070 1301 3118 ut
1341 3064 1518 3117 scitur
1540 3063 1609 3120 ab
1630 3061 1814 3116 omni-
1895 3063 2063 3113 sicuti
2086 3066 2179 3114 est.
2196 3062 2237 3114 A
2263 3061 2518 3115 claritate
2536 3079 2756 3141 quoque
2789 3064 2904 3134 spei
2936 3066 3381 3138 tranl'ormamur
3417 3069 3489 3123 ad

198 3153 305 3209 bus
358 3152 649 3213 ﬁdelibus,
712 3154 923 3225 Spiritu
981 3160 1175 3207 sancto
1230 3154 1501 3214 dictante,
1538 3152 1718 3221 legem
1759 3155 1876 3227 ειη
1897 3149 2206 3203 claritatem
2230 3150 2435 3220 speciei
2495 3158 2551 3204 et
2572 3168 2605 3204 a
2638 3152 2894 3206 claritate
2923 3154 3052 3207 ﬁdei
3084 3155 3151 3208 ad
3175 3157 3491 3227 claritatem

198 3242 584 3313 Evangelium
649 3259 772 3296 esse
825 3243 1227 3313 conscriptum,
1266 3242 1504 3311 ideoque
1572 3238 1878 3309 SpiritusU
1898 3238 1998 3297 rei,
2028 3243 2090 3291 ut
2113 3238 2261 3308 quod
2291 3239 2455 3292 modo
2485 3244 2743 3294 tenemus
2777 3242 2832 3295 in
2856 3259 2973 3313 spe,
3003 3250 3059 3296 et
3082 3245 3363 3315 credimus
3391 3263 3492 3300 nos

197 3339 445 3386 sanctus
474 3330 747 3385 Dominus
778 3337 867 3384 est
890 3331 1028 3400 legis
1074 3338 1130 3385 et
1162 3330 1471 3399 Evangelii,
1499 3346 1601 3383 nec
1628 3336 1712 3381 est
1737 3327 1816 3379 illi
1898 3326 2220 3395 adepturos,
2253 3328 2588 3399 quandoque
2619 3330 3003 3399 possideamus
3045 3332 3103 3385 in
3151 3350 3229 3387 re.
3265 3335 3333 3405 Et
3353 3334 3495 3389 bene

198 3420 431 3489 aliquid
461 3421 740 3473 occultum
771 3419 829 3473 in
859 3421 982 3489 lege
1008 3426 1065 3472 et
1094 3419 1410 3489 Evangelia.
1439 3421 1564 3489 lpso
1594 3432 1819 3487 quoque
1901 3429 2026 3466 cum
2058 3413 2846 3477 dixisset,transformamura
2868 3419 3122 3474 claritate
3144 3420 3260 3494 spei
3288 3420 3346 3474 in
3376 3422 3493 3475 cla-

200 3509 438 3579 Spiritn
481 3513 680 3561 sancto
728 3513 1084 3578 cooperante,
1143 3524 1244 3577 per
1283 3506 1448 3562 ﬁdem
1514 3505 1815 3559 Deminicee
1900 3502 2123 3553 ritatem
2154 3501 2356 3571 speciei
2382 3509 2440 3554 et
2481 3503 2581 3565 rei,
2621 3510 2885 3579 tanquam
2913 3522 2948 3559 a
2980 3502 3225 3561 Domini,
3248 3509 3489 3575 Spiritu,

196 3576 495 3666 passionis
525 3576 914 3650 liberamurvin
947 3576 1230 3649 animaiab
1264 3593 1524 3648 omnibus
1555 3593 1811 3663 peccatis,
1898 3594 1962 3641 ut
1993 3582 2314 3643 ostenderet
2343 3591 2511 3644 talem
2540 3576 2781 3660 gloriam
2812 3594 2954 3649 dari.
2988 3611 3111 3664 quin
3158 3594 3491 3665 sublimitati

194 3685 265 3738 de
288 3701 416 3755 qua
449 3683 709 3741 libertate
729 3684 866 3738 dicit
888 3683 1162 3737 Dominus
1183 3683 1241 3736 in
1264 3670 1567 3751 Evangelia
1596 3682 1692 3737 ξεί
1730 3697 1817 3734 vos
1899 3684 2171 3745 congruat
2206 3678 2411 3731 dantis.
2439 3680 2613 3755 Moysi
2644 3681 2792 3733 enim
2826 3683 3004 3751 gloria
3036 3690 3092 3737 et
3119 3683 3362 3743 claritas,
3389 3702 3493 3739 nec

201 3754 391 3826 Pilius
430 3774 770 3836 liberaverit,
811 3787 933 3825 uere
962 3773 1128 3825 liberi
1152 3774 1310 3826 eritis
1344 3774 1522 3839 (Joan.
1557 3773 1688 3833 vui).
1713 3770 1821 3822 Per
1900 3770 2059 3818 tanta
2110 3765 2218 3819 fuit
2250 3774 2458 3836 quanta
2489 3754 2697 3821 Christi
2749 3769 2803 3822 in
2837 3777 3045 3838 monte,
3080 3789 3181 3827 nec
3210 3774 3491 3844 perennis,

196 3861 394 3933 ipsum
430 3860 605 3921 etiam
662 3860 834 3922 datur
882 3859 1141 3919 ﬁdelibus
1186 3859 1427 3913 facultas
1472 3857 1820 3926 intelligendi
1900 3854 2141 3911 Tantum
2163 3855 2309 3907 enim
2333 3856 2478 3908 Deus
2501 3858 2777 3911 concessit
2824 3860 3079 3915 ﬁdelibus
3108 3863 3244 3924 suis.
3279 3870 3343 3917 ut
3368 3864 3492 3934 Spi-

201 3950 437 4007 divinas
469 3949 809 4019 Scriptum.
843 3948 1086 4019 Spiritus
1125 3965 1260 4018 ergo
1296 3953 1522 4001 sanctus
1554 3946 1822 4000 Dominus
1902 3942 2072 3995 ritum
2093 3953 2348 3996 sanctum
2371 3943 2468 3996 det
2482 3943 2560 3996 eis
2579 3945 2779 4015 pignus
2800 3947 2948 4001 illius
2969 3949 3162 4016 gloriae
3177 3967 3340 4020 quam
3365 3943 3497 4021 pro-

199 4037 787 4107 estScriptumlegis
816 4044 874 4093 et
912 4036 1224 4107 Evangelii:
1248 4036 1486 4106 ideoque
1518 4035 1651 4088 nihil
1684 4035 1824 4091 latet
1903 4030 2247 4086 misit.Sicut
2266 4032 2412 4084 enim
2436 4032 2531 4113 qui
2554 4032 2754 4113 pignus
2776 4035 2860 4088 vel
2893 4036 3115 4090 arrham
3149 4038 3371 4108 accipit,
3406 4057 3495 4093 se—

206 4145 340 4182 cum
363 4144 442 4181 ex
464 4126 552 4179 his
570 4142 696 4196 quae
720 4126 797 4179 ibi
825 4126 1204 4187 continentur,
1228 4141 1411 4195 neque
1448 4124 1694 4177 velamen
1726 4123 1825 4176 ali-
1902 4135 2071 4173 curus
2095 4127 2181 4174 est
2206 4120 2275 4173 de
2296 4119 2475 4188 pretio
2524 4122 2669 4192 quod
2693 4130 2946 4193 remanet
2972 4141 3036 4178 ex
3094 4120 3385 4196 promisso,
3416 4127 3500 4182 ita

206 4217 376 4286 cujus
405 4213 769 4279 obscuritatis
826 4220 882 4275 et
937 4213 1242 4276 dubietatis
1275 4213 1577 4283 opponitur
1612 4212 1685 4275 ei,
1727 4211 1822 4264 sed
1907 4208 2101 4261 ﬁdeles
2131 4208 2225 4277 qui
2250 4214 2503 4280 tempore
2534 4210 2885 4281 baptismatis
2942 4213 3210 4283 Spiritum
3242 4223 3497 4271 sanctum

204 4304 401 4374 magis
434 4303 558 4373 ipse
590 4301 799 4355 revelat
828 4318 953 4372 quae
982 4301 1059 4355 ibi
1135 4307 1310 4364 atent,
1344 4301 1489 4354 sicut
1535 4299 1825 4369 sequentia
1910 4313 2009 4366 pro
2033 4297 2266 4376 pignore
2297 4306 2354 4351 et
2380 4299 2547 4352 arrha
2577 4299 2876 4369 accipiunt,
2906 4302 3088 4356 securi
3117 4310 3249 4358 sunt
3274 4304 3343 4359 de
3370 4322 3499 4376 pro-

208 4392 615 4453 manifestant,
653 4389 755 4445 Ubi
810 4395 999 4443 autem
1047 4390 1283 4460 spiritus
1333 4389 1556 4445 Domini
1605 4394 1708 4449 est,
1752 4375 2270 4487 ibiDmissionibus
2297 4392 2489 4456 patria:
2515 4388 2774 4451 cmlestis,
2805 4390 2939 4460 quia
2985 4390 3055 4445 ab
3094 4392 3189 4447 illo
3235 4375 3503 4449 transfor-

207 4480 460 4535 libertas
489 4485 578 4543 est
631 4480 854 4537 animm,
888 4484 947 4533 et
997 4478 1235 4539 facultas
1280 4475 1629 4546 intelligendi
1657 4476 1830 4529 Vetus
1848 4474 1891 4487 "
1910 4480 2141 4527 tuantur
2166 4474 2223 4527 in
2250 4492 2348 4562 spe
2377 4476 2446 4529 ad
2469 4476 2622 4529 illam
2651 4477 2909 4546 gloriam.

207 4568 661 4635 Testamentum
687 4574 747 4621 et
770 4568 1011 4631 Novum,
1044 4566 1100 4619 id
1156 4572 1266 4632 est,
1305 4580 1696 4635 quemcunque
1733 4580 1830 4616 re-

209 4652 465 4727 ple-varii
489 4655 737 4726 Spiritus
764 4661 994 4719 sanctus
1023 4671 1124 4725 per
1153 4654 1321 4708 ﬁdem
1380 4654 1601 4707 Domini
1652 4652 1830 4706 nostri

213 4744 356 4799 Iesu
375 4744 615 4813 Ebrini,
637 4744 731 4799 ille
761 4744 931 4804 habet
962 4743 1280 4797 libertatem
1301 4741 1501 4796 animus
1516 4749 1571 4795 et
1600 4741 1833 4795 faculta-

213 4837 336 4887 tem
364 4832 655 4899 discincta
675 4832 1045 4887 obscuritates
1074 4831 1239 4901 legis,
1265 4835 1324 4885 et
1374 4830 1617 4900 gratiam
1650 4830 1832 4883 Evan-

212 4921 357 4990 gelii
392 4926 717 4991 pensitare.

290 5010 413 5063 Na:
439 5024 569 5063 utre
596 5024 802 5073 omnes,
830 5006 1101 5063 subaudis
1145 5007 1388 5078 apostoli
1430 5012 1489 5061 et
1513 5006 1691 5061 Judai
1717 5022 1837 5060 ere.

2531 4566 2766 4620 CAPUT
2795 4568 2885 4621 IV.

1947 4651 2069 4704 Ideo
2082 4651 2486 4706 habenteslianc
2500 4655 3063 4714 administrationem,
3080 4656 3348 4711 subaudis
3364 4658 3502 4731 spei,

1912 4738 1969 4793 id
1989 4745 2091 4798 est.
2116 4740 2387 4795 habentes
2405 4742 2662 4795 ﬁduciam
2680 4748 2737 4795 et
2748 4759 2904 4829 spem
2917 4744 3504 4817 transformandi,qua2

1918 4845 2047 4899 spes
2074 4836 2132 4883 et
2154 4830 2358 4884 ﬁducia
2406 4847 2439 4883 a
2489 4830 2703 4902 Spiritu
2732 4828 2924 4885 sancto
2953 4832 3112 4886 nobis
3153 4828 3507 4888 ministratur

1908 4921 2078 4986 juxta
2116 4920 2260 4985 quod
2292 4920 2733 4972 misericordiam
2762 4923 3033 4975 consecuti
3056 4937 3267 4983 sumus,
3294 4939 3406 4977 non
3427 4940 3509 4977 se-

1920 5007 2164 5061 cundum
2187 5007 2445 5062 meritum
2478 5013 2732 5062 nostrum
2765 5025 2871 5062 non
2901 5010 3202 5076 deﬁcimus,
3234 5012 3384 5066 inter
3410 5013 3511 5066 ad-

215 5097 454 5165 dentes.
471 5113 779 5168 omnesque
808 5097 906 5167 qui
934 5095 1255 5159 libertatem
1295 5095 1499 5150 animae
1525 5102 1584 5149 et
1605 5094 1840 5148 faculta-

218 5191 343 5241 tem
372 5185 580 5240 divina
630 5185 773 5255 legis
814 5184 1099 5249 consecuti
1152 5200 1374 5249 sumus,
1404 5186 1642 5237 revelata
1701 5186 1842 5250 [acip

219 5273 443 5328 cordis.
466 5273 523 5339 id
544 5280 652 5337 est,
671 5273 975 5328 manifesto
1003 5272 1288 5327 intellectu
1314 5272 1518 5329 mentis
1547 5288 1647 5341 per
1674 5271 1842 5331 ﬁdem

219 5360 450 5418 ehi-isti
471 5368 529 5415 et
545 5362 975 5432 intelligentiam
998 5361 1114 5416 Βοιιὶ
1125 5369 1437 5432 pturarum.
1469 5363 1710 5427 gloriam
1739 5361 1839 5413 De-

223 5452 412 5518 ηιίηέ,
444 5466 613 5520 quam
643 5451 891 5504 ostendit
918 5450 1099 5515 tribus
1119 5449 1426 5520 discipulis,
1455 5450 1513 5502 dt
1536 5464 1704 5519 quam
1724 5463 1846 5517 per-

221 5537 459 5609 cepturi
474 5544 611 5592 sunt
631 5555 828 5593 omnes
843 5539 1003 5603 electi
1028 5555 1226 5594 sumus
1248 5555 1348 5592 nos
1390 5540 1745 5605 speculantes,
1787 5535 1844 5589 id

219 5632 342 5695 ad,
374 5628 828 5710 cantatum
848 5627 913 5684 in
940 5628 1165 5706 speculo
1214 5626 1421 5690 mentis
1472 5625 1760 5702 perﬁdam
1789 5630 1848 5680 et

1924 5111 2083 5148 versa
2114 5096 2280 5165 hujus
2307 5096 2512 5160 saeculi,
2547 5097 2645 5150 sed
2703 5097 2883 5151 multa
2929 5098 3133 5153 ﬁducia
3179 5101 3411 5166 utimur,
3453 5101 3513 5156 in

1924 5183 2338 5253 praedicatione,
2357 5183 2578 5237 fortiter
2595 5185 2899 5240 tolerantes
2922 5188 3112 5242 omnia
3138 5189 3512 5253 incommoda,

1926 5271 2107 5326 securi
2137 5272 2205 5325 de
2237 5272 2465 5341 praemio
2488 5279 2541 5326 et
2568 5273 2784 5342 gloria:
2811 5277 2903 5329 sed
2946 5277 3269 5332 abdicamus
3307 5281 3518 5349 occulta

1926 5360 2287 5423 dedecoris,id
2302 5366 2405 5422 est,
2434 5361 2748 5430 respuimus
2761 5370 2814 5416 et
2860 5363 3154 5433 abjicimus
3176 5368 3367 5421 omnia
3392 5373 3515 5421 tur-

1927 5445 2017 5515 pia
2046 5462 2080 5498 a
2103 5444 2287 5505 corde,
2309 5460 2425 5505 oro,
2447 5451 2503 5497 et
2516 5461 2681 5514 opere
2700 5455 2910 5512 nostro,
2942 5465 3063 5518 quae
3093 5451 3335 5504 maxime
3355 5452 3411 5504 in
3430 5467 3517 5503 oc-

1926 5535 2076 5588 culto
2106 5533 2286 5587 solent
2315 5532 2453 5594 ﬁeri,
2486 5549 2595 5586 non
2624 5537 2969 5590 ambulantes
3002 5541 3061 5591 in
3082 5542 3312 5600 astutia,
3345 5538 3401 5591 id
3432 5544 3519 5591 est

1926 5624 1987 5679 in
2007 5621 2314 5678 calliditate
2342 5621 2510 5694 hujus
2534 5622 2739 5677 saeculi.
2756 5623 2980 5679 Astutia
3007 5623 3216 5681 dicitur
3238 5624 3310 5679 ab
3329 5624 3512 5699 hasta,
