3966 6156
543 305 651 365 6‘23
998 274 1377 364 HAYMONIS
1408 306 1897 366 HALBERSTAT.
1931 310 2159 369 EPISC.
2189 310 2350 370 OPP.
2384 310 2570 367 PARS
2598 311 2647 373 Ι,
2682 339 2747 352 -
2781 309 3157 371 COMMENT.
3189 309 3356 365 BIBL.
3629 312 3708 371 (ἧι

544 434 603 488 id
630 437 718 488 est
731 434 1010 497 acumine,
1030 449 1096 487 eo
1113 433 1261 504 quod
1289 432 1528 487 nimium
1553 432 1697 487 sicut
1710 438 1875 488 acuta
1893 433 1966 489 ad
1994 434 2139 489 deci-
2153 434 2380 496 Anobis
2416 438 2479 489 in
2506 436 2650 502 faeie
2670 433 2882 489 Christi
2899 437 3046 490 Jesu.
3080 432 3229 489 Ordo
3258 437 3336 488 est
3361 450 3373 486 :
3409 433 3537 489 Deus
3555 436 3631 506 qui
3651 438 3713 492 di-

543 522 778 594 piendos
807 522 1083 576 homines.
1117 522 1299 589 Neque
1342 522 1718 575 adulterantes
1768 523 1991 576 verbum
2020 524 2137 589 Dei,
2222 524 2305 578 xit
2337 524 2497 578 :Fiat
2523 524 2638 590 lux,
2669 540 2795 578 cum
2826 523 3009 578 adhuc
3038 522 3282 577 tenebrae
3322 529 3500 587 essent,
3533 528 3581 578 et
3606 525 3715 580 facta

544 611 691 665 sicut
711 611 1162 682 pseudoapostoli
1189 610 1352 663 multi
1370 610 1571 673 modis,
1602 612 1693 664 sed
1729 613 1790 664 in
1820 613 2144 678 manifesta-

546 705 690 755 tione
718 703 985 764 veritatis,
1013 699 1279 755 subaudis
1327 699 1694 769 praedicamus
1741 699 1970 755 verbum
2015 701 2136 765 Dei,

543 806 657 845 non
684 789 869 844 fucato
899 804 1177 853 sermone,
1208 804 1390 858 neque
1419 787 1828 858 philosophico,
1875 789 1972 843 sed
2002 790 2140 843 sim-

542 878 692 951 plici,
724 883 791 933 ut
817 877 1097 947 simplices
1123 876 1331 947 quique
1357 876 1577 947 possint
1614 875 1752 930 illud
1789 877 2136 947 intelligere;

541 969 982 1022 commendantes
1011 968 1360 1032 nosmetipsos
1380 966 1456 1018 ad
1491 981 1707 1018 onmem
1746 968 2137 1019 conscientiam

538 1056 856 1119 hominum,
879 1054 935 1108 id
958 1058 1044 1108 est
1071 1052 1381 1108 laudabiles
1409 1068 1512 1106 nos
1537 1052 1803 1107 facientes
1839 1053 1910 1107 ad
1941 1070 2136 1107 omnes

539 1145 798 1199 homines
822 1148 1014 1197 sancte
1057 1142 1311 1203 vivendo,
1344 1139 1487 1194 bene
1528 1140 1915 1212 praedicando;
1946 1158 2134 1197 coram
2219 1151 2318 1211 ter,
2337 1146 2696 1213 mani/‘estaui
2726 1162 2928 1200 nomen
2957 1150 3117 1199 tuum
3145 1145 3447 1199 hominibus
3467 1159 3579 1212 quos
3609 1144 3728 1196 dedi-

538 1238 660 1298 Deo,
679 1233 738 1288 id
758 1238 862 1298 est,
880 1231 1249 1302 inpraesentia
1264 1230 1491 1294 Dei,cui
1511 1231 1694 1302 placet
1712 1230 1860 1300 quod
1872 1230 2125 1300 agimus':
2213 1237 2289 1288 sti
2318 1235 2463 1288 mihi
2490 1235 2672 1303 {J0an.
2705 1236 2836 1301 xvi),
2867 1250 2981 1289 non
3002 1234 3141 1289 illud
3171 1249 3281 1304 quo
3293 1232 3431 1287 Deus
3454 1231 3725 1295 diceris,sed

535 1325 623 1379 vel
652 1338 839 1377 coram
871 1321 1008 1384 Deo,
1042 1320 1174 1390 quia
1206 1319 1351 1373 sicut
1379 1319 1450 1372 ab
1502 1319 1599 1373 illo
1646 1318 1808 1373 nobis
1836 1319 2021 1386 datur,
2050 1320 2129 1374 ita
2212 1339 2322 1393 quo
2341 1323 2512 1377 Pater
2533 1324 2764 1378 vocaris.

533 1412 906 1484 praedicamus
928 1409 986 1462 in
1016 1409 1318 1479 praesentia
1353 1408 1504 1463 illius
1537 1424 1702 1478 quem
1744 1408 2128 1477 cognoscimus
2280 1413 2554 1466 Habemus
2590 1418 2776 1466 autem
2810 1413 3132 1467 thesaurum
3162 1415 3331 1466 istum
3367 1413 3426 1464 in
3441 1412 3569 1464 rasis
3586 1410 3728 1475 ﬁctili-

534 1499 694 1554 nobis
735 1500 932 1552 adesse
986 1502 1317 1567 praesentem
1349 1515 1362 1549 :
1396 1502 1618 1568 poterat
1657 1498 1862 1568 aliquis
1918 1498 2124 1564 dicere,
2213 1502 2329 1565 bus,
2360 1501 2690 1555 thesaurum
2719 1501 2811 1555 hic
2834 1502 3044 1556 dicitur
3082 1503 3233 1555 theca
3256 1504 3311 1555 et
3349 1497 3588 1570 repositio
3618 1497 3731 1553 auri.

2224 618 2312 667 est
2327 608 2447 680 lux,
2480 612 2664 666 illuxit
2685 612 2947 667 cordibus
2971 611 3178 666 nostris
3228 611 3401 665 lumen
3443 612 3552 666 ﬁdei
3575 619 3620 666 et
3640 614 3717 667 do-

2222 702 2415 757 ctrina:
2443 702 2502 755 in
2530 702 2671 756 facie
2691 702 2920 761 Christi.
2951 701 3008 754 id
3038 705 3122 755 est
3161 700 3220 754 in
3274 700 3534 771 praesentia
3554 701 3651 762 Dei,
3681 707 3724 756 et

2222 807 2323 861 per
2334 790 2689 861 praesentiam
2710 790 2919 845 Christi
2940 788 3010 844 ad
3031 789 3472 843 illuminationem
3489 790 3722 844 etdemon—

2221 878 2554 933 strationem
2585 878 2831 933 scientia:
2852 878 3159 932 divinitatis
3175 894 3302 932 sum.
3329 877 3422 931 Per
3438 878 3725 948 praesentiam

2221 984 2354 1037 ergo
2374 967 2584 1022 Christi
2616 967 2975 1022 manifestata
3000 973 3087 1022 est
3112 966 3350 1038 cognitio
3373 966 3463 1021 Dei
3494 966 3646 1020 Patris
3659 972 3725 1021 at-

2219 1072 2328 1127 que
2353 1057 2533 1111 totius
2551 1056 2862 1123 Trinitatis,
2895 1056 3044 1110 sicut
3065 1057 3183 1127 ipse
3213 1055 3452 1110 Christus
3473 1053 3618 1108 dixit:
3645 1057 3724 1109 Pa-

534 1589 814 1660 quomodo
842 1586 1158 1657 praedicatis
1186 1586 1245 1639 in
1275 1585 1744 1652 manifestatione,
1778 1603 1907 1640 cum
1933 1603 2128 1642 omnes
2209 1589 2558 1644 Thesaurum
2580 1595 2770 1644 autem
2809 1590 3057 1661 appellat
3100 1590 3395 1660 Apostolus
3432 1588 3528 1642 isto
3567 1585 3617 1639 in
3638 1586 3730 1639 loco

529 1694 644 1732 non
664 1676 983 1745 intelligant
1004 1691 1127 1745 quae
1152 1674 1334 1728 dicitis
1380 1691 1561 1745 neque
1590 1676 1824 1729 credant
1844 1676 1869 1728 ?
1897 1676 1982 1729 Ad
2012 1677 2171 1749 haac_
2209 1684 2624 1733 sacramentum
2653 1679 2988 1749 cognitionis
3025 1682 3232 1734 sancta
3259 1676 3546 1740 Trinitatis,
3574 1681 3623 1730 et
3643 1690 3734 1745 my-

527 1764 823 1837 subjunxit
845 1764 1146 1834 Apostolus
1179 1776 1190 1811 :
1252 1764 1262 1770 ’
1698 1758 1711 1767 “
2137 1746 2184 1806 Β
2208 1766 2440 1822 sterium
2460 1746 2862 1822 incarnationis
2874 1767 3001 1822 Filii
3020 1768 3122 1823 Dei
3142 1783 3153 1816 :
3174 1768 3325 1839 quia,
3348 1768 3480 1821 sicut
3492 1768 3734 1820 thesaurus

600 1855 754 1921 Quod
772 1855 823 1906 si
847 1857 1097 1920 opertum
1132 1857 1207 1905 est
1228 1853 1593 1921 Evangelium
1624 1859 1898 1919 nostrum,
1930 1853 1989 1908 id
2019 1860 2123 1922 est,
2209 1856 2265 1910 in
2292 1857 2506 1911 occulto
2531 1863 2589 1912 et
2606 1863 2820 1912 secreto
2861 1857 3091 1928 ponitur
3126 1857 3269 1923 loco,
3304 1856 3384 1910 ita
3416 1855 3551 1910 istud
3573 1856 3737 1924 myste-

523 1941 573 1996 si
601 1943 855 1996 clausum
886 1947 972 1995 est
1001 1946 1057 1995 et
1081 1940 1382 1995 obscurum
1411 1946 1476 1995 ut
1522 1959 1634 1996 non
1664 1943 2033 2013 intelligatur,
2063 1947 2129 1998 in
2209 1945 2359 1999 rium
2391 1944 2449 1998 in
2475 1944 2735 2000 cordibus
2763 1946 2989 1999 illorum
3028 1952 3152 1999 erat
3171 1944 3528 1999 reconditum.
3547 1943 3670 1996 Vasa
3690 1941 3736 1993 ﬁ-

526 2032 613 2085 liis
636 2033 738 2099 qui
761 2035 1014 2098 pereunt,
1050 2035 1124 2083 est
1147 2036 1396 2097 opertum
1421 2048 1437 2093 ;
1468 2030 1628 2101 quasi
1657 2031 1810 2085 dicat
1837 2050 1848 2085 :
1900 2032 2002 2086 His
2031 2033 2127 2103 qui
2210 2032 2363 2086 ctilia
2375 2037 2536 2087 vocat
2562 2049 2797 2104 corpora
2811 2033 3054 2103 fragilia,
3082 2049 3207 2104 quae
3232 2050 3298 2087 ex
3313 2031 3441 2086 limo
3468 2036 3611 2085 teme
3624 2029 3737 2082 facta

523 2125 764 2191 pereunt
788 2119 846 2174 in
869 2118 1226 2187 inﬁdelitate,
1256 2119 1365 2172 illis
1389 2124 1476 2173 est
1522 2125 1801 2190 opertum,
1843 2120 1977 2191 quia
2013 2138 2127 2176 non
2208 2127 2360 2186 sunt,
2385 2127 2443 2176 et
2461 2122 2629 2176 variis
2652 2122 3005 2193 passionibus
3045 2127 3104 2176 et
3140 2119 3550 2175 inﬁrmitatibus
3594 2116 3737 2187 subja-

522 2207 834 2279 inspiratur
854 2207 934 2261 eis
963 2224 996 2261 a
1026 2206 1242 2278 Spiritu
1290 2212 1505 2271 sancto,
1553 2224 1734 2278 neque
1781 2209 1977 2263 volunt
2003 2226 2125 2263 ere.-
2209 2216 2353 2273 cent,
2374 2210 2529 2275 fami,
2553 2210 2944 2275 siti,nuditati,
2963 2209 3292 2281 ueterisque
3319 2208 3549 2275 talibus;
3581 2212 3633 2260 ut
3664 2222 3738 2258 su-

524 2297 657 2351 dere
684 2312 696 2346 :
735 2295 1050 2349 volentibus
1095 2300 1284 2349 autem
1318 2296 1565 2363 credere,
1611 2296 1972 2351 manifestum
2016 2303 2119 2352 est.
2208 2300 2452 2353 blimitas
2480 2303 2553 2353 sit
2581 2302 2808 2353 virtutis
2838 2300 2935 2353 Dei
2959 2298 3020 2352 in
3043 2300 3216 2364 nobis,
3248 2304 3299 2352 et
3328 2314 3435 2352 non
3451 2314 3511 2351 ea:
3534 2297 3676 2355 nobis,
3695 2292 3738 2346 id

520 2384 842 2440 Audiebant
859 2384 1135 2455 siquidem
1153 2401 1347 2438 omnes
1366 2384 1817 2456 prmdicationem
1842 2387 2125 2456 apostolo-
2205 2392 2309 2451 est,
2341 2392 2407 2441 ut
2424 2388 2664 2442 altitudo
2691 2387 2917 2442 virtutis
2945 2387 3049 2442 Dei
3089 2387 3456 2442 anuuntietur
3476 2401 3568 2456 per
3589 2399 3672 2437 nos
3697 2385 3741 2434 et

521 2491 670 2540 rum,
694 2474 793 2528 sed
806 2474 916 2527 illis
938 2473 1034 2544 qui
1053 2472 1314 2527 volebant
1329 2473 1578 2537 credere,
1603 2474 2071 2529 manifestabatur
2102 2495 2118 2530 :
2205 2482 2494 2546 appareat,
2516 2477 2650 2547 quia
2669 2492 2781 2530 non
2805 2480 2893 2530 est
2924 2493 2990 2530 ex
3012 2475 3194 2540 nobis,
3228 2492 3412 2548 neque
3438 2474 3531 2529 illa
3569 2470 3743 2542 sapies.

521 2563 634 2618 illis
661 2580 790 2619 vero
820 2562 917 2634 qui
946 2562 1004 2616 in
1034 2560 1367 2616 inﬁdelitate
1407 2562 1836 2633 permanebant,
1869 2564 2119 2618 occulta-
2203 2563 2303 2628 tia,
2323 2580 2506 2635 neque
2523 2564 2699 2619 virtus
2726 2564 3150 2626 miraculorum,
3171 2564 3271 2618 sed
3297 2581 3362 2619 ex
3390 2564 3516 2626 Deo,
3537 2576 3643 2632 qua:
3666 2572 3742 2629 per

517 2651 705 2706 batur.
2204 2668 2307 2706 nos
2335 2657 2524 2707 tamen
2555 2652 2935 2721 ministratur,
2974 2669 3039 2707 ac
3084 2652 3133 2706 si
3174 2653 3390 2707 diceret
3414 2650 3533 2705 aliis
3557 2646 3740 2701 verbis:

588 2741 657 2794 In
676 2739 876 2807 quibus
902 2739 1040 2792 Deus
1066 2739 1235 2807 hujus
1260 2740 1448 2793 saeuit
1484 2742 1765 2793 cremavit
1803 2744 2006 2793 mentes
2034 2742 2120 2794 in-
2203 2740 2552 2796 Thesaurum
2582 2740 2780 2811 gratiae
2814 2740 3085 2812 spiritalis
3130 2742 3282 2812 quod
3331 2739 3679 2812 praedicamus,
3702 2737 3743 2786 et

515 2830 789 2897 ﬁdelium.
820 2826 1062 2890 Quidam
1089 2826 1502 2892 haereticorum,
1526 2832 1585 2881 et
1610 2827 1879 2890 Marcion,
1912 2827 2121 2898 aliique
2204 2830 2352 2898 quod
2390 2829 2552 2899 signa
2571 2829 2970 2884 miraculorum
3002 2829 3239 2884 facimus
3270 2830 3330 2884 in
3358 2843 3577 2899 corpore
3595 2820 3745 2893 fragili

518 2916 976 2990 pseudoapostoli
1014 2916 1166 2971 hunc
1223 2933 1447 2971 versum
1492 2916 1643 2970 male
1682 2917 2115 2988 distinguentes,
2201 2916 2539 2987 bajulamus,
2575 2924 2633 2972 et
2660 2919 2809 2988 quod
2837 2918 3007 2972 etiam
3036 2918 3367 2989 frequenter
3393 2916 3522 2971 dum
3548 2914 3668 2968 alios
3681 2926 3747 2964 ss-

514 3007 695 3062 Deum
726 3006 897 3077 hujus
924 3006 1111 3060 saeculi
1132 3005 1394 3060 dicebant
1420 3022 1542 3060 esse
1572 3006 1913 3077 appellatum
1937 3007 1995 3060 in
2014 3007 2120 3060 hoc
2142 3062 2180 3077 ﬂ
2201 3022 2403 3060 namus
2432 3006 2539 3077 ipsi
2567 3006 2942 3072 inﬁrmamur,
2984 3005 3345 3077 subjacentes
3385 3004 3535 3070 fami,
3568 3000 3668 3064 siti,
3696 3001 3747 3052 ut

512 3097 635 3151 loco
666 3062 978 3165 diabblum,
1002 3097 1072 3150 de
1102 3113 1212 3165 quo
1250 3096 1456 3151 dicitur
1488 3109 1500 3143 :
1534 3062 1729 3150 Omnes
1753 3098 1839 3150 dii
1864 3099 2116 3163 gentium
2138 3062 2182 3121 Ο
2200 3095 2348 3165 quod
2366 3062 2621 3160 facimus,
2640 3111 2752 3149 non
2771 3062 2966 3149 nostra
2987 3062 3317 3160 virtute,vel
3340 3062 3540 3148 nostris
3553 3062 3745 3150 meritis,

513 3187 785 3241 damonia
808 3186 1138 3253 (Psal.xcvl;
1161 3184 1290 3239 licet
1318 3184 1469 3238 enim
1497 3182 1968 3255 diiappellantur,
2002 3200 2114 3239 non
2197 3184 2295 3237 sed
2332 3183 2649 3238 sublimitas
2669 3184 2932 3255 potentiae
2961 3183 3063 3238 Dei
3092 3200 3214 3238 esse
3243 3183 3637 3255 intelligantur.

513 3279 647 3331 sunt
661 3274 756 3329 dii.
782 3273 874 3329 Ita
893 3290 1026 3344 ergo
1047 3278 1134 3327 est
1159 3272 1609 3343 distinguendus,
1652 3278 1715 3327 ut
1743 3273 1988 3344 primum
2028 3273 2116 3327 di-
2267 3274 2335 3328 In
2351 3274 2607 3327 omnibus
2638 3272 2821 3327 modis
2840 3277 2896 3327 et
2916 3272 3054 3328 locis
3074 3274 3495 3328 tribulationem
3516 3270 3749 3323 diversam

513 3368 694 3419 catur.
720 3361 1020 3433 Inquibus,
1042 3360 1099 3414 id
1120 3365 1207 3415 est
1232 3360 1292 3416 in
1320 3360 1435 3414 illis
1462 3360 1555 3432 qui
1581 3366 1838 3430 pereunt,
1855 3362 2002 3416 Deus
2027 3379 2116 3416 ve—
2192 3363 2473 3428 patimur,
2499 3362 2590 3415 sed
2604 3377 2715 3415 non
2731 3363 3131 3428 angustiamur
3151 3379 3169 3414 :
3198 3361 3260 3415 id
3291 3366 3395 3429 est,
3424 3360 3550 3414 licet
3563 3353 3751 3411 tribula-

512 3469 612 3507 rus
635 3471 647 3505 :
683 3456 742 3506 et
769 3450 972 3505 deinde
999 3449 1166 3515 infra,
1217 3449 1513 3503 excaecavit
1540 3455 1759 3503 mentes
1801 3448 2114 3504 inﬁdelium
2195 3448 2376 3503 tiones
2404 3454 2462 3503 et
2488 3448 2778 3519 angustias
2806 3449 3208 3515 sustineamus,
3223 3456 3420 3505 tamen
3436 3465 3543 3504 non
3555 3448 3627 3501 ita
3642 3458 3747 3499 con-

512 3543 685 3613 hujus
715 3539 923 3601 saeculi,
951 3555 1079 3593 cum
1112 3554 1224 3592 non
1272 3537 1628 3602 illuminavit,
1658 3537 1805 3592 sicut
1836 3538 2115 3593 induravit
2196 3535 2527 3605 stringimur
2570 3535 2685 3590 sive
2740 3536 3153 3606 angustiamur,
3187 3543 3255 3593 ut
3308 3538 3569 3593 cedamus
3594 3533 3694 3586 loco
3722 3543 3748 3581 a

518 3647 615 3685 cor
643 3628 953 3684 Pharaonis
982 3643 1110 3680 cum
1158 3642 1272 3680 non
1326 3626 1616 3689 emollivit,
1649 3631 1711 3679 ut
1763 3642 1871 3680 non
1904 3628 2113 3693 fulgeat
2196 3624 2609 3696 praedicatione,
2629 3629 2687 3678 et
2705 3641 2987 3680 cessemus
3014 3642 3049 3680 a
3090 3631 3287 3680 nostro
3312 3623 3606 3697 proposito.
3634 3622 3747 3687 Apo-

514 3720 864 3774 iltuminatio
893 3717 1182 3782 Evangelii
1202 3714 1259 3767 in
1284 3716 1415 3778 illis,
1441 3714 1497 3766 id
1524 3718 1611 3768 est
1630 3714 1768 3768 ﬁdes
1788 3720 1847 3768 et
1859 3714 2112 3768 doctrina
2194 3716 2441 3777 riamur,
2474 3714 2530 3767 id
2561 3719 2647 3767 est
2670 3713 3056 3782 conjiciamur,
3085 3720 3145 3769 et
3184 3713 3527 3786 improperia
3551 3708 3753 3765 sustine-

513 3804 800 3874 Evangelii
816 3808 873 3857 et
889 3803 1071 3873 gloria
1105 3802 1333 3856 Christi.
1357 3802 1513 3867 Quod
1541 3803 1901 3872 Evangelium
1931 3804 2113 3874 gloria
2194 3818 2340 3862 mus,
2367 3802 2451 3856 vel
2470 3801 2618 3873 quod
2634 3801 2837 3856 melius
2852 3808 2956 3867 est,
2982 3803 3141 3873 quasi
3158 3820 3443 3875 pauperes
3465 3798 3751 3870 abjicimur;

515 3892 729 3949 Christi
757 3897 860 3957 est,
894 3893 1028 3962 quia
1051 3890 1127 3945 ibi
1156 3897 1464 3945 narrantur
1491 3892 1755 3946 nativitas
1785 3893 1907 3961 ejus
1925 3892 2115 3947 divina
2195 3892 2288 3945 sed
2301 3908 2413 3946 non
2431 3893 2812 3946 destituimur,
2827 3890 3000 3956 idest,
3020 3907 3132 3946 non
3147 3885 3752 3963 derelinquimuraDeO.

514 3988 572 4038 et
585 3983 856 4040 humana.
877 3981 1053 4035 virtus
1071 3980 1494 4042 miraculorum,
1528 3981 1735 4051 passio,
1752 3980 2108 4048 resurrectio,
2195 3979 2290 4034 sed
2313 3979 2510 4050 positis
2538 3978 2596 4033 in
2626 3984 2962 4050 paupertate
2990 3985 3048 4034 et
3093 3978 3305 4052 inopia,
3330 3980 3494 4036 adest
3516 3975 3660 4033 nobis
3681 3986 3757 4044 pa-

513 4071 766 4126 ascensio
787 4070 857 4124 ad
875 4069 1061 4134 caelos,
1087 4068 1358 4122 adventus
1378 4067 1749 4136 adjudicium,
1795 4071 1912 4136 qui,
1955 4069 2113 4123 Chri-
2192 4071 2311 4121 stor
2339 4068 2489 4122 Deus
2562 4070 2734 4136 Αργος
2784 4066 2980 4121 Graeco
3035 4067 3309 4124 vocabulo
3352 4067 3549 4124 Latine
3583 4061 3756 4118 dicitur

516 4166 658 4223 stus,
677 4164 862 4225 imago
892 4162 965 4210 est
983 4159 1078 4211 Dei
1118 4155 1324 4219 Patris,
1347 4155 1405 4210 id
1430 4161 1517 4210 est
1535 4155 1747 4209 similis
1764 4155 1817 4209 ei
1844 4155 1901 4210 in
1931 4157 2108 4211 omni—
2192 4172 2423 4228 pauper,
2446 4155 2575 4211 inde
2594 4155 2869 4228 aporiare,
2920 4157 3148 4228 pr0prie
3167 4157 3335 4228 quasi
3354 4168 3652 4229 pauperem
3674 4145 3758 4204 ab-

512 4246 620 4302 bus
642 4246 947 4301 secundum
978 4243 1348 4298 divinitatem.
2183 4245 2376 4314 jicere.

586 4335 710 4389 Non
730 4335 881 4386 enim
928 4332 1595 4430 nosmetipsosaicamus,
1615 4331 1706 4385 sed
1727 4332 1915 4385 Jesum
1944 4331 2171 4430 Chri-D
2258 4333 2483 4402 Semper
2526 4337 3017 4403 mortiﬁcationem
3061 4338 3189 4391 Jesu
3231 4339 3297 4390 in
3342 4349 3563 4404 corpore
3605 4331 3759 4386 nostro

514 4428 661 4476 stum
673 4423 974 4475 Dominum
993 4423 1266 4483 nostrum,
1290 4418 1346 4473 id
1362 4424 1465 4479 est.
1498 4435 1609 4473 non
1651 4419 1951 4490 quaerimus
1984 4436 2110 4475 nos-
2125 4418 2169 4430 ”
2189 4425 2659 4491 circumferentes,
2683 4423 2798 4479 sive
2811 4428 3120 4495 portantes.
3147 4423 3203 4479 id
3229 4430 3339 4487 est,
3364 4438 3588 4495 semper
3598 4430 3762 4474 sumus

514 4518 661 4566 tram
679 4510 924 4571 laudem,
960 4524 1073 4563 non
1106 4507 1263 4562 lucra
1282 4508 1633 4578 temporalia,
1659 4508 1757 4562 sed
1785 4509 2023 4579 gloriam
2051 4514 2111 4564 et

514 4602 787 4656 honorem
808 4597 1017 4654 Christi
1045 4596 1416 4669 praedicamus
1445 4601 1501 4651 et
1531 4596 1854 4668 quaerimus,
1873 4603 1929 4652 et
1944 4603 2009 4652 ut
2036 4597 2108 4652 ab

511 4691 608 4747 illo
637 4704 1083 4745 remuneremur.
1117 4687 1218 4742 Ille
1250 4686 1400 4742 enim
1429 4686 1671 4757 seipsum
1699 4686 1983 4757 praedicat,
2015 4687 2110 4758 qui

514 4798 550 4835 ο.
573 4781 725 4836 culto
777 4794 1037 4834 sermone
1088 4776 1357 4847 loquitur,
1389 4781 1447 4830 et
1488 4775 1783 4831 veritatem
1823 4776 2111 4846 Evangelii

460 4885 470 4893 ί
516 4869 718 4940 quaerit
743 4869 949 4934 fucare,
981 4871 1046 4921 ut
1102 4864 1436 4937 praedicetur
1484 4865 1600 4935 ipsa
1652 4865 1876 4936 sapiens
1904 4881 2026 4919 esse
2056 4869 2113 4919 et

512 4957 793 5018 laudetur,
815 4963 872 5010 et
890 4955 987 5027 qui
1009 4954 1196 5025 potius
1212 4970 1313 5025 pro
1338 4953 1509 5007 lucris
1538 4952 1941 5025 temporalibus
1964 4970 2112 5026 prae-

514 5043 777 5098 dicationi
801 5043 1030 5107 insistit,
1066 5058 1238 5113 quam
1267 5058 1366 5113 pro
1392 5041 1509 5096 vita
1535 5046 1774 5099 aeterna.

556 5133 859 5199 ‘Quoniam
886 5133 1026 5185 Deus
1074 5133 1174 5198 qui
1226 5132 1387 5196 dixit,
1420 5129 1690 5185 subaudis
1726 5130 1783 5184 in
1832 5129 2105 5203 principio

2189 4510 2595 4565 mortiﬁcantes
2626 4511 2882 4566 membra
2909 4517 3104 4568 nostra
3119 4529 3248 4568 cum
3277 4512 3438 4567 vitiis
3457 4517 3515 4566 et
3541 4502 3763 4576 concupi-

2189 4599 2433 4665 scentiis,
2459 4605 2521 4653 ut
2550 4605 2601 4654 et
2618 4603 2734 4654 vita
2760 4603 2908 4662 Jesu,
2927 4617 3039 4672 qua
3056 4601 3177 4673 ipse
3218 4602 3394 4656 modo
3417 4600 3552 4655 vivit
3569 4599 3765 4653 immor-

2192 4688 2325 4742 talis
2353 4690 2416 4742 in
2437 4691 2754 4756 corporibus
2774 4692 2981 4744 nostris
3008 4692 3406 4758 manifestetur
3435 4693 3766 4760 postgenera-

2190 4776 2302 4831 lem
2315 4776 2805 4844 resurrectionem,
2828 4777 2995 4832 aliter
3011 4778 3268 4833 Christus
3292 4778 3449 4834 sicut
3467 4776 3702 4850 pascitur
3722 4773 3769 4822 et

2192 4865 2437 4920 vescitur
2466 4866 2524 4920 in
2573 4866 2710 4932 suis,
2768 4866 2914 4921 sicut
2934 4866 3086 4921 dicet
3130 4866 3328 4923 electis
3362 4882 3376 4915 :
3420 4862 3673 4932 Quandiu
3697 4856 3765 4912 his

2191 4954 2439 5009 minimis
2465 4954 2605 5010 meis
2628 4954 2858 5022 fecistis,
2887 4955 3023 5011 mihi
3051 4956 3262 5010 fecistis
3292 4956 3524 5021 (Matth.
3546 4955 3685 5013 xxv),
3706 4946 3770 5000 itu

2191 5044 2463 5099 occiditur
2485 5048 2543 5099 et
2572 5044 2945 5099 mortiﬁcatur
2963 5050 3134 5116 atque
3157 5044 3489 5115 ﬂagellatur
3515 5047 3572 5096 et
3607 5049 3771 5110 pem-

2191 5133 2386 5203 quitur
2411 5133 2470 5187 in
2495 5133 2631 5188 suis.
2653 5134 2852 5188 Nonne
2873 5133 2929 5187 in
2953 5133 3239 5204 Stephano
3262 5129 3707 5204 persequebatur
3727 5127 3775 5176 et

513 5218 921 5281 creaturarum,
941 5218 1259 5272 detenebris
1291 5221 1464 5273 lucem
1502 5209 1881 5287 splendescere,
1916 5220 2105 5275 dicens
2186 5219 2564 5290 lapidabatur,
2618 5221 2841 5289 quando
2871 5219 3009 5274 dicit
3039 5232 3051 5267 ε
3099 5220 3283 5283 Saule,
3317 5220 3518 5283 Saule,
3546 5214 3676 5286 quid
3704 5224 3774 5263 ’πε

512 5326 639 5366 cum
669 5308 850 5362 adhuc
862 5306 1108 5362 tenebrae
1131 5311 1316 5360 essent
1350 5323 1519 5377 super
1534 5306 1730 5361 faciem
1751 5307 1957 5379 abyssi,
1982 5309 2105 5362 Fiat
2179 5311 2561 5377 persequeris?
2585 5310 2845 5375 (Act.1x).
2872 5307 2967 5363 Sic
3002 5308 3144 5363 dixit
3177 5307 3353 5363 etiam
3384 5307 3595 5361 Petro:
3618 5299 3775 5356 Venio

510 5405 631 5462 lux,
665 5404 713 5452 et
732 5399 880 5465 facta
901 5402 974 5449 est
997 5397 1095 5449 lue:
1133 5395 1280 5451 (Gen.
1322 5396 1380 5459 Il,
1414 5398 1522 5463 ipse
1552 5398 1743 5449 illusit
1770 5398 2101 5450 incordibus
2185 5397 2420 5451 Romam
2474 5396 2679 5451 iterum
2738 5396 2992 5467 cruciﬁgi
3049 5397 3107 5451 in
3161 5401 3237 5451 te.
3283 5396 3553 5467 Semper,
3592 5388 3770 5461 inquit.

510 5491 735 5553 nostris,
767 5487 954 5541 lumen
978 5484 1106 5539 ﬁdei
1137 5489 1194 5539 et
1235 5483 1519 5547 doctrinm,
1544 5484 1639 5554 qui
1666 5485 1911 5539 tenebrae
1932 5490 2100 5539 antea
2181 5484 2676 5540 mortiﬁcationem
2697 5486 2830 5539 Jesu
2860 5484 2918 5538 in
2949 5500 3181 5556 corpore
3203 5488 3405 5539 nostro
3456 5496 3656 5538 sumus
3683 5475 3776 5532 cir-

538 5577 838 5649 ramus,ad
860 5577 1333 5631 illuminationem
1351 5575 1589 5627 scientias
1607 5575 1884 5628 claritatis
1908 5574 2009 5628 Dei
2033 5573 2094 5630 in
2177 5575 2553 5631 cumferentes
2571 5573 2687 5630 sive
2705 5578 3014 5646 portantes,
3030 5573 3090 5630 id
3113 5578 3200 5630 est
3221 5587 3459 5644 semper
3484 5568 3778 5627 mortiﬁca-
