3852 6154
157 262 242 322 625

776 254 1158 314 EXPOSITIO
1187 254 1269 312 IN
1299 256 1455 314 EPP.
1490 259 1548 314 S.
1580 258 1819 316 PAULI.
1851 287 1917 300 —
1948 259 2027 316 IN
2058 260 2280 317 EPIST.
2311 262 2364 318 II
2394 263 2492 320 AD
2522 265 2686 324 GOR.

3267 260 3372 326 626

153 392 232 442 tur
251 383 394 439 Jesus
417 381 473 437 in
499 382 660 437 nobis
674 387 733 437 et
759 381 1052 448 occiditur,
1069 385 1134 435 ut
1151 380 1294 435 sicut
1313 381 1433 453 ipse
1452 384 1511 437 in
1530 383 1691 438 nobis
1704 386 1758 445 Α
1771 389 2039 440 sternam
2051 389 2240 454 gloria:
2246 390 2464 457 pondus
2474 394 2737 459 operatur
2747 392 2812 445 in
2824 391 2997 445 nobis.
3009 391 3367 460 Momentum,

154 474 291 529 modo
310 471 581 538 occiditur,
606 476 664 525 et
689 488 792 526 nos
811 488 912 542 pro
932 471 1075 541 ipso,
1091 469 1172 523 ita
1200 470 1372 524 etiam
1401 472 1519 542 ipse
1551 472 1702 526 vivat

149 564 197 617 in
220 561 378 630 nobis,
402 565 457 614 et
484 576 587 615 nos
615 560 866 615 vivamus
908 560 968 613 in
1010 559 1128 613 illo.
1166 559 1236 612 Et
1264 560 1410 613 sicut
1432 561 1553 631 ipse
1575 562 1699 631 jam

151 667 243 706 non
266 650 503 712 moritur,
547 649 645 703 sed
672 665 896 721 semper
924 647 1076 712 vivit,
1108 648 1189 701 ita
1225 652 1283 702 et
1320 664 1421 702 nos
1452 654 1577 719 post
1605 666 1698 703 re-

149 739 509 795 surrectionem
538 737 791 793 vivamus
827 736 1178 792 immortales
1218 742 1276 790 et
1303 736 1699 809 incorruptibi-

148 829 230 883 les.

1781 473 2175 529 brevissimum
2205 481 2293 531 est
2317 478 2562 548 spatium
2579 479 2852 550 temporis
2886 479 3101 535 dictum
3131 497 3165 535 a
3193 481 3371 536 celer-

1780 561 1924 616 rimo
1951 563 2199 619 siderum
2231 571 2409 621 motu.
2444 567 2654 622 Sensus
2681 573 2739 622 et
2765 569 2903 623 ordo
2934 567 3230 623 verborum
3265 569 3372 624 iste

1780 656 1867 704 est
1903 652 2116 707 :Omne
2131 659 2475 709 tormentum
2505 655 2885 711 tribulationis
2914 664 3121 712 nostra;
3161 674 3285 729 quae
3313 658 3371 713 in

1778 741 2043 811 praesenti
2070 748 2175 806 est,
2206 751 2688 810 momentaneum,
2723 745 2840 800 sive
2884 745 3278 801 brevissimum
3317 752 3376 802 et

1779 829 1899 884 leve
1934 831 2006 883 ad
2051 832 2427 897 tolerandum,
2482 840 2750 904 operatur
2793 835 2852 888 in
2891 834 3050 889 nobis
3096 841 3372 890 aeternum

202 917 399 985 Semper
431 918 581 969 enim
601 920 825 985 nos,qui
849 918 1088 970 vivimus
1116 915 1176 970 in
1202 914 1466 986 praesenti
1495 914 1697 970 smculo

146 1005 236 1060 ﬁde
250 1003 503 1074 bonisque
518 1003 799 1075 operibus,
823 1006 886 1057 in
906 1009 1137 1057 mortem
1171 1006 1456 1057 tradimur
1474 1009 1699 1072 propter

144 1097 317 1162 Jesum,
357 1091 410 1146 id
455 1098 562 1159 est,
591 1092 846 1164 pericula
871 1092 1071 1147 mortis
1097 1093 1440 1147 sustinemus
1470 1097 1700 1164 propter

143 1198 314 1237 nomen
331 1187 385 1236 et
402 1181 570 1236 ﬁdem
604 1181 817 1236 Christi
841 1197 1010 1252 quam
1032 1181 1401 1253 praedicamus
1418 1190 1477 1235 ut
1505 1189 1553 1235 et
1582 1186 1697 1235 vita

141 1273 260 1335 Jesu,
287 1286 388 1340 qua
408 1269 528 1341 ipse
541 1271 663 1340 jam
698 1270 847 1336 vivit,
888 1272 1277 1338 manifestatur
1303 1274 1366 1324 in
1393 1286 1561 1324 carne
1593 1286 1698 1324 no-

141 1366 235 1413 stra
261 1363 494 1424 mortali,
516 1366 581 1413 ut
602 1359 717 1413 vita
738 1375 850 1431 qua
874 1359 1133 1413 Christus
1159 1359 1464 1413 resurrexit
1488 1375 1524 1412 a
1551 1375 1698 1413 mor-

139 1447 249 1513 tuis,
283 1453 334 1502 et
382 1464 492 1519 qua
528 1447 697 1502 modo
736 1448 887 1512 vivit,
928 1447 1063 1502 huic
1118 1453 1324 1502 nostra:
1362 1447 1696 1502 mortalitati

1778 918 1999 989 pondus
2016 919 2237 989 glorise,
2252 921 2310 975 id
2331 927 2419 975 est
2433 922 2878 993 magnitudinem
2908 923 3106 993 gratia:
3126 922 3184 977 in
3204 922 3374 978 subli-

1777 1008 1975 1062 mitate
2002 1009 2199 1080 patrije
2221 1010 2480 1079 caelestis,
2505 1028 2678 1083 supra
2706 1012 2935 1068 modum
2971 1018 3029 1067 et
3054 1029 3228 1084 supra
3254 1029 3372 1068 om-

1778 1112 1908 1151 nem
1924 1114 2247 1152 mensuram
2273 1116 2285 1152 :
2308 1099 2443 1170 quia
2456 1115 2569 1153 non
2587 1106 2772 1171 potest
2790 1101 3187 1172 comprehendi
3198 1117 3371 1173 quan-

1779 1185 1912 1240 titas
1939 1185 2089 1240 illius
2117 1185 2331 1256 gloriae,
2362 1203 2544 1259 neque
2574 1190 2890 1243 mensururi
2918 1196 3171 1262 tempore
3195 1208 3207 1243 :
3239 1190 3373 1261 quia

1778 1274 1900 1328 sine
1924 1276 2035 1329 ﬁne
2051 1280 2110 1329 et
2129 1275 2251 1329 sine
2262 1276 2504 1330 termino
2525 1277 2632 1331 erit
2648 1278 2990 1332 eternaliter
3009 1294 3366 1349 permanens,

1780 1378 1891 1417 non
1936 1366 2431 1432 contemplantibus
2479 1367 2635 1418 nobis
2672 1381 2791 1433 quae
2817 1368 3097 1427 videnlur,
3129 1368 3222 1420 sed
3251 1382 3369 1435 qua:

1780 1467 1893 1505 non
1921 1454 2203 1521 videntur,
2229 1452 2285 1506 id
2311 1458 2413 1518 est,
2449 1469 2563 1508 non
2610 1453 3093 1508 considerantibus
3120 1453 3283 1508 nobis
3312 1459 3373 1508 et

139 1540 396 1608 prestetur
438 1536 844 1591 immortalitas
875 1542 934 1591 et
960 1537 1324 1608 incorruptio,
1350 1542 1415 1591 ut
1443 1542 1568 1608 post
1605 1554 1696 1592 re-
1778 1540 2202 1594 attendentibus
2221 1541 2482 1608 honores,
2505 1542 2748 1606 divitias,
2774 1548 2832 1597 et
2858 1543 3015 1596 lucra
3036 1541 3372 1613 temporalia

139 1626 499 1681 surrectionem
522 1624 858 1695 promissam
888 1640 1002 1678 non
1027 1624 1332 1679 timeamus
1352 1624 1515 1683 mori.
1780 1644 1902 1698 quae
1930 1628 2189 1683 videntur
2217 1635 2275 1684 et
2300 1629 2459 1684 nobis
2486 1631 2896 1702 promittuntur
2918 1630 2988 1684 ab
3024 1630 3371 1685 amatoribus

191 1714 475 1780 Ergomors
503 1716 568 1767 in
596 1714 753 1767 nobis
771 1712 1326 1782 operatur,subaudis
1354 1714 1505 1784 quod
1530 1730 1694 1768 suum
1714 1716 1944 1799 Bhujus
1973 1719 2180 1780 saeculi,
2213 1719 2309 1773 sed
2329 1719 2538 1789 gaudia
2567 1720 2762 1791 patriae
2799 1720 3058 1783 caelestis,
3091 1736 3214 1790 quae
3257 1735 3371 1774 non

137 1802 344 1872 est,quia
364 1818 588 1873 semper
614 1802 920 1856 mortiﬁcat
945 1818 1049 1856 nos
1076 1818 1177 1872 per
1224 1803 1433 1856 multas
1457 1801 1694 1857 tribula-
1780 1805 2038 1861 videntur
2065 1808 2239 1862 oculis
2263 1809 2565 1878 corporeis,
2596 1809 2694 1862 illa
2734 1808 3174 1862 consideramus.
3208 1809 3371 1862 Pote—

137 1890 284 1945 tiones
301 1896 353 1946 et
377 1891 691 1961 angustias,
723 1895 838 1946 vita
870 1896 1076 1955 autem,
1100 1889 1156 1944 id
1187 1897 1291 1955 est,
1306 1891 1444 1945 ﬁdes
1472 1907 1582 1962 qua
1606 1892 1697 1961 ju-
1778 1900 1868 1948 rat
1897 1895 2101 1965 aliquis
2120 1896 2305 1951 dicere
2332 1915 2343 1950 :
2366 1898 2554 1961 Quare
2575 1914 2687 1951 non
2708 1896 3075 1951 consideratis
3088 1896 3200 1950 ista
3219 1901 3368 1951 tem—

136 1985 233 2033 stus
255 1979 395 2046 vivit,
426 1983 489 2033 in
515 1982 664 2034 vobis
694 1985 964 2051 operatur
989 1979 1138 2050 quod
1169 1995 1334 2033 suum
1363 1984 1467 2045 est,
1491 1987 1550 2033 et
1575 1986 1693 2034 tra-
1775 1982 2122 2054 poralia‘?Ad
2151 1985 2269 2040 haec
2294 1986 2597 2056 Apostolus
2626 1984 2816 2039 subdit
2839 2007 2851 2039 :
2879 1986 3005 2052 Οτικ
3023 1992 3172 2038 enim
3185 1986 3369 2038 viden-

137 2067 205 2120 hit
227 2068 287 2121 ad
314 2069 474 2122 vitam
500 2074 794 2133 aeternam,
813 2075 871 2122 et
884 2075 971 2122 est
999 2083 1198 2122 sensus
1224 2084 1236 2119 :
1267 2067 1507 2139 Propter
1524 2069 1696 2123 vitam
1778 2076 1874 2126 tur
1891 2076 2220 2141 temporalia
2229 2081 2378 2138 sunt,
2400 2080 2456 2129 et
2470 2073 2797 2128 transitoria
2810 2090 2950 2143 :qua
2967 2077 3154 2127 autem
3166 2089 3277 2127 non
3291 2075 3373 2126 ui-

136 2160 361 2209 :eternam
380 2172 551 2226 quam
567 2172 671 2210 nos
692 2156 847 2211 vobis
860 2155 1316 2227 praedicamus,et
1332 2155 1501 2209 ﬁdem
1523 2173 1694 2226 quam
1775 2162 2004 2229 dentur,
2030 2161 2140 2215 nisi
2175 2178 2275 2233 per
2305 2163 2494 2227 fidem,
2549 2168 2754 2217 aeterna
2804 2167 2956 2228 sunt,
2995 2161 3234 2232 ideoque
3271 2160 3371 2214 illa

135 2242 261 2297 vobis
280 2244 681 2309 ministramus,
714 2246 993 2300 morimur
1013 2250 1071 2299 et
1099 2244 1490 2311 interticimur,
1514 2246 1695 2315 quoti-
1773 2250 2187 2321 postponimus.
2210 2256 2268 2305 et
2284 2250 2366 2306 ita
2384 2251 2778 2323 amplectimur
2795 2266 2920 2322 que
2936 2265 3204 2304 mansura
3232 2248 3367 2304 sint.

132 2329 203 2385 die
220 2332 447 2402 pericula
472 2334 677 2387 mortis
698 2334 1048 2389 sustinendo.
2412 2340 2649 2395 CAPUT
2677 2340 2740 2393 V.

190 2422 432 2476 Habemus
450 2427 643 2477 autem
658 2439 762 2477 nos
785 2423 1024 2494 apostoli
1051 2422 1351 2494 ceterique
1378 2423 1690 2487 credentes,
1819 2427 2037 2482 Scimus
2053 2430 2201 2481 enim
2213 2432 2485 2497 quoniam
2502 2432 2552 2482 si
2563 2432 2841 2483 terrestris
2850 2430 3047 2482 domus
3058 2433 3248 2482 nostra
3260 2429 3369 2482 hu-

131 2512 340 2564 eumdem
374 2514 646 2579 spiritum
693 2511 819 2576 Dei,
850 2512 1120 2566 subaudis
1169 2528 1336 2582 quem
1375 2512 1694 2566 habuerunt
1764 2518 1863 2583 jus
1888 2516 2249 2570 habitationis
2267 2517 2688 2578 dissolvatur,id
2705 2516 2862 2583 est,si
2886 2533 3090 2587 corpus
3110 2522 3368 2571 nostrum

134 2603 290 2668 patres
309 2598 516 2654 Veteris
552 2600 900 2655 Testamenti
922 2619 935 2653 :
958 2600 1091 2671 quia
1121 2601 1272 2671 quod
1299 2600 1382 2655 illi
1428 2601 1692 2671 prmdixe—
1774 2607 2084 2667 terrenum,
2119 2604 2356 2659 mortale
2386 2610 2443 2659 et
2460 2604 2821 2676 corruptibile
2851 2607 2909 2658 in
2930 2605 3245 2675 quoanima
3271 2620 3370 2658 no-

130 2697 239 2740 runt
256 2687 319 2741 de
335 2687 558 2743 Christo
577 2688 1055 2760 implendum,nos
1074 2689 1356 2743 credimus
1370 2690 1490 2759 jam
1514 2689 1693 2743 adim-
1773 2697 1892 2745 stra
1928 2691 2166 2753 habitat,
2198 2690 2537 2746 dissolvatur
2565 2709 2663 2764 per
2687 2693 3100 2763 aegritudinem,
3134 2709 3235 2764 per
3261 2694 3370 2747 tri-

131 2771 686 2840 pletum.Similiterde
708 2777 1691 2848 salutegentium,scientesquoniam
1772 2778 2089 2834 bulationes
2135 2781 2424 2847 maximas,
2476 2786 2533 2835 et
2577 2798 2679 2852 per
2709 2787 2944 2835 mortem
2976 2781 3272 2852 redigatur
3306 2782 3368 2836 in

133 2859 254 2916 Deus
282 2863 443 2919 Pater
483 2868 590 2933 qui
618 2869 906 2921 suscitavit
945 2868 1158 2932 Jesum,
1193 2870 1242 2919 et
1275 2882 1372 2919 nos
1400 2882 1528 2920 cum
1558 2868 1688 2920 Jesu
1772 2869 2662 2940 pulverem;quodzdiﬁcationem
2676 2871 2974 2923 habeamus
2995 2887 3059 2923 es:
3079 2871 3186 2924 Deo
3214 2869 3365 2924 :sive

134 2953 394 3019 suscitabit,
423 2953 483 3008 in
515 2954 612 3008 die
636 2954 855 3025 judicii,
888 2960 946 3009 et
972 2961 1059 3008 est
1088 2970 1190 3025 per
1224 2953 1490 3008 virtutem
1534 2955 1687 3021 Jesu,
1709 3011 1749 3025 Α
1771 2972 1807 3008 a
1846 2957 1970 3015 Deo,
2004 2957 2235 3009 domum
2282 2972 2394 3009 non
2446 2958 2849 3025 manu/actam,
2877 2959 2970 3011 sed
2997 2962 3262 3011 aeternam
3303 2960 3369 3011 in

134 3041 173 3089 et
190 3044 455 3095 comtituet
485 3044 794 3106 vobiscum,
821 3043 879 3096 in
898 3043 1081 3113 gloria
1104 3048 1332 3098 aeterna.
1705 3041 1750 3073 υ
1773 3044 2104 3108 cwIis.Quod
2122 3044 2258 3098 dicit
2275 3046 2714 3112 .rdiﬁcationem,
2732 3046 2839 3100 hoc
2858 3046 3109 3117 appellat
3132 3047 3367 3101 domum

192 3127 367 3183 Omnia
405 3130 865 3196 enim,subaudis
889 3131 1127 3185 adversa
1154 3131 1323 3201 hujus
1341 3130 1549 3198 saeculi,
1566 3146 1693 3198 pro-
1771 3149 1886 3187 non
1940 3133 2339 3199 manufactam,
2373 3150 2574 3205 corpus
2626 3134 2883 3189 videlicet
2931 3135 3187 3201 mortale,
3218 3135 3370 3206 quod

133 3219 231 3283 pter
247 3232 328 3271 vos
343 3219 711 3285 sustinemus,
751 3236 785 3273 o
810 3220 1073 3290 gentiles,
1104 3221 1237 3291 quia
1264 3220 1418 3273 vobis
1438 3221 1605 3274 ﬁdem
1635 3227 1693 3275 et
1772 3239 1884 3277 non
1913 3224 2012 3277 ﬁet
2041 3239 2231 3285 manu.
2247 3222 2306 3275 id
2335 3227 2422 3276 est
2445 3222 2831 3293 complexione
2858 3224 3034 3277 maris
3052 3229 3111 3278 et
3124 3224 3367 3291 feminae,

134 3301 270 3356 vitam
291 3312 559 3361 zeternam
576 3308 975 3379 praedicamus:
1000 3313 1063 3361 ut
1085 3312 1275 3377 gratia
1292 3310 1586 3362 abundans
1591 3324 1692 3378 per
1773 3310 1939 3365 sicuti
1960 3310 2131 3375 istud,
2154 3310 2251 3364 sed
2270 3311 2330 3363 in
2355 3310 2562 3364 virtute
2591 3311 2993 3380 omnipotentis
3008 3311 3109 3366 Dei
3137 3328 3368 3383 repara-

136 3393 300 3446 multos
317 3398 375 3448 in
391 3400 722 3464 gratiarum
741 3399 1219 3463 aclione,abundet
1242 3400 1553 3465 inglorium
1574 3399 1687 3452 Dei.
1773 3398 1945 3462 bitur,
1976 3404 2042 3453 ut
2068 3398 2145 3452 sit
2170 3398 2490 3453 immortale
2518 3404 2575 3452 et
2610 3404 2903 3466 aeternum,
2932 3406 2990 3454 et
3021 3401 3097 3455 sit
3127 3402 3185 3455 in
3230 3401 3370 3455 caelo

134 3476 350 3536 Gratiam
379 3485 767 3541 abundantem
797 3487 1045 3558 appellat
1062 3502 1326 3557 magnam
1355 3486 1692 3557 sapientiam
1774 3503 2032 3558 semper;
2066 3492 2124 3541 et
2141 3496 2228 3541 est
2266 3487 2403 3541 ordo
2432 3493 2604 3558 atque
2631 3503 2828 3541 sensus
2858 3507 2871 3541 :
2910 3489 2967 3542 Si
2997 3490 3235 3544 mortale
3264 3491 3370 3544 hoc

134 3564 360 3638 divinam,
385 3590 509 3645 qua:
544 3574 728 3645 gratis
759 3575 870 3629 illis
908 3575 1042 3629 data
1069 3580 1173 3629 est.
1220 3575 1371 3630 Ordo
1411 3582 1496 3629 est
1539 3575 1645 3629 iste
1678 3594 1690 3628 :
1774 3592 1997 3646 corpus,
2030 3575 2121 3629 ubi
2164 3576 2330 3629 modo
2355 3574 2573 3629 habitat
2601 3576 2809 3636 anima,
2843 3575 3177 3630 dissolutum
3197 3577 3372 3632 fuerit

137 3651 248 3711 Ideo
273 3660 499 3717 adversa
520 3664 696 3733 hujus
722 3664 912 3719 seculi
940 3670 1172 3735 propter
1202 3681 1299 3717 vos
1325 3665 1690 3730 sustinemus,
1775 3679 1877 3733 per
1897 3667 2152 3726 mortem,
2176 3663 2386 3716 scimus
2405 3668 2460 3716 et
2489 3662 2627 3717 certi
2648 3678 2844 3717 sumus
2875 3664 3025 3732 quod
3055 3679 3091 3717 a
3121 3664 3237 3718 Deo
3265 3664 3368 3717 ha-

134 3749 186 3796 ut
206 3762 393 3819 magna
419 3753 706 3824 sapientia
723 3753 912 3807 divina
923 3770 1047 3823 quae
1067 3752 1228 3806 nobis
1244 3754 1423 3823 gratis
1435 3753 1569 3807 data
1585 3760 1689 3818 est,
1775 3749 2008 3805 beamus
2035 3750 2095 3803 in
2121 3750 2274 3804 caelis
2293 3755 2562 3804 aeternam
2583 3748 3030 3815 aediﬁcationem,
3053 3756 3111 3804 et
3137 3751 3367 3805 domum

132 3831 452 3911 abundetper
472 3842 689 3895 multos
703 3842 994 3896 credentes
1010 3841 1068 3895 in
1085 3841 1322 3912 gloriam
1348 3858 1361 3893 :
1386 3848 1444 3895 et
1470 3842 1693 3896 laudem
1776 3855 1887 3893 non
1920 3838 2299 3893 manufactam
2327 3856 2338 3891 :
2363 3855 2569 3908 corpus
2595 3836 2853 3891 videlicet
2891 3838 3232 3906 immortale,
3267 3839 3369 3893 vir-

135 3922 214 3976 Dei
235 3941 349 3981 cum
365 3930 686 3999 gratiarum
716 3931 956 3997 actione,
971 3930 1229 3985 videlicet
1248 3937 1312 3984 ut
1326 3930 1695 4000 plurimicre-
1774 3930 1897 3980 tute
1926 3926 2026 3980 Dei
2054 3931 2397 3997 reparatum.

132 4010 299 4069 dentes
325 4034 423 4088 per
447 4026 709 4074 nostram
726 4020 1062 4086 doctrinam,
1082 4019 1296 4089 gratias
1323 4025 1380 4072 et
1407 4020 1602 4073 laudes
1614 4035 1698 4073 re-
1848 4017 1996 4071 Nam
2023 4022 2071 4069 et
2094 4019 2159 4070 in
2185 4017 2299 4079 hoc,
2333 4014 2600 4069 subaudis
2626 4030 2859 4085 corpore
2888 4015 3132 4081 mortali,
3176 4016 3365 4087 positi,

135 4098 288 4157 {erant
314 4106 703 4173 Deo.Quidam
724 4109 943 4163 codices
971 4108 1198 4175 habent,
1229 4112 1295 4161 ut
1322 4107 1600 4179 sapientia
1618 4108 1699 4161 di-
1779 4104 2276 4174 ingemiscimus,id
2296 4109 2401 4170 est,
2414 4120 2540 4157 cum
2557 4103 2774 4173 gemitu
2788 4104 3139 4174 postulamus
3156 4104 3370 4159 absolvi

138 4188 241 4244 vina
264 4191 507 4250 abundet
529 4213 635 4269 per
659 4198 867 4251 multas
891 4197 1203 4268 gratiarum
1232 4197 1481 4251 actiones
1503 4196 1562 4250 in
1581 4197 1699 4251 lau-
1780 4194 1851 4249 ab
1870 4196 1974 4248 hoc
2000 4209 2232 4264 corpore
2262 4192 2503 4257 mortali,
2519 4194 2793 4260 cupientes
2808 4195 3143 4261 superindui
3161 4194 3374 4249 habita-

136 4279 242 4336 dem
268 4284 383 4353 Dei,
416 4290 568 4359 quod
598 4304 712 4343 non
741 4289 1022 4361 discrepat
1051 4307 1087 4344 a
1113 4305 1302 4343 sensu.
1779 4286 1982 4338 tionem
2030 4288 2278 4336 nostram
2307 4298 2425 4350 quae
2452 4282 2516 4334 de
2545 4282 2669 4335 cwlo
2715 4285 2810 4347 est,
2837 4281 2895 4335 id
2923 4286 3028 4344 est,
3057 4282 3376 4337 immortale

191 4373 397 4441 Propter
424 4380 595 4446 quod,
616 4378 886 4433 subaudis
914 4385 980 4433 ut
1005 4378 1283 4448 sapientia
1305 4377 1497 4432 divina
1525 4376 1699 4431 abun-
1713 4365 1761 4423 D
1781 4389 1983 4443 corpus
2005 4372 2296 4441 cupientes
2324 4370 2592 4441 recipere.
2621 4368 2782 4434 Quod
2800 4369 2925 4425 ideo
2945 4370 3162 4426 decmlo
3172 4371 3379 4427 dicitur

137 4461 215 4517 det
237 4482 329 4537 per
343 4469 555 4523 multos
583 4468 876 4522 credentes
901 4468 962 4521 in
987 4467 1210 4521 laudem
1241 4467 1362 4532 Dei,
1383 4482 1497 4520 non
1524 4467 1703 4533 deﬁci-
1783 4461 2068 4531 esse,quia
2093 4460 2317 4514 caeleste
2351 4459 2461 4513 erit
2483 4465 2541 4513 et
2569 4459 2628 4513 in
2668 4460 2821 4514 caelis
2849 4459 3143 4526 habitabit,
3176 4477 3376 4533 super-

139 4568 239 4608 mus
266 4556 408 4612 inter
435 4558 693 4629 pericula
713 4557 910 4611 mortis
928 4573 963 4610 a
988 4557 1114 4611 ﬁde.
1143 4556 1248 4612 Sed
1278 4558 1399 4609 licet
1423 4558 1472 4609 is
1491 4558 1590 4623 qui
1615 4556 1703 4622 fo-
1782 4551 1942 4605 indui
1967 4556 2178 4615 autem,
2200 4549 2257 4603 id
2286 4555 2374 4603 est
2399 4565 2571 4620 super
2595 4548 2865 4611 animam.
2900 4548 3042 4604 sicut
3073 4549 3239 4605 modo
3267 4550 3378 4605 isto

142 4645 206 4694 ris
229 4650 294 4698 est
324 4652 507 4701 noster
534 4649 695 4702 homo
713 4650 1337 4715 corrumpatur,tamen.
1356 4648 1401 4698 is
1430 4647 1530 4712 qui
1549 4647 1702 4698 intus

140 4736 201 4784 est
219 4741 510 4790 renovatur
529 4738 596 4790 de
619 4738 706 4789 die
734 4740 799 4790 in
825 4736 988 4788 diem.
1008 4735 1188 4789 Homo
1231 4733 1473 4787 exterior
1516 4732 1705 4804 appel-

142 4817 267 4875 latur
290 4839 509 4895 corpus,
546 4824 784 4878 interior
822 4840 955 4878 vero
986 4823 1194 4877 anima.
1226 4823 1383 4877 Licet
1407 4827 1599 4876 autem
1637 4837 1703 4875 ex

141 4907 329 4967 duabus
353 4914 690 4969 substantiis
718 4920 776 4969 et
798 4915 1016 4968 naturis
1043 4918 1264 4969 constet
1291 4913 1480 4977 homo,
1511 4918 1703 4966 tamen

140 5012 232 5052 non
257 5008 381 5056 sunt
402 5003 517 5058 duo
545 5004 824 5069 homines,
858 5004 1048 5058 anima
1092 5008 1150 5056 et
1176 5018 1398 5073 corpus,
1430 5002 1528 5055 sed
1563 5017 1708 5055 unus

141 5084 300 5147 homo.
331 5092 512 5147 Homo
544 5092 643 5163 qui
671 5093 807 5147 foris
827 5098 931 5158 est,
964 5108 1166 5163 corpus
1196 5090 1469 5154 videlicet,
1493 5094 1705 5159 quanto

140 5178 353 5247 amplius
374 5181 759 5252 corrumpitur
786 5180 1082 5235 tormentis
1119 5185 1179 5234 et
1225 5177 1703 5245 tribulationibus,

1784 4640 2010 4695 mortali
2037 4644 2125 4694 est
2150 4639 2343 4693 anima
2367 4640 2588 4693 vestita.

1854 4730 1919 4785 Si
1939 4736 2123 4784 tamen
2142 4732 2342 4795 vestiti,
2375 4728 2643 4783 subaudis
2675 4745 2711 4781 a
2739 4726 2985 4792 Christo,
3017 4732 3069 4780 et
3093 4743 3206 4780 non
3234 4729 3381 4781 nudi

1785 4821 2166 4880 inveniamur,
2191 4816 2262 4871 ab
2282 4817 2397 4881 illo,
2413 4822 2471 4870 et
2488 4822 2575 4870 est
2600 4830 2830 4869 sensus:
2860 4815 3016 4868 Tunc
3043 4814 3379 4885 recipiemus

1784 4925 1989 4980 corpus
2014 4906 2334 4961 immortale
2346 4906 2415 4959 ad
2431 4904 2689 4976 gloriam,
2714 4909 2771 4957 et
2794 4908 2930 4957 tunc
2944 4904 3055 4958 erit
3080 4905 3307 4959 cmleste
3334 4906 3384 4961 si

1787 4998 1844 5052 in
1874 4998 1966 5052 die
1990 4996 2189 5051 mortis
2217 5000 2421 5050 nostrae
2440 4994 2526 5047 vel
2556 4993 2615 5046 in
2643 4991 2733 5046 die
2753 4992 2957 5063 judicii
2983 4992 3260 5048 fuerimus
3291 5010 3384 5049 ve-

1788 5086 1910 5141 stiti
1939 5086 2183 5146 Christo,
2211 5097 2277 5139 ut
2304 5084 2422 5154 ipse
2446 5083 2521 5136 sit
2548 5081 2859 5143 nobiscum,
2881 5087 2940 5137 et
2957 5099 3070 5137 non
3101 5083 3381 5140 fuerimus

1788 5175 1998 5230 inventi
2026 5173 2163 5229 nudi
2189 5172 2260 5227 ab
2287 5172 2407 5240 illo,
2437 5176 2495 5225 et
2540 5169 2611 5225 ab
2656 5170 2776 5240 ejus
2803 5171 3150 5241 protectione
3178 5173 3379 5231 alieni.

143 5280 197 5318 eo
214 5269 442 5339 amplius
466 5276 775 5325 renovatur
802 5269 1058 5337 interior,
1094 5269 1151 5323 id
1180 5273 1268 5322 est
1293 5267 1585 5338 purgatior
1613 5282 1708 5320 ex-
1791 5265 2001 5318 Omnes
2017 5262 2164 5317 enim
2182 5260 2343 5315 electi
2366 5259 2590 5314 Christo
2611 5264 2743 5314 sunt
2773 5260 2978 5327 vestiti,
3003 5261 3137 5332 quia
3154 5261 3275 5333 ipse
3304 5267 3391 5315 est

141 5354 271 5408 sistit
286 5358 490 5413 anima.
1796 5370 1989 5408 eorum
2017 5350 2307 5423 protectio,
2324 5348 2470 5403 sicut
2494 5349 2801 5419 Apostolus
2823 5349 2961 5404 dicit
2987 5369 2998 5403 :
3035 5352 3303 5418 Quotquot
3329 5352 3394 5402 in

204 5444 412 5499 ldenim
432 5448 581 5515 quod
597 5451 656 5501 in
670 5450 934 5516 praesenti
950 5451 1028 5500 est
1050 5449 1503 5499 momentaneum
1532 5449 1583 5497 et
1609 5447 1716 5498 leve
1800 5444 2014 5499 Christo
2045 5440 2311 5506 baptizati
2338 5440 2483 5504 estis,
2517 5438 2802 5492 Christum
2826 5440 3090 5491 induistis
3123 5438 3265 5507 (Gal.
3283 5436 3390 5501 ιιι),

150 5534 508 5590 tribulationis
538 5542 754 5598 nostra,
792 5550 965 5603 supra
994 5535 1221 5589 modum
1277 5535 1342 5586 in
1378 5533 1718 5587 sublimitate
1799 5530 1855 5585 id
1882 5535 1985 5595 est,
2013 5526 2301 5582 Christum
2327 5526 2545 5581 habetis
2573 5530 2976 5597 protectorem.
