3852 6154
806 214 1189 273 “PONTIO
1220 219 1299 274 IN
1330 219 1485 276 EPP:
1520 220 1578 279 Β.
1610 220 1704 276 PA

1792 220 1844 276 ιῙ.
1879 235 1949 263 ωδ
1975 222 2056 277 ΙΝ
2085 220 2309 276 EPIBT.
2341 219 2395 275 II
2430 218 2528 274 AD
2558 217 2721 274 008.

167 342 278 399 stoll
303 339 692 412 dijudicabanti
717 348 959 401 Veros-.et
981 343 1239 399 dicebant
1264 343 1496 401 Paulum
1520 354 1577 401 et
1593 349 1727 401 Bard
1744 349 1791 408 Α
1809 350 1901 402 sed
1928 352 1980 401 ei
2007 350 2106 416 qui
2125 361 2224 414 pro
2252 345 2507 398 Omnibus
2535 348 2788 398 mortuus
2843 348 2939 409 est,
2983 351 3035 399 st
3070 347 3400 401 ηῆλνηωὶιι

166 431 345 486 nubem
381 430 714 493 seductores,
751 431 997 484 volentes
1022 432 1102 485 eis
1124 434 1384 502 praeferre
1407 450 1517 489 non
1544 437 1724 490 solum

165 522 367 575 Petrum
389 516 631 587 aliosque
660 519 959 588 apostolos.
993 521 1086 574 sed
1122 521 1289 576 etiam
1324 522 1536 594 seipsos
1587 540 1651 579 ac
1680 526 1727 579 si

168 609 354 661 diceret
382 607 570 660 beatus
614 606 860 660 Paulus:
897 609 1014 661 lllis
1051 610 1148 679 qui
1193 611 1357 665 nobis
1400 614 1722 679 detrahunt,

168 696 405 766 incogniti
431 698 623 748 sumus
644 697 777 765 quia
806 697 1066 751 nesciunt
1096 700 1288 769 quales
1317 714 1531 755 sumus.

229 786 337 839 Non
366 787 565 837 iterum
598 798 693 837 nos
724 789 1174 840 emmnendamus
1194 791 1362 853 vobis,
1388 786 1442 842 id
1479 797 1582 855 est,
1616 802 1727 843 non

168 872 430 926 laudamus
458 882 560 925 nos
589 872 794 926 iterum
828 872 1000 938 vobis,
1042 876 1201 945 quasi
1225 876 1432 946 aliquid
1468 879 1729 932 utilitatis

167 961 215 1015 in
241 976 298 1014 ea
323 961 479 1014 laude
509 960 834 1026 habeamus,
867 966 957 1016 sed
979 967 1311 1018 οεοαείσηρτη
1350 968 1551 1020 dminus
1582 971 1726 1021 vobis

1811 436 1912 490 Ille
1941 435 2068 488 vivit
2098 433 2341 493 Christo.
2372 432 2467 502 qui
2497 448 2607 485 non
2636 432 2838 502 quierit
2883 446 3043 487 suam
3103 433 3407 487 utilitatem

1810 523 2181 582 solummodo.
2216 522 2312 575 sed
2343 521 2579 573 aliorum
2614 543 2623 571 :
2661 527 2717 574 et
2747 522 2841 591 qui
2871 527 2971 592 pro
2999 522 3269 576 fratribus
3291 538 3405 576 non

1809 612 2033 666 dubitat
2059 610 2201 663 mori
2224 628 2235 661 :
2259 609 2404 663 sicut
2433 608 2691 662 Christus
2720 620 2829 663 non
2856 611 3111 680 quasivit
3158 627 3279 671 sua.
3306 610 3405 663 sed

1810 707 2000 754 nostra
2032 719 2043 754 :
2078 699 2208 769 quia
2229 715 2329 768 pro
2359 697 2618 750 emniliuS
2645 701 2901 751 mortuus
2928 703 3033 761 est.
3065 706 3121 752 et
3163 704 3247 752 est
3271 715 3403 752 sen-

1811 797 1939 842 sile:
1971 789 2078 852 Qui
2106 788 2363 841 Christus
2380 786 2705 839 innocenter
2734 792 2834 856 pro
2859 787 3117 840 omnibus
3149 790 3405 840 martuus

1811 884 1898 930 est
1928 893 1938 926 :
1970 886 2073 946 ego
2102 876 2307 945 aliique
2339 874 2570 945 apostoli
2616 882 2726 927 non
2754 874 3024 928 debemus
3050 891 3268 929 cessare
3297 875 3407 929 fra-

1811 966 1991 1020 tribus
2019 965 2344 1035 impendere
2372 965 2477 1016 hoc
2497 963 2645 1033 quod
2684 963 2754 1016 ab
2808 964 2901 1017 illo
2944 964 3288 1032 accepimus:
3347 969 3405 1017 et

166 1050 420 1116 gloriandi
432 1063 536 1117 pro
563 1051 736 1114 nobis.
765 1056 829 1103 ut
853 1049 1096 1103 habeatis
1121 1054 1195 1105 ad
1224 1067 1306 1106 eos
1352 1058 1454 1121 qui
1480 1057 1545 1107 in
1585 1058 1726 1122 [ncte
1808 1055 1978 1109 etiam
2009 1054 2057 1108 si
2090 1053 2395 1107 neceSsitas
2432 1051 2622 1118 fuerit,
2656 1051 2871 1105 animas
2900 1062 3000 1122 prb
3047 1053 3230 1107 salute
3276 1051 3402 1106 illo-

166 1140 470 1206 gloriantur,
494 1142 545 1190 et
576 1142 771 1191 nonin
799 1141 975 1201 corde.
1008 1139 1063 1192 id
1080 1148 1184 1205 est,
1217 1149 1280 1195 ut
1305 1142 1557 1197 habeatis
1577 1145 1724 1200 unde
1806 1159 1932 1196 rum
1964 1147 2191 1214 ponere.

163 1225 361 1295 gloriari
390 1224 614 1294 possitis
634 1224 703 1279 ad
735 1225 902 1279 falsos
923 1230 1225 1297 apostolos.
1258 1229 1464 1284 habere
1492 1242 1594 1285 nus
1628 1232 1726 1287 boa-
1878 1234 2067 1299 ltaque
2091 1248 2186 1284 nos
2223 1246 2288 1283 ea:
2334 1231 2430 1283 hoc
2468 1232 2748 1283 neminem
2787 1232 3042 1283 novimus
3092 1231 3397 1283 secundum

161 1326 245 1366 nos
268 1315 319 1366 et
346 1329 567 1366 veraces
595 1315 897 1382 apostolos,
920 1314 974 1368 id
1006 1322 1092 1369 est
1121 1318 1531 1386 praedicatores.
1564 1322 1623 1375 ln
1646 1322 1723 1376 fa-
1804 1336 2047 1373 carnem.
2108 1319 2387 1373 Perfectos
2443 1316 2861 1371 Corinthiorum
2916 1317 3240 1386 alloquitur.
3287 1316 3399 1371 Sed

161 1402 227 1455 cie
262 1402 643 1470 gloriabantur
683 1404 1134 1473 pseudoapostoli
1171 1407 1285 1459 sive
1324 1409 1375 1460 in
1426 1411 1719 1478 praesentia
1801 1409 2053 1478 nunquid
2078 1408 2156 1461 illi
2188 1406 2412 1477 quando
2441 1406 2547 1459 ista
2580 1405 2929 1475 loquebatur.
2962 1416 3073 1458 non
3124 1410 3285 1458 erant
3335 1406 3397 1458 in

162 1491 429 1543 multorum
465 1530 478 1549 .
503 1497 562 1542 et
589 1506 701 1543 non
734 1492 789 1544 in
820 1492 985 1545 corde
1017 1509 1028 1545 :
1074 1494 1224 1560 quia,
1272 1502 1383 1548 non
1424 1495 1711 1563 habentes,
1798 1497 2009 1550 carne?
2040 1498 2211 1550 Erant
2236 1494 2561 1564 utique.sed
2590 1495 2671 1547 ita
2699 1500 2785 1547 est
2816 1493 3244 1563 intelligendum
3272 1508 3285 1543 ι
3312 1492 3395 1547 Et

161 1578 283 1632 unde
308 1584 526 1648 possent
553 1579 790 1648 gloriari
836 1580 893 1633 in
920 1580 1105 1645 corde,
1132 1582 1436 1637 laudabant
1476 1599 1536 1638 se
1586 1600 1708 1640 esse
1799 1585 1921 1642 hoc.
1956 1585 2009 1638 id
2042 1591 2127 1638 est
2152 1602 2215 1638 ea
2247 1600 2357 1654 quo
2388 1582 2565 1636 vocati
2595 1583 2729 1636 estis
2774 1583 2843 1636 ad
2896 1583 3085 1645 ﬁdem.
3111 1582 3397 1636 neminem

158 1667 282 1736 apud
308 1666 439 1720 alios
464 1667 612 1736 quod
648 1683 761 1721 non
809 1674 987 1722 erant.
1025 1670 1198 1723 Electi
1237 1688 1383 1726 enim
1438 1673 1496 1726 in
1549 1659 1778 1730 eordeB
1803 1680 2043 1727 vestrum
2077 1674 2447 1743 perfecturum
2480 1672 2741 1724 novimus
2762 1671 3070 1724 secundum
3102 1677 3259 1740 spem
3276 1679 3396 1723 an“

157 1754 451 1822 glorianturx,
483 1762 539 1808 et
572 1770 684 1808 non
712 1755 767 1809 in
811 1756 982 1810 facie:
1018 1758 1167 1827 quia,
1211 1766 1608 1829 cognoécentes
1656 1780 1717 1817 se

160 1843 344 1912 placere
360 1844 486 1903 Ddo.
516 1845 767 1913 gaudent
796 1844 853 1898 in
874 1845 1079 1908 animo.
1112 1856 1168 1900 et
1190 1850 1376 1901 tamen
1398 1866 1508 1903 non
1538 1852 1717 1921 requi-

156 1940 267 1984 runt
289 1932 496 1986 laudari
528 1933 589 1986 in
617 1934 913 2002 prasentla
936 1952 947 1985 :
971 1950 1040 1987 ne
1063 1935 1209 1988 forte
1225 1935 1429 1990 bonum
1453 1940 1599 2007 quod
1622 1940 1715 1992 ha-

158 2016 281 2083 bent,
310 2026 405 2090 per
430 2036 630 2074 vanam
653 2022 889 2091 gloriam
911 2023 1196 2076 amittant.

211 2106 316 2161 Sive
336 2113 479 2163 enim
514 2116 693 2163 mente
712 2112 1041 2175 smdimus,
1074 2112 1130 2164 id
1154 2113 1318 2175 estisi
1341 2119 1537 2167 contra
1563 2130 1709 2169 men-

159 2201 248 2249 tem
259 2201 490 2251 nostram
514 2198 760 2267 agimus.
788 2197 955 2251 aliter
976 2199 1345 2267 praedicando.
1364 2208 1533 2271 atque
1549 2203 1714 2256 aliter

156 2283 370 2346 vivendo,
401 2288 485 2340 Vel
506 2288 557 2341 si
590 2287 942 2357 superbenos
968 2289 1263 2341 laudamus
1286 2308 1297 2352 ι
1318 2291 1713 2349 [Iomsubaudis

158 2372 467 2443 relinquendi
492 2390 694 2428 sumus
719 2380 776 2429 et
804 2376 1144 2437 reservandi,
1180 2386 1232 2429 et
1267 2383 1376 2429 non
1417 2379 1605 2448 aliquo
1627 2396 1713 2433 ve-

156 2463 605 2531 strumjudicandi
633 2482 645 2516 :
677 2467 786 2517 sive
807 2466 980 2517 Sobrii
1000 2482 1209 2528 sumus;
1247 2465 1298 2517 id
1327 2473 1431 2524 est;
1460 2467 1505 2518 si
1539 2466 1712 2521 habe-

156 2564 257 2601 mus
270 2564 449 2605 sanam
473 2552 815 2619 doctrinam,
848 2554 929 2607 vel
955 2554 999 2606 si
1031 2553 1201 2607 sobrii
1234 2553 1466 2608 vivimus
1495 2562 1552 2606 et
1568 2566 1711 2607 tem-

155 2647 329 2706 perate.
360 2641 731 2710 praedicamus
760 2641 932 2703 vobis.
964 2642 1232 2696 subaudis
1264 2650 1584 2713 prosumus.

210 2732 435 2784 Charitas
460 2736 615 2785 enim
646 2735 855 2787 Ulm'sti
883 2740 1041 2800 urget
1090 2750 1205 2788 nos.
1235 2734 1287 2786 id
1336 2742 1423 2787 est
1465 2735 1709 2790 cliaritas

154 2818 322 2873 Christi
349 2828 453 2891 qua
482 2837 593 2875 nos
622 2822 924 2891 diligimus.
956 2823 1241 2892 compellit
1277 2839 1375 2875 nos
1426 2824 1564 2877 talia
1622 2825 1707 2877 di-

152 2912 251 2960 cere
296 2910 495 2963 scilicet
521 2918 589 2963 ut
611 2927 712 2963 nos
732 2911 1025 2964 laudemus
1046 2910 1215 2967 vobls.
1244 2911 1490 2964 volentes
1511 2928 1604 2964 vos
1625 2929 1708 2965 re-

1798 1763 2012 1815 nalium
2037 1770 2095 1815 et
2112 1762 2505 1832 temporalium
2530 1766 2718 1814 rerum
2735 1760 2935 1823 vivere“,
2961 1760 3056 1812 sed
3080 1760 3137 1812 in
3168 1775 3266 1826 spe
3282 1773 3396 1812 em-

1799 1851 2021 1904 lestium
2050 1851 2421 1920 praemiorum
2462 1851 2527 1903 Et
2555 1853 2604 1902 si
2626 1851 2976 1916 cognovimus
3008 1848 3289 1902 Christum
3317 1850 3396 1900 ἑδ-

1798 1940 2040 1991 ou‘ndum
2074 1944 2316 1997 carnem.
2346 1936 2615 1992 subaudis
2646 1937 2937 1991 mortalem
2975 1935 3147 1989 fuisse
3186 1940 3244 1988 et
3269 1941 3395 1988 uor-

1798 2026 2119 2095 ruptibilem
2148 2046 2159 2079 :
2191 2029 2281 2079 Sed
2311 2042 2464 2080 nunc
2493 2030 2620 2093 jam
2664 2042 2776 2079 non
2820 2028 3093 2087 novimus,
3124 2022 3395 2079 subaudis

1794 2114 1953 2167 illum
1986 2116 2278 2168 mortalem
2311 2120 2369 2168 et
2396 2112 2840 2182 corruptibilern,
2882 2113 2978 2167 sed
3011 2113 3388 2166 immortalem

1794 2209 1852 2256 et
1883 2203 2365 2273 incorruptibilem
2420 2208 2477 2256 et
2533 2209 2618 2255 est
2665 2205 2895 2256 sensus:
2940 2201 3071 2255 Ideo
3102 2217 3215 2254 non
3257 2200 3393 2255 estis

1795 2291 1961 2360 positi
1991 2292 2046 2344 in
2080 2306 2178 2361 ape
2206 2299 2391 2344 rerum
2424 2291 2734 2344 carnalium
2756 2297 2810 2343 et
2838 2289 3396 2360 temporalium.quia

1795 2381 1850 2431 in
1884 2397 1982 2449 spe
2011 2385 2068 2432 et
2091 2380 2198 2433 ﬁde
2224 2381 2341 2449 jam
2373 2380 2506 2434 estis
2536 2379 2886 2432 immortales
2917 2384 2972 2431 et
2999 2376 3391 2447 incorruptibi-

1795 2468 1879 2521 les
1907 2469 2086 2521 securi
2105 2469 2173 2522 de
2204 2468 2521 2538 praemio.Si
2547 2484 2657 2535 qua
2686 2482 2813 2533 ergo
2844 2474 2984 2520 nam
3011 2470 3273 2518 creatura
3291 2470 3385 2527 est,

1795 2556 1849 2609 id
1873 2566 1959 2610 est
1988 2566 2163 2610 novus
2190 2558 2427 2626 populus
2448 2569 2549 2626 per
2582 2556 2744 2608 ﬁdem
2780 2560 2837 2606 et
2866 2570 2966 2623 per
2993 2560 3198 2623 aquam
3230 2562 3385 2621 reges

1793 2646 2124 2704 nerationis.
2152 2650 2331 2697 vetera
2372 2648 2740 2706 transierunt,
2773 2642 2901 2695 illis.-
2936 2641 2989 2694 id
3023 2646 3126 2701 est.
3159 2641 3244 2694 lex
3282 2641 3390 2694 Ve-

1792 2735 1928 2788 teris
1957 2734 2303 2787 'l‘estamenti
2344 2733 2401 2785 in
2445 2731 2749 2793 sacriﬁciis.
2783 2728 3224 2788 circumcisione.
3256 2729 3390 2783 sab-

1792 2821 1906 2875 bati
1935 2823 2068 2885 otio,
2094 2823 2419 2890 caeterisque
2444 2819 2667 2873 talibus.
2704 2820 2830 2873 Ecce
2858 2819 3005 2885 facta
3034 2821 3169 2870 sunt
3196 2819 3387 2870 omnia

1793 2927 1951 2969 nova.
1984 2911 2041 2963 in
2077 2910 2391 2979 Evan'gelio.
2422 2907 2795 2971 circumcisio,
2828 2904 3382 2975 videlicetsplritalis,

150 3010 310 3050 vocare
335 2999 399 3051 ab
444 3015 643 3052 amore
697 2999 1290 3069 pseudoupostolorhm
1333 3000 1404 3052 ad
1455 3012 1702 3053 amorem
1721 2968 1764 3030 Ε
1789 3014 1911 3066 quae
1942 2968 2006 3052 iit
2032 3000 2088 3052 in
2113 2968 2466 3069 baptvismate.
2492 2996 2585 3050 ubi
2614 3002 2700 3049 est
2732 2968 2857 3047 vera
2882 2968 3211 3064 exspolintio
3249 2968 3378 3063 pec?

152 3083 322 3139 Christi
347 3094 397 3140 et
440 3094 739 3141 nostrum:
794 3090 1167 3140 existimantes
1226 3089 1343 3142 hoc.
1376 3093 1433 3140 et
1488 3097 1703 3142 certum

152 3178 380 3239 tenentes,
407 3179 679 3244 quoniam
699 3180 748 3228 si
763 3190 932 3232 unus.
947 3175 1000 3227 id
1024 3183 1107 3228 est
1126 3175 1511 3243 Christus.pro
1526 3193 1609 3229 om
1619 3180 1699 3230 nis

151 3262 227 3313 bus
250 3271 481 3318 mortuus
506 3269 610 3327 εει,
639 3280 765 3331 ergo
797 3280 982 3317 omnes
1011 3267 1223 3317 mortui
1262 3270 1412 3318 sunt.
1443 3265 1538 3336 qui
1582 3267 1701 3336 ejus

147 3349 400 3407 adventum
417 3360 828 3424 praecesserunt
847 3359 904 3406 et
917 3353 1094 3406 secuti
1112 3361 1316 3412 annuet
1331 3370 1431 3422 pro
1446 3357 1701 3408 omnibus

149 3445 359 3494 mortuus
379 3451 448 3496 est
469 3444 746 3497 Christus.
775 3442 957 3496 Omne
992 3458 1173 3511 genus
1210 3443 1516 3496 humanum
1573 3461 1703 3513 pro-

152 3530 250 3597 pter
266 3538 535 3599 placentum
560 3532 841 3600 originale
868 3531 1013 3601 quod
1047 3531 1215 3584 traxit
1246 3548 1310 3584 ex
1334 3531 1535 3589 Adam.
1562 3538 1620 3585 et
1645 3532 1701 3586 in

149 3632 341 3687 corpore
356 3628 409 3675 et
437 3621 494 3675 in
534 3622 732 3675 anima
755 3628 1036 3673 mortuum
1068 3628 1172 3683 est,
1209 3620 1339 3689 quia
1360 3620 1569 3673 dictum
1619 3628 1704 3675 est

152 3705 288 3760 Ade:
315 3711 375 3763 In
393 3708 726 3779 quacunque
746 3712 832 3765 die
861 3711 1153 3763 comederis
1188 3726 1253 3761 ear
1282 3726 1359 3773 eo,
1388 3715 1561 3761 morte
1594 3723 1702 3761 mo-

151 3796 283 3849 rieris
306 3798 450 3864 (Gen.
485 3808 563 3863 ιι).
600 3798 856 3851 Mortuus
893 3805 976 3850 est
1006 3798 1100 3850 illo
1129 3796 1220 3849 die
1256 3797 1479 3866 quando
1508 3808 1696 3849 ceme-

150 3879 238 3935 dit:
264 3884 312 3938 in
338 3888 518 3941 anima
549 3893 605 3941 et
635 3887 692 3938 in
712 3893 943 3955 corpore
969 3887 1149 3939 factus
1176 3894 1261 3939 est
1287 3885 1699 3956 mortalis.quia

151 3975 454 4036 postmodum
485 3982 746 4029 mortuus
794 3980 896 4028 est.
937 3975 1090 4028 Sicut
1120 3991 1253 4044 ergo
1301 3974 1487 4027 nullus
1535 3974 1698 4027 homo

151 4067 274 4114 extra
299 4063 417 4117 Adae
451 4063 779 4133 progeniem
799 4071 899 4125 est,
922 4063 1001 4115 ita
1015 4063 1202 4116 nullus
1229 4071 1387 4117 extra
1408 4070 1697 4132 peccatum

150 4155 215 4199 est
235 4149 370 4204 illius
398 4160 452 4205 et
481 4157 743 4216 mortem,
774 4157 976 4221 praeter
1004 4164 1177 4205 unum
1209 4152 1512 4204 Christum.
1534 4151 1700 4204 Venit

152 4248 255 4304 ergo
277 4239 515 4294 Christus
556 4248 680 4294 sine
712 4247 934 4309 peccato
987 4247 1237 4298 nascens.
1287 4239 1409 4293 sine
1468 4249 1694 4310 peccato

1786 3095 2061 3140 catornm.
2091 3088 2367 3142 Similiter
2388 3086 2457 3140 de
2490 3084 2707 3139 caeteris
2749 3082 3213 3152 intelligendum:
3274 3081 3378 3143 vel,

1787 3180 1977 3228 vetera
2006 3174 2357 3228 transierunt
2410 3171 2732 3225 inﬁdelitas.
2767 3176 3076 3240 peccatum.
3098 3175 3156 3223 et
3183 3174 3386 3223 caetera

1785 3281 1909 3334 quos
1938 3264 2007 3317 ad
2041 3274 2280 3317 veterem
2314 3260 2809 3317 hominem.Adam
2844 3257 3143 3328 pertinent:
3171 3260 3387 3311 ettanta

1786 3333 1920 3407 sunt
1950 3365 2113 3417 nova,
2137 3353 2275 3407 ﬁdes
2297 3350 2567 3407 videlicet.
2582 3348 2823 3418 justitia,
2848 3346 3185 3408 obedientis.
3209 3333 3386 3400 chari-

1788 3448 1893 3503 tas,
1919 3448 2231 3511 czeteraque
2255 3441 2489 3493 virtutes
2518 3437 2586 3489 ad
2621 3448 2822 3489 novum
2868 3434 3175 3495 hominem.
3203 3433 3259 3486 id
3298 3438 3385 3488 est

1786 3531 2071 3583 Christum
2122 3530 2481 3599 pertinentes.
2514 3525 2720 3580 Aliter:
2752 3523 2797 3576 si
2829 3539 2940 3593 qua
2962 3535 3100 3575 nexa
3123 3527 3383 3574 creatura

1786 3624 1889 3678 est.
1920 3618 1973 3670 id
2006 3626 2092 3671 est
2122 3628 2295 3670 novus
2350 3615 2606 3685 populus.
2659 3618 2846 3666 vetera
2890 3609 3240 3664 transierunt
3269 3608 3381 3662 illis

1778 3708 1896 3774 jam
1934 3707 1990 3758 in
2013 3724 2129 3775 spe.
2157 3704 2470 3758 mortalitas
2501 3701 2757 3755 videlicet
2784 3706 2840 3753 et
2860 3697 3163 3767 corruptio.
3195 3702 3254 3750 et
3273 3696 3383 3750 fae-

1782 3802 1842 3847 ta
1864 3803 1998 3847 sunt
2026 3810 2165 3847 nova
2197 3793 2457 3845 similiter
2479 3792 2532 3845 in
2565 3803 2663 3860 spe
2693 3787 3089 3841 immortalitas
3115 3791 3171 3838 et
3199 3784 3380 3839 incor-

1782 3884 2005 3952 ruptio;
2038 3883 2143 3942 vel;
2175 3895 2311 3935 usus
2349 3888 2433 3933 est
2464 3878 2744 3949 praeterito
2792 3891 2891 3945 pro
2920 3875 3128 3935 futuro.
3171 3890 3273 3944 pro
3311 3888 3379 3927 eo

1781 3977 1929 4041 quod
1959 3979 2060 4029 est,
2093 3976 2274 4023 vetera
2303 3967 2642 4027 transiliunt,
2676 3969 2733 4017 et
2770 3965 2906 4016 fient
2962 3961 3153 4014 omnia
3210 3975 3372 4023 nova,

1773 4060 1934 4131 jugta
1961 4058 2106 4128 quod
2132 4056 2384 4111 Joannes
2415 4054 2586 4129 dicit:
2620 4054 2795 4106 Erunt
2829 4052 3021 4103 omnia
3048 4063 3205 4102 nova.

1854 4151 2053 4201 Omnia
2085 4151 2291 4203 autem.
2333 4142 2599 4197 subaudis
2633 4155 2843 4210 genera
2886 4137 3281 4197 innovationis,
3310 4153 3380 4192 ea:

1780 4239 1880 4290 Deo
1918 4238 2085 4289 Patre
2116 4234 2274 4288 nobis
2303 4232 2611 4303 procedunt
2640 4229 2734 4299 qui
2761 4225 3139 4282 reconciliavit
3158 4224 3378 4303 nessibi

149 4339 429 4382 oonversans
459 4332 514 4383 in
547 4299 781 4395 mundo,
816 4329 1139 4382 innocenter
1182 4334 1436 4382 mortuus
1468 4299 1569 4381 est.
1598 4344 1696 4398 pro
1718 4318 1759 4375 Ι)
1780 4343 1880 4396 per
1909 4326 2213 4387 Christum,
2237 4299 2411 4377 id—est
2439 4338 2526 4392 pei
2567 4319 2880 4390 passionem
2913 4316 3138 4378 Christi,
3159 4321 3208 4371 et
3229 4299 3377 4368 dedit

151 4414 361 4470 omnibus
385 4418 796 4487 praedestinatis
825 4418 893 4471 ad
933 4417 1100 4470 vitam
1148 4423 1205 4469 et
1244 4424 1309 4470 ut
1344 4418 1584 4483 Prosper
1608 4417 1694 4469 di-

149 4500 222 4562 είῐε
248 4512 296 4557 et
315 4506 547 4561 Joannes
587 4509 1041 4577 Chrysostomus.
1075 4506 1281 4575 aliique
1309 4506 1583 4567 doctores.
1621 4505 1687 4556 li-

150 4597 217 4642 est
236 4602 406 4649 omnes
431 4612 540 4649 non
569 4597 820 4659 credant;
851 4602 907 4649 et
945 4594 1112 4648 etiam
1156 4606 1351 4648 names
1404 4596 1696 4648 credentes

151 4690 237 4732 non
260 4683 549 4755 salventur,
581 4686 677 4739 ille
697 4686 825 4739 lecit
848 4684 993 4755 quod
1026 4693 1193 4753 annm
1224 4692 1362 4745 erat.
1400 4701 1497 4752 pro
1520 4682 1697 4736 omni-

151 4761 231 4819 bus
253 4774 492 4828 meriens.
522 4773 691 4828 Verbi
726 4774 911 4843 gratia
942 4786 954 4819 :
988 4773 1146 4827 Sicut
1172 4772 1422 4825 medicus
1466 4772 1699 4841 qulllbet

149 4865 437 4926 componens
490 4862 772 4933 potienem
818 4868 1014 4915 contra
1057 4870 1253 4913 omnes
1317 4861 1696 4921 infirmitates,

151 4945 373 5001 veniatin
403 4952 681 5004 civitatem
721 4950 1043 5019 quamdam.
1077 4956 1133 5002 et
1184 4949 1333 5001 dicat
1388 4947 1649 5001 omnibus
1683 4968 1694 5002 :

150 5027 429 5107 Quicunque
446 5055 509 5092 ex
527 5040 632 5092 hac
660 5038 883 5108 potione
913 5037 1139 5101 biberit,
1158 5038 1345 5089 salvus
1375 5037 1479 5089 erit
1502 5053 1535 5089 a
1555 5054 1695 5107 qua-

153 5130 329 5191 cunque
358 5126 675 5181 inﬁrmitate
697 5138 921 5181 tenetur
953 5139 964 5173 :
998 5133 1055 5179 et
1077 5125 1171 5195 qui
1217 5126 1372 5189 bibit.
1415 5137 1649 5179 sanatur
1676 5144 1687 5177 :

152 5208 235 5260 etsi
257 5226 429 5266 omnes
450 5215 699 5268 nolentes
732 5214 922 5267 bibere
946 5228 1056 5266 non
1074 5222 1370 5273 sanantur.
1395 5214 1486 5267 ille
1505 5223 1693 5267 tamen

154 5298 369 5353 omnibus
396 5303 500 5356 illis
526 5304 717 5356 attulit.
747 5303 1050 5373 potionem,
1088 5309 1145 5353 et
1185 5302 1308 5355 lecit
1340 5304 1487 5372 quod
1521 5303 1591 5355 ad
1635 5320 1695 5355 se

154 5386 443 5452 pertinebat.
466 5391 595 5445 ldeo
617 5403 800 5446 autem
833 5396 1085 5444 mortuus
1106 5396 1180 5442 est
1203 5393 1455 5445 Ulu'istus
1464 5408 1565 5458 pro
1586 5409 1673 5444 om

154 5474 308 5539 intus.
337 5484 396 5531 ut
421 5485 470 5533 sl
497 5484 595 5549 qui
614 5485 804 5536 sitiunt
836 5481 897 5535 in
917 5479 1046 5542 (ide,
1074 5481 1205 5547 jam
1234 5495 1346 5533 non
1364 5481 1470 5534 sibi
1484 5483 1694 5534 visunt:

1782 4417 1932 4468 nobis
1962 4414 2229 4485 apostolis
2261 4400 2637 4465 ministerium
2664 4406 3150 4461 reconciliationis.
3186 4405 3269 4457 llli
3295 4420 3379 4458 re-

1779 4502 2267 4572 cnnciliantur.qui
2299 4506 2465 4554 antea
2489 4497 2700 4551 inimici
2733 4500 2913 4549 erant.
2945 4495 3007 4546 Et
3034 4510 3136 4546 nos
3162 4492 3377 4546 inimici

1780 4605 2004 4646 eramus
2036 4592 2147 4645 Deo
2182 4593 2352 4644 Patr].
2372 4600 2481 4641 non
2509 4603 2608 4657 per
2625 4591 2884 4638 naturam
2911 4595 3079 4651 quam
3110 4581 3227 4650 ipse
3245 4579 3377 4633 fecit

1780 4690 2031 4735 sanctam
2060 4686 2119 4734 et
2144 4680 2370 4738 bonam.
2395 4677 2490 4730 sed
2519 4691 2617 4745 per
2646 4673 2838 4726 vitium
2862 4668 3009 4739 quod
3036 4684 3135 4721 nos
3162 4667 3376 4721 addidi-

1781 4786 1925 4823 mus.
1955 4768 2156 4822 Ablato
2184 4782 2318 4835 ergo
2341 4770 2567 4835 peccato
2595 4758 2741 4830 quod
2771 4772 2872 4810 nos
2900 4754 3240 4813 addidimus.
3272 4770 3374 4824 per

1780 4858 2111 4927 sanguinem
2134 4854 2340 4909 Christi
2371 4852 2673 4904 reformata
2703 4850 2788 4899 est
2826 4852 3030 4897 natura
3080 4847 3145 4896 ut
3190 4841 3376 4896 fuerat

1782 4954 1972 4999 creata
2023 4950 2080 4997 et
2109 4940 2448 4996 reconciliati
2493 4951 2687 4989 sumus
2736 4933 2856 5013 .Deo
2911 4929 3084 4984 Patri.
3119 4929 3376 4985 Christus

1780 5051 1913 5102 ergo
1963 5046 2267 5103 procurans
2299 5028 2458 5081 nobis
2510 5020 3018 5077 reconciliationem
3066 5035 3166 5089 per
3214 5036 3377 5073 suam

1778 5122 2115 5192 passionem,
2149 5118 2316 5171 rediit
2345 5117 2412 5168 ad
2445 5115 2621 5167 Deum
2664 5112 2889 5165 Patrem
2930 5108 3079 5163 unde
3128 5113 3372 5162 venerat.

1780 5216 1883 5264 bed
1917 5228 1986 5263 ne
2018 5208 2399 5278 imperfectum
2429 5203 2543 5255 sive
2583 5202 2848 5254 intectum
2883 5204 3203 5251 remaneret
3230 5196 3378 5268 quod

1780 5299 1939 5352 nobis
1963 5301 2377 5367 procurat-erat.
2414 5289 2784 5344 ministerium
2806 5285 3377 5343 reconciliationisde—

1778 5388 1863 5439 dit
1890 5386 2006 5439 suis
2041 5382 2325 5453 apostolis.
2379 5387 2442 5433 ut
2484 5379 2589 5449 ipsi
2643 5376 2802 5430 nobis
2839 5375 3244 5429 annnntiarent
3285 5387 3373 5425 re-

1779 5476 2037 5544 demptos
2065 5487 2187 5526 esse
2216 5468 2493 5539 sanguine
2520 5466 2729 5522 Christi
2764 5471 2822 5519 et
2850 5480 2955 5518 sua
2981 5459 3372 5535 praedicatione
