3966 6156
491 250 592 307 631
940 251 1331 310 ΗΑΥΜΟΝΙΞ
1354 253 1844 315 HALBERSTAT.
1875 256 2087 313 EPISC
2100 301 2113 315 .

2196 256 2310 311 >PP.
2341 254 2598 318 PARS}.
2633 284 2700 296 —
2731 254 3101 310 COMMENT.
3138 253 3321 309 BIBL.
3641 253 3727 309 632

497 376 928 432 reconciliarent
954 392 1077 433 nos.
1109 378 1267 434 Sicut
1284 378 1434 434 enim
1456 379 1577 451 ipse
1601 380 1742 436 dixit
1763 400 1776 436 :
1799 381 1955 437 Sicut
1974 384 2087 435 mi—
2103 382 2155 442 Α
2168 380 2362 435 lumen
2389 379 2700 445 oculorum,
2721 377 2859 433 dum
2884 378 2937 433 ei
2964 377 3263 434 reducitad
3280 377 3601 433 memoriam
3620 376 3731 434 bea-

497 468 573 519 sit
596 481 683 520 me
706 466 890 534 Pater,
905 471 955 520 et
979 482 1072 535 ego
1100 470 1265 522 mitto
1296 484 1386 522 vos
1427 470 1609 537 (Joan.
1636 480 1708 539 v1)
1734 490 1746 524 :
1778 474 1871 537 ite,
1922 471 2097 524 docete
2176 473 2298 523 tum
2328 466 2581 532 Tobiam,
2604 473 2663 521 et
2691 467 3130 522 consolationem
3153 466 3206 521 ei
3253 483 3320 520 ex
3372 466 3479 520 hoc
3522 466 3733 537 aliquam

500 570 687 609 omnes
713 560 894 623 gentes
921 557 1138 617 (Matth.
1172 558 1379 622 xxvm).

575 647 846 713 Quoniam
875 645 1020 698 Deus
1048 645 1219 699 Pater
1242 651 1365 702 erat
1395 649 1458 700 in
1486 647 1987 702 Christomundum
2006 664 2098 702 re-

502 736 807 788 concilians
825 734 929 787 sibz
956 750 1056 803 per
1082 734 1262 788 illum.
1295 735 1444 789 Deus
1474 736 1642 789 Pater
1669 736 1728 790 in
1767 736 1910 791 Filio
1953 742 2093 803 erat,

504 828 564 876 et
584 820 758 875 Filius
777 821 836 874 in
861 821 1049 887 Patre,
1072 822 1219 877 sicut
1241 822 1388 877 idem
1420 823 1596 878 Filius
1615 825 1696 879 ait
1722 842 1734 877 :
1752 826 1860 892 Ego
1880 830 1927 879 et
1938 828 2100 879 Pater

502 925 686 963 unum
712 925 907 963 sumus
938 911 1114 976 (Joan.
1141 912 1212 979 x).
1230 912 1318 977 Et,
1344 913 1452 979 Ego
1471 915 1534 965 in
1568 916 1750 981 Patre,
1774 924 1820 966 et
1850 916 2013 967 Pater
2036 916 2100 967 in

503 1013 591 1051 me
617 1002 695 1051 est
719 998 900 1063 (Joan.
931 1000 1060 1057 xlv).
1084 999 1265 1053 Aliter
1321 1016 1454 1068 ergo
1486 1006 1608 1055 erat
1642 1000 1700 1054 in
1747 1003 1990 1069 Christo,
2014 1008 2102 1057 at-

505 1098 615 1157 que
641 1085 807 1139 aliter
824 1085 929 1140 fuit
959 1086 1018 1139 in
1046 1087 1334 1158 prophetis
1363 1095 1419 1143 et
1437 1090 1706 1160 apostolis
1736 1106 1833 1160 per
1861 1108 2002 1163 quos
2016 1092 2103 1148 lo-

504 1174 803 1246 quebatur.
840 1176 907 1229 In
940 1175 1052 1229 illis
1082 1181 1205 1230 erat
1232 1194 1333 1247 per
1349 1178 1591 1249 gratiam
1598 1178 1690 1248 ,in
1728 1179 1951 1235 Christo
1979 1189 2103 1235 erat

504 1274 608 1336 per
639 1264 920 1318 unitatem
953 1264 1303 1332 substantiae,
1337 1267 1470 1337 quia
1497 1284 1673 1321 unum
1711 1275 1880 1322 sunt:
1941 1285 2103 1323 mun-

508 1352 647 1407 dum
675 1352 1054 1406 reconciliavit
1083 1352 1187 1407 sibi
1226 1370 1328 1424 per
1357 1355 1663 1422 Christum,
1686 1356 1741 1411 id
1769 1363 1872 1419 est,
1906 1374 2103 1412 omnes
2184 1353 2337 1407 mine
2366 1352 2637 1424 singulari
2684 1368 2812 1406 cum
2842 1367 2947 1406 suo
2982 1351 3231 1417 inimico,
3259 1351 3394 1405 dum
3422 1352 3475 1405 ei
3494 1351 3629 1406 dicit
3663 1351 3748 1405 ali-

508 1440 941 1511 prmdestinatos
958 1441 1028 1495 ad
1041 1441 1211 1495 vitam
1228 1448 1519 1509 aeternam,
1547 1461 1659 1498 non
1679 1452 1943 1513 reputans
1962 1448 2097 1510 illis,
2185 1443 2311 1513 quis
2333 1459 2400 1496 ex
2425 1440 2936 1507 circumstantibus,
2964 1441 3163 1510 Pugna
3189 1440 3428 1507 fortiter,
3471 1440 3589 1494 noli
3617 1439 3750 1494 dubi-

508 1527 569 1582 id
598 1533 687 1582 est
727 1527 1103 1594 credentibus,
1127 1536 1345 1599 peccata
1390 1535 1658 1600 ipsorum,
1689 1540 1985 1605 postquam
2031 1534 2104 1589 ad
2183 1537 2326 1597 tare,
2358 1531 2473 1584 noli
2515 1530 2772 1597 deﬁcere,
2798 1528 3089 1584 victoriam
3125 1528 3422 1593 obtinebis,
3454 1528 3757 1584 exhortatio-

2178 556 2746 627 prtestat,exhortatio
2766 557 3022 610 est.Dum
3044 555 3192 609 videt
3209 554 3379 609 etiam
3396 554 3567 608 alium
3577 554 3735 609 dolore

2178 645 2355 701 nimio
2385 644 2693 715 constringi
2720 648 2952 715 propter
2976 647 3204 715 peccata
3223 658 3345 708 sua,
3375 646 3433 696 et
3449 641 3737 712 peneinde-

2179 733 2555 806 sperationem
2575 733 2874 803 lapsum,si
2884 731 3053 787 verbo
3071 737 3169 785 aut
3183 730 3434 801 exemplo
3445 729 3736 785 consolatio-

2180 838 2311 876 nem
2330 820 2561 894 pnebet,
2587 838 2659 876 ne
2687 821 2949 892 desperet
2969 821 3039 875 de
3054 820 3215 874 venia
3233 824 3333 874 aut
3344 819 3529 873 salute
3557 819 3678 873 dans
3700 820 3742 874 ei

2184 911 2500 981 exemplum
2526 910 2758 968 Mariam
2787 909 3157 973 meretricem,
3182 909 3272 963 cui
3299 907 3574 962 Dominus
3588 908 3743 962 omnia

2186 1004 2416 1070 peccata
2437 999 2654 1053 dimisit
2682 999 2830 1067 (Luc.
2860 1013 2972 1066 vni.
3005 1003 3064 1052 et
3081 998 3356 1053 latronem
3392 998 3453 1050 in
3472 1012 3648 1059 cruce,
3669 996 3745 1067 qui

2184 1086 2255 1142 ad
2268 1103 2441 1141 unam
2462 1103 2650 1142 vocem
2675 1087 2885 1141 meruit
2902 1087 3124 1141 audire:
3157 1088 3326 1142 Hodie
3352 1101 3569 1140 mecum
3583 1088 3677 1139 eris
3696 1088 3747 1140 in

2181 1178 2440 1246 paradiso
2475 1176 2793 1248 (Luc.xm),
2826 1175 3137 1230 exhortatio
3184 1174 3329 1228 bona
3367 1180 3427 1228 et
3470 1174 3745 1229 consolatio

2183 1270 2286 1319 est.
2317 1264 2580 1320 Dicamus
2608 1269 2667 1319 et
2684 1264 2874 1318 aliter;
2907 1263 3064 1318 Sicut
3091 1263 3272 1334 posito
3292 1263 3480 1333 aliquo
3508 1262 3571 1316 in
3597 1267 3748 1317 certa-

509 1616 682 1671 ﬂdem
702 1622 1002 1671 venerunt:
1035 1617 1167 1689 quia
1195 1620 1388 1689 quales
1413 1626 1581 1675 antea
1615 1622 1842 1676 fuerant
1873 1640 1987 1677 non
2014 1628 2103 1677 at-

2188 1636 2318 1675 nem
2348 1620 2400 1674 ei
2424 1618 2639 1691 prebet
2661 1625 2718 1674 et
2745 1618 3071 1674 audaciam:
3098 1618 3178 1673 sic
3194 1618 3287 1689 qui
3310 1618 3556 1689 positum
3583 1619 3640 1672 in
3658 1634 3755 1672 cer-

510 1704 712 1772 tendit,
744 1705 843 1759 sed
872 1706 1067 1776 quales
1088 1706 1266 1761 futuri
1294 1714 1457 1762 erant
1482 1728 1496 1775 ;
1537 1715 1584 1763 et
1618 1714 1804 1779 posuit
1845 1715 1908 1766 in
1955 1714 2108 1767 nobis
2128 1694 2405 1765 Btamine
2431 1709 2591 1766 bona;
2613 1709 2956 1780 operationis
2984 1714 3182 1763 contra
3217 1707 3504 1762 diabolum
3554 1712 3612 1762 et
3649 1708 3758 1762 vitia

511 1794 740 1848 verbum
768 1797 1257 1864 reconciliationis,
1283 1796 1341 1850 id
1380 1802 1468 1852 est
1493 1797 1808 1855 doctrinam
1854 1801 2109 1872 Evange-

509 1880 591 1936 lii.

582 1972 689 2026 Pro
719 1972 934 2027 Christo
953 1988 1079 2041 ergo
1106 1975 1373 2041 legatione
1399 1976 1723 2044 fungimur,
1754 1977 1811 2031 id
1853 1982 1958 2045 est,
1989 1978 2108 2032 vice

509 2059 721 2116 Christi
742 2059 1027 2115 missatico
1041 2061 1352 2132 fungimur,
1382 2068 1650 2133 tanquam
1670 2067 1774 2119 Deo
1792 2067 2110 2122 exhortante

505 2164 609 2219 per
636 2165 755 2213 nos,
785 2148 1054 2204 subaudis
1076 2151 1333 2206 homines
1360 2152 1431 2206 ad
1459 2154 1821 2208 credendum.
1855 2156 2110 2211 Obsecra-

512 2254 640 2292 mus
665 2253 768 2307 pro
793 2238 1025 2304 Christo,
1061 2239 1119 2293 id
1148 2245 1253 2304 est,
1282 2240 1400 2294 vice
1430 2241 1638 2296 Christi
1665 2246 2113 2299 reconciliamini

510 2328 618 2382 Deo
648 2326 803 2381 Patri
831 2342 933 2397 per
955 2327 1124 2381 ﬁdem
1154 2333 1211 2382 et
1226 2329 1531 2399 justitiam,
1562 2331 1932 2387 auferentesa
1955 2333 2110 2388 vobis

512 2431 679 2470 omne
706 2420 997 2487 peccatum
1021 2417 1170 2487 quod
1190 2433 1224 2471 a
1248 2417 1366 2472 Deo
1382 2435 1481 2474 vos
1509 2427 1749 2492 separat.

2189 1798 2394 1865 carnis,
2424 1799 2690 1853 admonet
2710 1814 2782 1852 ne
2801 1797 3026 1851 deficiat
3055 1813 3238 1868 neque
3285 1803 3466 1852 cesset
3519 1814 3562 1874 εξ
3607 1802 3756 1867 cepto

2190 1904 2380 1960 opere,
2422 1886 2869 1942 exhortationem
2926 1886 3132 1940 bonam
3184 1887 3415 1957 praebet.
3448 1886 3609 1941 Unde
3653 1885 3761 1940 dicit

2190 1976 2491 2049 Apostolus
2519 1976 2686 2030 modo
2705 1976 2997 2046 alloquens
3017 1974 3360 2038 Corinthios,
3382 1979 3440 2028 et
3460 1974 3520 2028 in
3537 1974 3648 2029 illis
3664 1990 3759 2028 om-

2189 2082 2291 2121 nes
2318 2066 2537 2120 tideles:
2569 2064 2876 2119 Hortamur
2904 2080 2999 2118 vos
3027 2069 3223 2117 nostra
3249 2063 3643 2134 predicatione
3671 2079 3757 2117 no-

2192 2161 2422 2225 stroque
2449 2153 2724 2224 exemplo,
2747 2152 3123 2222 omnibusque
3152 2152 3352 2217 modis,
3377 2168 3449 2206 ne
3472 2152 3530 2207 in
3550 2167 3757 2207 vacuum

2191 2244 2306 2297 sive
2334 2243 2500 2297 inane
2514 2246 2573 2296 et
2596 2240 2874 2295 inutiliter
2898 2240 3143 2311 gratiam
3157 2240 3259 2294 Dei
3278 2239 3586 2311 recipiatis,
3596 2239 3763 2294 omnia

2195 2330 2340 2386 bona
2367 2348 2490 2403 quae
2516 2330 2718 2401 generi
2746 2329 2997 2383 humano
3007 2329 3217 2383 dantur
3235 2329 3423 2399 gratia
3446 2328 3546 2383 Dei
3564 2328 3761 2392 dicitur,

2195 2421 2329 2493 quia
2364 2420 2542 2491 gratis
2572 2420 2624 2474 ei
2652 2418 3053 2473 conceduntur.
3091 2417 3288 2472 Gratia
3318 2417 3526 2489 quippe
3555 2418 3649 2471 Dei
3678 2423 3758 2480 est,

587 2503 753 2569 Eum,
778 2503 836 2558 id
866 2509 952 2559 est
979 2504 1288 2574 Christum,
1312 2510 1412 2576 qui
1432 2524 1544 2563 non
1564 2516 1788 2565 noverat
1803 2517 2110 2580 peccatum.
2196 2509 2405 2563 habere
2440 2509 2628 2570 ﬁdem,
2684 2523 2862 2578 spem,
2894 2507 3247 2571 charitatem,
3269 2506 3600 2578 sapientiam
3638 2506 3757 2561 divi-

512 2592 663 2648 Deus
682 2593 873 2662 Pater,
888 2609 992 2663 pro
1015 2596 1172 2649 nobis
1185 2600 1467 2664 peccatum
1491 2599 1641 2667 fecit,
1672 2599 1729 2653 id
1757 2605 1845 2654 est
1870 2601 2112 2656 hostiam
2195 2614 2331 2653 nam
2351 2598 2438 2652 vel
2456 2598 2784 2659 humanam,
2825 2601 2881 2650 et
2911 2595 3057 2650 bona
3076 2595 3617 2666 temporaliaJstam
3645 2610 3755 2664 ergo

512 2698 617 2753 pro
644 2687 890 2754 peccato.
907 2681 997 2737 Sic
1020 2683 1171 2737 enim
1199 2685 1516 2755 appellatur
1531 2687 1715 2741 hostia
1734 2705 1837 2759 pro
1865 2695 2111 2760 peccato,
2197 2686 2297 2742 Dei
2322 2686 2565 2757 gratiam
2594 2686 2652 2739 in
2681 2700 2919 2740 vacuum
2950 2684 3272 2756 recipit,qui
3292 2683 3756 2738 veniensadﬁdem

512 2770 755 2825 maxime
806 2771 867 2825 in
918 2770 1286 2842 Septuaginta
1330 2774 1751 2846 interpretibus,
1810 2778 1906 2849 qui
1962 2778 2111 2833 soliti
2192 2775 2644 2831 etremissionem
2660 2773 3754 2845 peccatoruminbaptismatepercipiens,

514 2864 650 2914 sunt
667 2859 881 2914 dicere:
908 2862 1071 2915 Ponet
1099 2864 1250 2915 enim
1280 2878 1516 2917 manum
1545 2881 1708 2919 suam
1754 2883 1918 2936 super
1949 2874 2112 2936 caput
2194 2865 2295 2920 Dei
2348 2864 2639 2936 praeceptis
2668 2862 2997 2917 inobediens
3034 2862 3270 2925 exsistit,
3304 2878 3418 2916 non
3471 2860 3755 2915 adhibendo

513 2949 730 3020 peccati
751 2950 953 3017 (Leuit.
982 2951 1044 3015 ι),
1080 2949 1137 3004 id
1151 2955 1255 3014 est,
1281 2966 1452 3022 super
1465 2960 1635 3025 caput
1654 2955 1851 3010 hostiae
1870 2973 1972 3026 pro
1993 2973 2114 3028 pec-
2137 3006 2177 3028 η
2197 2952 2465 3013 studium,
2479 2958 2546 3006 ut
2570 2952 2745 3023 possit
2772 2951 2872 3006 Dei
2903 2957 3181 3023 praecepta
3201 2951 3324 3022 ipso
3351 2951 3646 3021 adjuvante
3668 2948 3756 3003 im-

515 3042 663 3092 cato.
688 3036 797 3090 Sed
828 3039 1063 3108 quaestio
1084 3041 1265 3095 oritur
1291 3044 1350 3097 in
1381 3043 1485 3096 hoc
1512 3042 1653 3097 loco.
1687 3043 1979 3108 Quomodo
2014 3049 2113 3116 ju-
2135 3036 2180 3067 υ
2199 3042 2371 3113 plere,
2395 3039 2658 3112 quoniam
2682 3040 2821 3094 ﬁdes
2852 3040 2974 3094 sine
3013 3040 3274 3110 Operibus
3312 3045 3536 3093 mortua
3587 3043 3666 3092 est
3714 3040 3757 3089 et

515 3124 668 3180 dicet
693 3126 844 3180 Deus
872 3132 931 3181 et
956 3128 1199 3184 vindicet
1224 3131 1281 3184 in
1306 3133 1531 3187 homine
1561 3140 1869 3204 peccatum,
1907 3134 1955 3188 si
1994 3135 2114 3206 ipse
2195 3130 2380 3185 inanis
2406 3129 2544 3199 (Jac.
2580 3129 2745 3196 nl.ln
2774 3145 3007 3183 vacuum
3036 3145 3259 3200 quoque
3286 3128 3434 3182 bona
3461 3124 3759 3199 temporalis

517 3220 810 3285 peccatum
831 3231 945 3269 non
972 3217 1162 3271 novit?
1187 3219 1323 3282 Quae
1368 3221 1450 3275 ita
1495 3221 1747 3284 solvitur,
1786 3223 1920 3293 quia
1962 3225 2118 3278 novit
2194 3218 2374 3290 gratis
2402 3234 2437 3272 a
2456 3218 2572 3272 Deo
2601 3217 2733 3270 data
2763 3216 3018 3287 percipit,
3035 3216 3131 3287 qui
3147 3217 3245 3271 illa
3272 3216 3439 3271 hilari
3460 3222 3636 3270 mente
3647 3229 3760 3285 pau-

517 3318 622 3373 per
644 3302 982 3373 sapicntiam
1009 3311 1298 3375 peccatum
1328 3324 1449 3363 esse
1477 3310 1714 3379 malum,
1742 3310 1841 3365 sed
1882 3327 1993 3365 non
2022 3328 2119 3366 no-

517 3390 601 3444 vit
627 3391 1057 3461 experientiam,
1076 3398 1142 3448 ut
1168 3394 1471 3466 aliquando
1499 3404 1792 3468 peccaret;
1821 3399 1975 3453 verbi
1994 3416 2121 3470 gra-

520 3478 620 3541 tia,
654 3478 734 3533 sic
753 3477 1027 3533 dicimus:
1057 3480 1305 3537 Joannes
1327 3484 1671 3554 evangelista
1714 3486 1939 3556 quando
1981 3487 2120 3541 scri-

521 3567 635 3639 psit
663 3584 831 3622 suum
855 3567 1238 3641 Evangelium,
1262 3572 1417 3626 novit
1447 3573 1694 3641 mentiri,
1728 3574 1786 3629 id
1835 3580 1939 3640 est,
1969 3576 2125 3631 novit

521 3656 878 3710 mendacium
891 3673 992 3727 per
1015 3658 1373 3729 sapientiam,
1392 3661 1489 3715 sed
1510 3677 1624 3716 non
1640 3662 1796 3716 novit
1808 3679 1909 3734 per
1928 3665 2124 3719 volun-

525 3749 703 3798 tatem
753 3750 819 3799 ut
851 3746 1020 3800 vellet
1061 3747 1309 3813 mentiri,
1341 3765 1524 3820 neque
1570 3767 1671 3821 per
1719 3752 2119 3823 experientiam

524 3833 751 3903 quando
776 3833 916 3888 illud
933 3834 1172 3906 scripsit.
1197 3836 1331 3891 Ideo
1355 3837 1488 3892 fecit
1516 3839 1664 3894 Deus
1692 3841 1862 3895 Pater
1879 3842 2120 3897 hostiam

522 3936 627 3992 pro
652 3927 879 3992 peccato
905 3922 1227 3979 Christum:
1268 3932 1331 3980 ut
1376 3942 1474 3981 nos
1511 3929 1856 3996 efﬁceremur
1894 3935 2122 4000 iustitia

523 4011 624 4065 Dei
658 4013 724 4064 in
759 4014 895 4081 ipso,
933 4011 992 4066 id
1018 4017 1120 4076 est,
1148 4018 1215 4067 ut
1248 4013 1599 4070 efﬁceremur
1634 4018 1776 4087 justi
1807 4035 1909 4089 per
1956 4019 2123 4073 mise-

524 4097 828 4153 ricordiam
855 4099 958 4153 Dei
982 4099 1167 4154 Patris
1188 4100 1248 4154 in
1294 4101 1438 4173 ipso,
1470 4103 1527 4157 id
1557 4109 1642 4158 est
1679 4122 1780 4176 per
1811 4106 2118 4175 Christum,

526 4185 615 4239 vel
641 4185 701 4238 in
735 4185 878 4255 ipso,
903 4186 963 4239 id
991 4193 1094 4245 est.
1122 4188 1182 4242 in
1211 4205 1443 4260 corpore
1471 4191 1680 4246 Christi
1697 4194 2002 4263 conjuncti,
2025 4196 2121 4249 ad-
2201 4199 2400 4250 salutis
2427 4197 2623 4263 adjuvi
2651 4200 2718 4248 te.
2749 4195 2868 4249 Hoc
2897 4195 3071 4249 Isaias
3123 4195 3399 4266 propheta
3449 4192 3668 4266 protulit
3707 4204 3760 4243 ex

524 4273 788 4342 juvantes
811 4279 1003 4328 autem
1031 4292 1129 4329 vos
1144 4282 1339 4332 nostra
1354 4279 1749 4349 praedicatione
1765 4286 1822 4335 et
1837 4284 2113 4355 exemplo.
2197 4300 2438 4356 persona
2457 4284 2559 4339 Dei
2579 4284 2764 4338 Patris
2784 4284 3069 4355 loquentis
3085 4284 3155 4339 ad
3178 4284 3382 4339 Filium
3410 4304 3422 4338 :
3447 4285 3678 4354 Tempus
3692 4295 3761 4333 ao-

2140 4359 2429 4444 Dceptum
2459 4374 2574 4428 Deo
2604 4373 2778 4436 Patri,
2811 4380 2870 4428 et
2895 4375 3016 4427 dies
3062 4373 3261 4428 salutis
3290 4374 3526 4428 humani
3551 4369 3757 4443 generis,

1143 4418 1377 4474 CAPUT
1414 4420 1516 4476 VL
1872 4458 1877 4464 λ
2205 4418 2429 4533 ῐέιζξιξιῖέ
2454 4418 2572 4516 ὧΞὶ
2581 4418 2869 4532 ιζεζὲἒέηἷὲ
2884 4418 3328 4533 assam;
3337 4418 3763 4517 Βέῌζιὲῖιὶἒὲῌέ

2206 4550 2394 4615 crevit,
2428 4550 2725 4622 disposuit,
2757 4550 3173 4622 praedestinavit
3197 4567 3300 4622 per
3326 4551 3634 4622 passionem
3661 4543 3762 4603 Filii

2205 4640 2294 4693 sui
2313 4640 2529 4694 salvare
2552 4656 2618 4694 ac
2639 4640 2916 4694 redimere
2934 4656 3114 4710 genus
3132 4641 3513 4709 humanuum;
3538 4639 3639 4693 isto
3650 4644 3764 4691 tem-

2206 4743 2342 4799 pore
2356 4734 2583 4800 accepto
2600 4729 2749 4783 Deus
2769 4730 2938 4783 Pater
2957 4728 3238 4783 exaudivit
3250 4729 3457 4784 Filium
3474 4723 3763 4796 suum,quia

2208 4817 2482 4888 quidquid
2501 4817 2682 4872 oravit
2708 4818 2882 4873 Filius
2905 4835 3006 4888 pro
3055 4819 3237 4874 salute
3285 4819 3510 4890 generis
3563 4810 3762 4871 humani

2206 4911 2387 4960 totum
2418 4906 2742 4977 impetravit
2754 4951 2766 4964 .
2788 4907 3052 4977 Legimus
3070 4907 3220 4961 enim
3242 4908 3300 4961 in
3318 4907 3610 4979 Evangelia
3626 4906 3764 4960 Joan-

2206 4994 2294 5048 nis
2323 4995 2471 5065 quod
2490 4996 2946 5067 appropinquans
2964 4995 3232 5067 passioni.
3254 4997 3438 5051 oravit
3453 4997 3635 5051 dicens
3655 4994 3763 5051 :Pa-

2209 5086 2308 5147 ter,
2329 5099 2461 5152 quos
2490 5084 2689 5136 dedisti
2713 5085 2873 5154 mihi,
2902 5087 3020 5138 volo
3049 5090 3110 5138 ut
3132 5087 3231 5138 ubi
3248 5101 3340 5153 ego
3354 5102 3481 5139 sum
3500 5090 3547 5139 et
3567 5086 3651 5139 illi
3668 5080 3763 5134 sint

2208 5187 2440 5237 mecum,
2470 5176 2533 5224 ut
2560 5173 2781 5226 videant
2806 5174 3119 5226 claritatem
3144 5190 3325 5227 meam
3351 5174 3537 5245 (Joan.
3564 5176 3697 5234 xvn).
3716 5164 3765 5220 Si

2207 5259 2334 5329 quis
2351 5275 2483 5313 vero
2512 5258 2582 5313 de
2609 5260 2880 5331 apostolis
2907 5260 3011 5314 hoc
3040 5262 3435 5316 tantummodo
3458 5262 3657 5316 dictum
3687 5274 3766 5311 as-

2208 5348 2363 5410 serit,
2399 5348 2654 5402 attendat
2680 5349 2829 5419 quod
2867 5349 2986 5420 ipse
3023 5349 3163 5403 alias
3191 5349 3364 5404 dicit:
3396 5351 3517 5405 Non
3553 5365 3649 5418 pro
3693 5347 3765 5399 his

2206 5452 2335 5505 rogo
2357 5438 2695 5500 tantum,sed
2725 5443 2774 5490 et
2795 5453 2899 5505 pro
2919 5440 2995 5491 eis
3021 5441 3122 5507 qui
3142 5440 3415 5493 credituri
3431 5444 3559 5492 sunt
3565 5448 3764 5507 perver-

2206 5527 2338 5581 bum
2366 5541 2560 5581 eorum
2590 5529 2654 5581 in
2678 5542 2763 5580 me
2778 5526 2994 5597 (Ibid.).
3010 5525 3535 5600 Exaudivitquoque
3550 5522 3765 5581 illumde

2201 3306 2431 3379 peribus
2459 3322 2561 3378 pro
2590 3305 2690 3360 Dei
2720 3318 2911 3360 amore
2940 3321 3176 3376 erogare
3204 3322 3314 3360 non
3355 3305 3634 3360 studet.Ut
3647 3318 3757 3370 ergo

2200 3412 2315 3451 non
2339 3395 2562 3466 longius
2582 3395 2925 3466 protelemus
2953 3409 3292 3460 sermonem,
3324 3394 3574 3448 dicamus
3606 3406 3757 3447 unum

2202 3502 2270 3540 ex
2300 3484 2509 3551 multis,
2550 3484 2831 3554 quomodo
2854 3484 3041 3554 gratia
3068 3484 3169 3538 Dei
3198 3483 3257 3537 in
3286 3499 3519 3538 vacuum
3548 3479 3757 3551 recipis-

2204 3580 2318 3641 tur,
2351 3573 2633 3629 Dominus
2660 3573 2798 3626 dicit
2821 3573 2880 3626 in
2911 3573 3213 3643 Evangelio
3241 3572 3548 3643 discipulis:
3574 3569 3762 3633 Ite,do-

2205 3669 2311 3717 cete
2329 3678 2516 3717 omnes
2544 3667 2723 3730 gentes
2748 3661 2917 3715 fidem
2947 3668 3153 3716 sancta:
3175 3660 3486 3727 Trinitatis,
3501 3662 3760 3729 baptizan-

2203 3759 2277 3808 tes
2306 3768 2409 3815 eos,
2441 3757 2491 3805 et
2518 3753 2761 3804 docentes
2800 3766 3020 3805 servare
3047 3752 3239 3804 omnia
3269 3765 3596 3818 quacunque
3621 3761 3760 3800 man-

2202 3844 2332 3896 davi
2359 3842 2505 3894 vobis
2533 3840 2759 3896 (Matth.
2797 3842 3014 3909 xxvm).
3051 3838 3383 3910 Quicunque
3407 3838 3478 3893 ad
3514 3838 3665 3891 ﬁdem
3688 3850 3761 3887 vc-

2202 3931 2309 3999 nit,
2331 3935 2388 3984 et
2410 3945 2523 3983 non
2551 3933 2737 3982 servat
2764 3945 2832 3982 ea
2878 3944 3001 3999 quae
3028 3928 3088 3982 in
3111 3928 3235 3998 lege
3262 3933 3321 3982 et
3348 3926 3637 3998 Evangelio
3656 3937 3760 3977 con-

2203 4020 2472 4083 tinentur,
2500 4018 2559 4070 in
2586 4032 2823 4071 vacuum
2848 4017 3092 4088 gratiam
3116 4016 3219 4071 Dei
3248 4016 3465 4088 recipit.

2272 4111 2365 4163 Ait
2393 4109 2543 4160 enim
2570 4125 2585 4159 :
2619 4106 2873 4174 Tempore
2897 4112 3109 4173 accepto
3136 4107 3400 4160 ext-audivi
3426 4112 3475 4159 te
3499 4125 3516 4160 :
3541 4109 3589 4158 et
3614 4107 3667 4158 in
3690 4101 3759 4153 die

599 4540 911 4594 Hortamur
924 4555 1013 4594 vos
1034 4542 1175 4595 nein
1194 4557 1434 4597 vacuum
1443 4549 1690 4615 gratiam
1710 4549 2121 4617 Deirecipiatis.

528 4626 857 4683 Exhortatio
884 4627 1097 4700 species
1127 4634 1214 4684 est
1240 4631 1666 4699 doctrinae,dum
1697 4635 1935 4706 quilibet
1956 4637 2124 4693 verbo

531 4722 633 4772 aut
675 4718 927 4790 exemplo
974 4720 1413 4775 consolationem
1460 4727 1689 4792 praestat
1742 4724 1937 4780 alicui:
1973 4727 2126 4782 verbi

526 4806 750 4877 gratia;
779 4807 933 4862 videt
960 4808 1162 4879 aliquis
1187 4814 1442 4864 nostrum
1459 4811 1690 4866 fratrem
1712 4829 1877 4869 suum
1904 4814 1963 4869 in
1987 4830 2126 4870 mm-

528 4909 658 4949 rore
684 4900 743 4949 et
767 4895 1002 4950 tristitia
1033 4897 1279 4967 positum
1320 4904 1552 4970 propter
1578 4900 1941 4957 amissionem
1979 4903 2126 4959 filio-

530 4998 660 5037 rum
682 4988 741 5036 et
767 4984 977 5051 uxoris,
996 4989 1098 5038 aut
1138 4991 1369 5057 propter
1412 4991 1679 5043 damnum
1729 4991 2125 5062 temporalium

530 5087 744 5138 rerum,
774 5072 910 5126 dum
939 5072 991 5127 ei
1018 5074 1236 5129 reducit
1261 5076 1333 5130 ad
1355 5078 1686 5132 memoriam
1715 5084 1774 5133 et
1816 5079 1877 5134 in
1933 5097 2128 5135 exem-

531 5160 710 5231 plum,
733 5165 947 5230 quanta
973 5166 1030 5216 et
1048 5163 1240 5232 qualia
1266 5164 1536 5220 sustinuit
1560 5166 1760 5222 beatus
1786 5167 1890 5223 Job
1913 5169 2127 5239 patien-

529 5252 638 5311 ter,
674 5253 732 5302 et
769 5248 1048 5319 quomodo
1066 5251 1424 5320 postmodum
1443 5254 1648 5310 meruit
1667 5261 1895 5327 propter
1906 5257 2125 5328 patien-

530 5337 669 5391 tiam
687 5353 850 5391 suam
873 5336 1064 5391 omnia
1082 5340 1398 5412 reciperein
1419 5343 1654 5414 duplum
1679 5364 1690 5398 :
1715 5344 1825 5399 ista
1840 5347 1970 5401 talis
1991 5363 2125 5401 con-

531 5425 733 5480 solatio
767 5432 825 5480 et
843 5425 1171 5495 admonitio,
1203 5431 1516 5485 exhortatio
1554 5437 1641 5486 est
1675 5432 1927 5489 dicenda.
1961 5435 2128 5489 Videt

531 5514 702 5572 etiam
723 5515 970 5588 aliquem
992 5506 1316 5574 contristari
1335 5524 1393 5574 et
1407 5507 1597 5576 dolere
1609 5528 1840 5595 propter
1853 5524 2124 5582 amissum
