3966 6156
266 271 373 327 633

949 273 1329 330 EXPOSITIO
1359 276 1435 330 IN
1469 275 1624 332 EPP.
1658 277 1715 332 S.
1749 276 1986 330 PAULI.
2023 303 2086 315 --
2119 274 2195 330 ΙΝ
2227 273 2449 329 EPIST.
2485 269 2541 326 ΙΙ
2571 272 2670 326 AD
2697 271 2860 328 COR.

3439 266 3542 326 634

258 411 370 450 sua
387 397 662 462 oratione,
695 396 920 468 quando
941 397 1120 452 oravit
1138 398 1330 454 dicens
1353 418 1366 452 :
1398 403 1581 467 Pater,
1612 404 1861 469 clari/ica
1879 403 1930 460 A
1945 416 2118 464 mum,
2143 398 2378 470 sepeliat
2402 404 2712 467 mortuum,
2729 404 2786 451 et
2805 397 2862 451 in
2888 396 2975 451 his
2989 395 3249 450 omnibus
3265 411 3377 449 non
3398 410 3546 464 quae-

259 483 476 539 Fitium
491 491 672 540 tuum.
699 486 768 540 Et
790 487 943 541 venit
964 503 1062 540 vox
1085 487 1154 541 de
1173 489 1616 549 ccelo,clamans:
1648 491 1710 544 Et
1743 493 1859 544 cta-

1942 495 2029 542 rat
2058 487 2278 541 laudem
2312 488 2638 550 humanam,
2692 487 2788 540 sed
2841 486 2937 541 Dei
2989 485 3231 556 gratiam
3263 497 3276 532 :
3309 499 3420 537 non
3448 482 3547 536 ho-

258 575 506 639 riﬁcari,
540 574 806 629 subaudis
834 581 1088 646 tempore
1111 577 1466 648 baptismatis
1494 585 1550 632 et
1575 580 1632 632 in
1672 586 1860 633 monte
1943 576 2186 630 minibus
2232 576 2472 646 placere,
2517 575 2615 629 sed
2663 575 2760 628 Dei
2807 575 3098 645 praeceptis
3133 573 3379 627 obedire.
3413 571 3542 624 Haec

255 676 456 715 coram
480 661 767 734 discipulis
792 682 804 716 :
833 669 881 717 et
907 667 1219 732 ctariﬁcabo
1240 667 1408 720 tertia
1437 667 1528 721 die
1556 685 1588 721 a
1624 667 1862 722 mortuis
1945 665 2261 736 quicunque
2289 664 2502 728 fecerit,
2539 664 2652 718 Deo
2683 663 3044 726 ministrabit,
3066 668 3120 716 et
3151 659 3464 716 merebitur
3476 657 3545 713 ab

257 750 612 804 suscitando.
643 753 710 806 Et
726 769 834 806 non
855 753 1037 807 solum
1050 770 1151 823 pro
1183 754 1306 808 aliis
1327 755 1620 810 exauditus
1642 762 1743 821 est,
1766 757 1862 810 sed
1946 755 2043 809 illo
2072 755 2268 808 audire
2296 770 2423 807 cum
2453 753 2644 806 electis
2676 771 2688 805 :
2725 754 2987 819 Quandiu
3018 753 3219 818 fecistis
3249 753 3352 804 uni
3383 750 3548 803 ewhis

255 839 437 893 etiam
459 856 562 910 pro
582 841 698 894 suis
725 841 1174 911 persecutoribus
1199 859 1300 913 pro
1312 844 1515 913 quibus
1537 845 1713 898 oravit
1729 861 1866 915 pen-

1950 843 2206 896 minimis
2236 845 2392 905 meis,
2428 843 2574 894 mihi
2603 844 2807 908 fecistis
2845 841 3054 899 (Matth.
3087 844 3237 906 xxv).
3273 840 3338 892 In
3368 840 3550 890 multa

254 927 406 981 dens
428 928 488 981 in
507 945 671 983 cruce
698 947 709 981 :
733 932 909 989 Pater,
928 931 1146 984 dimitte
1167 934 1443 999 illis,quia
1460 935 1870 1001 nesciuntquod
1944 935 2238 1000 patientia.
2276 929 2555 984 Patientia
2586 935 2691 994 est,
2731 945 2841 982 non
2871 929 3106 982 deiicere
3133 929 3279 981 inter
3315 927 3552 979 adversa

253 1017 490 1083 faciunt
515 1019 662 1072 'Luc.
686 1017 866 1088 xxm).
892 1019 1072 1072 Multa
1095 1018 1242 1072 enim
1272 1020 1452 1074 millia
1477 1027 1604 1092 post
1631 1023 1754 1092 ejus
1779 1039 1870 1076 as-

253 1105 590 1160 censionem
621 1123 685 1160 ex
716 1107 804 1160 his
842 1107 1298 1178 praedicationem
1339 1112 1721 1181 apostolorum
1751 1127 1872 1166 cre-

254 1193 554 1248 diderunt.
579 1195 806 1250 Audivit
825 1213 1046 1266 quoque
1069 1197 1224 1250 illum
1247 1198 1303 1251 in
1321 1198 1411 1252 die
1431 1199 1630 1252 salutis
1645 1199 1869 1269 generis

252 1280 527 1344 humani,
543 1282 676 1353 quia
701 1283 869 1337 tertia
885 1283 975 1337 die
995 1284 1211 1338 devicto
1230 1285 1428 1338 mortis
1456 1285 1712 1356 imperio,
1737 1303 1868 1340 eum

250 1384 289 1421 a
310 1371 564 1424 mortuis
601 1372 898 1425 revocavit.
942 1373 1099 1427 Sicut
1135 1375 1433 1429 retulimus
1462 1374 1572 1428 ista
1601 1375 1670 1428 ad
1703 1385 1872 1446 caput

249 1457 526 1512 omnium
557 1460 884 1526 electorum,
916 1461 972 1514 id
1002 1468 1088 1516 est
1119 1462 1189 1516 ad
1223 1463 1531 1530 Christum,
1563 1464 1869 1518 referamus

248 1563 324 1601 ea
375 1555 436 1602 et
489 1549 560 1603 ad
604 1549 856 1604 membra
900 1551 1096 1622 ipsius.
1146 1553 1390 1624 Tempus
1434 1560 1727 1625 acceptum
1759 1572 1868 1625 quo

246 1637 524 1691 exaudiri
569 1654 886 1708 possumus,
937 1646 993 1694 et
1048 1640 1168 1694 dies
1211 1642 1268 1695 in
1301 1658 1412 1712 qua
1443 1643 1679 1697 salutem
1711 1644 1870 1697 nobis

1952 1021 2121 1090 hujus
2146 1020 2330 1074 saeculi
2354 1038 2366 1072 :
2386 1035 2552 1090 quam
2569 1018 2890 1072 habuerunt
2909 1019 3088 1070 sancti
3112 1022 3407 1087 martyres.
3422 1015 3550 1068 Non

1953 1109 2009 1164 in
2043 1125 2229 1180 parva,
2263 1108 2463 1183 inquit,
2497 1124 2677 1179 neque
2708 1107 2766 1160 in
2797 1105 3015 1159 modica
3039 1105 3328 1175 patientia,
3370 1104 3468 1157 sed
3491 1104 3549 1157 in

1953 1199 2131 1253 multa
2163 1198 2523 1251 exhibeamus
2540 1196 2914 1266 nosmetipsos
2934 1195 3082 1248 sicut
3111 1195 3208 1248 Dei
3237 1193 3548 1251 ministros.

1952 1287 2234 1341 Patientia
2259 1303 2480 1356 quoque
2521 1291 2605 1338 est
2641 1284 2920 1354 patienter
2953 1284 3101 1335 ferre
3131 1282 3548 1352 delinquentes,

1953 1377 2094 1430 sicut
2121 1375 2318 1429 beatus
2347 1375 2649 1445 Apostolus
2678 1372 2993 1427 sustinebat
3031 1371 3350 1426 Corinthios
3385 1389 3396 1422 :
3430 1368 3546 1439 qui,

1955 1471 2249 1536 postquam
2280 1464 2350 1517 ad
2380 1464 2546 1517 fidem
2576 1467 2865 1526 venerant,
2897 1462 2968 1516 ad
3000 1461 3136 1515 vitia
3165 1459 3403 1530 pristina
3423 1462 3555 1512 sunt

1951 1554 2178 1619 reversi,
2211 1569 2351 1624 quos
2379 1553 2679 1623 aliquando
2710 1552 2929 1611 blande,
2965 1549 3269 1620 aliquando
3301 1545 3553 1619 improbe

1953 1642 2244 1714 corripuit,
2275 1658 2566 1713 quousque
2597 1641 2872 1694 revocavit
2899 1656 2995 1694 eos
3026 1639 3096 1692 ad
3128 1639 3316 1692 fidem.
3348 1639 3416 1691 In
3447 1639 3554 1689 tri-

245 1732 538 1780 aternam
571 1744 874 1798 procurare
901 1729 1170 1794 valemus,
1204 1730 1275 1784 ab
1302 1732 1528 1784 exordio
1569 1732 1870 1787 Dominica:
1891 1733 2351 1813 Bbutationibus,
2386 1730 2654 1784 subaudis
2680 1730 2856 1783 simus
2886 1729 2944 1782 in
2968 1728 3146 1781 multa
3175 1725 3464 1797 patientia,
3498 1729 3556 1778 et

243 1815 682 1886 predicationis
711 1823 817 1879 est,
841 1817 938 1870 sed
960 1818 1199 1872 maxime
1221 1819 1292 1873 ab
1313 1821 1434 1890 ejus
1462 1822 1871 1876 resurrectione

243 1919 446 1973 usque
481 1904 552 1957 ad
583 1904 732 1958 diem
755 1905 954 1974 judicii
982 1923 1093 1978 quo
1122 1913 1378 1978 tempore
1406 1926 1508 1981 per
1537 1909 1682 1964 bona
1703 1927 1873 1982 opera

241 2009 568 2064 possumus
587 1994 955 2064 acceptabiles
975 2012 1098 2049 esse
1121 1996 1238 2050 Deo
1264 1998 1437 2062 Patri,
1454 2005 1511 2053 et
1527 1999 1746 2070 placere
1767 2000 1870 2064 illi,

241 2089 435 2152 atque
463 2083 714 2136 exaudiri
739 2083 810 2136 ab
835 2084 950 2138 illo.
983 2085 1064 2138 De
1094 2102 1204 2156 quo
1237 2091 1492 2159 tempore
1524 2088 1693 2144 etiam
1721 2092 1873 2161 Apo-

245 2171 450 2224 stolus
487 2170 678 2226 subdit
718 2190 728 2224 :
765 2174 896 2226 Ecce
939 2190 1092 2228 nunc
1135 2180 1344 2243 tempus
1390 2181 1731 2245 acceptabile,
1763 2196 1872 2233 ecce

245 2275 421 2312 nunc
450 2261 569 2312 dies
593 2263 809 2315 salutis.
842 2262 1086 2332 Tempus
1131 2264 1470 2334 acceptabile
1495 2267 1566 2320 ad
1596 2267 1874 2338 poeniten-

244 2349 406 2401 tiam
429 2347 709 2417 agendam
722 2347 836 2402 vita
851 2366 1097 2420 praesens
1119 2358 1202 2405 est
1213 2369 1393 2423 usque
1409 2354 1480 2407 ad
1495 2355 1642 2408 diem
1655 2358 1676 2426 j
1687 2357 1872 2423 udicii,

247 2453 393 2508 quae
421 2437 742 2507 appellatur
761 2444 818 2492 et
837 2438 956 2492 dies
985 2441 1204 2502 salutis,
1235 2441 1293 2495 in
1323 2459 1434 2512 qua
1454 2443 1614 2498 nobis
1633 2446 1874 2499 salutem

247 2529 547 2576 aeternam
577 2541 875 2594 possumus
898 2529 1222 2598 promereri,
1251 2531 1518 2600 quoniam
1544 2538 1676 2603 apta
1701 2539 1787 2586 est
1805 2534 1876 2586 ad

249 2611 646 2682 operandum.
694 2614 776 2667 De
818 2631 930 2685 qua
959 2616 1051 2670 die
1079 2617 1212 2671 dicit
1241 2620 1511 2674 Dominus
1543 2639 1555 2672 :
1587 2623 1876 2676 Ambulate

249 2701 408 2752 dum
461 2704 638 2754 lucem
689 2703 894 2756 habetis
945 2706 1119 2768 (Joan.
1169 2714 1286 2775 xu).
1323 2709 1466 2762 Huic
1494 2710 1605 2764 diei
1628 2711 1880 2766 succedit

251 2804 400 2851 nox,
437 2788 686 2843 tenebrae
736 2790 946 2845 scilicet
983 2798 1208 2848 aeternae
1237 2796 1636 2864 damnationis,
1669 2801 1726 2853 in
1767 2816 1879 2869 qua

252 2893 443 2930 nemo
465 2883 655 2947 potest
682 2880 903 2949 operari
936 2879 1078 2935 sicut
1093 2883 1363 2938 Dominus
1382 2886 1516 2940 dicit
1541 2905 1552 2939 :
1590 2889 1736 2942 Venit
1771 2905 1878 2942 nos:

250 2968 324 3018 in
352 2982 474 3035 qua
500 2983 658 3019 nemo
671 2971 870 3035 poterit
891 2974 1115 3038 operari
1130 2974 1416 3039 (Joaan).
1450 2975 1520 3028 Et
1546 2975 1692 3030 idem
1725 2979 1876 3048 Apo-

1953 1819 2314 1874 exhibeamus
2342 1835 2444 1873 nos
2477 1819 2620 1873 sicut
2658 1819 2757 1872 Dei
2797 1817 3104 1871 ministros.
3141 1818 3204 1870 In
3239 1815 3554 1867 tribulatio-

1954 1912 2115 1963 nibus
2162 1909 2316 1968 dicit,
2360 1908 2416 1962 id
2455 1914 2542 1962 est
2577 1908 2635 1962 in
2674 1908 2841 1971 fame,
2869 1905 2983 1971 siti,
3015 1904 3288 1968 nuditate,
3315 1902 3554 1972 aliisque

1953 1998 2366 2052 afflictionibus.
2414 2000 2482 2052 1η
2537 1997 2964 2050 necessitatibus.
2999 1993 3318 2047 Necessitas
3347 1990 3555 2045 dicitur

1955 2104 2020 2140 eo
2047 2087 2194 2156 quod
2226 2087 2283 2140 in
2313 2103 2448 2139 nece
2472 2086 2546 2140 sit
2575 2085 2776 2156 posita,
2822 2084 2877 2137 id
2910 2088 2997 2138 est
3028 2083 3086 2136 in
3125 2080 3372 2152 periculo
3401 2095 3552 2132 mor-

1955 2176 2047 2242 tis,
2100 2175 2194 2229 ubi
2239 2175 2496 2246 praecipit
2540 2173 2841 2245 Apostolus
2883 2170 3208 2243 patientiam
3237 2184 3460 2222 servare
3487 2169 3552 2221 in

1956 2267 2250 2332 angustiis.
2287 2263 2485 2318 Omnis
2514 2263 2825 2333 indigentia
2855 2266 2913 2315 et
2941 2259 3151 2331 inopia,
3184 2257 3446 2328 angustia
3467 2271 3558 2310 vo-

1958 2360 2136 2409 catur.

2029 2444 2093 2496 In
2119 2445 2314 2510 plagis,
2343 2446 2404 2495 in
2432 2441 2758 2495 carceribus.
2791 2440 2949 2510 Saepe
2979 2437 3157 2509 plagis
3183 2436 3469 2506 virgarum
3499 2439 3557 2488 et

1957 2531 2272 2601 gladiorum
2303 2547 2477 2584 caesus
2509 2535 2594 2584 est
2614 2529 2933 2600 Apostolus,
2957 2543 3104 2597 saepe
3143 2526 3314 2580 etiam
3346 2525 3402 2577 in
3433 2540 3555 2577 car-

1960 2620 2178 2674 ceribus
2217 2626 2473 2673 retrusus
2509 2624 2597 2672 est
2638 2635 2738 2689 pro
2785 2617 2993 2671 Christi
3028 2615 3274 2679 nomine,
3317 2612 3412 2667 ubi
3442 2628 3554 2665 non
3623 2625 3626 2628 ‘

1961 2708 2196 2763 cessavit
2223 2709 2431 2762 donum
2464 2707 2566 2761 Dei
2605 2706 2924 2778 praedicare,
2963 2708 3285 2773 contempta
3328 2717 3430 2754 sua
3463 2716 3554 2754 sa-

1960 2798 2095 2851 lute.
2121 2797 2400 2851 Admonet
2424 2803 2612 2850 autem
2639 2811 2766 2849 cum
2789 2794 2969 2847 multa
2990 2791 3282 2864 patientia,
3299 2789 3345 2844 si
3371 2805 3557 2843 neces-

1959 2888 2098 2940 sitas
2142 2885 2312 2940 fuerit
2357 2885 2490 2938 talia
2536 2885 2650 2955 pati
2699 2900 2799 2954 pro
2836 2898 3029 2936 amore
3055 2879 3264 2935 Christi
3291 2884 3347 2932 et
3375 2878 3556 2932 salute

1956 2976 2195 3028 fratrum
2231 2979 2570 3038 nostrorum,
2605 2972 2792 3044 qualia
2818 2971 2937 3042 ipse
2966 2969 3236 3024 sustinuit
3269 2983 3448 3038 usque
3485 2965 3557 3020 ad

250 3055 487 3108 stolus:
511 3056 658 3108 Dum
682 3061 892 3125 tempus
909 3059 1188 3127 habemus,
1203 3079 1492 3130 operemur
1514 3067 1658 3132 quod
1673 3068 1876 3120 bonum
1897 3071 1939 3128 C
1962 3063 2412 3118 decollationem.
2465 3066 2531 3117 In
2568 3063 2924 3115 seditionibus
2953 3060 3129 3114 simus
3156 3059 3216 3112 in
3248 3058 3425 3111 multa
3455 3072 3556 3127 pa-

252 3151 339 3198 est
375 3143 530 3210 (Gal.
561 3146 646 3212 Vl).
678 3145 844 3199 Modo
863 3147 1014 3200 enim
1036 3165 1148 3202 non
1167 3167 1465 3221 possumus
1486 3154 1557 3208 ad
1587 3154 1879 3224 indulgen-

249 3234 413 3286 tiam
436 3233 713 3303 proiiccre
743 3244 1083 3305 peccatores,
1131 3241 1296 3294 modo
1343 3243 1591 3296 valemus
1625 3243 1878 3298 obtinere

250 3323 501 3376 veniam
541 3339 553 3373 :
587 3322 720 3393 quia
764 3325 1070 3379 secundum
1115 3329 1264 3398 quod
1294 3333 1568 3401 prOpheta
1596 3333 1768 3387 dicit:
1814 3335 1879 3388 In

255 3411 503 3465 interno
560 3427 726 3466 nemo
773 3413 1132 3468 conﬁtebitur
1173 3417 1288 3472 Deo
1327 3419 1398 3472 ad
1446 3421 1665 3474 veniam
1708 3422 1877 3492 (Psat.

252 3505 359 3570 v1).
399 3500 528 3553 Erit
556 3501 706 3554 enim
736 3502 1087 3572 poenitentia,
1115 3507 1214 3559 sed
1245 3525 1370 3560 sera
1398 3515 1455 3562 et
1483 3509 1664 3563 tarda.

324 3591 577 3644 Nemini
593 3590 785 3643 dantes
807 3594 983 3644 ullam
1014 3595 1380 3659 o/l‘ensionem.
1401 3598 1645 3651 Otl'ensio
1661 3598 1884 3669 proprie

256 3685 357 3733 est
386 3676 744 3740 scandalum,
779 3680 962 3746 ruina,
997 3683 1081 3734 vel
1122 3683 1413 3753 impeditio
1443 3687 1600 3756 pedis
1637 3704 1648 3738 :
1691 3688 1788 3740 sed
1827 3687 1885 3740 in

254 3769 377 3822 hoc
403 3767 535 3819 loco
561 3783 661 3836 pro
689 3769 976 3823 occasione
1007 3772 1248 3825 maxime
1278 3774 1507 3844 ponitur
1539 3793 1550 3827 :
1578 3775 1784 3842 Simus,
1803 3776 1886 3829 in-

257 3857 423 3928 quit,
456 3855 674 3908 nemini
694 3855 894 3911 dantes
916 3859 1087 3913 ullam
1113 3861 1496 3929 otl‘ensionem,
1520 3863 1576 3916 id
1607 3869 1694 3917 est
1723 3881 1884 3918 occa-

255 3945 503 4000 sionem
533 3945 801 4014 peccandi
825 3952 924 4001 aut
952 3948 1011 4002 in
1041 3949 1225 4016 verbo,
1259 3957 1359 4005 aut
1390 3952 1448 4005 in
1481 3969 1662 4022 pravae
1685 3970 1885 4024 opera-

257 4033 454 4089 tionis
477 4033 755 4104 exemplo,
790 4036 877 4089 vel
900 4037 1183 4092 neminem
1224 4041 1663 4096 scandalizemus
1693 4042 1750 4095 in
1778 4043 1886 4096 ali-

257 4139 387 4194 quo
421 4122 690 4175 sermone
717 4123 802 4176 vel
822 4122 966 4178 facto
991 4144 1003 4190 ;
1039 4133 1098 4179 ut
1129 4143 1241 4180 non
1269 4132 1614 4198 vituperetur
1642 4134 1889 4185 ministe-

258 4216 440 4265 rium
473 4215 754 4263 nostrum.
787 4211 866 4264 Ex
906 4229 1145 4282 persona
1183 4231 1284 4268 sua
1315 4216 1564 4288 loquitur
1589 4219 1889 4288 Apostolus

1958 3153 2176 3207 tientia.
2195 3152 2509 3207 Seditiones
2531 3152 2752 3222 pr0prie
2772 3151 2841 3204 ad
2863 3149 3009 3204 cives
3030 3148 3334 3219 pertinent,
3351 3151 3409 3200 et
3427 3149 3562 3198 sunt

1959 3242 2238 3297 tumultus
2285 3247 2342 3296 et
2389 3240 2842 3294 conturbationes
2885 3239 3002 3292 sive
3053 3236 3463 3292 contentiones.
3495 3237 3563 3289 In

1967 3333 2262 3386 laboribus.
2292 3331 2498 3384 Paulus
2527 3330 2813 3400 apostolus
2842 3345 2953 3382 non
2975 3327 3154 3382 solum
3181 3323 3475 3380 laborabat
3501 3323 3562 3376 in

1963 3420 2378 3493 praedicatione,
2408 3420 2506 3473 sed
2535 3419 2704 3473 etiam
2733 3417 2994 3472 inlabore
3023 3432 3294 3470 manuum
3325 3413 3562 3468 desuda-

1965 3509 2061 3564 bat
2089 3527 2101 3565 :
2126 3511 2274 3564 unde
2304 3508 2409 3563 sibi
2435 3509 2640 3562 victum
2673 3514 2730 3562 et
2759 3507 3021 3560 vestitum
3052 3503 3377 3574 acquirebat
3400 3503 3458 3555 in
3486 3501 3563 3554 la-

1965 3600 2100 3653 bore
2128 3599 2340 3653 scilicet
2366 3597 2776 3651 scenofactoriae
2805 3596 3049 3663 artis,ne
3067 3593 3252 3663 gravis
3280 3595 3430 3645 esset
3444 3590 3562 3643 suis

1969 3687 2336 3751 auditoribus,
2369 3686 2416 3739 si
2448 3686 2519 3738 ab
2549 3685 2629 3738 eis
2659 3683 2871 3754 aliquid
2900 3683 3196 3753 acciperet,
3239 3686 3426 3734 certus
3455 3679 3562 3732 hoc

1969 3777 2073 3830 sibi
2104 3778 2371 3847 proficere
2399 3774 2548 3846 apud
2580 3774 2775 3827 Deum.
2819 3775 2886 3826 In
2919 3774 3130 3840 vigiliis
3156 3769 3334 3823 simus
3363 3767 3558 3822 dediti.

1968 3867 2093 3936 Ipse
2121 3882 2232 3918 non
2260 3865 2442 3918 solum
2469 3863 2559 3917 die
2588 3879 2700 3916 non
2743 3861 3000 3916 cessabat
3041 3877 3075 3914 a
3119 3859 3308 3913 labore
3340 3874 3443 3911 nec
3468 3873 3562 3910 re—

1969 3954 2308 4024 quiescebat,
2343 3953 2439 4006 sed
2478 3952 2650 4006 etiam
2682 3956 2906 4005 tantum
2950 3955 3074 4003 erat
3109 3947 3380 4001 sollicitus
3416 3946 3565 4002 circa

1970 4043 2214 4097 officium
2247 4041 2348 4096 sibi
2377 4041 2706 4111 deligatum,
2733 4045 2799 4092 ut
2826 4055 2930 4092 nec
2959 4043 3122 4092 nocte
3150 4040 3392 4089 cessaret
3414 4038 3514 4088 aut
3531 4049 3565 4086 a

1971 4131 2381 4202 przedicatione,
2418 4136 2519 4184 aut
2566 4129 2636 4182 ab
2681 4127 2791 4181 alio
2823 4143 3025 4198 opere;
3057 4125 3205 4179 unde
3234 4123 3477 4194 legimus
3505 4121 3564 4176 in

1973 4219 2209 4274 Actibus
2247 4219 2648 4290 apostolorum,
2698 4216 2833 4286 quia
2872 4231 3040 4284 usque
3066 4215 3140 4268 ad
3167 4214 3408 4266 mediam
3435 4228 3566 4265 noc-

258 4297 658 4403 o‘mniu‘ipque
677 4299 1129 4398 praedicatorum,
1150 4305 1396 4374 jungens
1424 4323 1484 4359 se
1523 4323 1650 4360 cum
1689 4307 1888 4361 Corin-
1905 4345 1954 4403 Β
1975 4315 2079 4362 tem
2109 4325 2273 4362 suum
2297 4324 2600 4361 sermonem
2613 4307 2895 4374 protraxit
2921 4303 3180 4375 (Act.xx),
3215 4301 3439 4374 quando
3460 4301 3568 4355 Eu-

258 4388 438 4443 thiis.
473 4387 850 4441 Ministerium
882 4389 1308 4459 praedicatorum
1338 4393 1688 4465 vituperatur
1721 4403 1889 4468 atque
1909 4387 1953 4403 υ
1972 4398 2192 4469 tychus,
2227 4397 2324 4468 qui
2349 4397 2754 4467 interpretatur
2773 4410 2986 4460 amens,
3004 4393 3073 4446 de
3097 4393 3264 4447 tertio
3282 4391 3566 4446 caenaculo

261 4474 674 4532 contemnitur
696 4490 708 4524 :
730 4476 776 4530 si
795 4478 943 4547 quod
968 4479 1272 4549 praedicant
1288 4482 1469 4536 verbis
1489 4485 1892 4553 agendum,de—

263 4570 522 4622 struunt
551 4565 830 4634 operibus,
864 4566 1020 4620 aliud
1050 4567 1306 4624 videlicet
1332 4572 1702 4642 praedicantes
1721 4574 1778 4627 in
1793 4590 1890 4644 pu-

265 4657 456 4720 blico,
487 4659 547 4707 et
576 4654 728 4708 aliud
757 4662 990 4724 agentes
1009 4657 1065 4710 in
1095 4659 1312 4713 occulto
1339 4673 1351 4708 :
1384 4659 1532 4715 bona
1551 4661 1813 4716 docentes
1834 4664 1890 4717 in

267 4743 610 4818 propatulo,
638 4743 830 4813 turpia
856 4745 914 4798 in
943 4746 1188 4800 conclavi
1216 4755 1532 4818 operantes.

333 4833 455 4889 Sed
474 4835 539 4884 in
556 4833 833 4896 omnibus,
856 4832 1126 4888 subaudis
1148 4837 1356 4890 nostris
1373 4838 1588 4892 actibus
1610 4844 1667 4893 et
1686 4840 1886 4910 verbis,

267 4923 645 4976 exhibeamus
670 4924 726 4971 et
742 4935 1123 4990 praeparemus
1152 4941 1247 4978 nos
1275 4930 1417 4980 sicut
1447 4929 1546 4980 Dei
1582 4932 1886 4986 ministros.

268 5011 386 5067 Dei
421 5007 685 5063 minister
713 5011 818 5072 est,
847 5009 941 5078 qui
964 5011 1080 5065 Deo
1103 5013 1310 5068 militat
1337 5025 1394 5068 et
1413 5015 1526 5068 Deo
1544 5017 1712 5071 servit
1725 5020 1892 5074 verbo

268 5097 566 5154 doctrinae
605 5102 660 5150 et
702 5095 888 5151 fructu
936 5097 1094 5154 bona:
1141 5103 1508 5172 operationis.
1563 5106 1892 5178 Quicunque

272 5190 443 5244 enim
475 5185 579 5241 Dei
609 5184 867 5239 minister
886 5188 1002 5242 vult
1022 5207 1162 5254 esse,
1201 5192 1314 5247 Deo
1351 5192 1518 5247 debet
1546 5194 1603 5248 in
1633 5197 1893 5251 omnibus

271 5279 644 5342 ministrare,
666 5280 731 5328 ut
747 5274 804 5329 in
824 5278 1085 5334 omnibus
1107 5299 1230 5352 quae
1250 5283 1369 5353 agit
1383 5290 1752 5353 cognoscatur
1779 5283 1893 5337 veri

278 5370 400 5424 Dei
432 5383 561 5422 esse
581 5367 780 5430 cultor.
801 5370 952 5424 verbi
977 5371 1181 5441 gratia,
1206 5378 1268 5425 ut
1295 5372 1492 5425 doceat
1521 5372 1779 5437 inscium,
1803 5389 1896 5442 pa-

275 5465 412 5512 scat
466 5459 830 5526 esurientem,
881 5466 1034 5531 potet
1076 5459 1382 5526 sitientem,
1418 5460 1618 5513 vestiat
1658 5461 1893 5527 nudum,

275 5547 592 5602 calefaciat
615 5548 918 5618 algentem,
942 5549 1171 5620 colligat
1198 5553 1516 5620 vagantem,
1539 5549 1727 5604 visitet
1746 5549 1900 5604 inﬁr-

1974 4485 2192 4551 cecidit,
2233 4502 2298 4538 eo
2325 4485 2471 4556 quod
2499 4484 2790 4556 negligens
2821 4489 2967 4537 esset
3003 4483 3059 4537 in
3089 4482 3272 4536 studio
3301 4480 3567 4536 audiendi

1973 4573 2202 4628 verbum
2231 4573 2349 4627 Dei.
2380 4574 2446 4626 In
2465 4576 2704 4642 jejuniis
2725 4572 2902 4626 simus
2923 4571 3218 4642 patientes.
3248 4567 3566 4638 Aliquando

1975 4662 2304 4727 voluntarie,
2326 4661 2626 4732 aliquando
2647 4662 2855 4715 invitus
2869 4658 3185 4729 jejunabat,
3201 4664 3338 4710 etne
3357 4655 3566 4708 ventris

1972 4769 2142 4806 causa
2168 4751 2556 4816 inclinaretur,
2585 4751 2700 4804 Deo
2726 4749 2941 4818 gratias
2967 4746 3186 4817 agebat.
3229 4745 3385 4799 Sicut
3413 4743 3566 4796 enim

1974 4840 2255 4895 medicina
2281 4839 2568 4903 archiatri,
2602 4837 2657 4890 id
2687 4843 2774 4890 est
2800 4835 3006 4889 summi
3053 4833 3272 4899 medici,
3316 4847 3569 4885 necessa-

1973 4931 2058 4984 ria
2105 4936 2190 4985 est
2233 4928 2557 4984 vulneribus
2589 4946 2600 4980 :
2632 4927 2712 4980 ita
2755 4925 2955 4978 animae
3001 4929 3206 4978 nostrae
3251 4921 3570 4976 necessaria

1974 5027 2105 5074 sunt
2125 5020 2364 5090 jejunia.
2660 5024 2664 5028 '

2047 5109 2110 5161 In
2140 5111 2389 5160 castitate
2422 5103 2626 5157 mentis
2656 5107 2714 5156 et
2750 5101 3018 5172 corporis.
3048 5101 3289 5155 Castitas
3320 5100 3570 5174 corporis

1974 5202 2076 5260 est,
2101 5193 2460 5249 immaculate
2475 5198 2532 5246 et
2551 5192 2841 5262 impollute
2871 5191 3142 5246 custodiri
3166 5191 3236 5244 ab
3263 5193 3416 5246 omni
3441 5192 3571 5246 libi-

1975 5284 2122 5337 dinis
2156 5281 2544 5337 delectatione.
2595 5281 2838 5334 Castitas
2880 5281 3105 5346 mentis,
3147 5280 3443 5350 integritas
3487 5286 3573 5334 est

1981 5374 2108 5426 ﬁdei
2137 5374 2267 5443 quia
2297 5371 2391 5424 illa
2423 5387 2551 5424 vera
2581 5376 2667 5424 est
2685 5369 2914 5424 castitas
2955 5388 3075 5440 quae
3106 5386 3206 5423 nec
3237 5376 3421 5422 mente
3451 5369 3572 5438 pol-

1979 5462 2171 5515 luitur.
2204 5461 2304 5514 Vel
2327 5460 2497 5513 etiam
2523 5463 2581 5513 in
2612 5462 2860 5514 castitate
2889 5459 3044 5523 dicit,
3077 5459 3134 5512 id
3162 5465 3247 5511 est
3275 5457 3330 5510 in
3349 5454 3573 5509 sinceri~

1978 5555 2096 5604 tate
2136 5555 2190 5606 et
2234 5549 2561 5620 integritate
2607 5547 2760 5603 verbi
2800 5547 2902 5602 Dei
2939 5547 3116 5602 simus
3145 5545 3338 5606 dediti,
3374 5549 3438 5596 ut
3460 5555 3572 5593 non
