3966 6156
490 253 598 311 685

912 260 1222 320 HAYMON
1224 266 1294 323 18
1332 267 1822 324 ΗΔΒΒΕΒΒΤΔΤ.
1863 266 2090 322 ΕΡΙΒΟ.

2175 267 2290 323 ῬΡ.
2328 268 2516 324 PARS
2553 269 2598 324 Ι.
2645 284 2711 310 ε-ι
2749 267 3120 324 ΘΟἈΗΕΝΤ.
3160 267 3342 323 BIBL.

493 378 876 440 adulteremus
924 387 1152 445 verbum
1202 390 1322 458 Dei,
1355 410 1466 448 non
1496 398 1811 463 querentes
1847 391 2147 462 gloriamA
2173 395 2450 463 patienter
2493 393 2640 448 sicut
2679 392 2925 448 ministri
2973 392 3093 456 Dei,
3138 398 3202 446 ut
3250 406 3430 461 neque
3471 389 3654 444 ﬂvere
3690 395 3739 445 at

495 470 802 549 prepriam,
820 473 917 527 sed
935 476 1031 530 Dei
1061 503 1073 533 :
1096 496 1206 533 non
1228 497 1326 551 pro
1347 482 1519 536 lucris
1541 466 1939 552 temporalibus
1955 498 2090 550 prae-

495 557 762 614 dicationi
806 561 1147 629 insistentes,
1180 569 1277 622 sed
1318 587 1416 638 pro
1448 570 1899 624 remuneratione
1924 576 2088 623 aeter-

496 660 569 726 na
594 668 605 703 :
629 664 741 702 non
769 652 1136 720 praedicantes
1163 646 1274 711 alia
1300 659 1356 712 in
1391 659 1630 729 publica.
1656 666 1714 713 et
1736 644 2090 727 aliaagentes

497 734 837 798 clanculum.
869 746 927 793 et
953 758 1168 797 sacram
1200 746 1548 817 Scripturam
1580 763 1691 802 non
1721 746 2092 816 interpretan-

496 828 585 903 tes
611 840 890 895 perverse.
922 830 991 882 1n
1022 835 1252 887 scicntia
1271 835 1488 889 Veteris
1507 836 1849 890 Testamenti
1870 841 1926 888 et
1953 834 2092 889 Novi

497 910 675 967 simus
720 918 995 987 occupati.
1045 936 1156 974 non
1184 922 1240 975 in
1276 923 1653 985 simulatione.
1696 940 1876 994 neque
1906 924 1963 977 in
1994 924 2095 977 hu-

497 1015 665 1081 mana
684 1003 962 1074 sapientia
983 1024 1127 1078 ,quae
1157 1010 1318 1066 inﬂat
1337 1013 1619 1067 hominem
1645 1013 1768 1067 sine
1796 1012 2088 1066 charitats.

497 1090 568 1145 In
597 1093 1043 1160 longanimitate.
1065 1098 1486 1169 Longanimitas
1500 1110 1583 1155 est
1598 1089 1762 1172 longa
1778 1101 1951 1155 animi
1974 1116 2095 1170 per-

496 1181 828 1247 severantia,
862 1190 918 1237 et
938 1186 1211 1256 patientia
1241 1189 1298 1243 in
1326 1190 1575 1244 adversis
1604 1163 1773 1259 htijus
1793 1180 2000 1243 sarculi.
2024 1192 2094 1244 In

494 1272 784 1330 suavitate.
818 1277 883 1326 ut
911 1274 1052 1329 nulli
1081 1292 1193 1331 non
1220 1279 1402 1333 solum
1433 1279 1611 1339 factis.
1653 1279 1748 1333 sed
1790 1278 1961 1332 etiam
1991 1294 2093 1332 nec

496 1356 679 1411 verbis
699 1360 905 1413 nostris
933 1365 1367 1420 amaritudinem
1391 1384 1746 1437 generclnus.
1777 1370 1842 1421 In
1872 1368 2089 1433 Spiritu

496 1452 702 1508 sancto,
733 1448 790 1501 id
817 1456 920 1507 est.
943 1451 1085 1506 tales
1116 1469 1216 1507 nos
1231 1454 1610 1513 cxhibcamus.
1637 1463 1700 1508 ut
1731 1455 1998 1525 templum
2022 1455 2092 1508 si-

499 1548 626 1587 mus
654 1538 831 1591 sancti
854 1539 1116 1610 Spiritus.
1148 1545 1213 1597 In
1236 1545 1507 1598 charitate
1531 1560 1641 1597 non
1662 1548 1804 1610 ﬁcta.
1835 1544 2092 1598 Charitas

2170 482 2337 535 laude
2366 483 2614 536 fidelium
2646 482 2946 540 alerentur.
2990 491 3169 550 neque
3190 478 3537 533 detractione
3565 477 3738 531 inlide-

2172 570 2307 624 lium
2338 571 2687 641 dejiciamur.
2720 570 2899 623 Aliter
2932 588 2944 622 ε
2980 570 3085 622 Per
3112 567 3350 637 gloriam
3379 565 3742 636 sapientiedi-

2174 658 2332 719 vinae.
2363 666 2419 712 et
2436 659 2675 728 gloriam
2704 659 2970 711 virtutum
3002 657 3117 710 sive
3147 656 3743 721 niit'acuwrum,etper

2172 746 2582 817 ignobilitatem
2610 748 2979 817 ﬂagellorum,
3016 746 3457 815 despectienum.
3483 748 3546 797 et
3583 754 3744 796 carce-

2173 852 2298 890 rum
2320 837 2604 907 patienter
2626 836 2953 889 incedamus
2968 849 3067 902 per
3082 835 3384 900 infamiam
3400 837 3449 884 et
3471 834 3669 886 bonam
3681 832 3747 896 fs-

2176 941 2346 979 mam.
2372 925 2612 980 infamia
2640 932 2725 978 est
2755 924 2903 977 mala
2918 923 3103 988 fama;
3131 921 3275 975 bona
3301 937 3429 974 vero
3448 918 3749 975 fumabant

2177 1020 2263 1068 est
2292 1014 2481 1085 opinio
2511 1020 2569 1067 et
2598 1014 2741 1067 laus.
2774 1012 2843 1066 Et
2873 1012 3020 1082 quod
3048 1010 3308 1081 superius
3331 1009 3485 1071 dixit,
3522 1024 3626 1079 per
3649 1008 3750 1077 glo-

2175 1101 2318 1156 riam
2341 1110 2399 1156 et
2424 1103 2853 1173 ignobilitatem.
2880 1102 2982 1156 hoe
3008 1099 3271 1170 repetivit
3297 1097 3668 1167 explananda.
3687 1098 3752 1150 ie-

2176 1190 2376 1261 quiens
2406 1216 2418 1247 ι
2447 1191 2554 1245 Per
2581 1190 2871 1244 infamiam
2912 1196 2971 1244 et
3011 1188 3213 1242 bonam
3242 1186 3449 1241 famam
3490 1185 3755 1257 patienter

2174 1280 2521 1343 incedamus,
2548 1279 2819 1333 habentes
2844 1277 3157 1333 custodiam
3190 1276 3460 1330 Virtutum
3496 1284 3535 1328 a
3564 1273 3755 1327 dextris

2174 1374 2231 1420 et
2253 1384 2287 1420 a
2315 1367 2580 1428 sinistris,
2598 1367 2890 1421 credentes
2908 1366 3032 1437 plus
3047 1364 3342 1434 nobisipsis
3368 1363 3437 1416 dc
3460 1362 3628 1417 nobis
3641 1362 3754 1432 quid

2173 1454 2371 1517 simus.
2387 1472 2554 1525 quam
2583 1455 2821 1509 aliorum
2842 1454 3039 1508 Verbis.
3068 1454 3129 1507 Ut
3150 1454 3453 1506 “ductores
3471 1457 3521 1503 et
3540 1460 3751 1504 veraces.

2176 1544 2340 1597 Modo
2368 1544 2596 1614 exponit
2625 1544 2937 1614 superiora.
2968 1543 3053 1596 Ab
3089 1540 3410 1595 inﬁdelibus
3436 1539 3757 1593 dicebantur

496 1621 632 1721 litata
657 1633 760 1688 est,
795 1627 1019 1725 quando
1053 1630 1177 1700 quis
1218 1632 1408 1686 videns
1448 1632 1680 1686 fratrem
1722 1648 1885 1686 suum
1917 1632 1975 1686 in
2001 1649 2156 1730 ne-B
2177 1647 2300 1685 esse
2319 1632 2662 1695 seductores,
2706 1632 2853 1702 magi
2883 1638 2942 1685 et
2979 1630 3246 1685 maleficia
3277 1646 3311 1682 a
3333 1627 3596 1682 ﬁdelibus
3627 1642 3752 1690 vero,

495 1711 756 1789 cessitate
777 1716 1022 1785 positum
1049 1718 1390 1792 derelinquit
1415 1738 1563 1775 eum.
1589 1738 1754 1792 quem
1785 1727 1952 1775 antea
1973 1738 2095 1792 pro-

497 1798 764 1880 fitebatur
784 1820 846 1858 se
880 1811 998 1860 toto
1027 1807 1152 1862 nisu
1179 1810 1382 1863 mentis
1406 1810 1658 1880 diligere.
1693 1811 1846 1864 Ficta
1873 1827 2095 1881 quoque

497 1887 740 1944 charitas
770 1900 873 1959 est,
906 1896 1130 1965 quando
1163 1898 1288 1967 quis
1311 1899 1502 1953 videns
1521 1900 1751 1953 fratrem
1782 1915 1946 1954 suum
1975 1916 2096 1969 pec-

498 1979 644 2041 care,
688 1995 798 2034 non
840 1984 1073 2055 corripit
1114 2002 1241 2039 eum
1287 2003 1456 2041 causa
1502 1988 1860 2042 adulationis.
1906 1988 2091 2041 Firma

496 2080 627 2119 vero
649 2067 892 2124 Charitas
911 2078 1015 2133 est,
1034 2072 1083 2125 si
1112 2072 1397 2143 diligimus
1418 2076 1731 2145 proximum
1754 2083 1817 2128 ut
1846 2082 2092 2129 nosmet-

496 2152 648 2235 ipsos
678 2162 735 2209 et
766 2158 854 2211 cui
903 2164 1155 2230 tempore
1201 2154 1588 2232 prosperitatis
1634 2163 1921 2218 adhaerere
1948 2164 2093 2218 vide-

496 2238 716 2306 bamur,
751 2251 1005 2323 tempore
1047 2250 1447 2318 persecutionis
1490 2251 1647 2305 illum
1699 2268 1808 2305 non
1849 2252 2092 2305 derelin-

499 2330 742 2399 quimus.
767 2332 845 2388 De
870 2335 1146 2391 charitate
1164 2338 1299 2392 dicit
1328 2342 1615 2410 apostolus
1636 2342 1880 2395 Joannes
1908 2358 1920 2387 :
1951 2342 2093 2395 Cha-

500 2417 731 2499 rissimi,
763 2438 873 2477 non
896 2424 1195 2495 diligamus
1224 2428 1576 2483 solummodo
1608 2429 1772 2483 verbo
1798 2436 1856 2483 ct
1877 2430 2084 2500 lingua,

500 2508 597 2587 sed
629 2516 796 2581 opere
825 2519 882 2566 et
909 2512 1160 2569 veritate.

568 2600 638 2653 In
665 2602 821 2655 verbo
849 2604 1118 2657 veritatis.
1157 2605 1344 2659 Simus
1376 2606 1653 2676 occupati,
1699 2606 1753 2660 id
1782 2613 1868 2661 est
1895 2607 1953 2660 in
1993 2607 2094 2661 do-

497 2686 680 2763 ctrina
711 2689 1011 2767 Evangelii,
1041 2694 1127 2746 vel
1156 2701 1307 2747 certe
1334 2695 1392 2748 in
1422 2695 1586 2748 verbo
1613 2695 1882 2761 veritatis,
1920 2702 1981 2750 ut
2009 2713 2095 2749 ve-

498 2775 723 2853 ritatem
751 2778 1052 2850 loquamur
1070 2799 1195 2836 cum
1228 2783 1494 2853 proximis
1527 2784 1750 2837 nostris.
1783 2787 1846 2838 In
1888 2788 2097 2837 rirtutc

2177 1728 2407 1791 propter
2434 1736 2628 1775 sanam
2644 1720 2956 1773 doctrinam
2977 1728 3037 1773 et
3055 1718 3319 1772 virtutem
3347 1716 3753 1791 miraculorum,

2178 1790 2295 1863 nos
2313 1809 2494 1863 solum
2522 1825 2743 1864 veraces
2771 1815 2831 1862 et
2851 1807 3009 1877 justi,
3046 1807 3143 1861 sed
3176 1806 3347 1860 etiam
3377 1790 3455 1858 dii
3486 1803 3755 1857 nauem-

2177 1902 2288 1954 tur.
2304 1896 2365 1950 si:
2386 1904 2459 1951 ut.
2479 1898 2716 1967 legimus
2746 1897 2803 1951 in
2828 1896 3059 1951 Actibus
3082 1894 3463 1965 apostolorum
3487 1896 3633 1961 uicti
3651 1903 3754 1955 iuvi,

2177 1986 2400 2056 quando
2420 1986 2473 2039 ei
2503 1994 2558 2040 et
2577 1976 2830 2040 Barnabe
2849 2000 3084 2039 coronas
3111 1984 3452 2047 detulerunt,
3476 1981 3749 2035 dicentes:

2178 2074 2266 2128 Dii
2290 2084 2417 2129 sunt
2434 2075 2491 2128 in
2513 2075 2695 2145 efﬁgie
2715 2074 3001 2128 hominum
3027 2074 3286 2127 latentes.
3318 2072 3383 2126 Et
3402 2070 3537 2141 quid
3563 2068 3754 2123 mirum

2175 2163 2224 2218 si
2252 2164 2486 2235 apostoli
2516 2171 2575 2218 et
2610 2164 2755 2217 servi
2790 2164 3112 2217 seductores
3149 2161 3415 2232 appellati
3456 2166 3608 2222 sunt,
3643 2170 3753 2211 cum

2176 2251 2295 2322 ipse
2325 2253 2595 2306 Dominus
2623 2259 2682 2307 et
2710 2252 2980 2322 magister
3006 2251 3259 2305 omnium
3292 2250 3556 2304 seductor
3574 2247 3655 2300 sit
3669 2262 3755 2316 ap-

2177 2341 2440 2412 pellatus,
2470 2336 2783 2395 dicentibus
2802 2341 3010 2395 ludatis
3039 2346 3166 2410 post
3185 2346 3423 2393 mortem
3454 2338 3576 2406 ejus
3594 2337 3665 2389 ad
3683 2335 3755 2389 Pi-

2171 2430 2349 2485 latum
2385 2447 2397 2483 :
2432 2430 2686 2494 Domine,
2718 2432 2992 2484 recordati
3009 2441 3203 2483 summ
3232 2430 3369 2496 quia
3395 2429 3648 2501 seductor
3676 2425 3752 2476 ille

2174 2521 2319 2572 dixit
2343 2520 2523 2572 adhuc
2551 2524 2766 2573 vivms:
2801 2521 2920 2572 Post
2953 2524 3059 2571 tres
3085 2519 3199 2571 dies
3227 2531 3516 2583 resurgam
3539 2513 3751 2582 (Matth.

2175 2614 2362 2675 XXV/Ii).
2388 2609 2461 2662 Ut
2483 2608 2578 2661 sed
2588 2614 2806 2661 actores
2834 2607 2983 2677 apud
3012 2606 3288 2668 infideles.
3302 2611 3359 2658 et
3380 2618 3598 2656 veraces
3614 2600 3749 2671 apud

2174 2697 2464 2750 credentes
2492 2697 2819 2750 incedentes
2848 2696 3146 2766 patienter,
3165 2693 3399 2764 protecti
3422 2691 3755 2761 undiquear-

2179 2784 2285 2838 mis
2306 2786 2595 2849 virtutum,
2627 2788 2769 2838 sicut
2806 2788 2907 2852 qui
2944 2786 3121 2850 ignoti
3150 2781 3450 2836 incredulis
3484 2785 3533 2832 et
3560 2780 3756 2845 cogniti

504 2865 597 2918 Dei
624 2881 899 2946 ponamus
925 2886 1081 2940 spem
1114 2878 1384 2930 nostram,
1417 2888 1528 2925 non
1552 2872 1608 2926 in
1642 2881 1833 2927 nostra
1861 2873 2126 2927 audacia.
2177 2874 2552 2936 credentibus,
2586 2874 2639 2928 id
2685 2880 2770 2927 est
2816 2874 2966 2927 inter
3009 2872 3134 2925 illos
3169 2873 3261 2941 qui
3291 2886 3402 2924 non
3432 2872 3757 2938 cognoscant

498 2959 598 3008 aut
622 2955 858 3025 alicujus
880 2958 1121 3013 hominis
1142 2953 1412 3031 potentia,
1437 2961 1572 3030 quia
1592 2963 1916 3015 matrdt'ctus
1938 2963 2097 3016 homo
2120 3020 2154 3031 __
2178 2962 2655 3018 conversationem
2688 2971 2958 3019 nostram.
2992 2977 3095 3015 nec
3113 2961 3302 3013 valent
3322 2966 3614 3029 penetrare
3642 2956 3755 3009 doo-

501 3044 601 3124 ιίυί
629 3048 947 3124 con/idil‘in
979 3020 1198 3101 homine
1234 3050 1368 3116 (Jcr.
1401 3020 1572 3104 'vam.
1617 3050 1734 3112 Vel,
1782 3053 1845 3103 in
1892 3020 2156 3104 virtutec
2178 3050 2385 3106 trinam
2412 3061 2681 3113 nostrum,
2712 3059 2770 3106 et
2791 3052 2939 3105 inter
2960 3050 3084 3104 illos
3108 3066 3141 3103 a
3164 3020 3365 3115 quibus
3384 3045 3757 3116 cognoscimur

507 3131 601 3216 Dii
631 3131 785 3216 dicit.
818 3134 872 3188 id
899 3144 1002 3201 est,
1027 3144 1091 3191 ut
1119 3153 1233 3192 non
1263 3138 1471 3192 nostris
1500 3138 1712 3192 meritis
1737 3139 2093 3210 deputemus,
2180 3157 2302 3195 esse
2332 3140 2445 3194 veri
2468 3141 2711 3195 cultores
2744 3139 2844 3193 Dei
2868 3139 3194 3193 incedamus
3218 3135 3622 3208 patientissimo
3649 3147 3757 3185 mu-

502 3208 549 3271 si
576 3210 710 3303 quid
742 3208 870 3276 boni
901 3224 1249 3303 agimus,sed
1276 3227 1479 3280 virtute
1503 3226 1601 3281 Dei
1625 3244 1638 3279 :
1665 3244 1776 3297 quo
1796 3208 2097 3298 adiuvante
2179 3227 2285 3283 niti
2313 3229 2487 3283 armis
2510 3229 2746 3299 iustitiae
2774 3245 2788 3287 ι

499 3309 692 3393 omnia
721 3309 866 3366 bona
898 3313 1131 3384 implere
1160 3315 1465 3369 valeamus.
1497 3318 1600 3369 Per
1626 3332 1791 3369 arma
1808 3319 2044 3383 justitia:
2063 3334 2097 3369 a
2252 3318 2422 3385 Quasi
2442 3320 2754 3381 interientes,
2777 3322 2825 3370 et
2847 3332 2956 3370 ecce
2986 3318 3245 3370 uiuimus.
3270 3314 3443 3378 Quasi
3463 3310 3759 3367 morieban-

499 3398 707 3483 dert-rir
744 3406 793 3453 et
817 3418 851 3455 a
882 3405 1149 3464 sinistris,
1185 3402 1237 3456 id
1268 3409 1382 3481 est,
1411 3420 1512 3475 per
1539 3420 1700 3457 arma
1723 3404 1990 3458 virtutum
2009 3405 2097 3458 in-
2178 3411 2273 3459 tur
2299 3405 2476 3460 sancti
2498 3405 2733 3477 apostoli
2767 3412 2825 3459 et
2844 3413 3140 3475 martyres,
3171 3420 3298 3458 cum
3328 3419 3428 3473 per
3458 3401 3630 3456 multa
3658 3406 3755 3453 tor-

500 3485 767 3542 cedamus
787 3488 842 3542 in
869 3491 1152 3561 prosperis
1178 3497 1235 3545 et
1261 3491 1319 3545 in
1352 3492 1619 3545 adversis.
1652 3493 1827 3546 Arma
1854 3509 2007 3563 ergo,
2040 3494 2097 3547 id
2182 3500 2369 3548 menta
2399 3502 2455 3548 et
2482 3496 2862 3548 cruciamenta
2892 3508 3033 3564 penc
3058 3508 3236 3563 usque
3263 3492 3333 3546 ad
3363 3498 3599 3545 mortem
3622 3488 3753 3542 aﬂli-

499 3586 587 3633 est
609 3581 920 3635 custodiam
952 3583 1221 3637 virtutum
1254 3600 1289 3636 a
1315 3583 1524 3637 dextris
1562 3582 1748 3645 habet,
1781 3586 1942 3655 cujus
1970 3586 2095 3639 ani-
2174 3582 2469 3653 gebantur.
2515 3583 2621 3637 Sed
2665 3584 2798 3637 dum
2850 3583 2931 3636 ita
2965 3587 3151 3637 essent
3198 3582 3257 3635 in
3294 3580 3540 3651 periculo
3576 3577 3754 3631 mortis

498 3683 653 3745 mum
704 3686 973 3740 prospera
1001 3672 1171 3741 hujus
1204 3672 1392 3726 szeculi
1422 3688 1532 3724 non
1563 3671 1782 3727 elevant
1810 3674 1868 3727 in
1896 3689 2092 3744 snper-
2176 3672 2466 3725 constituti
2494 3680 2552 3725 et
2581 3672 2637 3725 in
2666 3671 3057 3741 desperatione
3086 3671 3231 3731 vitae;
3270 3686 3369 3740 per
3396 3668 3755 3738 ﬂagella,ver-

497 3755 671 3838 bium.
704 3773 887 3827 neque
916 3758 1281 3812 emolliunLA
1303 3759 1549 3814 sinistris
1576 3777 1797 3832 quoque
1825 3778 1981 3815 arma
2002 3762 2091 3815 ha-
2178 3760 2402 3822 bera,et
2430 3760 3000 3829 lapidationessubito
3022 3760 3224 3813 virtute.
3253 3758 3349 3812 Dei
3376 3756 3619 3811 roboratl
3639 3762 3749 3808 con-

500 3843 615 3926 bet,
648 3860 814 3925 quem
845 3846 1079 3901 adversa
1122 3864 1230 3902 non
1266 3847 1559 3919 dejiciunt.
1592 3866 1773 3920 neque
1806 3850 2091 3921 frangunt.
2177 3849 2549 3914 fortabantur,
2578 3855 2636 3902 et
2664 3849 2824 3919 quasi
2854 3865 2920 3902 ex
2951 3857 3188 3903 mortuis
3211 3847 3377 3901 vitam
3408 3844 3749 3915 recipiebant.

501 3931 711 3986 Paulus
732 3932 907 4003 igitur
933 3951 966 3987 a
996 3935 1204 4015 dextris
1230 3944 1283 3991 et
1314 3954 1348 3992 a
1376 3938 1619 3993 sinistris
1633 3955 1792 3993 artua
1814 3940 2092 4011 portabat,
2178 3940 2268 3994 Sic
2296 3938 2535 4009 legimus
2562 3939 2631 3992 de
2649 3938 2810 3993 beato
2835 3938 3024 4002 Paulo,
3044 3937 3175 4008 quia
3201 3948 3328 3990 cum
3360 3936 3557 3990 Listris
3575 3932 3751 3988 tandiu

500 4026 670 4097 atque
698 4039 929 4103 securus
955 4023 1014 4078 in
1049 4026 1230 4080 medio
1257 4026 1549 4104 incedebat
1563 4044 1689 4081 cum
1704 4028 1843 4082 talia
1861 4029 2091 4095 diceret,
2177 4024 2345 4087 esset.
2370 4015 2686 4098 ﬂagellatus
2725 4035 2783 4081 et
2825 4027 3102 4098 lapidibus
3141 4027 3395 4087 obrutus;
3428 4041 3529 4095 per
3558 4024 3751 4094 plateas

502 4109 634 4193 quia
663 4118 719 4164 et
744 4110 801 4165 in
824 4112 1104 4183 prosperis
1133 4121 1256 4167 erat
1284 4114 1539 4193 humilis,
1567 4121 1623 4169 et
1645 4116 1702 4168 in
1727 4115 1975 4170 adversis
1990 4116 2097 4170 for—
2178 4131 2399 4187 quoque
2426 4115 2666 4168 civitatis
2687 4120 2901 4168 tractus
2922 4128 3214 4185 quousque
3233 4112 3394 4183 quasi
3414 4120 3663 4166 mortuus
3681 4124 3751 4162 rs-

502 4197 781 4279 tissimus.
806 4200 1042 4270 Semper
1069 4217 1203 4271 ergo
1231 4201 1426 4255 adesse
1455 4200 1623 4255 debet
1650 4202 1933 4257 mentibus
1962 4221 2093 4258 nos-
2179 4202 2528 4273 linqueretur
2571 4221 2583 4256 :
2626 4211 2787 4257 nocte
2830 4203 3027 4257 eadem
3065 4206 3485 4256 transcurrente
3524 4197 3748 4253 diluculo

498 4285 613 4384 tris.
632 4286 689 4339 in
717 4287 1054 4387 adversitate
1079 4284 1299 4367 ﬁducia,
1334 4297 1391 4342 et
1408 4306 1535 4360 spes
1563 4296 1735 4355 certa,
1768 4299 1825 4344 et
1851 4291 1911 4344 in
1943 4291 2345 4392 pros-Dempit
2374 4293 2429 4344 in
2459 4291 2678 4346 Derben
2700 4292 2927 4346 verbutn
2960 4291 3059 4346 Dei
3081 4290 3302 4362 publice
3331 4289 3651 4360 pradieares
3671 4284 3747 4339 Illi

495 4374 735 4455 peritate
757 4375 942 4457 timor,
959 4392 1029 4429 ne
1057 4385 1157 4430 aut
1180 4377 1246 4429 ad
1258 4394 1413 4431 versa
1443 4379 1501 4431 in
1520 4378 1967 4449 desperationem
1992 4397 2092 4434 nos
2111 4372 2158 4392 ⁸³
2175 4382 2322 4433 enim
2347 4380 2440 4450 qui
2469 4380 2912 4443 decollabantur,
2938 4382 3097 4450 quasi
3121 4377 3506 4433 moriebantur
3531 4378 3662 4431 dum
3687 4372 3746 4427 ab

494 4465 830 4535 pertrahant
876 4464 1046 4545 utsicut
1074 4465 1212 4518 Cain
1242 4474 1300 4519 et
1326 4466 1351 4519 J
1362 4468 1526 4520 udam
1574 4468 1962 4538 proditorem),
1994 4478 2093 4522 aut
2174 4468 2278 4522 hoc
2297 4469 2501 4523 saeculo
2516 4470 2850 4529 transibunt.
2869 4470 2967 4524 sed
2989 4470 3084 4523 illa
3099 4479 3249 4521 mors
3271 4466 3596 4537 temporalis
3622 4468 3742 4523 erat,

493 4568 764 4635 prospera
793 4554 1045 4635 animum
1089 4554 1163 4633 in
1186 4562 1463 4633 tumorem
1496 4556 1768 4626 superbite
1796 4558 2086 4623 extollunt,
2174 4557 2264 4611 cui
2292 4558 2625 4611 succedebat
2648 4558 2759 4611 vita
2790 4565 3078 4629 perpetua.
3117 4552 3177 4613 Ut
3222 4560 3501 4625 castigati,
3532 4550 3745 4609 verberi-

493 4646 552 4696 et
596 4640 653 4696 in
700 4642 785 4697 sui
819 4642 1020 4721 ﬁducia
1049 4642 1348 4722 decipiant,
1381 4640 1524 4698 sicut
1561 4652 1618 4698 et
1643 4645 2091 4700 Nabuchodono-
2176 4644 2278 4722 bus
2309 4652 2366 4698 et
2393 4645 2591 4709 verbis,
2619 4638 2709 4697 sed
2740 4662 2849 4699 non
2880 4648 3215 4712 mortiﬁcata}
3250 4643 3485 4708 Quando
3517 4640 3744 4711 ﬂagella-

492 4747 604 4813 sor,
640 4732 862 4815 quando
880 4720 1050 4813 dixit:
1074 4720 1268 4787 Nonne
1295 4734 1403 4787 hac
1430 4739 1507 4787 est
1540 4736 1639 4788 illa
1665 4736 1903 4804 Babylon
1921 4750 2091 4804 quam
2174 4720 2380 4788 bantur
2406 4734 2583 4787 sancti
2612 4734 2849 4804 apostoli
2892 4742 2949 4787 et
2975 4740 3268 4804 martyres.
3298 4732 3608 4802 castigabat
3636 4727 3743 4799 qui-

492 4821 759 4903 zdiﬁcavi
781 4826 804 4873 ?
842 4823 1001 4890 (Dan.
1038 4828 1131 4890 Iv.)
1181 4894 1187 4900 _
1222 4896 1223 4899 η
2173 4822 2299 4875 dem
2328 4822 2455 4876 illos
2485 4823 2655 4887 Deus,
2678 4838 2749 4875 ne
2764 4839 2824 4876 se
2852 4823 3180 4876 extellerent
3204 4829 3433 4894 propter
3464 4820 3742 4874 maximam

564 4909 669 4962 Per
694 4911 933 4993 gloriam
962 4913 1011 4961 et
1038 4910 1460 4990 ignobilitatem.
1487 4908 1641 4988 Sicut
1661 4907 1862 4977 nobilis
1887 4909 2093 4964 dicitur
2172 4912 2413 4981 gratiam
2461 4910 2567 4964 sibi
2612 4927 2956 4977 concessam,
3000 4911 3097 4965 sed
3141 4927 3254 4965 non
3284 4908 3641 4985 permittebat
3663 4918 3741 4959 eos

493 4995 871 5055 nominabilis.
918 4996 997 5050 ita
1037 4996 1299 5066 ignobilis
1339 4997 1461 5051 sine
1508 4998 1798 5068 dignitatis
1841 4999 2088 5053 nomine.
2175 5000 2319 5054 mori
2351 5016 2530 5070 usque
2555 4999 2623 5053 ad
2656 5006 2878 5070 tempus
2908 5016 3019 5069 quo
3044 5000 3095 5052 ei
3126 4999 3397 5070 placebat.
3431 4994 3742 5066 Castigatio-

494 5082 689 5168 ‘San‘ct‘i
715 5085 954 5155 apostoli
975 5086 1126 5167 apud
1160 5085 1354 5139 tideles
1379 5087 1613 5155 gloriosi
1636 5074 2002 5151 habebantur,
2036 5094 2092 5142 et
2175 5103 2302 5141 nem
2333 5088 2540 5158 quippe
2560 5088 2618 5141 in
2648 5088 2752 5142 hoc
2783 5089 2904 5143 loco
2934 5106 3033 5159 pro
3065 5088 3443 5159 ﬂagrilatlono
3472 5096 3742 5158 possumus

494 5159 870 5257 laudabuntur
908 5171 979 5226 ab
1023 5161 1131 5226 illis
1174 5175 1395 5257 iteraces
1444 5192 1585 5241 esse,
1618 5176 1795 5230 sancti
1826 5184 1882 5230 et
1900 5176 2042 5246 justi
2075 5196 2086 5231 :
2174 5177 2653 5247 intelligere,sirut
2673 5177 2911 5246 legimus
2937 5184 2946 5228 I
2976 5177 3172 5231 ilatutn
3195 5177 3401 5231 dixisse
3420 5176 3491 5230 de
3509 5171 3740 5230 Domino.

493 5260 639 5345 apud
670 5248 927 5345 infideles
968 5277 1097 5343 vero
1139 5248 1411 5329 ignobiles
1452 5272 1509 5317 et
1537 5265 1657 5319 sine
1686 5266 1874 5336 aliqua
1904 5266 2087 5320 laude.
2173 5266 2542 5335 Castigatum.
2575 5265 2834 5335 inquiens
2900 5268 3065 5320 illum
3097 5268 3379 5321 dimittam
3412 5266 3558 5330 (Luc.
3587 5264 3740 5320 mut.

492 5330 651 5433 Unde
680 5338 813 5402 dicit
830 5336 1129 5418 Apostolus
1155 5362 1165 5396 :
1192 5350 1547 5431 Rergloriam
1571 5330 1841 5412 fidelium.
1860 5362 1917 5408 et
1938 5354 2092 5423 igno—
2246 5330 2415 5421 Quasi
2441 5330 2881 5422 tristem—semper
2905 5360 3089 5407 autem
3119 5357 3416 5421 gamtcntu
3445 5349 3671 5424 apostoli
3695 5350 3743 5399 et

495 5432 1091 5514 billtateminﬁdelium
1120 5456 1130 5489 :
1160 5438 1424 5500 vel,inter
1439 5442 1565 5496 illos
1585 5460 1618 5495 a
1638 5444 1841 5514 quibus
1859 5444 2089 5513 gloriosi
2172 5444 2348 5496 sancti
2380 5449 2676 5512 martyres,
2713 5442 2847 5496 dum
2879 5442 3333 5512 lacrymabantur
3372 5441 3519 5494 inter
3542 5434 3743 5506 ﬂagella

493 5514 754 5593 dicimur,
776 5533 835 5581 et
848 5512 1136 5581 interillos
1160 5541 1197 5580 a
1219 5527 1422 5598 quibus
1443 5512 1738 5599 ignobiles,
1761 5512 2088 5588 incedamus
2170 5537 2230 5588 et
2271 5531 2552 5588 cruciatus
2578 5529 2879 5598 terribiles,
2925 5531 3117 5589 tristes
3154 5530 3496 5599 videbantur
3539 5540 3653 5582 esse
3691 5522 3740 5574 in
