3966 6156
211 274 298 331 ur
845 268 1227 325 oleastris
1255 269 1334 325 IN
1362 270 1517 345 sse.
1548 271 1609 327 s.
1638 268 1876 326 pausa
1911 284 1976 310 ιιι
2005 270 2086 326 tu
2116 268 2342 328 arias.
2372 269 2426 326 n
2461 271 2560 326 an
2587 269 2753 327 eos.
3306 244 3432 328 ὀη

209 400 355 461 vultu,
382 396 469 451 sed
492 393 813 465 gaudebant
840 393 897 449 in
928 397 1113 461 corde,
1147 397 1329 453 securi
1369 398 1439 452 de
1492 415 1590 470 spe
1644 398 2245 468 em-Apraadleationis
2259 406 2419 455 arma
2439 405 2496 454 et
2526 400 2790 455 Virtutem
2819 392 3220 455 miratulorim
3240 398 3432 470 subiit

209 488 398 543 lestium
430 486 798 555 praemiorum,
827 469 1069 539 scientes
1097 474 1231 557 quia
1268 498 1377 541 non
1413 469 1546 542 sunt
1568 488 1757 542 condio
1835 493 2124 556 gaverant.

205 592 306 646 grue
325 574 589 644 passiones
621 574 790 640 hujus
820 574 1090 645 temporis
1117 575 1185 629 ad
1214 575 1458 630 futuram
1491 577 1751 646 gloriam,
1908 573 1975 628 In
2005 576 2422 647 paseessoribus
2457 577 2664 631 etenim
2694 578 2884 632 omnia
2924 575 3436 648 possidebantpos‘

207 679 307 733 qua
334 660 651 715 revelabitur
674 661 729 714 in
761 661 905 715 illis:
960 669 1017 716 et
1044 663 1308 733 quoniam
1359 664 1592 719 tristitia
1635 664 1757 720 illo-
1836 679 2139 719 sessorem.
2171 664 2329 719 Sicut
2353 670 2500 719 enim
2532 664 2759 736 quidam
2776 667 2885 721 dux
2898 666 3280 721 Romanorum
3301 662 3438 718 Tar-

204 767 307 804 rum
335 748 583 802 vertenda
603 749 1075 819 eratingaudium
1093 752 1567 806 aeternumaElecti
1587 752 1756 822 quid-
1837 746 2062 821 quinius
2108 753 2337 808 nomine
2363 753 2653 823 respondit
2678 754 2877 825 legatis
2905 754 3200 822 cujusdam
3222 751 3432 822 gentis,

207 838 315 908 quid
341 836 704 891 tribulationis
732 845 791 891 et
819 839 1221 907 persecutionis
1264 840 1563 901 sustinent.
1592 840 1752 911 quasi
1834 857 2035 894 aurum
2068 842 2380 896 volentibus
2392 844 2529 897 dare
2559 859 2657 913 pro
2683 854 2818 913 pace
2838 859 2904 897 ac
2932 842 3211 905 libertate,
3231 840 3436 894 Roma-

106 966 109 969 -
204 932 273 981 est
296 926 410 986 illis.
438 925 488 978 id
526 930 609 978 est
634 935 901 995 tanquam
933 942 1044 981 non
1074 927 1168 992 sit,
1195 929 1327 999 quia
1377 930 1425 982 si
1464 929 1758 984 creduntur
1838 943 1941 983 nos
1981 930 2167 1000 potius
2220 931 2360 984 velle
2415 939 2615 987 aurum
2666 930 3081 1002 possidentibus
3126 929 3428 1008 impara're,

206 1015 366 1084 virgis,
394 1013 436 1068 si
464 1014 839 1081 emoriantur,
869 1026 923 1069 et
945 1016 1114 1070 etiam
1158 1016 1204 1071 si
1248 1017 1599 1082 occiduntur,
1631 1029 1755 1073 om-
1839 1033 2005 1087 quam
2035 1030 2237 1072 aurum
2268 1018 2479 1095 habere.
2499 1026 2601 1073 aut
2636 1020 2940 1090 possidere,
2971 1020 3048 1073 ita
3084 1016 3265 1073 sanati
3294 1021 3435 1088 apo-

203 1104 281 1158 nia
303 1102 445 1173 quasi
472 1110 637 1156 sunt:
668 1103 801 1174 quia
824 1105 1152 1179 transitoria
1171 1112 1305 1161 sunt
1323 1113 1380 1161 et
1397 1108 1751 1178 temporalia.
1838 1106 1966 1159 stoli
1999 1106 2180 1177 magis
2208 1107 2606 1163 desiderabant
2623 1112 2972 1179 pbssessdres
2991 1107 3311 1162 divitiarum
3334 1109 3435 1177 per

199 1192 370 1247 Veniet
384 1198 566 1246 autem
593 1209 781 1246 verum
811 1192 1058 1251 illorum.
1093 1178 1147 1247 id
1175 1202 1258 1248 est
1287 1196 1558 1265 gaudiUm
1589 1202 1755 1251 :eter—
1840 1194 2004 1249 ﬁdem
2035 1202 2093 1249 et
2118 1195 2430 1250 doctrinam
2461 1178 2671 1251 Christi
2693 1198 2997 1266 possidere,
3024 1200 3193 1268 quam
3217 1194 3436 1266 aliquid

200 1296 308 1334 num
336 1287 386 1331 et
410 1282 515 1332 vita
541 1280 662 1332 sine
694 1280 802 1334 tine
836 1297 1119 1335 mansura.
1156 1282 1311 1337 Sicut
1351 1285 1501 1338 enim
1534 1284 1626 1339 ille
1656 1287 1753 1356 qui
1836 1283 2124 1353 proprium
2161 1283 2383 1338 habere.
2418 1286 2722 1339 Possumus
2751 1285 2918 1338 etiam
2950 1286 3135 1340 dicere
3190 1284 3323 1355 quia
3370 1283 3434 1337 in

198 1360 417 1430 seminat,
451 1368 868 1437 expergefactus
888 1371 1029 1423 solet
1049 1370 1261 1424 dicere:
1296 1372 1466 1435 Quasi
1499 1373 1750 1427 videbam
1836 1374 1939 1428 hoc
1965 1376 2167 1428 saeculo
2195 1377 2432 1446 apostoli
2464 1376 2624 1447 quasi
2650 1376 2789 1429 nihil
2820 1376 3088 1431 habentes
3116 1384 3300 1440 erant,
3333 1374 3435 1428 sed

198 1456 417 1510 homines
435 1456 723 1525 equitare,
757 1457 916 1527 quasi
950 1452 1198 1512 Videbam
1234 1469 1364 1513 ante
1412 1478 1499 1514 me
1551 1462 1753 1516 multas
1836 1463 1892 1515 in
1916 1463 2097 1533 capite
2124 1481 2226 1517 suo
2244 1465 2468 1519 Christo
2488 1465 2677 1518 omnia
2703 1464 3081 1535 possidebant.
3099 1466 3261 1534 julta
3282 1461 3435 1533 quod

196 1545 358 1615 epulas
384 1545 681 1614 appositas.
708 1552 879 1616 atque
908 1552 1086 1601 totum
1119 1548 1273 1608 dicit,
1304 1550 1484 1619 quasi,
1529 1566 1645 1604 non
1671 1557 1758 1605 est
1839 1551 1986 1605 idem
2016 1540 2317 1623 Apostolds
2339 1554 2396 1607 in
2420 1554 2666 1623 Epistola
2685 1554 2757 1607 ad
2776 1554 3058 1608 Romanos
3077 1552 3215 1607 dicit
3231 1551 3302 1606 ds
3317 1551 3436 1605 Deo

196 1631 256 1685 ibi
280 1633 484 1697 veritas,
514 1634 614 1687 sed
644 1634 788 1688 sicut
819 1633 1017 1688 umbra
1046 1635 1413 1701 transierunt,
1446 1637 1525 1692 ita
1551 1639 1609 1692 in
1628 1656 1805 1709 om-_
1840 1641 2007 1694 Patre
2035 1661 2045 1691 :
2081 1642 2187 1707 Qui
2210 1644 2377 1694 etiam
2407 1642 2615 1695 Filium
2645 1646 2812 1695 suum
2835 1628 2951 1709 pro
2975 1643 3231 1695 munibus
3279 1640 3435 1693 nobis

194 1720 331 1773 nibus
354 1738 470 1791 qua:
505 1723 688 1777 sancti
735 1723 793 1777 in
844 1724 947 1777 hoc
995 1725 1196 1778 saeculo
1246 1726 1558 1795 patiuntur,
1593 1704 1816 1799 quasiB
1837 1704 2388 1796 tradidi't,vquomodo
2418 1733 2587 1784 etiam
2614 1734 2744 1783 cum
2775 1704 2876 1784 illo
2905 1732 3017 1784 non
3035 1732 3225 1783 omnia
3278 1727 3434 1782 nam

108 1834 113 1841 θ
193 1816 279 1872 est,
307 1810 425 1879 quia
462 1810 818 1865 transitivum
850 1819 963 1866 'est.
1012 1813 1362 1868 Videbantur
1408 1816 1556 1869 enim
1605 1817 1754 1871 inter
1833 1819 2097 1870 donavit?
2127 1818 2303 1883 (Romi
2330 1826 2463 1878 mil.
2494 1818 2684 1873 Sirnus
2710 1822 2844 1888 ergo
2899 1824 2959 1872 et
3006 1834 3110 1872 nos
3155 1818 3431 1887 tanquam

192 1898 427 1968 supplicia
455 1900 617 1978 mori,
644 1901 976 1955 videbantur
1005 1902 1218 1956 tristari
1249 1904 1554 1958 secundum
1585 1904 1753 1976 fragi-
1834 1905 1977 1958 nihil
2007 1890 2275 1960 habentes
2295 1906 2353 1961 in
2381 1907 2486 1961 hoc
2512 1907 2734 1966 saeculo.
2770 1924 2882 1961 non
2899 1907 3159 1978 ponendo
3189 1906 3347 1976 spodi
3368 1904 3430 1959 in

192 1987 396 2053 litatem,
422 1976 517 2043 sed
549 1991 714 2060 quasi
744 1998 868 2045 erat
892 1991 989 2052 ibi,
1019 1992 1152 2062 quia
1179 2000 1367 2047 mente
1402 1994 1745 2064 gaudebant.
1832 1994 2174 2048 transitoriis
2192 1995 2358 2049 rebus
2387 2002 2444 2050 et
2471 1996 2715 2050 caducis.

190 2074 301 2129 Etsi
326 2078 663 2132 moriebatur
703 2080 774 2133 ad
806 2086 1048 2149 tempus,
1080 2080 1266 2136 subito
1299 2082 1577 2137 transibat
1628 2084 1750 2138 ilio-
1909 2083 2267 2138 Possidemus
2294 2085 2442 2139 enim
2470 2085 2659 2139 omnia
2695 2102 2822 2139 cum
2848 2086 3090 2141 Christo.
3122 2084 3430 2154 insuper“

188 2179 291 2217 rum
317 2182 455 2220 mors
483 2167 541 2221 in
574 2167 743 2222 vitam
773 2176 1037 2223 aeternam
1085 2170 1358 2240 Reprobis
1409 2178 1620 2237 autem,
1653 2174 1751 2244 qui
1832 2170 2015 2241 ipsum
2037 2184 2164 2226 cum
2197 2173 2310 2226 Deo
2348 2173 2514 2226 Putre
2553 2179 2609 2227 et
2635 2173 2849 2244 Spiritu
2888 2179 3082 2227 sancto
3112 2170 3428 2242 possidebi-

192 2258 337 2306 totam
357 2271 504 2325 spem
531 2272 695 2310 suam
726 2256 783 2310 i'n
812 2257 1051 2311 terrenis
1091 2258 1258 2312 rebus
1295 2275 1359 2313 ac
1408 2262 1751 2317 transitoriis
1831 2276 1978 2313 mus.
2011 2262 2155 2315 Nam
2178 2261 2324 2317 sicut
2352 2262 2484 2316 dicit
2517 2263 2801 2325 uelamen,
2837 2263 2931 2333 qui
2953 2261 3134 2316 fidelis
3153 2266 3259 2325 est,
3278 2264 3435 2315 tutus

189 2351 388 2409 ponunt,
418 2361 518 2398 nec
549 2346 794 2401 tendunt
818 2346 885 2400 ad
915 2354 1127 2401 aeterna
1149 2349 1375 2417 gaudia.
1409 2350 1503 2404 sed
1539 2351 1598 2404 in
1627 2368 1752 2422 pro-
1835 2350 2077 2403 mundus
2097 2350 2417 2405 divitiarum
2444 2352 2596 2406 illius
2628 2357 2734 2415 est,
2765 2352 2901 2423 quia
2928 2362 3041 2405 non
3092 2349 3309 2420 appetit
3362 2359 3433 2403 In

188 2431 418 2500 speritate
467 2433 851 2505 felicitateque
908 2435 1078 2505 hujus
1126 2437 1313 2491 δρουιί
1359 2438 1637 2501 laetantur,
1671 2441 1752 2495 vi-
1834 2453 1958 2507 quae
1979 2438 2039 2492 in
2068 2440 2278 2493 mundo
2309 2448 2458 2505 sunt,
2491 2447 2831 2512 segnesCens
2886 2437 3275 2511 proculdubio
3299 2437 3438 2509 quin

186 2518 325 2572 detur
349 2522 491 2592 quod
515 2538 712 2576 verum
735 2532 984 2589 teneant,
1017 2527 1112 2578 sed
1136 2542 1246 2580 non
1276 2533 1363 2580 est
1382 2542 1594 2594 verum,
1619 2529 1754 2599 quia
1834 2527 2081 2581 mundus
2110 2528 2374 2583 transibit
2402 2536 2460 2583 et
2487 2529 2937 2600 concupiscentia
2960 2529 3099 2596 eius,
3133 2533 3189 2581 et
3221 2527 3280 2581 in
3328 2526 3436 2580 hoc

186 2608 504 2664 transitivum
533 2618 594 2665 et
622 2614 930 2683 temporale
960 2620 1079 2681 est;
1114 2620 1170 2668 et
1197 2631 1324 2668 cum
1353 2616 1424 2669 ab
1476 2616 1581 2670 hac
1636 2618 1750 2672 vita
1833 2615 1981 2687 quod
2009 2616 2119 2669 don
2140 2617 2353 2687 appetit
2367 2629 2469 2671 nec
2490 2618 2691 2687 quaerit
2716 2616 2920 2671 habere
2941 2615 3049 2669 nisi
3069 2614 3216 2685 quod
3239 2610 3430 2679 habet,

185 2697 493 2761 transierint,
530 2700 676 2753 nihil
707 2701 993 2755 invenient
1014 2719 1077 2755 ex
1134 2703 1217 2755 his
1278 2720 1400 2773 quae
1452 2704 1542 2757 hic
1589 2696 1750 2775 quasi
1832 2705 1993 2775 quasi
2023 2705 2215 2759 omnia
2236 2706 2498 2775 possidet.
2535 2706 2712 2759 Nemo
2739 2706 2886 2759 enim
2918 2704 3042 2774 plus
3073 2703 3243 2757 habet
3257 2708 3431 2773 quam

188 2800 295 2837 vera
323 2787 429 2840 visa
465 2796 603 2842 sunt
648 2790 781 2855 illis,
806 2791 967 2859 juxta
1018 2791 1167 2860 quod
1225 2791 1523 2847 Psalmista
1569 2794 1703 2848 dicit
1737 2814 1748 2847 :
1834 2792 1931 2861 qui
1960 2793 2113 2846 nullo
2138 2793 2384 2863 indiget;
2413 2801 2471 2847 et
2494 2801 2684 2848 tamen
2716 2799 2842 2847 cum
2873 2792 3076 2846 divites
3104 2792 3284 2845 multa
3328 2791 3434 2844 hatI

188 2874 508 2930 Dormierunt
537 2895 801 2931 somnum
831 2896 1017 2940 suum,
1050 2886 1099 2933 ei
1124 2881 1269 2934 nihil
1294 2885 1625 2937 invenerunt
1640 2900 1753 2937 om-
1836 2874 2024 2943 beant,
2058 2868 2251 2936 multis
2277 2882 2531 2953 indigent
2554 2882 2686 2953 quia
2715 2882 2841 2952 plus
2864 2880 3186 2935 desiderant
3222 2878 3432 2933 haberd

188 2977 264 3073 "ne:
290 2966 394 3016 viri
417 2967 753 3020 divitiarum
792 2970 858 3021 in
886 2971 1149 3023 manibus
1198 2972 1315 3022 sui:
1341 2970 1514 3037 (Psal.
1562 2972 1748 3039 LXXV);
1769 3014 1812 3073 Ο
1836 2985 2003 3040 quam
2032 2969 2260 3025 habent.
2286 2970 2387 3025 Ille
2414 2978 2603 3027 autem
2635 2971 2788 3025 nullo
2810 2970 3044 3041 indigeto
3078 2968 3173 3040 qui
3228 2968 3432 3039 prditui

182 3050 431 3109 Transibit
458 3073 597 3126 ergo
628 3056 864 3111 istorum
896 3057 1056 3126 quasi
1096 3074 1308 3122 verum,
1349 3059 1447 3115 sed
1486 3076 1598 3114 non
1628 3050 1812 3116 eratu
1833 3074 2147 3113 necessaria
2171 3060 2366 3125 victus,
2392 3060 2708 3115 vestimenti
2735 3066 2788 3115 et
2801 3056 3188 3122 calceamenti,
3212 3059 3324 3110 non
3336 3071 3429 3111 ren

184 3155 368 3207 verum,
420 3151 477 3197 et
531 3144 721 3198 veniet
764 3145 987 3199 illorum
1035 3162 1132 3210 vae,
1186 3146 1292 3200 hoc
1339 3153 1423 3201 est
1471 3154 1744 3204 aeternum
1834 3147 2027 3217 quirit.
2062 3156 2359 3202 contentus
2378 3149 2464 3202 his
2484 3165 2607 3219 qum
2645 3149 2829 3203 habet.
2860 3149 2923 3203 in
2954 3148 3043 3202 his
3073 3154 3208 3216 ergo
3248 3142 3435 3198 omni-

181 3229 502 3300 supplicium.
530 3235 692 3289 Sicut
721 3239 929 3302 egentes
949 3235 1145 3300 simus,
1171 3240 1371 3291 multos
1396 3243 1583 3292 autem
1606 3242 1749 3293 locu-
1837 3235 1939 3290 bus
1963 3237 2256 3291 imitemur
2278 3245 2502 3292 sanctos
2536 3238 2839 3308 apostolos,
2864 3237 3119 3291 doctores
3144 3240 3202 3289 et
3241 3239 3434 3305 patro“

177 3321 426 3382 putantes.
453 3323 631 3386 Quasi
677 3331 906 3393 egentes
951 3323 1285 3378 videbantur
1331 3325 1537 3380 divitiis
1582 3327 1752 3397 hujus
1834 3340 1937 3377 nos
1964 3333 2203 3389 nostros,
2237 3326 2381 3380 sicut
2410 3310 2511 3379 filii
2535 3326 2671 3380 .boni
2701 3326 2998 3381 imitantur
3020 3324 3198 3379 bonos
3219 3324 3427 3394 patres,

179 3408 357 3467 saeculi,
378 3412 470 3465 sed
495 3411 867 3466 abundabant
890 3412 1096 3466 divitiis
1132 3414 1480 3484 spiritalibus
1509 3416 1568 3469 in
1614 3433 1752 3487 pra;
1834 3419 1899 3466 ut
1928 3412 2077 3467 inter
2101 3414 2334 3468 adversa
2355 3420 2412 3469 et
2435 3428 2703 3485 prospera
2753 3414 3033 3485 patienter
3082 3411 3430 3476 incedamus,

180 3494 424 3552 dicatione
479 3506 537 3553 et
601 3500 905 3561 miraculis,
948 3518 1014 3555 ex
1071 3502 1276 3572 quibus
1331 3503 1752 3575 locupletabant
1833 3502 2426 3558 exhibentesnossieut
2444 3504 2542 3558 Dei
2560 3497 3434 3573 ministrosquoniamsipartieil-

179 3580 411 3639 alios.Vel
434 3604 635 3641 revera
661 3595 890 3657 egentes
920 3589 1252 3643 videbantur
1278 3590 1594 3646 substantia
1611 3599 1751 3647 tem-
1834 3608 1933 3661 pos
1962 3593 2237 3646 fuerimus
2264 3593 2489 3647 illorum
2511 3598 2737 3646 actuum
2768 3592 2827 3645 in
2850 3593 2954 3645 hoc
2980 3590 3199 3651 seculo,
3217 3588 3431 3643 erimus

179 3673 347 3737 porali,
380 3676 473 3729 sed
508 3677 720 3730 multos
750 3678 1056 3747 locupletes
1085 3678 1412 3744 reddebant,
1445 3681 1593 3735 sicut
1616 3698 1751 3736 san-
1835 3680 2027 3750 utique
2049 3688 2336 3734 consortes
2357 3681 2580 3734 illorum
2599 3690 2937 3734 teternorum
2953 3678 3327 3749 prmmioruni.

177 3764 275 3813 ctos
301 3763 389 3832 qui
420 3772 587 3819 erant
611 3766 1029 3835 Hierosolymis,
1063 3767 1158 3837 qui
1188 3784 1289 3837 pro
1311 3769 1534 3823 Christo
1561 3772 1751 3826 omnia
1908 3768 1972 3821 Os
2002 3773 2257 3821 nostrum
2286 3773 2435 3834 patet
2458 3769 2532 3820 ad
2551 3783 2658 3828 vos,
2689 3784 2719 3820 ο
2742 3768 3038 3823 Corinthii,
3061 3773 3156 3819 cor
3173 3769 3432 3819 nostrum

176 3863 257 3900 sua
283 3851 648 3921 reliquerant,
678 3853 763 3906 vel
818 3869 853 3906 a
896 3853 1103 3907 Judais
1162 3856 1454 3925 exspoliati
1502 3858 1744 3922 fuerant,
1829 3858 2131 3909 dilatatam
2151 3862 2242 3910 est.
2276 3856 2335 3910 ld
2367 3862 2452 3910 est
2474 3856 2731 3910 voluntas
2781 3855 2986 3910 mentis
3015 3860 3297 3909 nostraet
3339 3853 3432 3908 ine

177 3940 378 4007 ecquod
405 3941 463 3995 in
505 3948 798 3995 mortuum
855 3942 1138 3999 hominem
1186 3944 1575 4009 credidiSsent,
1606 3962 1747 4015 quos
1829 3946 2006 4000 tentio
2034 3945 2237 3999 cordis.
2272 3945 2598 4000 Praedicatio
2625 3957 2848 4016 quoque
2875 3944 2991 3998 eris
3041 3943 3223 3997 nostri
3248 3947 3425 4012 patet,-

174 4025 449 4097 alloquitur
476 4031 538 4084 in
579 4030 832 4101 Epistola
868 4032 938 4085 ad
984 4031 1246 4087 Hebraeos
1273 4075 1281 4083 .
1328 4034 1625 4100 Rapinam,
1658 4033 1748 4087 in-
1831 4039 1890 4087 et
1915 4040 2114 4105 aperta
2138 4040 2225 4087 est
2237 4034 2354 4102 jam
2385 4034 2457 4087 ad
2488 4033 2924 4104 praedicandum,
2958 4036 3017 4084 et
3044 4037 3305 4100 prompta
3355 4028 3429 4083 ad

176 4113 362 4181 quiens,
395 4119 672 4172 bonorum
701 4123 1005 4172 rostrorum
1039 4136 1165 4173 cum
1203 4122 1407 4188 gaudio
1436 4124 1747 4189 suscepistis
1834 4138 1928 4175 vos
1958 4120 2291 4175 docendum.
2323 4121 2479 4175 illius
2494 4137 2556 4174 os
2583 4126 2739 4191 patet
2753 4125 2809 4173 et
2823 4124 3083 4190 apertum
3106 4118 3272 4172 estad
3292 4126 3431 4188 pm

177 4197 328 4261 (Hebr.
358 4210 478 4275 xu).
527 4214 589 4261 et
640 4207 709 4261 de
761 4207 965 4278 quibus
1011 4208 1220 4263 Isaias:
1258 4210 1363 4276 Qui
1411 4209 1754 4268 recessit.in-
1835 4208 2343 4278 dicandum,cujus
2386 4208 2642 4262 voluntas
2671 4215 2758 4263 est
2808 4208 3072 4278 perfecta.
3107 4205 3428 4277 pradicatio

174 4290 292 4378 quit,
320 4295 385 4346 ab
412 4299 721 4364 iniquitate
750 4301 797 4348 ei
822 4298 987 4360 mulo,
1018 4298 1212 4378 prde
1237 4298 1593 4368 patuitUsai.
1621 4301 1749 4364 LIX).
1772 4304 2050 4378 Dsancta.
2084 4297 2429 4351 conversatio
2459 4299 2629 4354 bona.
2667 4298 2842 4368 Cujus
2873 4313 3000 4351 vero
3048 4297 3310 4350 voluntas
3345 4299 3433 4349 est

174 4373 296 4434 Istos
322 4399 451 4453 ergo
480 4384 750 4438 ditabant
776 4391 834 4439 et
872 4372 1293 4456 locupletabant
1322 4387 1582 4456 apostoli,
1620 4387 1753 4456 quia
1779 4372 2106 4451 —tortuosa,
2134 4386 2479 4441 conversatio
2534 4402 2601 4440 ac
2652 4387 2765 4440 vita
2811 4400 3003 4457 prava,
3033 4385 3165 4440 licet
3216 4382 3435 4456 aliquid

174 4480 226 4519 ex
242 4471 489 4527 omnibus
518 4473 662 4527 locis
690 4472 1007 4545 ubicunque
1039 4474 1436 4545 praedicabant,
1467 4475 1750 4529 ministra-
1833 4468 2217 4546 intelligentia
2273 4476 2527 4530 videatur
2578 4475 2805 4532 habere.
2845 4475 3117 4530 deficiunt
3162 4474 3213 4529 ei
3263 4472 3435 4527 verba

176 4551 288 4611 bant
305 4559 380 4613 eis
399 4578 524 4631 qua:
548 4562 870 4616 necessaria
892 4569 1071 4616 erant.
1096 4563 1255 4617 Unde
1283 4562 1432 4616 idem
1449 4563 1750 4633 Apostolus
1832 4580 1957 4618 cum
1984 4581 2169 4625 sensu,
2203 4564 2330 4619 ideo
2355 4566 2503 4635 quod
2533 4581 2646 4619 non
2678 4572 2832 4636 patet
2860 4564 3012 4618 illius
3040 4580 3102 4618 os
3127 4563 3195 4616 ad
3223 4561 3432 4633 pradi-

174 4641 224 4695 in
246 4646 480 4724 Epistola
501 4650 575 4703 ad
602 4651 887 4723 Romanos
917 4669 927 4703 :
962 4653 1144 4716 Nunc,
1177 4651 1378 4722 inquit,
1426 4655 1751 4719 proﬁciscar
1831 4653 2091 4716 cundum,
2127 4653 2257 4724 quia
2288 4654 2451 4707 timet
2476 4653 2534 4707 in
2563 4654 2689 4708 aliis
2704 4653 3042 4722 redarguere
3058 4649 3207 4720 quod
3220 4660 3431 4719 eosne!-

175 4733 224 4786 in
239 4718 577 4793 Hierusalem
596 4739 1447 4810 ministraresanctis(Rom.xv).
1461 4741 1747 4810 Tanquam
1832 4741 1939 4794 scit
1966 4740 2025 4794 in
2051 4758 2111 4795 se
2138 4740 2209 4794 ab
2237 4742 2363 4795 aliis
2392 4724 2650 4811 intelligi,

176 4818 297 4877 nihil
323 4826 600 4893 habentes,
634 4832 684 4880 et
712 4831 904 4882 omnia
929 4830 1273 4896 possidentes.
1295 4828 1586 4900 Tanquam
1609 4814 1750 4885 nihil
1905 4830 2025 4883 Non
2054 4834 2470 4896 angustiamini
2502 4832 2563 4883 in
2596 4824 2767 4895 nobis,
2789 4829 3205 4897 angustiamim'
3242 4830 3431 4882 autem

175 4906 415 4969 habentes
444 4922 633 4976 erant.
661 4915 795 4986 quia
817 4915 957 4969 nihil
988 4915 1272 4986 proprium
1304 4916 1752 4974 habebantDm-
1833 4921 1897 4973 in
1927 4921 2218 4973 visceribus
2248 4921 2480 4985 rasilis;
2508 4925 2566 4973 et
2595 4924 2682 4972 est
2706 4933 2903 4972 sensus
2932 4935 2944 4970 :
2972 4916 3019 4971 0
3051 4914 3348 4981 Corinthii,
3380 4916 3432 4970 si

172 4997 448 5057 niaautem
481 5003 869 5075 possidebant,
900 5004 1031 5075 quia
1063 5011 1225 5058 erant
1250 5004 1363 5059 illis
1388 5007 1579 5060 omnia
1595 5024 1750 5062 com-
1833 5023 2058 5061 sensum
2085 5014 2387 5077 angustum
2419 5006 2640 5061 habetis
2663 5012 2721 5060 et
2746 5005 3027 5072 strictum,
3064 5010 3130 5060 ut
3158 5020 3270 5061 non
3299 5020 3435 5076 pose

174 5089 342 5144 munia
388 5093 539 5163 (Act.
575 5107 641 5155 II,
674 5096 770 5161 IV).
812 5090 905 5147 Sic
951 5080 1158 5147 debent
1213 5101 1271 5148 et
1321 5095 1580 5149 monachi
1630 5113 1752 5150 esse
1824 5081 1957 5154 sitis
1988 5094 2235 5164 recipere
2262 5083 2615 5147 latitudinem
2665 5092 3061 5163 mysteriorum
3091 5091 3433 5155 divinorum.

172 5178 416 5246 tanquam
437 5182 586 5234 nihil
618 5181 888 5235 habentes
915 5181 1224 5252 prOprium,
1260 5189 1317 5237 et
1355 5184 1542 5238 omnia
1578 5184 1752 5254 possi-
1834 5183 2007 5236 nolite
2040 5182 2197 5237 nobis
2232 5182 2337 5235 hoc
2389 5187 2673 5252 reputare,
2698 5181 2962 5253 quoniam
3018 5200 3132 5238 non
3175 5182 3437 5238 consistit

173 5259 346 5319 dentes
371 5269 772 5322 communiter.
798 5269 897 5323 Vel
930 5277 1200 5340 tanquam
1258 5271 1397 5325 nihil
1448 5272 1752 5339 habebant,
1840 5272 1943 5325 hoc
1972 5272 2029 5325 in
2056 5270 2233 5334 nobis,
2269 5270 2365 5341 qui
2398 5269 2550 5323 vobis
2580 5268 2903 5324 ministrare
2934 5269 3223 5337 debemus,
3246 5271 3345 5325 sed
3374 5270 3435 5324 in

173 5352 286 5419 quia
304 5370 411 5409 non
450 5352 741 5410 habebant
771 5344 995 5426 praedia.
1030 5375 1138 5412 non
1170 5375 1393 5421 aurum,
1427 5372 1528 5413 nec
1557 5377 1758 5429 argen-
1840 5360 1992 5413 vobis
2019 5360 2113 5429 qui
2143 5359 2358 5413 debetis
2387 5359 2660 5429 accipere.
2682 5359 2806 5413 Non
2834 5360 3060 5430 quidem
3089 5360 3268 5414 multa
3281 5358 3433 5414 vobis

172 5445 296 5513 tum,
327 5460 436 5498 non
466 5461 687 5509 servos,
712 5453 811 5500 aut
838 5447 1089 5510 ancillas,
1123 5455 1181 5501 et
1201 5454 1389 5502 tamen
1415 5448 1602 5502 omnia
1628 5465 1753 5517 pos-
1842 5464 2139 5519 possumus
2167 5447 2372 5512 dicere,
2406 5455 2464 5502 et
2489 5448 2835 5503 voluntatem
2884 5450 3167 5520 propriam
3206 5442 3278 5501 ad
3322 5447 3427 5499 hoc

173 5527 411 5589 sidebant
431 5533 547 5589 ista
572 5535 640 5589 in
668 5534 1082 5607 possessoribus
1107 5552 1327 5605 eorum,
1358 5553 1500 5610 quos
1527 5536 1634 5592 sibi
1652 5552 1756 5609 per
1837 5535 2131 5603 habemus,
2151 5536 2247 5591 sed
2263 5536 2582 5593 intellectus
2606 5546 2788 5593 vester
2806 5544 2866 5592 et
2877 5538 3134 5594 voluntas
3150 5524 3431 5592 constrin-
