3966 6156
504 231 612 291 639

500 357 656 428 gitur
679 358 738 414 in
767 358 1091 430 visceribus,
1126 363 1182 417 id
1209 371 1295 420 est
1321 366 1380 420 in
1407 368 1772 424 interioribus
1801 369 2001 425 cordis.

578 448 840 503 Eamdem
868 456 1054 505 autem
1083 453 1336 508 habentes
1375 463 1901 525 remunerationem,
1932 477 2098 531 para-

507 541 625 591 tam
655 537 944 600 subaudis,
978 557 1144 610 quam
1174 549 1232 596 et
1259 559 1379 610 nos,
1407 547 1502 616 qui
1531 548 1785 601 eamdem
1814 549 1980 602 ﬁdem
2005 550 2100 603 ha-

503 621 666 685 betis,
700 627 1028 680 dilatamini
1051 634 1098 681 et
1128 646 1234 693 vos,
1271 631 1326 685 id
1355 640 1442 687 est
1467 635 1749 689 extendite
1786 652 2014 690 sensum
2045 643 2102 691 et

506 712 853 768 intellectum
884 724 1150 785 vestrum,
1186 737 1256 773 ne
1287 738 1399 791 prae
1447 725 1709 794 angustia
1737 742 1955 792 sensus,
1989 743 2102 781 non

507 803 733 873 possitis
761 809 1054 874 penetrare
1092 815 1150 862 et
1179 810 1425 882 recipere
1452 815 1722 884 mysteria
1749 816 1956 870 divina.

578 894 758 946 Nolite
773 896 983 960 jugum
1011 897 1207 951 ducere
1237 917 1362 954 cum
1396 904 1730 968 inﬁdelibus.
1754 906 1816 958 In
1831 907 1970 976 jugo
1991 905 2102 960 duo

507 979 774 1035 animalia
799 985 1222 1055 conjunguntur
1247 994 1304 1042 et
1331 998 1709 1061 coaequantur.
1739 993 1942 1064 Jugum
1975 1012 2102 1050 vero

503 1067 594 1122 hic
625 1069 894 1125 debemus
924 1073 1240 1146 intelligere
1263 1079 1468 1147 jugum
1500 1080 1728 1147 diaboli,
1761 1089 1820 1136 et
1857 1091 2104 1154 potesta-

501 1163 620 1211 tem
647 1175 818 1229 quam
848 1160 1018 1216 habet
1045 1180 1216 1234 super
1239 1167 1450 1234 ﬁdeles,
1480 1184 1544 1221 ac
1570 1169 1617 1222 si
1647 1170 1857 1225 diceret
1881 1191 1894 1227 :
1919 1174 2104 1227 Nolite

504 1246 790 1317 suscipere
817 1251 1022 1320 jugum
1055 1252 1262 1307 diaboli
1289 1271 1470 1326 neque
1531 1260 1741 1329 aequari
1790 1261 2109 1317 inﬁdelibus

507 1339 609 1388 aut
646 1337 930 1407 conjungi,
959 1355 1029 1392 ne
1059 1341 1271 1396 similes
1300 1344 1411 1398 illis
1441 1346 1930 1415 efﬁciaminiﬂuze
1957 1355 2106 1405 enim

499 1426 863 1491 participatio
881 1430 1120 1494 justitia:
1147 1447 1273 1484 cum
1302 1435 1599 1501 iniquitate
1623 1440 1645 1487 ?
1671 1435 1726 1490 id
1749 1443 1852 1503 est,
1883 1455 2004 1509 quae
2024 1457 2109 1494 so-

507 1510 681 1598 cietas
703 1511 860 1581 justo
888 1515 1101 1570 homini
1121 1518 1403 1586 justitiam
1453 1522 1679 1578 habenti
1722 1542 1848 1580 cum
1896 1527 2106 1598 injusto

950 234 1334 297 HAYMONIS
1362 242 1853 303 HALBERSTAT.
1886 243 2107 302 EPISC.
2144 244 2304 301 OPP.
2335 243 2521 303 PARS
2551 246 2597 305 Ι.
2636 275 2700 289 --
2731 247 3106 306 COMMENT.
3136 247 3317 304 BIBL.

3655 244 3748 306 640

2113 371 2317 440 Axn).
2345 376 2452 426 etc.
2506 372 2633 426 Non
2688 389 2822 443 ergo
2871 374 2977 427 hoc
3043 372 3304 444 praecepit
3351 371 3663 442 Apostolus,
3699 379 3754 426 ut

2182 477 2414 532 corpore
2442 461 2771 516 recederent
2797 479 2862 516 ex
2890 470 3010 516 toto
3030 464 3100 517 ab
3129 463 3210 517 eis
3239 461 3333 532 qui
3363 460 3626 514 increduli
3664 461 3752 514 ad-

2183 549 2290 602 huc
2319 556 2480 604 erant
2509 549 2567 603 in
2598 551 2782 604 medio
2813 567 3028 618 eorum,
3053 551 3149 605 sed
3179 550 3362 621 potius
3381 555 3444 603 ut
3482 555 3659 604 mente
3677 566 3754 603 se-

2183 643 2450 707 pararent
2478 655 2538 692 se
2568 639 2785 692 abillis.
2815 641 2984 702 Exite,
3015 639 3217 711 inquit,
3238 639 3307 692 de
3329 638 3508 690 medio
3531 653 3754 707 pagano-

2185 743 2332 790 rum,
2361 727 2458 780 sed
2488 727 2533 780 si
2564 743 2676 781 non
2705 727 2936 798 potestis
2961 744 3211 798 corpore,
3250 727 3332 779 vel
3375 726 3574 778 saltem
3619 741 3762 778 men.

2183 822 2274 870 te:
2307 822 2364 870 et
2389 816 2728 886 separamini
2757 816 2828 870 ab
2878 816 2960 870 eis
2983 817 3290 879 voluntate,
3324 819 3382 868 et
3428 813 3759 867 immundum

2183 903 2467 957 hominem
2499 904 2672 958 nolite
2699 911 2949 974 tangere.
2983 903 3346 959 lmmundum
3363 901 3641 955 hominem
3657 907 3761 954 tan~

2182 993 2285 1061 git,
2311 993 2404 1063 qui
2430 999 2779 1064 peccatorem
2811 993 3082 1046 imitatur.
3121 992 3190 1046 Et
3211 991 3259 1045 si
3284 991 3388 1044 hoc
3415 991 3673 1054 feceritis,
3695 991 3763 1044 in-

2186 1081 2310 1152 quit
2336 1081 2657 1152 Apostolus,
2691 1081 2955 1152 recipiam
2977 1097 3072 1134 vos
3093 1080 3150 1134 in
3173 1095 3398 1133 omnem
3426 1079 3762 1132 familiarita-

2189 1178 2326 1238 tem,
2357 1177 2414 1224 et
2442 1171 2713 1225 Dominus
2733 1170 2966 1242 recipiet
3001 1187 3098 1224 vos
3126 1169 3184 1222 in
3226 1175 3492 1223 aeternam
3538 1167 3760 1222 beatitu-

2190 1259 2400 1313 d-inem.

2766 1401 3000 1456 CAPUT
3031 1400 3155 1456 VII.

2259 1529 2368 1581 llas
2421 1526 2595 1596 igitur
2656 1527 2909 1579 habentes
2965 1527 3374 1593 promissiones,
3442 1524 3759 1591 charissimi,

505 1597 736 1653 homine
756 1607 812 1654 et
839 1618 1062 1672 pagano
1081 1604 1106 1657 ’l
1125 1607 1312 1661 Nulla.
1346 1611 1471 1676 Quae
1501 1617 1725 1668 societas
1750 1619 1882 1682 luci,
1916 1597 1969 1670 id
2019 1623 2106 1672 est
2126 1685 2141 1686 ί
2188 1631 2327 1685 quas
2350 1631 2523 1686 supra
2548 1614 2792 1669 diximus
2814 1614 2959 1686 quod
2983 1630 3180 1668 sumus
3202 1613 3303 1667 ﬁlii
3329 1613 3452 1680 Dei,
3478 1620 3536 1668 et
3565 1614 3675 1685 ipse
3692 1622 3765 1668 est

507 1686 683 1753 ﬁdeli,
724 1705 852 1743 cum
878 1691 1142 1757 tenebris,
1176 1694 1232 1749 id
1261 1703 1346 1750 est
1369 1697 1623 1754 inﬁdeli?
1658 1702 1844 1758 Nulla.
1880 1707 1990 1760 Ista
2021 1713 2104 1760 est
2123 1685 2357 1758 BPater
2382 1685 2588 1765 noster,
2614 1685 2945 1757 mundemus
2973 1719 3069 1756 nos
3097 1708 3167 1756 ab
3186 1706 3342 1756 omni
3363 1705 3765 1770 inquinamento

505 1775 621 1840 lux,
652 1783 708 1830 et
737 1777 858 1832 istae
883 1787 1016 1835 sunt
1043 1783 1287 1840 tenebrae
1316 1787 1384 1840 de
1411 1789 1613 1859 quibus
1643 1791 1791 1846 idem
1803 1795 2104 1864 Apostolus

510 1863 681 1918 dicit:
715 1867 926 1922 Fuistis
951 1873 1256 1939 aliquando
1309 1879 1555 1944 tenebrae,
1587 1879 1643 1933 id
1696 1887 1783 1935 est
1826 1863 2100 1954 inﬁdeles,

508 1969 664 2094 pune
689 1960 876 2010 autem
911 1960 1008 2012 tua:
1042 1964 1101 2014 in
1123 1963 1356 2017 Domino
1388 1967 1600 2035 (Ephes.
1635 1974 1708 2038 v),
1741 1970 1798 2024 id
1837 1977 1923 2025 est
1964 1973 2102 2027 ﬁde-

533 2057 610 2094 es.

533 2057 610 2095 88.

2187 1798 2376 1848 carnis
2403 1799 2452 1847 et
2475 1796 2726 1862 spiritus.
2762 1793 2887 1847 Non
2917 1792 3059 1846 dixit
3076 1793 3426 1863 simpliciter,
3448 1793 3762 1846 mandemus

2187 1899 2288 1936 nos
2319 1882 2388 1936 ab
2428 1882 2874 1953 inquinamento,
2907 1882 3003 1936 sed
3052 1881 3122 1935 ab
3170 1882 3323 1935 omni
3357 1881 3762 1952 inquinamento

2185 1972 2371 2026 carnis
2398 1978 2456 2025 et
2478 1971 2727 2041 spiritus.
2753 1971 2950 2025 Carnis
2975 1971 3467 2042 inquinamentum
3506 1979 3595 2025 est
3619 1971 3764 2025 fomi-

2185 2061 2351 2126 catio,
2385 2060 2747 2127 adulterium,
2780 2060 3167 2124 homicidium,
3201 2067 3257 2114 et
3277 2068 3478 2114 caetera
3507 2060 3640 2114 vitia
3660 2077 3763 2131 qua:

581 2132 900 2198 Quzautem
917 2143 1202 2194 conventio
1217 2142 1426 2196 Christi
1443 2147 1518 2198 ad
1534 2148 1721 2200 Belial.
1744 2148 1916 2203 Belial
1936 2150 2107 2204 inter-
2185 2165 2418 2220 corpore
2441 2148 2841 2218 perﬁciuntur:
2882 2147 3113 2218 spiritus
3145 2164 3296 2211 vero,
3329 2148 3387 2202 id
3437 2155 3542 2214 est,
3585 2149 3763 2202 mentis

505 2225 766 2290 pretatur
789 2225 987 2293 absque
1005 2231 1163 2294 jugo,
1195 2231 1514 2300 signiﬁcans
1541 2235 1824 2291 diabolum
1872 2239 1967 2308 q'ui
2011 2241 2106 2309 ju-
2189 2238 2815 2308 inquinamentum,est
2860 2237 2966 2300 ira,
3016 2237 3245 2302 invidia,
3289 2238 3572 2309 superbia,
3634 2238 3763 2291 mala

504 2323 639 2378 gum
663 2312 1060 2383 omnipotentis
1080 2317 1178 2371 Dei
1206 2320 1276 2373 de
1305 2322 1445 2375 collo
1470 2339 1572 2377 suo
1601 2327 1861 2380 excussit.
1891 2327 2109 2383 Dicitur
2187 2327 2464 2390 voluntas,
2498 2333 2554 2381 et
2579 2333 2777 2381 caetera
2811 2327 2960 2380 mala
2988 2343 3111 2397 quae
3140 2326 3198 2380 in
3223 2326 3413 2381 animo
3445 2328 3760 2398 cogitantur;

507 2403 564 2452 et
603 2399 661 2452 in
691 2399 834 2456 libro
867 2403 1176 2461 Samuelis:
1213 2409 1321 2473 Qui
1361 2411 1624 2468 dixerunt
1673 2415 1774 2468 viri
1823 2417 2016 2477 Belial,
2049 2419 2105 2472 id
2182 2420 2520 2485 perﬁcientes
2549 2420 3039 2484 sanetiﬁcationem
3061 2420 3123 2470 in
3156 2420 3354 2470 timore
3385 2421 3500 2476 Dei.
3534 2417 3764 2472 Sanctiﬁ-

508 2491 595 2577 est
618 2487 830 2560 absque
849 2493 988 2563 jugo
1019 2494 1138 2550 Dei.
1173 2497 1308 2562 Quae
1345 2503 1658 2566 conventio,
1691 2505 1804 2558 sive
1844 2523 1968 2577 quae
2013 2524 2105 2560 so-
2186 2507 2464 2561 cationem
2493 2506 2550 2560 in
2572 2505 2795 2570 timore,
2817 2506 2872 2559 id
2893 2512 2980 2559 est
3010 2522 3109 2576 per
3128 2506 3390 2560 timorem
3421 2507 3519 2560 Dei
3541 2507 3755 2577 perﬁcit,

507 2574 679 2630 cietas
709 2579 917 2634 Christi
946 2583 1018 2636 ad
1043 2584 1330 2642 diabolum
1353 2588 1380 2641 ‘.’
1408 2590 1594 2645 Nulla.
1861 2574 1877 2577 Ψ
2189 2596 2283 2667 qui
2314 2595 2384 2648 ab
2418 2595 2570 2648 omni
2601 2574 3030 2664 inquinamento
3059 2593 3243 2648 carnis
3274 2601 3330 2648 et
3359 2574 3591 2664 spiritus
3620 2609 3760 2648 mun-

580 2667 688 2732 Qui
705 2675 891 2722 autem
904 2688 1194 2728 consensus
1216 2681 1411 2747 templo
1430 2681 1523 2734 Ilei
1545 2698 1672 2734 cum
1694 2684 1968 2738 idolis?id
1998 2691 2101 2752 est,
2187 2685 2287 2739 dat
2324 2684 2707 2754 semetipsum.

503 2769 674 2846 quem
694 2773 1028 2814 consensum
1050 2762 1258 2819 debent
1282 2766 1486 2822 habere
1511 2770 1809 2843 ﬁdelesqui
1831 2775 2103 2846 templum
2259 2776 2444 2841 Cap-ite
2489 2788 2602 2836 nos,
2636 2771 2692 2825 id
2750 2776 2837 2826 est
2883 2771 3182 2841 intelligite
3222 2788 3344 2842 qua;
3404 2771 3657 2836 dicimus,
3692 2771 3763 2824 vel

505 2842 606 2934 Dei
633 2853 785 2913 sunt,
807 2865 934 2903 cum
954 2842 1744 2932 idololatrisquisunttempla
1763 2842 2099 2919 daemonum.
2185 2879 2414 2934 capaces
2441 2866 2621 2916 estote
2649 2861 2924 2915 sermonis
2963 2861 3161 2925 nostri,
3195 2861 3277 2914 vel
3319 2861 3619 2914 imitamini
3648 2877 3750 2914 nos.

508 2931 759 3021 Nullum.
799 2939 859 2992 ln
887 2940 990 2994 hoc
1026 2941 1151 2996 loco
1181 2947 1422 3014 percutit
1457 2965 1553 3002 eos
1583 2951 1678 3020 qui
1713 2952 2157 3021 recumbentesn
2185 2953 2471 3005 Neminem
2502 2956 2748 3004 vestrum
2783 2953 3020 3004 lzsimus
3051 2950 3221 3004 verbo
3259 2955 3360 3003 aut
3383 2950 3756 3021 exemplo,sivc

509 3017 521 3029 ,
594 3021 604 3031 ,
1181 3001 1199 3014 ι
1600 3001 1677 3020 ι-ὴ-
1715 3001 2099 3008 --ν---πν---ν-
2517 3001 2748 3004 κη---η-
3163 3001 3212 3003 ~—

503 3035 565 3073 ιιι
590 3022 771 3089 idolis,
804 3030 1172 3086 comedebant
1190 3050 1386 3090 carnes
1397 3036 1754 3110 idolothylas,
1779 3040 1874 3110 qui
1889 3041 2099 3096 debue-
2116 3001 2158 3062 Ο
2182 3040 2466 3095 neminem
2492 3045 2739 3094 vestrum
2762 3039 3191 3110 exspoliavimus
3213 3045 3405 3092 nostra
3427 3038 3750 3093 adulatione:

503 3116 636 3162 rant
659 3127 781 3166 esse
823 3115 1016 3172 ﬁdeles
1052 3126 1109 3173 et
1154 3124 1427 3193 templum
1475 3127 1594 3183 Dei.
1645 3129 1733 3181 Vos
1788 3134 1939 3183 enim
1973 3135 2100 3184 estis
2185 3133 2461 3182 neminem
2503 3132 2878 3196 corrupimus,
2918 3145 3088 3199 pravo
3138 3145 3305 3182 sensu
3351 3134 3451 3182 aut
3483 3128 3747 3198 exemplo:

505 3201 770 3287 templum
799 3203 898 3256 Dei
915 3209 1043 3269 vivi,
1063 3225 1174 3262 non
1201 3211 1432 3266 deorum
1467 3215 1562 3284 qui
1590 3232 1703 3270 non
1728 3217 2096 3274 vivunt.Deus
2183 3221 2460 3272 neminem
2488 3221 2969 3276 circumvenimus,
3004 3218 3061 3271 in
3091 3217 3339 3287 negotio,
3372 3224 3434 3271 ut
3479 3233 3754 3272 evacuere-

505 3284 662 3340 vivus
690 3288 914 3358 dicitur,
945 3295 1016 3348 ad
1045 3295 1460 3354 distinctionem
1478 3303 1700 3357 illorum
1735 3306 1987 3370 deorum,
2007 3309 2102 3378 qui

507 3389 622 3467 non
655 3376 862 3467 vivunt,
896 3381 1026 3436 licet
1053 3384 1312 3441 dicantur
1339 3389 1435 3442 dii.
1459 3391 1614 3446 Sicut
1644 3395 1780 3447 dicit
1811 3397 1968 3460 Deus,
2003 3376 2104 3467 per

506 3461 815 3521 Jeremiam
839 3487 852 3522 :
885 3472 1210 3529 Inhabitabo
1224 3480 1284 3529 in
1304 3479 1434 3544 illis,
1459 3495 1560 3549 per
1588 3481 1754 3534 ﬁdem
1776 3487 1830 3536 et
1855 3461 2103 3539 dilectio-

507 3568 637 3607 nem
668 3573 769 3626 per
792 3560 1035 3628 gratiam
1068 3579 1271 3631 meam,
1305 3571 1354 3619 et
1383 3570 1740 3623 inambulabo
1797 3575 1946 3625 inter
1995 3553 2095 3628 eos.

509 3641 611 3696 Dei
639 3645 812 3699 Filius
843 3649 939 3719 qui
969 3651 1077 3705 ista
1101 3653 1320 3708 locutus
1345 3663 1431 3710 est
1453 3657 1522 3711 de
1553 3659 1908 3714 credentibus
1957 3663 2102 3716 elec-

503 3730 599 3798 tis,
630 3733 780 3789 inter
801 3737 1056 3794 homines
1084 3744 1408 3808 ambulavit,
1425 3747 1569 3802 sicut
1588 3749 1811 3816 dicitur,
1835 3753 2101 3820 quoniam

509 3837 680 3891 super
698 3830 907 3881 terram
930 3829 1079 3884 visus
1108 3840 1212 3892 est.
1237 3841 1294 3888 et
1312 3852 1438 3889 cum
1459 3837 1781 3893 hominibus
1805 3855 2101 3896 conversa-

508 3916 600 3964 tus
631 3919 733 3981 est,
767 3921 824 3970 et
842 3916 961 3987 ipse
992 3920 1267 3977 habitavit
1291 3925 1348 3978 in
1379 3925 1559 3993 nobis,
1575 3927 1720 3982 sicut
1739 3929 1984 3984 Joannes
2013 3930 2102 3984 di-

505 3999 618 4055 cit:
656 4005 883 4061 Verbum
920 4025 1049 4064 caro
1074 4013 1287 4078 factum
1329 4020 1423 4075 est,
1476 4021 1525 4068 et
1569 4018 1838 4070 habitavit
1889 4021 1952 4072 in
2002 4035 2102 4073 no-

508 4091 588 4144 bis
613 4094 796 4162 (Joan.
822 4096 882 4157 il,
918 4103 966 4149 et
993 4115 1084 4153 ero
1105 4103 1335 4156 illorum
1368 4106 1529 4169 Deus,
1557 4111 1603 4158 et
1633 4109 1740 4173 ipsi
1761 4111 1926 4159 erunt
1957 4110 2102 4160 mihi

497 4183 738 4247 populus
765 4185 1087 4253 peculiaris,
1117 4189 1262 4243 sicut
1298 4191 1430 4244 olim
1451 4192 1559 4246 fuit
1587 4194 1778 4249 Israel.

579 4271 806 4338 Propter
831 4276 974 4338 quod
1007 4280 1144 4330 exite
1190 4279 1254 4330 de
1313 4282 1489 4333 medio
1521 4298 1732 4336 eorum.
1768 4283 1884 4338 Hoc
1930 4286 2101 4341 lsaias

2184 3323 2311 3361 mus
2349 3307 2599 3361 sacculos
2619 3312 2851 3360 vestros.
2881 3307 3050 3370 Quasi
3073 3307 3316 3360 diceret:
3347 3307 3506 3370 Quod
3536 3323 3635 3361 nos
3657 3321 3751 3359 non

2183 3396 2436 3461 fecimus,
2468 3395 2721 3449 fecerunt
2748 3396 3220 3466 pseudoapostoli,
3243 3395 3604 3466 ideoquenon
3624 3400 3750 3448 recte

2183 3484 2350 3554 agitis
2375 3490 2762 3555 praeponentes
2791 3484 2915 3538 illos
2952 3484 3132 3538 nobis.

2257 3575 2376 3628 Non
2405 3575 2476 3626 ad
2502 3575 3005 3626 condemnationem
3039 3578 3276 3626 vestram
3297 3575 3437 3637 dico,
3455 3572 3510 3625 id
3536 3578 3636 3636 est,
3652 3587 3746 3625 non

2184 3662 2254 3715 ad
2286 3659 2751 3731 vituperationem
2785 3667 3024 3712 vestram
3060 3675 3150 3713 me
3170 3659 3336 3713 laudo
3362 3659 3610 3729 aliosque
3637 3674 3753 3729 apo-

2185 3750 2374 3812 stolos,
2405 3749 2502 3802 sed
2541 3749 2611 3802 ad
2657 3747 3079 3802 correctionem.
3115 3747 3236 3813 Vel,
3279 3764 3392 3801 non
3428 3765 3525 3800 vos
3573 3745 3750 3817 abjicio

2183 3837 2319 3891 talia
2343 3836 2596 3899 dicendo,
2631 3836 2727 3889 sed
2753 3843 2817 3889 ut
2849 3852 2943 3889 vos
2969 3835 3264 3905 corrigatis
3294 3836 3591 3890 admoneo.
3625 3839 3750 3889 Pr:-

2184 3929 2431 3980 diximus
2453 3927 2603 3977 enim
2630 3924 2688 3977 in
2719 3923 2893 3994 priori
2921 3924 3169 3994 Epistola
3217 3927 3362 3992 quod
3409 3928 3470 3978 in
3517 3924 3746 3977 cordibus

2186 4017 2390 4068 nostris
2411 4017 2554 4074 estis,
2575 4013 2689 4066 sive
2705 4013 2764 4066 in
2791 4013 3074 4066 voluntate
3095 4019 3307 4077 nostra,
3328 4014 3401 4066 ad
3418 4015 3753 4066 commorien-

2182 4105 2314 4156 dum
2346 4103 2405 4156 in
2435 4102 2693 4172 praesenti
2714 4102 2847 4166 vita,
2869 4103 2942 4154 ad
2964 4103 3363 4155 connivendum
3384 4101 3441 4155 in
3455 4101 3639 4155 futura
3654 4099 3754 4169 glo-

2183 4191 2286 4254 ria,
2319 4190 2375 4244 id
2401 4197 2506 4255 est,
2530 4195 2687 4243 tanto
2711 4205 2902 4244 amore
2931 4196 2989 4243 et
3016 4190 3295 4244 desiderio
3326 4207 3460 4260 erga
3488 4207 3582 4243 vos
3617 4189 3751 4242 duci-

2185 4297 2330 4344 mur,
2359 4287 2440 4346 ut,
2474 4281 2520 4333 si
2547 4281 2666 4333 ﬁeri
2698 4286 2904 4351 posset,
2940 4280 3277 4350 martyrium
3327 4280 3385 4334 in
3428 4281 3533 4334 hoc
3573 4280 3749 4333 saeculo

505 4357 781 4427 propheta
807 4362 1061 4431 praedixit
1088 4365 1253 4436 longe
1281 4375 1412 4422 ante
1451 4370 1830 4440 captivitatem
1858 4351 2164 4444 Babylo--D
2183 4387 2284 4441 per
2304 4371 2481 4424 multa
2506 4369 2783 4440 supplicia
2834 4385 2936 4440 pro
2975 4370 3183 4424 Christi
3223 4370 3447 4424 nomine
3489 4369 3749 4423 nobiscum

508 4445 693 4500 nicam
724 4451 873 4519 quod
901 4452 1202 4522 Apostolus
1232 4457 1303 4511 ad
1334 4457 1654 4513 Corinthios
1708 4462 1919 4519 retulit.
1955 4464 2103 4518 Dicit

508 4535 657 4590 enim
693 4540 965 4610 propheta
1001 4559 1066 4596 ex
1104 4562 1343 4616 persona
1390 4548 1508 4610 Dei,
1542 4549 1837 4620 alloquens
1877 4553 2101 4607 Judaaos

507 4624 577 4679 de
607 4629 927 4699 captivitate
950 4639 1294 4689 revertentes
1324 4642 1451 4706 post
1477 4639 1835 4708 septuaginta
1873 4657 2049 4695 annos
2082 4661 2094 4696 :

505 4715 746 4788 Propter
774 4721 941 4790 quod,
975 4724 1110 4793 quia
1136 4726 1378 4796 populus
1437 4743 1596 4782 meus
1644 4729 1796 4792 estis,
1835 4731 1981 4783 exite
2033 4731 2102 4784 de

505 4808 690 4862 medio
712 4810 1123 4880 Chaldaeorum,
1147 4821 1209 4868 ut
1264 4817 1601 4886 separemini
1640 4816 1710 4870 ab
1758 4817 1857 4883 eis,
1885 4823 1933 4871 et
1992 4823 2099 4872 im-

507 4899 783 4951 mundum
807 4915 872 4952 ne
903 4904 1211 4968 tetigeritis,
1235 4903 1292 4956 id
1320 4909 1406 4957 est
1433 4904 1664 4969 idolum,
1695 4921 1804 4974 quo
1833 4905 1972 4959 nihil
2015 4912 2101 4960 est

509 4984 876 5054 immundius,
901 5006 970 5042 ne
1014 4991 1395 5046 adoras-eritis.
1433 4994 1500 5046 Et
1544 5008 1636 5059 ego
1683 4997 1948 5061 recipiam
1987 5013 2094 5060 ros,

504 5072 564 5126 in
591 5079 801 5129 terram
849 5080 1318 5148 repromissionis.
1376 5081 1703 5135 Referamus
1759 5089 1817 5136 et
1872 5083 1976 5136 hoc
2029 5085 2100 5139 ad

507 5161 849 5231 Corinthios,
881 5172 938 5219 et
968 5167 1254 5222 videamus
1283 5171 1561 5239 quomodo
1607 5176 1866 5241 poterant
1894 5172 1975 5225 illi
2006 5174 2101 5244 qui

506 5251 864 5307 crediderant
892 5255 1210 5325 relinquere
1239 5274 1439 5312 uxores
1468 5266 1525 5312 et
1566 5258 1769 5312 liberos
1803 5275 1934 5313 suos
1978 5278 2100 5315 om-

503 5354 748 5410 nemque
784 5341 1175 5406 substantiam,
1206 5345 1300 5415 qui
1330 5346 1512 5400 adhuc
1554 5347 1865 5417 imperfecti
1917 5356 2098 5413 erant,

503 5443 607 5481 nec
637 5439 898 5499 poterant
928 5431 1162 5503 implere
1183 5434 1330 5504 quod
1365 5435 1637 5490 Dominus
1689 5436 1860 5490 dicit:
1911 5436 1976 5490 Si
2020 5441 2102 5492 ris

495 5520 772 5587 perfectus
826 5536 955 5587 esse,
1014 5524 1178 5576 vende
1233 5527 1423 5578 omnia
1481 5541 1598 5594 qua
1652 5526 1810 5581 habes
1875 5526 2095 5596 (Matth.

2181 4459 2553 4524 sustineretis,
2586 4466 2651 4512 ut
2667 4475 2930 4513 coronam
2953 4464 3008 4512 et
3048 4459 3341 4530 praemium
3374 4459 3623 4530 martyrii
3667 4473 3750 4510 no-

2182 4547 2398 4602 biscum
2422 4547 2767 4618 reciperetis.

2254 4639 2431 4691 Multa
2452 4640 2596 4690 mihi
2603 4639 2806 4704 ﬁducia
2824 4643 2898 4690 est
2916 4639 3067 4706 apud
3094 4637 3476 4702 vos,subaudis
3497 4637 3615 4691 ideo
3632 4633 3750 4688 talia

2182 4726 2403 4796 loquor,
2429 4741 2660 4796 sperans
2699 4742 2794 4779 vos
2836 4725 2975 4778 mihi
3019 4725 3342 4779 obedientes
3375 4741 3497 4778 esse
3529 4742 3540 4776 :
3586 4734 3750 4789 super-

2182 4815 2402 4867 abundo
2419 4815 2624 4880 gaudio
2642 4818 2872 4867 inomni
2894 4816 3260 4868 tribulatione
3273 4813 3542 4876 nostra,id
3562 4817 3748 4874 est,au-

2181 4903 2339 4956 diens
2360 4903 2760 4956 correctionem
2792 4907 3036 4956 vestram
3063 4908 3120 4956 et
3158 4902 3360 4956 bonam
3409 4895 3750 4955 conversatio-

2181 5007 2330 5052 nem.
2364 4992 2441 5044 ita
2468 5008 2588 5045 sum
2616 4992 2823 5062 gaudio
2845 4993 3116 5062 repletus,
3142 4999 3208 5045 ut
3231 4991 3362 5045 licet
3385 4991 3446 5044 in
3473 5003 3678 5043 carcere
3696 4989 3744 5037 et

2181 5081 2416 5134 vinculis
2447 5086 2669 5134 tenerer
2687 5081 3200 5144 constrictus,nihil
3239 5080 3448 5134 doloris
3490 5077 3741 5136 sentirem.

2254 5171 2398 5224 Nam
2427 5177 2476 5223 et
2505 5187 2633 5223 eum
2658 5173 2990 5224 venissemus
3019 5173 3081 5222 in
3124 5171 3520 5233 Macedoniam,
3556 5166 3743 5220 nullam

2185 5264 2426 5330 requiem
2451 5262 2643 5315 habuit
2671 5277 2798 5314 caro
2821 5266 3040 5323 nostra;
3065 5260 3163 5313 sed
3196 5261 3345 5331 quod
3375 5277 3504 5313 caro
3525 5273 3627 5312 non
3660 5254 3744 5306 lm-

2182 5349 2324 5416 buit,
2344 5349 2573 5421 spiritus
2592 5349 2790 5403 habuit
2808 5349 2898 5419 qui
2921 5349 3391 5402 delectaturinter
3409 5341 3744 5402 adversaMa-

2182 5438 2415 5491 cedonia
2444 5443 2530 5491 est
2555 5437 2706 5507 regio
2738 5437 2976 5494 Achaiae.
3015 5437 3072 5489 in
3095 5452 3264 5506 quam
3319 5452 3446 5489 cum
3495 5431 3742 5486 venissent

2182 5527 2391 5582 Paulus
2419 5533 2476 5581 et
2499 5526 2667 5594 Silas,
2696 5532 2753 5580 et
2771 5525 3070 5597 cepissent
3095 5525 3400 5597 praedicare
3424 5531 3481 5578 et
3507 5513 3742 5576 miracula
