3852 6154
155 284 237 343 641
776 278 1158 336 EXPOSITIO
1187 279 1267 335 IN
1296 280 1451 336 EPP.
1484 279 1543 336 S.
1578 278 1822 336 PAULI.
1854 307 1921 322 —-
1949 278 2030 335 IN
2060 276 2284 335 EPIST.
2316 276 2372 334 II
2401 277 2500 334 AD
2537 278 2703 335 COR.
3272 285 3381 346 642

156 411 328 472 facere,
356 404 533 477 puella
578 404 834 476 quaedam
877 404 1090 460 habens
1139 404 1397 476 spiritum
1446 404 1770 477 mllioni-A
1788 408 1882 459 tus
1901 402 2253 474 Augustinus
2282 403 2432 474 quod
2468 403 2601 458 licet
2636 404 2747 458 ista
2775 405 3095 476 conjunctio
3120 412 3379 480 causalis,

155 515 276 557 cum,
307 512 417 567 quae
444 510 555 548 non
583 493 864 549 modicum
896 498 1173 566 questum
1206 493 1512 565 praestabat
1531 492 1707 548 domi-
1787 494 1905 559 sed,
1935 494 1997 548 in
2022 494 2126 548 hoc
2154 494 2275 551 loco
2301 494 2531 565 plenum
2561 510 2789 550 sensum
2808 512 2922 551 non
2952 497 3170 566 reddat,
3191 504 3384 557 tamen

153 588 226 642 nis
263 586 368 639 suis
409 582 724 649 divinando,
756 583 1062 637 incedendo
1099 600 1201 654 per
1230 584 1463 654 plateas,
1493 584 1705 638 clama—
1786 582 1936 653 apud
1961 583 2183 638 Graecos
2204 582 2415 654 optime
2438 587 2684 637 resonat.
2701 585 2767 638 In
2789 587 3065 651 omnibus,
3085 603 3208 657 quae
3231 588 3385 644 vobis

153 677 234 731 bat
262 674 434 728 dicens
463 686 475 721 :
510 673 557 726 Ο
586 672 749 731 cives.
778 672 880 726 viri
906 672 999 726 isti
1027 672 1171 727 servi
1208 672 1310 727 Dei
1339 672 1541 727 excelsi
1572 677 1706 726 sunt
1786 671 2382 742 praecepi,e.rhibuistis
2409 676 2468 724 et
2487 671 2845 741 praeparastis
2865 687 2954 725 vos
2974 674 3388 731 incontamina-

154 768 268 829 (Act.
312 766 431 829 1m).
485 761 662 831 Cujus
703 760 968 815 misertus
1016 761 1243 821 Paulus,
1297 761 1511 832 fugavit
1538 760 1702 815 mali-
1788 764 1864 812 tos
1884 775 1990 812 esse
2015 761 2246 825 negotio,
2265 757 2321 811 id
2336 763 2422 812 est
2440 758 2766 828 impollutos
2793 776 2918 814 esse
2946 777 2981 814 a
3000 778 3124 816 meo
3142 779 3385 836 praecep-

151 868 295 924 gnum
321 849 567 921 spiritum
595 849 666 903 ab
695 866 778 904 ea.
814 850 1082 905 Videntes
1108 855 1294 904 autem
1325 850 1537 904 domini
1558 851 1697 920 ejus,
1785 850 1864 912 to,
1894 845 2029 917 quia
2052 846 2319 900 obedistis
2336 845 2491 899 mihi.
2518 846 2672 901 Tunc
2684 847 2835 901 enim
2855 849 3164 921 discipulus
3186 851 3386 924 impol-

151 942 261 1013 quia
285 938 435 994 exivit
459 955 588 1009 spes
617 943 863 1009 quaestus
892 938 1138 1002 illorum,
1171 938 1593 994 concitaverunt
1619 956 1704 993 se-
1785 934 1966 988 lutum
1988 951 2049 989 se
2077 934 2263 988 reddit
2290 951 2323 988 a
2354 941 2628 1005 praecepto
2650 936 2927 1007 magistri,
2946 940 3170 1009 quando
3193 940 3385 996 obedit

151 1028 379 1083 ditionem
406 1042 517 1080 non
548 1025 824 1079 modicam
854 1025 911 1079 in
942 1026 1177 1080 Paulum
1209 1030 1268 1080 et
1293 1026 1489 1094 Silam,
1512 1026 1702 1080 intan-
1779 1023 2023 1094 jussioni
2053 1023 2221 1078 illius.
2266 1023 2326 1078 Si
2372 1040 2500 1078 vero
2529 1023 2857 1080 inobediens
2886 1027 3164 1082 exstiterit
3187 1029 3247 1083 in
3285 1029 3388 1085 ali-

151 1126 248 1173 tum
270 1122 326 1171 ut
351 1131 471 1170 cum
490 1114 589 1169 diu
611 1114 879 1185 ﬂagellati
901 1119 1108 1177 essent,
1131 1114 1494 1170 mitterentur
1507 1115 1567 1169 in
1588 1115 1703 1170 ima
1785 1128 1914 1183 quo,
1950 1112 2078 1167 etsi
2107 1112 2178 1166 ab
2204 1111 2465 1167 omnibus
2489 1112 2708 1167 alienus
2728 1114 2907 1186 culpis
2933 1116 3165 1181 exsistit,
3190 1123 3384 1174 tamen

149 1205 369 1261 carceris.
398 1204 465 1258 Et
489 1203 623 1258 inde
650 1203 941 1274 subjungit
970 1225 983 1261 :
1015 1204 1141 1259 Non
1167 1203 1386 1271 habuit,
1416 1204 1695 1277 inquiens,
1783 1217 1850 1254 ex
1879 1199 2273 1255 inobediendia
2301 1200 2636 1255 maculatur.
2662 1202 2881 1257 Aliter:
2907 1203 2971 1258 In
3006 1206 3111 1259 hoc
3132 1205 3383 1277 probatis

150 1295 358 1366 requiem
378 1309 505 1347 caro
524 1297 719 1348 nostra
734 1311 748 1360 ;
763 1294 853 1346 sed
869 1308 1090 1347 omnem
1113 1295 1533 1347 tribulationem
1547 1297 1702 1363 passi
1781 1306 1879 1344 vos
1905 1290 2187 1343 immunes
2211 1305 2334 1343 esse
2363 1304 2397 1342 a
2426 1289 2592 1358 culpa
2619 1289 2881 1356 aliorum,
2903 1292 3036 1362 quia
3052 1292 3277 1349 illorum
3298 1312 3386 1351 er-

147 1399 324 1437 sumus.
356 1383 521 1448 Foris,
546 1380 817 1436 subaudis
841 1385 1023 1447 erant,
1034 1396 1255 1448 pugna,
1275 1384 1431 1435 intus
1457 1384 1697 1440 timores.
1781 1393 1967 1432 rorem
2015 1376 2238 1431 fortiter
2283 1376 2657 1447 corripuistis.
2715 1378 3148 1436 Contaminatus
3205 1383 3376 1452 enim,

146 1473 321 1542 Pugnae
338 1475 493 1525 erant
521 1470 657 1525 foris
676 1469 735 1524 in
753 1486 1006 1541 corpore,
1037 1470 1172 1524 dum
1200 1468 1556 1524 sustinebant
1573 1487 1699 1525 ver-
1782 1466 2177 1521 auctoritatem
2206 1482 2318 1520 non
2349 1465 2520 1520 habet
2547 1466 2605 1520 in
2629 1466 2770 1521 alios
2804 1467 3101 1524 vindicare.

146 1562 256 1615 bera
279 1566 332 1615 et
356 1560 595 1631 ﬂagella,
642 1560 798 1614 intus
827 1560 1057 1613 timores
1094 1559 1152 1613 in
1181 1558 1390 1623 animo,
1432 1559 1697 1615 timentes
1853 1556 2040 1623 Igitur
2084 1558 2185 1608 etsi
2209 1557 2409 1622 scripsi
2440 1556 2587 1608 vobis
2615 1555 2860 1626 priorem
2899 1557 3229 1628 Epistolam,
3270 1575 3384 1615 non

146 1667 202 1704 ne
225 1649 461 1721 passione
487 1665 685 1703 eorum
715 1647 1076 1702 scandalizati
1106 1647 1165 1701 hi
1195 1647 1292 1718 qui
1322 1647 1695 1717 crediderant,
1712 1719 1739 1721 _
1775 1648 2001 1712 propter
2023 1659 2151 1697 eum
2175 1642 2529 1696 solummodo
2557 1642 2778 1714 scripsi.
2800 1647 2902 1712 qui
2922 1647 3053 1711 fecit
3080 1649 3377 1715 iniuriam.

145 1755 171 1792 ε
193 1719 286 1792 ἥδε
317 1738 656 1792 recederent,
689 1736 871 1791 Aliter
900 1753 915 1793 ε
948 1736 1127 1802 Foris,
1170 1735 1229 1789 id
1257 1742 1362 1801 est,
1395 1742 1554 1790 extra
1580 1719 1759 1790 cal-.B
1780 1730 2043 1785 omnibus
2069 1730 2239 1797 vobis,
2267 1731 2591 1801 accipiendo
2622 1747 2853 1786 uxorem
2880 1734 3078 1803 patris,
3111 1736 3195 1788 vel
3217 1752 3384 1807 prop-

145 1843 295 1881 cerem
317 1826 369 1880 in
396 1824 621 1896 publico
653 1830 819 1879 erant
834 1840 1035 1896 pugnae
1055 1829 1249 1878 contra
1276 1824 1584 1889 credentes,
1603 1825 1701 1895 qui
1780 1824 1869 1875 ter
1895 1821 2020 1876 illos
2050 1820 2146 1891 qui
2166 1821 2420 1875 fraudem
2442 1820 2698 1875 fecerunt
2724 1820 3019 1889 fratribus;
3052 1824 3144 1876 sed
3166 1824 3240 1877 ad
3264 1839 3383 1876 ma-

142 1913 584 1984 impugnabantur
601 1912 672 1967 ab
691 1912 1032 1979 inﬁdelibus,
1046 1913 1199 1967 intus
1218 1913 1278 1967 in
1300 1929 1521 1968 carcere
1539 1916 1702 1968 erant
1782 1910 2162 1976 nifestandam
2189 1910 2621 1963 sollicitudinem
2642 1914 2893 1963 nostram
2921 1926 3089 1979 quam
3107 1926 3213 1978 pro
3234 1912 3381 1965 vobis

143 2003 355 2069 timores,
386 2002 478 2057 ubi
508 2008 676 2057 erant
698 2002 936 2073 apostoli
961 2002 1135 2057 vincti
1166 2002 1299 2074 quia
1323 2001 1604 2057 timebant
1619 2003 1702 2058 in-
1782 1996 2062 2050 habemus.
2096 1996 2340 2067 Ideoque
2367 1995 2593 2051 subdit:
2627 1998 2749 2052 Ideo
2788 1999 3056 2052 consolati
3079 2014 3274 2053 sumus
3311 1999 3382 2053 de

143 2092 290 2145 tertici
318 2108 352 2145 a
376 2090 845 2162 persecutoribus.
1782 2088 1966 2139 vestra
2003 2085 2396 2140 emendatione
2425 2090 2482 2140 et
2507 2084 2827 2140 obedientia
2853 2091 3024 2157 atque
3060 2088 3383 2159 receptione

199 2182 422 2248 Referens
450 2182 608 2235 nobis
636 2185 877 2235 vestrum
898 2181 1255 2246 desiderium,
1288 2196 1398 2251 quo
1419 2179 1701 2234 desidera-
1778 2173 1910 2228 Titi.

143 2266 261 2322 batis
286 2286 376 2323 vos
404 2268 728 2331 emendare,
746 2268 831 2323 vel
855 2268 1384 2339 quodesiderabatis
1414 2285 1517 2323 nos
1544 2267 1698 2322 vide-
1861 2263 2071 2316 Viscera
2099 2265 2236 2331 ejus,
2284 2261 2343 2316 id
2388 2264 2477 2317 est
2512 2261 2642 2325 Titi,
2687 2263 3073 2318 abundantius
3122 2266 3185 2319 in
3229 2265 3378 2319 vobis

144 2372 220 2422 re;
245 2363 469 2411 vestrum
498 2361 716 2428 fletum,
739 2372 850 2428 quo
875 2357 1094 2411 deﬂetis
1122 2356 1249 2412 illos
1276 2357 1373 2429 qui
1409 2373 1445 2411 a
1474 2357 1584 2412 ﬁde
1612 2373 1704 2411 τε-
1783 2355 1936 2405 sunt.
1969 2350 2254 2421 Quidquid
2284 2350 2432 2405 intra
2460 2350 2678 2406 corium
2701 2351 3042 2420 continetur,
3076 2351 3259 2407 viscus
3287 2369 3383 2425 ap-

142 2450 429 2512 cesserunt';
477 2451 721 2499 vestram
768 2447 1180 2499 aemulationem
1220 2461 1325 2513 pro
1367 2462 1470 2508 me,
1514 2444 1572 2499 id
1618 2450 1706 2500 est
1784 2438 1984 2510 pellari
2012 2443 2216 2509 potest.
2234 2438 2361 2493 Filii
2377 2454 2598 2510 quoque
2618 2439 2831 2494 viscera
2847 2439 3131 2495 dicuntur.
3155 2441 3383 2496 Ponun-

142 2538 355 2587 vestrum
387 2550 641 2588 amorem
666 2548 800 2603 erga
827 2548 936 2599 me,
961 2548 1072 2603 quo
1092 2533 1344 2587 succensi
1365 2533 1588 2588 fortiter
1610 2532 1705 2588 de-
1784 2530 1879 2581 tur
1908 2527 2080 2580 etiam
2107 2544 2208 2598 pro
2237 2527 2424 2582 nimia:
2450 2527 2766 2582 dilectionis
2784 2528 3011 2597 attactu,
3032 2528 3180 2583 sicut
3195 2528 3255 2584 in
3275 2530 3383 2585 hoc

142 2620 333 2675 tendere
354 2622 609 2676 voluistis
642 2621 1094 2693 pmdicatiouem
1126 2637 1312 2675 meam
1338 2637 1526 2676 veram
1557 2638 1701 2687 esse,
1782 2616 1925 2669 loco.
1968 2615 2199 2670 Viscera
2228 2616 2372 2685 ejus,
2403 2615 2461 2669 id
2489 2621 2577 2670 est
2602 2615 2774 2670 nimia
2811 2616 3040 2671 dilectio
3067 2622 3126 2671 et
3152 2617 3383 2673 affectus

142 2714 188 2761 et
207 2709 356 2764 falsos
383 2712 670 2782 apostolos
700 2727 736 2765 a
771 2709 926 2765 vobis
963 2709 1248 2782 repulistis
1281 2728 1293 2763 :
1320 2712 1403 2764 ita
1433 2715 1495 2763 ut
1524 2714 1705 2779 magis
1785 2703 2075 2759 cbaritatis
2102 2720 2238 2775 erga
2265 2720 2361 2758 vos
2387 2704 2629 2775 amplius
2650 2703 2975 2759 abundavit.

141 2799 417 2865 gauderem,
466 2799 741 2855 subaudis
787 2800 858 2854 de
902 2804 1090 2854 vestra
1134 2798 1501 2865 correctione,
1532 2816 1704 2870 quam
1857 2793 2074 2849 Gaudeo
2102 2794 2246 2862 quod
2272 2795 2335 2846 in
2364 2794 2618 2847 omnibus
2645 2796 2853 2861 conﬁdo
2880 2797 2945 2848 in
2983 2794 3149 2853 vobis,
3178 2793 3381 2849 subau-

140 2885 361 2942 tristarer
385 2888 454 2943 de
480 2888 723 2943 vinculis
750 2888 909 2943 meis.
1784 2880 1871 2936 dis
1902 2880 2035 2952 quia
2055 2880 2379 2936 obedientes
2398 2880 2557 2936 eritis
2577 2881 2739 2937 mihi.

197 2977 842 3092 532-3“?JT'15’3’1“
862 2977 1337 3092 ξῗῖἶέξῗῖδῗῗῗ
1360 2978 1698 3092 ﬁgi???
1717 3032 1762 3092 c
2372 3023 2607 3080 CAPUT
2633 3022 2767 3079 VIII

141 3062 418 3133 epistolam,
440 3065 571 3120 ideo
588 3066 827 3136 gaudeo,
856 3069 1174 3120 contristati
1191 3070 1342 3121 enim
1354 3071 1482 3122 estis
1500 3084 1697 3122 secun-

140 3144 250 3197 dum
273 3146 454 3199 Deum.
487 3147 594 3201 llle
625 3146 995 3201 contristatur
1016 3147 1326 3201 secundum
1363 3147 1568 3211 Deum,
1603 3146 1700 3218 qui
1854 3149 2056 3203 Notum
2083 3153 2270 3202 autem
2310 3150 2552 3216 facimus
2580 3149 2730 3203 vobis
2758 3151 3007 3217 gratiam
3048 3150 3167 3212 Dei,
3197 3148 3253 3204 id
3290 3153 3380 3205 est

140 3230 287 3286 Deum
314 3250 411 3305 per
436 3234 831 3307 penitentiam
860 3234 965 3289 sibi
992 3235 1202 3306 placari
1231 3235 1530 3290 desiderat.
1564 3236 1700 3290 (Itin
1782 3237 1952 3292 fidem
1978 3242 2292 3308 ceteraque
2317 3237 2477 3302 talia,
2509 3253 2633 3308 quae
2659 3237 2839 3308 gratis
2865 3237 3077 3292 dantur
3100 3237 3378 3306 fidelibus,

141 3322 270 3374 nullo
307 3323 705 3377 detrimentum
744 3327 1056 3393 patiamini
1106 3341 1172 3378 ea:
1216 3325 1390 3389 nobis,
1421 3323 1480 3378 id
1518 3328 1607 3379 est
1641 3324 1701 3380 in
1784 3343 1902 3396 quae
1926 3325 2113 3397 gratia
2140 3328 2273 3379 data
2296 3330 2371 3379 est
2396 3326 2642 3380 Ecclesia
2670 3327 3015 3390 Macedoniae,
3048 3330 3107 3380 et
3138 3328 3283 3395 quod
3318 3330 3384 3383 in

139 3408 265 3462 nullo
288 3426 474 3466 eorum
506 3428 638 3484 quae
666 3412 820 3467 vobis
846 3412 1188 3484 imperamus
1208 3413 1476 3468 damnum
1500 3412 1704 3468 habea-
1784 3417 1961 3468 multo
1988 3416 2357 3482 experimento
2386 3415 2787 3479 tribulationis,
2816 3413 3085 3469 subaudis
3099 3420 3306 3470 nostra:
3326 3419 3386 3470 et

140 3494 226 3549 tis:
248 3499 370 3568 quia
395 3501 440 3555 si
468 3501 931 3557 contristavimus
970 3519 1064 3557 vos
1091 3518 1193 3574 per
1210 3502 1527 3573 epistolam,
1552 3503 1703 3557 mul-
1784 3519 1918 3568 suae,
1946 3504 2299 3557 abundantia
2327 3504 2527 3572 gaudii
2557 3506 2800 3571 ipsorum
2839 3505 2974 3570 fuit,
3006 3509 3057 3557 et
3080 3506 3378 3570 altissima,

141 3590 238 3640 tum
263 3589 484 3658 prodest
510 3589 692 3645 vobis.
1484 3614 1490 3625 δ
1784 3591 1900 3646 sive
1928 3590 2384 3662 profundissima,
2398 3595 2697 3658 paupertas
2718 3593 2953 3644 illorum
2980 3591 3306 3655 abundavit,
3322 3594 3381 3644 et

198 3675 307 3739 (ius:
330 3680 477 3731 enim
505 3679 814 3732 secundum
841 3679 1014 3731 Deum
1043 3681 1275 3732 tristitia
1295 3683 1392 3743 est,
1417 3677 1473 3732 id
1495 3679 1704 3751 est,qui
1785 3679 2046 3745 excrevit,
2072 3684 2134 3733 in
2152 3681 2365 3733 divitiis
2385 3680 2760 3747 simplicitatis
2777 3692 2988 3732 eorum.
3013 3677 3219 3732 Beatus
3237 3679 3385 3748 Apo-

140 3759 233 3816 Deo
250 3764 458 3834 placere
487 3765 794 3828 desiderat,
822 3769 1202 3834 penitentiam
1227 3771 1489 3836 operatur
1520 3771 1583 3821 in
1619 3784 1705 3822 sa-
1785 3768 1963 3823 stolus
1982 3782 2322 3837 cognoscens
2338 3765 2659 3821 Corinthios
2687 3782 2883 3820 avaros
2913 3782 3037 3820 esse
3063 3771 3119 3820 et
3146 3765 3384 3820 tenacis-

143 3851 287 3932 latent
307 3856 576 3916 stabilem,
607 3854 664 3908 id
695 3859 782 3909 est
800 3854 858 3909 in
880 3854 1051 3909 vitam
1070 3860 1359 3909 aeternam.
1374 3856 1575 3912 Saeculi
1595 3873 1704 3911 au-
1784 3855 2245 3927 simos,proponit
2254 3854 2404 3910 eisin
2418 3855 2736 3926 exemplum
2751 3854 3082 3909 charitatem
3099 3859 3158 3910 et
3176 3854 3384 3910 bonam

143 3940 226 3991 tem
255 3943 495 4009 tristitia,
528 3943 590 3998 id
616 3948 703 3997 est
731 3960 855 4014 quae
884 3959 985 4014 pro
1012 3942 1312 3997 amissione
1337 3959 1526 3999 rerum
1559 3949 1702 3999 tem-
1785 3945 2130 3999 voluntatem
2160 3943 2732 4014 Macedonum,quam
2754 3943 3075 3999 habuerunt
3102 3960 3238 4014 erga
3255 3960 3383 3999 san-

140 4028 379 4094 poralium
411 4037 518 4098 est,
551 4032 644 4087 vel
670 4048 771 4102 pro
799 4031 989 4102 aliquo
1016 4031 1210 4085 dolore
1244 4032 1571 4104 temporalis
1598 4033 1701 4100 rei,
1787 4038 1907 4088 ctos
1935 4032 2032 4104 qui
2060 4037 2224 4086 erant
2241 4031 2665 4103 Hierosolymis.
2693 4032 2833 4086 Cum
2862 4031 3013 4086 enim
3043 4031 3281 4087 nimium
3300 4048 3385 4088 es-

145 4123 342 4171 mortem
371 4128 660 4187 operatur,
679 4119 946 4175 subaudis
967 4126 1256 4184 aeternam,
1286 4121 1345 4175 id
1373 4126 1460 4176 est
1476 4122 1708 4177 damna—
1787 4127 1915 4176 sent
1941 4137 2220 4192 pauperes
2248 4120 2329 4175 illi
2358 4119 2694 4175 Macedones
2712 4124 3013 4192 antequam
3036 4120 3294 4176 venirent
3311 4121 3386 4177 ad

140 4203 320 4261 tionem
347 4209 552 4265 animae
589 4226 602 4261 :
634 4209 967 4281 plerumque
994 4209 1165 4264 etiam
1195 4214 1435 4265 mortem
1455 4210 1706 4283 corporis
1788 4211 1977 4278 fidem,
2004 4209 2282 4265 credendo
2302 4209 2361 4263 in
2391 4209 2702 4271 Christum,
2734 4208 2977 4264 excrevit
3006 4209 3234 4265 illorum
3263 4226 3387 4265 ma-

142 4295 345 4361 quodin
372 4298 572 4353 multis
602 4304 895 4369 expertum
926 4297 1188 4355 habetur.
1786 4316 1900 4371 gna
1940 4304 2243 4371 paupertas
2290 4298 2349 4353 in
2397 4297 2605 4353 multas
2648 4297 2892 4364 divitias,
2933 4298 3068 4368 quia
3094 4314 3161 4354 ex
3188 4299 3390 4355 eadem

189 4382 300 4437 Ecce
317 4390 465 4441 enim
487 4386 870 4455 hocipsumjd
890 4392 979 4441 est
995 4387 1117 4458 ipsa
1136 4387 1387 4451 tristitia,
1407 4390 1706 4444 secundum
1724 4383 1774 4442 D
1789 4395 2122 4461 paupertate
2175 4403 2345 4458 quam
2384 4386 2667 4442 habebant
2692 4386 2887 4442 statim
2918 4391 2983 4441 ut.
3007 4387 3386 4456 crediderunt,

143 4467 287 4525 Deum
312 4478 640 4529 contristari
658 4491 766 4542 vos,
783 4481 1052 4545 quantam
1073 4478 1524 4538 sollicitudinem,
1551 4478 1606 4532 id
1622 4483 1710 4532 est
1789 4478 2156 4533 decreverunt
2206 4475 2417 4530 sanctis
2458 4475 2683 4530 mittere
2731 4475 3068 4543 necessaria,
3101 4476 3198 4548 qui
3229 4480 3391 4531 erant

143 4566 375 4643 quantam
402 4579 603 4618 curam
626 4569 908 4632 operatur,
933 4580 1004 4619 ne
1022 4564 1208 4619 denuo
1227 4564 1285 4618 in
1298 4569 1526 4636 peccata
1545 4564 1707 4619 simi-
1790 4564 2214 4636 Hierosolymis,
2250 4571 2309 4619 et
2336 4566 2443 4620 hoc
2471 4564 2820 4636 simpliciter,
2838 4564 2896 4618 id
2913 4570 2999 4643 est
3025 4563 3173 4618 bona
3190 4564 3390 4619 volun-

145 4642 205 4698 lia
226 4650 567 4710 cadatis.Ubi
590 4653 743 4707 enim
766 4652 1080 4707 sollicitudo
1109 4658 1215 4719 est,
1245 4669 1359 4707 non
1379 4658 1467 4708 est
1481 4670 1712 4709 somno—
1790 4659 1909 4709 tate
1937 4660 1995 4709 et
2021 4653 2336 4709 intentione
2355 4654 2627 4709 fecerunt.
2656 4653 2738 4707 De
2766 4642 3125 4723 eleemosyna
3159 4667 3294 4723 ergo
3332 4656 3392 4706 et

145 4730 306 4804 lentia,
334 4741 636 4808 securitas,
668 4742 752 4795 vel
774 4740 1008 4808 inertia;
1042 4742 1134 4795 sed
1163 4743 1551 4810 defensionem,
1575 4742 1711 4798 sub-
1792 4744 2096 4799 donatione
2120 4760 2291 4815 quam
2319 4741 2540 4798 volebat
2561 4741 2863 4812 Apostolus
2885 4745 2950 4794 ut
2975 4739 3252 4795 Corinthii
3265 4739 3393 4793 mit-

147 4823 277 4879 audis
300 4834 587 4899 operatur,
610 4834 675 4883 ut
693 4845 790 4884 vos
816 4828 1044 4900 possitis
1069 4830 1369 4885 defendam
1395 4830 1467 4885 ab
1490 4831 1714 4887 infesta-
1795 4837 1982 4889 terant
2009 4832 2121 4888 illis
2152 4832 2249 4905 qui
2274 4836 2439 4886 erant
2468 4828 2892 4901 Hierosolymis,
2910 4829 3091 4883 multa
3103 4829 3391 4884 locuturus

148 4909 274 4968 tione
289 4915 605 4974 daemonum
625 4936 639 4984 ;
658 4919 1716 4992 sedindignationem,quiaindignatur
1795 4928 1884 4978 est
1908 4922 1966 4977 in
1997 4920 2380 4993 sequentibus.

148 4995 287 5054 homo
329 5004 667 5078 sibimetipsi
697 5007 833 5061 dum
875 5013 1071 5079 peccat
1101 5025 1114 5061 :
1150 5007 1246 5079 qui
1289 5007 1493 5062 bonam
1522 5024 1716 5065 curam
1873 5012 2015 5079 Quia
2036 5010 2338 5064 secundum
2368 5010 2631 5062 virtutem
2661 5005 3040 5062 testimonium
3067 5008 3183 5061 illis
3207 5005 3393 5072 reddo,

150 5084 307 5157 habet,
335 5093 665 5166 indignatur
693 5097 863 5151 etiam
894 5101 1090 5151 contra
1119 5101 1434 5166 peccantes,
1464 5097 1550 5151 vel
1578 5099 1721 5153 alio-
1801 5104 1852 5153 et
1880 5113 2058 5168 supra
2084 5099 2346 5151 virtutem
2368 5097 2681 5149 voluntarii
2702 5096 2954 5162 fuerunt.
2988 5094 3139 5150 Ordo
3175 5098 3401 5175 perture

149 5191 254 5230 rum
283 5179 700 5252 indignationes
729 5186 1009 5257 patienter
1035 5185 1312 5253 sustinet;
1346 5187 1437 5240 sed
1468 5188 1722 5242 timorem
1804 5186 1973 5242 batus
2001 5191 2060 5240 et
2084 5189 2459 5257 praeposterus
2479 5198 2492 5235 :
2510 5182 2919 5238 Testimonium
2933 5184 3045 5239 illis
3072 5184 3265 5249 reddo,
3292 5184 3407 5239 Ma-

154 5260 237 5318 Dei
281 5278 542 5340 operatur
579 5275 671 5327 sed
716 5276 1051 5329 desiderium
1081 5274 1281 5345 patriae
1314 5276 1593 5343 celestis;
1633 5278 1725 5331 sed
1806 5276 2111 5333 cedonibus
2132 5272 2403 5335 videlicet.
2438 5271 2573 5343 quia
2607 5288 2780 5343 supra
2814 5273 3082 5327 virtutem
3113 5288 3274 5328 suam
3305 5289 3406 5326 vo-

153 5358 550 5426 mulationem,
584 5361 642 5415 id
666 5368 752 5417 est
779 5378 1028 5417 amorem
1059 5363 1184 5430 Dei,
1213 5364 1466 5419 studium
1493 5364 1722 5430 bonum,
1807 5364 2035 5420 luntarii
2065 5362 2310 5424 fuerunt,
2325 5360 2382 5415 id
2398 5367 2487 5416 est
2501 5361 2625 5432 plus
2647 5361 2945 5415 voluerunt
2963 5377 3132 5432 quam
3157 5364 3400 5431 possent,

155 5441 582 5533 et‘imitationem
621 5450 896 5506 bonorum
929 5468 1186 5533 operum,
1220 5454 1310 5506 sed
1332 5454 1638 5508 vindictam
1666 5455 1727 5509 in
1809 5458 1867 5507 et
1892 5450 2200 5505 secundum
2213 5449 2476 5505 virtutem
2494 5447 2882 5521 possibilitatis
2901 5466 3016 5504 sum
3038 5448 3328 5503 dederunt.

156 5528 337 5603 δείρθο,
366 5536 497 5607 quia
523 5539 775 5611 seipsum
798 5528 1176 5597 causadelicti
1202 5539 1426 5612 afﬂigit.
1437 5541 1588 5597 Dicit
1603 5540 1732 5597 bea-
1884 5540 2029 5597 Cum
2056 5543 2239 5595 multa
2251 5542 2633 5597 exhortatione
2649 5541 2985 5596 obsecrantes
3008 5553 3127 5602 nos,
3140 5530 3405 5591 subaudis
