3966 6156
501 311 609 375 “8
952 303 1331 364 HAYMONIS
1360 302 1848 365 HALBEBSTA'I‘.
1881 308 2105 365 EPISG.
2138 302 2297 364 OPP.
2331 307 2516 366 PARS
2545 309 2590 366 Ι.
2626 343 2690 354 -
2723 308 3095 371 COMMEN‘P.
3133 310 3312 368 BIBL.
3637 316 3721 375 liii

502 442 569 494 ut
596 437 976 507 acciperemus
1018 433 1088 487 ab
1119 433 1199 487 eis
1236 436 1501 501 gratiam,
1534 433 1589 487 id
1620 440 1706 488 est
1733 435 2094 490 donationem
2114 436 2304 496 Arum
2339 434 2568 489 reiectio
2586 437 2847 506 gaudeat,
2884 446 2934 491 et
2957 437 3262 505 domestica
3286 438 3601 495 sufﬁcientia
3634 459 3726 497 non

504 543 674 609 quam
706 515 788 579 illi
815 522 994 593 gratis
1012 521 1242 585 dabant,
1256 528 1303 575 et
1330 526 1883 578 communicationem
1906 527 2097 579 minis-
2180 521 2414 576 laboret.
2470 523 2792 579 Notandum
2834 532 2894 595 ut
2926 526 3015 579 hic
3045 526 3325 580 distinctio
3354 527 3441 607 sit,
3474 528 3562 593 ubi
3599 530 3725 593 dicit,

505 618 638 671 εονίι
659 614 802 683 quod
830 615 889 679 ﬁt
919 614 980 664 in
1010 617 1242 671 sanctos,
1272 611 1367 682 qui
1398 617 1531 665 sunt
1560 611 1988 681 Hierosolymis.
2180 610 2277 663 sed
2321 627 2385 664 ex
2426 613 2744 682 aequalitate
2786 632 2797 665 :
2840 615 2911 667 1η
2955 617 3213 686 presenti
3242 620 3491 683 tempore,
3520 616 3568 669 id
3589 625 3662 670 est
3683 618 3729 685 in

576 704 641 758 Et
660 717 775 756 non
804 703 946 753 sicut
970 700 1330 767 speravimus,
1361 700 1451 751 sed
1476 702 1782 766 semetipsos
1809 701 2095 764 dederunt,
2180 698 2287 751 hac
2319 699 2447 755 vita.
2484 706 2662 754 vestra
2694 703 3045 755 abundantia
3088 705 3314 755 illorum
3350 692 3595 771 inopiam
3634 722 3733 773 sup-

499 792 559 847 id
579 794 812 852 estiam
838 787 1091 840 luserunt
1108 785 1254 839 sicut
1279 786 1588 848 timuimus,
1616 787 1839 857 quando
1853 787 2094 858 primum
2174 790 2341 856 pleat,
2373 794 2432 840 ut
2462 795 2510 842 et
2541 792 2771 843 illorum
2801 791 3174 847 abundantia.
3204 807 3327 879 quae
3365 778 3618 863 spiritalis
3646 802 3730 855 est,

499 896 605 935 nos
643 881 953 950 posuerunt
994 875 1053 927 in
1084 890 1364 927 carcerem
1398 892 1410 927 :
1440 892 1666 945 sperare
1695 875 1842 929 enim
1874 876 1964 929 hic
1996 892 2097 947 po-
2179 876 2237 929 in
2256 876 2490 946 jejuniis
2515 884 2571 931 et
2600 877 2965 949 orationibus,
3008 883 3193 932 vestrm
3224 870 3430 947 inopiae
3455 884 3522 947 sit
3552 884 3734 950 supple-

499 968 614 1023 sult
642 981 744 1037 pro
771 965 974 1019 timore
998 963 1145 1017 sicut
1175 967 1233 1017 et
1259 962 1316 1016 in
1348 962 1581 1033 Virgilio
1616 963 1855 1018 habetur
1890 984 1902 1018 :
2131 958 2139 964 ’
2180 970 2448 1020 mentum.
2497 964 2549 1017 id
2602 972 2705 1023 est.
2740 972 2802 1020 ut
2833 966 2978 1037 quod
3011 966 3195 1020 minus
3239 967 3486 1021 habeatis
3516 969 3569 1021 in
3598 968 3735 1039 rebus

655 1063 792 1112 Hunc
817 1075 899 1120 ego
925 1060 965 1107 si
994 1059 1123 1134 potui
1151 1063 1339 1107 tantum
1360 1072 1548 1120 sperare
1575 1061 1807 1130 dolorem,
2178 1052 2770 1129 spiritalibus.inipsis
2789 1054 3037 1108 habeatis
3062 1061 3117 1108 et.
3148 1055 3295 1124 quod
3318 1055 3394 1109 illi
3427 1072 3531 1110 non
3562 1056 3737 1111 habent

496 1160 602 1219 pro
628 1160 696 1198 eo
726 1142 871 1214 quod
916 1147 1002 1195 est
1030 1139 1230 1195 timere
1259 1153 1272 1187 ς
1301 1142 1555 1207 primum
1601 1140 1880 1193 dederunt
1905 1157 1965 1194 se
1993 1142 2095 1194 110-
2176 1141 2236 1195 in
2260 1141 2679 1211 temporalibus,
2715 1160 2810 1197 vos
2839 1142 2917 1196 eis
2940 1137 3286 1207 ministretis,
3320 1150 3380 1197 ut
3418 1148 3510 1219 ﬁat
3535 1148 3735 1213 aquati

497 1216 953 1293 inino,veniendo
973 1228 1042 1282 ad
1065 1228 1253 1284 fidem.
1282 1234 1337 1281 et
1351 1228 1682 1297 corrigendo
1704 1244 1923 1282 errores
1940 1246 2089 1292 suos,
2178 1235 2259 1283 tas
2284 1230 2433 1284 inter
2460 1248 2557 1285 vos
2586 1238 2643 1285 et
2671 1232 2815 1289 illos.
2849 1232 3046 1286 dantes
3072 1249 3165 1285 vos
3197 1231 3309 1286 illis
3334 1216 3479 1303 quod
3515 1249 3616 1302 non
3652 1234 3736 1287 ba-

498 1323 695 1376 deinde
724 1321 897 1377 nobis.
934 1316 1224 1371 subdende
1265 1331 1324 1368 se
1357 1322 1550 1369 nostro
1596 1317 1940 1387 magisterio,
1991 1320 2090 1380 ita,
2175 1318 2328 1381 bent,
2363 1325 2420 1373 et
2444 1320 2550 1390 ipsi
2580 1320 2733 1374 vobis
2764 1321 2910 1391 quod
2952 1337 3062 1374 non
3110 1320 3350 1386 habetis,
3393 1338 3485 1375 vos
3514 1321 3589 1375 illi
3615 1328 3735 1374 tem-

497 1408 740 1465 subaudi
767 1406 1047 1459 dederunt
1068 1421 1128 1457 se
1158 1421 1220 1457 ex
1242 1409 1361 1457 toto
1399 1404 1656 1466 Domino,
1688 1412 1745 1458 et
1773 1404 1933 1458 nobis
1960 1404 2093 1458 sub-
2176 1408 2409 1477 poralia,
2434 1415 2491 1461 et
2519 1408 2623 1485 ipsi
2650 1408 2803 1462 vobis
2832 1415 3061 1466 aeterna.

500 1498 605 1551 diti
633 1497 862 1549 fuerunt
895 1510 906 1545 ἲ
938 1497 1001 1544 ut
1027 1507 1347 1558 rogaremus
1375 1492 1819 1561 Titum,quando
1839 1492 1995 1545 illum
2023 1493 2094 1545 ad
2251 1498 2357 1563 Qui
2384 1502 2645 1559 multum,
2678 1496 2947 1551 subaudis
2984 1497 3226 1569 collegit,
3276 1515 3387 1552 non
3420 1500 3695 1552 abundavit
3723 1516 3735 1548 :

498 1601 602 1639 vos
640 1583 913 1645 misimus,
956 1586 1016 1633 ut
1044 1583 1319 1648 perﬁceret
1349 1583 1409 1632 in
1449 1581 1596 1633 robis
1632 1583 1877 1647 gratiam
1907 1584 2090 1645 istam,
2175 1589 2224 1637 et
2253 1587 2354 1653 qui
2373 1586 2932 1655 modicum,collegit,
2960 1603 3069 1639 non
3100 1567 3426 1640 minorarit.
3446 1588 3557 1641 Hoc
3575 1603 3739 1640 secun-

472 1660 782 1744 llargitatis
810 1681 867 1724 et
885 1669 1343 1739 eleemnsyniemt
1358 1679 1556 1739 sponte
1575 1668 1808 1722 mittatis
1828 1668 2309 1761 fratribusndum
2341 1673 2586 1726 litteram
2611 1673 2821 1727 dictum
2857 1680 2939 1727 est
2965 1674 3034 1726 de
3061 1690 3283 1727 manna.
3309 1675 3453 1728 Nam
3484 1692 3599 1729 cum
3629 1692 3740 1761 prae-

502 1763 596 1834 qui
625 1767 760 1816 sunt
805 1758 1208 1829 Hierosolymis
1257 1757 1401 1811 bona
1447 1758 1799 1829 temporalia,
1833 1758 1979 1812 sicut
2000 1758 2094 1811 isti
2116 1744 2415 1830 Bcepisset
2442 1762 2711 1815 Dominus
2738 1778 2838 1833 per
2864 1762 3085 1831 singula
3110 1763 3295 1833 capita
3322 1764 3547 1838 plenum
3573 1744 3741 1833 gdmor

498 1851 679 1923 gratis
706 1855 766 1903 et
795 1853 995 1919 sponte
1025 1846 1283 1902 mittunt.
2177 1849 2383 1919 colligi,
2416 1867 2537 1919 quae
2574 1856 2659 1903 est
2699 1867 2960 1904 mensura
3009 1857 3123 1905 tres
3156 1852 3432 1905 sextarios
3461 1852 3738 1921 continens,

514 1928 528 1936 ’
571 1941 694 1995 Non
721 1940 884 2006 quasi
910 1939 1191 2003 imperans
1223 1937 1360 1999 dice,
1398 1934 1665 1989 subaudis
1701 1935 1855 2000 talia,
1888 1937 1977 1989 sed
1998 1952 2095 2006 per
2177 1938 2405 2008 quidam
2435 1939 2781 2008 collegerunt
2810 1940 2952 2009 plus,
2990 1939 3218 2009 quidam
3255 1940 3465 1993 minus.
3501 1940 3602 1994 Sed
3636 1957 3738 1993 cum

498 2031 746 2083 aliorum
776 2025 1206 2079 sollicitudinem
1234 2027 1401 2077 etiam
1429 2030 1618 2077 vestra:
1640 2025 1934 2077 charitatis
1951 2008 2095 2090 inge-
2177 2034 2587 2097 pneparassent
2615 2027 2721 2080 sibi
2750 2008 2904 2081 cibos
2934 2028 2988 2081 in
3008 2008 3292 2081 imortario
3312 2045 3440 2082 cum
3475 2028 3741 2099 pistillo,et

498 2120 662 2172 nium
696 2116 899 2168 bonum
926 2114 1302 2180 comprobem,
1339 2111 1393 2164 id
1423 2117 1527 2175 est,
1553 2117 1617 2164 ut
1632 2128 1734 2182 per
1752 2111 1989 2164 istorum
2015 2112 2096 2165 in-
2178 2114 2269 2168 ille
2298 2115 2393 2183 qui
2426 2115 2549 2186 plus
2594 2115 2914 2185 collegerat,
2960 2123 3016 2169 et
3046 2116 3142 2185 qui
3183 2117 3389 2179 minus,
3427 2132 3592 2171 unam
3618 2132 3742 2170 men-

498 2202 847 2275 dulgentiam
876 2199 1190 2272 approbare
1220 2199 1424 2269 possim
1445 2199 1648 2254 bonum
1674 2200 1961 2281 ingenium
1981 2217 2097 2253 ves-
2177 2219 2365 2256 suram
2401 2189 2757 2273 postmodum
2791 2203 3160 2275 reperierunt,
3193 2204 3421 2275 plenum
3449 2205 3648 2259 scilicet
3664 2221 3741 2281 go-

497 2300 601 2349 ιω
628 2290 940 2351 charitatis,
969 2295 1033 2342 ut
1060 2288 1105 2342 si
1134 2288 1226 2341 isti
1254 2293 1412 2341 tanta
1451 2288 1726 2342 miserunt
1752 2288 1849 2373 qui
1881 2304 2095 2371 paupe-
2178 2306 2318 2344 mor.
2356 2289 2700 2361 Rpiritaliter
2728 2299 2917 2346 autem
2952 2292 3042 2346 hic
3068 2293 3187 2346 vult
3214 2294 3533 2357 ostendere,
3565 2284 3681 2364 quia
3704 2293 3741 2345 si

496 2398 590 2438 res
617 2386 767 2444 sunt,
802 2396 897 2433 vos
936 2378 1097 2448 plura
1126 2377 1382 2431 mittatis.
2180 2384 2313 2433 sunt
2340 2380 2451 2433 duo
2481 2380 2755 2444 homines,
2783 2397 2930 2434 unus
2953 2380 3125 2443 dives,
3154 2389 3210 2435 et
3227 2382 3372 2434 alter
3398 2398 3622 2452 pauper.
3640 2382 3741 2434 licet

570 2472 736 2527 Scitis
764 2471 912 2522 enim
942 2469 1190 2534 gratiam
1240 2467 1466 2519 Domini
1510 2468 1687 2519 nostri
1712 2468 1839 2519 Jesu
1866 2466 2090 2527 (Jhrtsti,
2178 2467 2331 2521 dives
2362 2469 2538 2521 multa
2580 2469 2879 2538 possideat,
2923 2475 2981 2523 et
3007 2469 3307 2523 distribuat
3330 2471 3491 2539 plura
3516 2470 3743 2541 pauperi-

500 2576 669 2633 quam
701 2557 855 2612 vobis
883 2553 1138 2609 contulit.
1168 2554 1374 2607 Omnia
1401 2553 1545 2607 bona
1571 2569 1693 2624 quae
1724 2554 1972 2608 humano
1995 2570 2096 2623 ge-
2178 2557 2282 2610 bus
2303 2573 2469 2626 quam
2500 2573 2732 2627 pauper.
2767 2573 2877 2611 non
2908 2565 3093 2611 tamen
3115 2566 3345 2628 superat
3365 2559 3520 2613 illius
3535 2552 3744 2612 eleemo-

496 2649 620 2704 neri
650 2648 783 2702 data
811 2650 963 2708 sunt,
994 2643 1180 2714 gratia
1206 2642 1307 2696 Dei
1345 2648 1449 2706 est,
1482 2658 1748 2710 quoniam
1796 2659 1920 2696 cum
1948 2644 2096 2695 dives
2175 2660 2320 2715 syna
2363 2645 2627 2715 pauperis
2656 2645 2997 2715 largitatem,
3040 2646 3138 2699 sed
3186 2646 3520 2717 plerumque
3563 2647 3742 2699 donum

498 2742 645 2801 esset,
677 2735 984 2791 secundum
1012 2731 1386 2796 divinitatem,
1420 2731 1710 2801 possidens
1738 2731 1929 2784 omnia
1965 2747 2094 2785 cum
2178 2749 2409 2804 parvum
2442 2734 2703 2804 pauperis
2732 2719 2910 2804 magis
2940 2717 3027 2788 est
3046 2742 3333 2807 acceptum
3354 2736 3491 2797 Deo,
3510 2752 3663 2807 quam
3679 2735 3744 2788 di-

496 2828 686 2889 Patre,
716 2830 938 2896 propter
961 2841 1069 2889 vos,
1097 2829 1155 2877 et
1173 2839 1368 2877 omnes
1397 2822 1712 2890 credentes,
1741 2838 1940 2889 egenus
1975 2823 2096 2889 fac-
2177 2821 2307 2875 vitis
2338 2838 2627 2892 magnum,
2662 2822 2794 2892 quia
2827 2838 3038 2892 pauper
3066 2823 3135 2875 de
3157 2823 3298 2876 victu
3323 2840 3426 2877 suo
3459 2824 3662 2889 tribuit,
3682 2823 3746 2877 di-

500 2924 587 2972 tus
616 2922 714 2979 est,
741 2920 799 2969 et
828 2929 1059 2985 pauper,
1092 2912 1373 2966 intantum
1406 2917 1468 2965 ut
1505 2927 1617 2964 non
1656 2898 1906 2969 haberet.
1945 2909 2095 2981 quod
2178 2926 2271 2963 ves
2295 2927 2361 2963 ex
2391 2911 2477 2964 his
2502 2910 2706 2981 quibus
2734 2910 3171 2982 superabundat.
3205 2899 3361 2976 Quod
3395 2912 3747 2984 comprobavit

496 3006 710 3062 habent
737 3005 949 3075 vulpes,
982 3007 1043 3055 ut
1073 3005 1232 3071 illius
1262 3004 1452 3070 inopia
1482 3017 1571 3071 pos
1595 3003 1788 3053 divites
1816 3003 2014 3064 essetis,
2038 2999 2096 3053 in
2119 3057 2157 3075 η
2183 2998 2451 3057 Dominus
2478 3000 2534 3053 in
2568 3000 2864 3069 Evangelio
2880 3001 3103 3070 quando
3118 3000 3312 3054 videns
3338 3002 3521 3056 multa
3536 3003 3586 3055 in
3605 3018 3745 3073 gaio-

498 3057 975 3150 cmloietfactus
1005 3096 1093 3144 est
1327 3057 1502 3143 u‘tnos
1532 3088 1739 3142 faceret
1767 3088 1919 3151 deos,
1934 3057 2097 3159 justa
2115 3057 2159 3115 ϐ
2178 3087 2497 3168 phylacium
2519 3104 2553 3141 a
2581 3057 2860 3154 divitibus,
2889 3057 2943 3142 et
2966 3089 3131 3142 vidua
3163 3089 3276 3142 Deo
3305 3057 3746 3168 diminutafquod

500 3183 652 3255 quod
698 3198 801 3269 per
850 3180 1206 3234 Psalmistam
1251 3176 1388 3230 dicit
1421 3194 1432 3229 ε
1468 3178 1577 3269 Ego
1623 3178 1746 3230 dixi
1783 3194 1799 3228 :
1836 3178 1932 3229 Dii
1969 3180 2095 3229 estis
2178 3166 2263 3229 est
2292 3176 2595 3248 quadrans,
2632 3176 2688 3230 id
2719 3182 2803 3230 est
2839 3182 3040 3246 quarta
3068 3193 3194 3246 pars
3214 3176 3453 3239 denarii,
3474 3166 3745 3249 dixique,

497 3276 665 3344 (Psal.
700 3263 892 3337 tum.
1564 3263 1571 3271 ’
1984 3286 2023 3300 -

2180 3272 2285 3327 xxxi
2320 3282 2331 3317 :
2377 3266 2549 3319 Vidua
2589 3266 2697 3319 haec
2736 3269 2864 3333 plus
2891 3281 3061 3333 quam
3099 3282 3283 3318 omnes
3318 3269 3493 3333 misit,
3533 3266 3657 3337 quia
3683 3265 3746 3318 illi

566 3362 635 3416 Et
656 3362 953 3414 consilium
982 3360 1046 3411 in
1075 3357 1171 3409 hoc
1201 3356 1288 3416 de,
1321 3353 1590 3407 subaudis
1616 3358 1681 3407 ut
1700 3354 1821 3422 ejus
1853 3368 2096 3423 paupere
2178 3353 2355 3406 multa
2386 3352 2491 3406 sibi
2513 3353 2887 3413 retinuerunt,
2911 3354 3007 3406 illa
3032 3370 3161 3407 vero
3181 3360 3364 3407 totum
3386 3344 3745 3423 suum‘victum

493 3456 672 3506 tatem
703 3446 1023 3503 imitemini.
1060 3446 1166 3499 Hoc
1193 3446 1343 3496 enim.
1369 3444 1513 3495 vobis
1540 3445 1677 3494 utile
1704 3447 1799 3505 est,
1826 3430 2096 3494 subaudis
2180 3440 2349 3505 misit,
2383 3441 2520 3494 nihil
2549 3441 2651 3495 sibi
2687 3442 2933 3495 retinens
2971 3460 2983 3493 :
3016 3442 3127 3495 Cor
3147 3458 3413 3513 namque,
3437 3449 3495 3496 et
3513 3459 3625 3496 non
3643 3440 3748 3507 sub-

496 3542 682 3595 facere
711 3537 857 3610 quod
888 3535 1031 3588 dico.
1057 3536 1157 3601 qui
1187 3548 1298 3585 non
1327 3533 1501 3583 solum
1535 3532 1732 3607 facere,
1757 3530 1848 3581 sed
1876 3534 1923 3581 et
1963 3532 2096 3583 cette
2177 3530 2442 3582 stantiam
2477 3536 2675 3599 pensat
2705 3531 2873 3592 Deus,
2910 3547 3011 3583 nec
3055 3526 3353 3602 perpendit
3392 3539 3659 3601 quantum
3698 3530 3745 3582 in

495 3629 725 3697 cupistis
761 3627 829 3679 ab
872 3639 1023 3676 amw
1066 3622 1272 3689 priore,
1321 3618 1437 3671 sive
1484 3616 1553 3669 ab
1600 3632 1747 3669 anno
1785 3616 2085 3697 prmterite.
2176 3619 2300 3687 ejus
2327 3635 2579 3681 munere,
2611 3619 2705 3671 sed
2730 3635 2792 3673 ex
2823 3625 3033 3689 quanto
3067 3635 3258 3673 amore
3293 3619 3624 3689 proferatur.

494 3694 672 3772 Erant
697 3712 871 3783 aliqui
901 3709 1050 3781 apud
1079 3708 1202 3761 illos
1227 3706 1320 3777 qui
1343 3705 1686 3759 voluntatem
1719 3694 1945 3777 quidem
1989 3705 2090 3759 ha-
2245 3709 2519 3773 Quoniam
2566 3707 2995 3761 exhortationem
3043 3709 3265 3775 quidem
3293 3699 3562 3776 suscepit,
3601 3724 3633 3761 ει
3672 3723 3746 3761 me

492 3804 741 3858 buerunt
784 3797 994 3869 aliquid
1044 3796 1268 3850 mittere
1304 3793 1570 3847 fratribus
1617 3793 2087 3863 Hierosolymam,
2173 3809 2340 3865 quam
2373 3794 2525 3848 vobis
2556 3794 2914 3848 ministravit.
3302 3784 3335 3795 ”

493 3891 590 3946 sed
619 3888 758 3943 nihil
785 3886 917 3942 inde
944 3885 1213 3939 fecerunt.
1246 3883 1421 3939 Erant
1446 3887 1504 3935 et
1531 3880 1625 3935 alii
1652 3881 1745 3953 qui
1777 3882 1990 3952 aliquid
2010 3883 2092 3936 in-
2243 3884 2498 3936 Misimus
2526 3899 2653 3936 cum
2684 3887 2802 3947 illo,
2832 3883 2890 3937 id
2919 3889 3005 3937 est
3023 3899 3150 3937 cum
3170 3883 3318 3947 Tito,
3340 3884 3580 3952 fratrem
3608 3885 3746 3951 cujus

496 3980 568 4034 de
592 3979 864 4035 fecerunt,
885 3975 982 4030 sed
1007 3973 1077 4028 ad
1097 3974 1356 4027 clientum
1383 3987 1494 4025 non
1526 3957 2090 4041 perduxerunt.Quos
2176 3973 2297 4024 laus
2326 3976 2401 4024 est
2427 3974 2490 4024 in
2512 3972 2805 4039 Evangelia
2827 3987 2929 4056 per
2956 3988 3140 4025 omnes
3164 3974 3429 4025 ecclesias.
3462 3971 3638 4039 Lucas
3664 3968 3742 4056 qui

495 4085 691 4126 omnes
714 4068 977 4122 hortatur
1006 4064 1171 4118 modo
1202 4062 1393 4116 dicens
1425 4079 1435 4113 :
1472 4061 1589 4115 Hoc
1632 4059 1786 4114 vobis
1832 4060 1969 4114 utile
2008 4065 2094 4114 est
2173 4064 2231 4112 et
2277 4057 2484 4113 Lucius
2528 4059 2696 4113 tacito
2738 4049 2838 4113 hic
2868 4059 3096 4113 nomine
3135 4059 3492 4130 intelligitur.
3525 4060 3618 4130 qui
3641 4049 3744 4126 jam

494 4159 679 4214 facere
706 4156 802 4227 qui
828 4155 971 4209 velle
998 4151 1266 4224 cepistis,
1298 4155 1356 4203 et
1382 4150 1480 4219 qui
1503 4165 1568 4202 ex
1600 4153 1758 4219 parte
1790 4148 2017 4204 fecistis.
2174 4146 2533 4217 Evangelium
2567 4148 2942 4218 conscriptum
2972 4147 3216 4201 habebat
3238 4133 3489 4209 miriﬁce,
3523 4140 3663 4218 quod
3684 4145 3749 4213 le-

558 4249 726 4302 Nune
739 4260 863 4299 vero
878 4248 927 4296 et
937 4245 1080 4310 facte
1090 4242 1348 4310 perﬁcite,
1383 4237 1436 4289 id
1459 4243 1563 4301 est,
1587 4252 1755 4305 opere
1766 4236 2088 4306 adimplete.
2171 4235 2411 4306 gebatur
2438 4253 2538 4307 per
2555 4253 2749 4291 omnes
2770 4237 3051 4296 ecclesias,
3085 4243 3142 4290 et
3166 4236 3397 4306 insuper
3421 4237 3588 4305 Actus
3607 4250 3748 4305 apos-

560 4334 624 4389 Bi
665 4334 815 4385 enim
860 4332 1116 4382 voluntas
1153 4328 1411 4393 prompta
1440 4328 1497 4376 et
1520 4329 1716 4393 parata
1742 4322 1810 4375 ad
1842 4323 2090 4379 dandum
2113 4324 2440 4396 htolorum,
2466 4341 2576 4396 quo
2608 4325 2797 4380 labore
2837 4325 2907 4379 ab
2937 4324 3199 4379 omnibus
3241 4323 3501 4379 ﬁdelibus
3538 4322 3743 4395 laudem

497 4363 596 4485 es:
623 4417 926 4473 secundum
945 4416 1006 4468 id
1032 4363 1247 4481 accepta
1277 4363 1353 4465 ὦ
1381 4363 1730 4479 quodrhabet,
1747 4410 2015 4469 subaudis
2036 4418 2092 4469 et
2111 4363 2157 4441 υ
2174 4412 2433 4467 habebat.

497 4511 614 4577 dat,
632 4523 746 4562 non
774 4506 1073 4560 seeundum
1105 4504 1163 4556 id
1188 4503 1331 4570 quod
1361 4516 1473 4555 non
1496 4502 1672 4561 habet,
1700 4500 1833 4572 quia
1851 4517 1962 4557 non
1987 4518 2053 4556 va
2071 4533 2091 4542 -
2243 4504 2367 4556 Non
2410 4506 2588 4556 salum
2631 4508 2817 4557 autem
2863 4502 3201 4557 laudabatur
3242 4519 3343 4573 per
3368 4518 3560 4557 omnes
3589 4500 3749 4555 eccle-

494 4599 575 4653 let
602 4596 741 4651 illud
770 4594 908 4653 dare
936 4591 1083 4663 quod
1115 4605 1226 4644 non
1246 4587 1436 4657 habet,
1460 4588 1591 4643 licet
1624 4577 1773 4643 velit.
1811 4590 1927 4646 Hoc
1965 4589 2092 4660 qui-
2174 4589 2305 4648 sias.
2352 4591 2443 4644 sed
2476 4596 2523 4643 et
2562 4592 2858 4645 ordinatus
2900 4597 2975 4643 est
3027 4606 3199 4644 comes
3240 4579 3305 4644 ac
3344 4590 3528 4659 socius
3571 4592 3749 4643 nostr:

385 4678 444 4763 ἐκ
495 4686 624 4742 dem
655 4683 806 4772 apud
842 4679 1100 4737 homines
1144 4683 1250 4739 est,
1289 4686 1554 4732 caeterum
1585 4676 1733 4747 apud
1763 4677 1941 4731 Deum
1968 4676 2093 4746 ipsa
2166 4681 2654 4746 peregrinationis.

491 4766 753 4830 voluntas
780 4771 930 4826 bona
952 4771 1368 4825 remunemtur.
2245 4768 2552 4821 Devitantes
2597 4773 2646 4821 et
2687 4774 2929 4822 caventes
2976 4768 3072 4821 hoe
3118 4784 3185 4821 ne
3214 4769 3340 4836 quis
3367 4784 3458 4821 vos
3500 4766 3747 4834 vituperet

566 4867 689 4919 Non
710 4867 879 4927 enim,
910 4857 1182 4914 subaudis
1210 4855 1337 4909 ideo
1366 4853 1506 4907 talia
1533 4852 1816 4924 principio,
1854 4859 1917 4906 ut
1958 4855 2090 4906 aliis
2174 4859 2231 4909 et
2276 4854 2651 4925 reprehendat
2688 4854 2750 4910 in
2782 4857 2886 4911 hac
2920 4846 3293 4924 plenitudine,
3332 4855 3597 4909 subaudis
3630 4854 3748 4907 doc-

494 4955 568 5007 sit
594 4954 859 5013 remissio,
894 4949 947 5003 id
988 4954 1092 5011 est,
1124 4943 1469 4999 abundantia
1495 4949 1553 4995 et
1577 4942 1956 5012 reﬁngerium,
1999 4943 2091 4995 sed
2171 4942 2333 4998 trium
2378 4948 2437 4996 et
2487 4944 2906 5006 miraculorum,
2947 4960 3065 5012 quae
3110 4945 3479 4997 ministratur
3514 4959 3548 4996 a
3592 4942 3744 5009 nobis,

494 5055 564 5094 ea:
589 5039 918 5106 aequalitate,
971 5033 1243 5089 subaudis
1284 5033 1391 5086 hoe
1429 5030 1643 5085 debetis
1686 5034 1888 5095 tacere,
1936 5029 2089 5085 verbi
2170 5031 2426 5085 videlicet
2457 5046 2528 5085 ne
2558 5034 2682 5103 quis
2712 5039 2899 5102 posset
2936 5032 3122 5086 dicere
3156 5048 3168 5081 :
3200 5031 3350 5085 Bene
3376 5031 3600 5101 quidem
3620 5043 3748 5100 prte-

493 5127 713 5198 gratia:
747 5125 854 5189 Qui
878 5122 1047 5178 habet
1069 5128 1292 5176 centum
1318 5120 1545 5183 solidos,
1577 5118 1984 5190 quinquaginta
2005 5134 2089 5172 se-
2170 5119 2319 5174 dicat
2369 5121 2592 5179 Paulus.
2648 5121 2950 5183 Barnabas,
2999 5120 3348 5186 Timotheus,
3382 5120 3625 5190 sociique
3664 5131 3747 5169 eo-

496 5231 622 5270 cum
677 5213 935 5275 retineat,
985 5208 1396 5281 quinquaginta
1436 5208 1625 5261 mittat
1677 5208 1767 5263 his
1816 5208 1910 5279 qui
1954 5211 2091 5261 sunt
2170 5223 2296 5261 vum
2327 5213 2385 5262 et
2410 5209 2590 5262 millia
2614 5210 2885 5264 miracula
2911 5226 3011 5280 per
3040 5206 3306 5262 virtutem
3336 5208 3559 5263 Domini
3595 5202 3747 5277 perﬁ-

494 5300 920 5372 ﬂierosolymis.
953 5300 1053 5354 Vel
1091 5314 1155 5353 ex
1193 5297 1514 5368 mqunlitata
1564 5301 1631 5351 ut
1660 5296 1869 5367 aliquid
1902 5296 2091 5349 mittat
2168 5295 2343 5353 ciunt.
2376 5297 2472 5351 sed
2504 5296 2561 5350 in
2596 5297 2701 5351 hoc
2730 5315 2840 5352 non
2873 5297 3015 5351 bene
3038 5304 3233 5367 agunt,
3257 5296 3389 5364 quia
3420 5313 3531 5350 non
3560 5293 3748 5348 habent

492 5391 625 5453 illis,
661 5396 719 5444 et
746 5387 956 5459 aliquid
984 5388 1223 5441 retineat
1261 5385 1332 5439 ad
1378 5401 1512 5441 suos
1556 5401 1901 5455 suorumque
1928 5401 2083 5438 usus.
2168 5398 2362 5437 auram
2414 5391 2734 5439 sanctorum
2787 5401 3096 5455 pauperum
3147 5384 3241 5455 qui
3287 5391 3421 5438 sunt
3452 5378 3749 5459 Hierosoly-

494 5481 745 5537 Hilarem
778 5455 1052 5547 siquidem
1080 5475 1332 5528 datorem
1359 5473 1749 5529 benevolentia
1766 5473 1944 5539 decet,
1967 5490 2091 5544 quae
2170 5472 2300 5531 mis.
2331 5472 2478 5527 sicut
2504 5474 2598 5527 alii
2629 5474 2864 5545 apostoli
2896 5472 3121 5535 habent,
3152 5480 3209 5526 et
3233 5472 3378 5526 sicut
3410 5471 3582 5525 Paulo
3618 5455 3747 5539 pra:-

497 5569 581 5626 sie
602 5582 767 5625 suam
792 5567 1071 5637 temperet
1095 5562 1417 5634 largitatem
1465 5567 1533 5616 ut
1573 5561 1646 5618 de
1671 5561 1773 5617 illa
1798 5566 1856 5617 et
1878 5576 2093 5633 paupe-
2174 5566 2400 5633 «ptum
2446 5567 2536 5618 est
2578 5568 2636 5617 et
2680 5560 2951 5618 Barnabze
2996 5560 3069 5615 ab
3113 5561 3401 5632 apostolis,
3434 5558 3650 5635 quando
3680 5550 3744 5609 ad
