3966 6156
516 259 620 315 647
941 257 1322 314 HAYMONIS
1360 253 1852 311 HALBERSTAT.
1893 254 2113 311 EPISC.

2194 255 2321 312 lPP.
2361 256 2546 312 PARS
2583 257 2630 312 1.
2673 285 2737 298 —
2777 256 3153 314 COMMENT.
3192 259 3376 343 BIBL.
3637 263 3723 324 643

511 383 732 438 stantia;
742 382 1070 454 temporalis
1085 381 1169 436 vel
1183 379 1495 434 mercedem
1514 378 1766 449 ejusdem
1783 377 2111 432 substantia:
2125 381 2174 439 Α
2195 379 2471 434 dicatores
2495 396 2712 435 sumus.
2736 381 2813 435 Ea
2839 381 3150 438 intentione
3167 389 3223 439 et
3247 385 3579 456 simplicitate
3590 387 3727 443 debet

513 472 825 527 distributa:
845 489 968 543 qua:
982 470 1214 540 largitas
1232 469 1372 522 bene
1390 467 1616 538 justitia
1633 467 2108 538 appellatur:quia
2189 468 2357 522 homo
2383 470 2797 540 eleemosynam
2822 470 3165 542 impendere,
3183 478 3246 527 ut
3268 491 3376 528 non
3392 481 3586 545 quaerat
3598 475 3728 532 illum

509 563 726 632 justum
750 567 854 625 est,
890 565 954 614 ut
979 560 1126 613 sicut
1141 565 1294 612 terra
1324 557 1583 611 omnibus
1617 555 1940 610 hominibus
1960 572 2108 610 com-
2190 555 2296 610 sibi
2327 556 2641 626 subjectum
2672 558 2855 613 facere
2886 561 2977 614 cui
3005 561 3224 626 tribuit,
3256 579 3432 633 neque
3450 563 3646 618 laudem
3670 565 3727 618 ab

513 650 760 704 muniter
798 667 833 702 a
865 651 978 703 Deo
1008 649 1141 701 data
1171 659 1256 700 est
1305 647 1372 698 ad
1408 644 1828 716 possidendum,
1869 650 1927 698 et
1964 645 2110 698 sicut

515 739 666 792 calor
685 739 818 792 solis
843 745 900 791 et
915 739 1118 791 humor
1131 736 1443 807 pluviarum
1462 733 1722 788 omnibus
1737 733 2111 788 communiter

513 826 780 880 tribuitur
808 843 842 879 a
871 827 1004 882 Deo.
1039 825 1118 878 ita
1151 825 1323 879 etiam
1355 841 1476 894 quae
1508 824 1567 876 in
1621 829 1774 877 terra
1821 823 1920 876 Dei
1963 823 2110 895 dono

514 915 1228 978 nascuntur,communiter
1252 913 1648 984 dispensentur
1665 920 1722 966 et
1740 912 2113 966 communiter

515 1011 766 1071 utantur;
791 1010 848 1058 et
862 1005 982 1059 haec
1004 1011 1088 1058 est
1110 1003 1352 1074 justitia,
1379 1008 1441 1056 ut
1459 1002 1592 1073 quia
1612 1002 1759 1055 Deus
1782 1001 1917 1054 illud
1933 1001 2112 1070 gratis

517 1093 634 1156 dat,
660 1093 938 1147 retribuat
966 1110 1031 1146 ex
1062 1109 1127 1146 eo
1161 1098 1219 1146 et
1249 1093 1437 1153 homo,
1470 1091 1558 1145 cui
1591 1091 1768 1144 deest.
1789 1091 2112 1144 Notandum

518 1182 666 1253 quod
687 1183 894 1237 dicitur
913 1183 982 1235 de
1011 1183 1130 1236 viro
1160 1186 1374 1240 sancto,
1411 1179 1506 1250 qui
1537 1180 1803 1249 dispersit
1836 1184 1894 1232 et
1921 1179 2113 1233 divisit

515 1271 859 1342 pauperibus
885 1270 1258 1325 substantiam
1287 1268 1391 1322 sibi
1417 1284 1451 1321 a
1478 1269 1594 1322 Deo
1622 1269 1836 1330 datam,
1871 1284 1936 1320 ac
1959 1267 2114 1321 dedit

516 1359 857 1431 pauperibus
875 1359 968 1430 qui
990 1375 1099 1412 non
1120 1357 1331 1412 habent
1346 1357 1493 1427 quod
1508 1357 1558 1410 ei
1581 1357 1880 1410 redderent
1897 1357 1951 1410 in
1969 1373 2112 1428 prae-

513 1448 678 1512 senti,
713 1453 770 1501 et
795 1463 908 1500 non
937 1445 1203 1501 divitibus
1233 1445 1401 1514 hujus
1429 1445 1636 1507 saeculi,
1671 1460 1706 1496 a
1740 1444 1943 1515 quibus
1985 1460 2115 1514 spe-

516 1541 670 1589 raret
683 1535 882 1590 eadem
912 1536 1119 1588 iterum
1150 1539 1250 1588 aut
1267 1535 1431 1604 plura
1452 1533 1698 1602 recipere
1730 1549 1740 1582 :
1775 1538 1833 1586 et
1847 1533 2114 1604 quoniam

517 1640 652 1678 usus
678 1629 765 1678 est
811 1628 1089 1694 praecepto
1141 1621 1366 1675 Domini
1409 1621 1647 1674 dicentis
1685 1639 1696 1673 2
1749 1623 1925 1675 Facite
1967 1623 2113 1675 vobis

2190 645 2513 699 hominibus
2545 663 2814 717 quaerere.

2263 734 2640 801 Gloriﬁcantcs
2666 737 2837 789 Deum
2867 740 2930 790 in
2959 739 3264 792 obedientia
3302 743 3627 808 confessionis
3668 759 3732 796 ve-

2191 822 2678 878 strae.0bedientia
2695 824 3099 880 confessionem
3114 829 3733 899 praestathominiquando

2194 910 2465 981 impletur
2500 929 2511 963 :
2548 912 2681 982 quia
2718 912 2852 966 licet
2873 913 3040 968 homo
3069 921 3253 969 taceat
3273 916 3361 970 cui
3382 915 3735 987 imperatur,in

2195 999 2299 1053 hoc
2330 1000 2478 1070 quod
2499 999 2706 1067 obedit,
2734 1018 2874 1072 opus
2895 1003 2944 1072 ej
2955 1019 3018 1056 us
3039 1004 3301 1067 ostendit,
3321 1012 3376 1058 et
3394 1007 3664 1059 conﬁtetur
3679 1005 3735 1058 il-

2193 1088 2308 1142 lum
2339 1105 2460 1142 esse
2491 1089 2648 1143 valde
2677 1089 3067 1157 obedientem;
3102 1092 3253 1147 verbi
3298 1094 3479 1164 gratia
3509 1112 3520 1146 :
3571 1094 3736 1149 Preci-

2193 1177 2348 1248 pitur
2373 1178 2539 1231 alicui
2581 1177 2663 1232 ire
2701 1184 2924 1234 tantum
2955 1180 3012 1234 in
3045 1181 3304 1247 ambone,
3349 1181 3472 1236 licet
3493 1182 3601 1252 ipse
3625 1183 3740 1236 nihil

2193 1267 2546 1337 responderit
2571 1266 2642 1332 ei,
2676 1273 2734 1320 et
2759 1271 2952 1322 tamen
2979 1269 3109 1325 ierit
3139 1276 3447 1335 cantatum,
3472 1271 3584 1341 ipsa
3600 1271 3742 1325 canti-

2193 1355 2323 1408 lena
2348 1355 2610 1425 perhibet
2650 1356 2701 1409 ei
2731 1357 3114 1411 testimonium
3145 1359 3488 1425 obedientize,
3520 1365 3573 1413 et
3599 1361 3743 1414 conti-

2196 1448 2350 1497 tetur
2370 1444 2529 1497 illum
2571 1444 2732 1498 valde
2770 1461 2892 1499 esse
2939 1445 3320 1502 obedientem.
3374 1450 3439 1502 In
3491 1448 3743 1515 Evangelia

2198 1549 2421 1602 quoque
2447 1533 2656 1586 Christi
2681 1533 2992 1602 gloriticate
3031 1535 3211 1589 Deum
3241 1536 3375 1606 quia
3425 1536 3740 1606 Evangelium

2197 1621 2300 1675 hoc
2321 1621 2600 1691 praecipit:
2626 1621 2813 1676 Facite
2832 1621 2984 1676 vobis
2997 1625 3208 1678 amicos
3238 1624 3309 1678 de
3331 1640 3631 1678 mammona
3652 1625 3741 1678 ini-

517 1715 723 1766 amicos
752 1714 815 1765 de
847 1727 1167 1765 mammona
1198 1713 1519 1778 iniquitatis
1555 1712 1703 1774 (Luc.
1737 1709 1874 1780 XVI),
1907 1710 2176 1786 idcircoB
2198 1712 2454 1782 quitatis,
2496 1717 2544 1765 et
2592 1715 2656 1764 in
2696 1715 3050 1780 simplicitate
3079 1714 3262 1768 cordis
3303 1714 3488 1779 vestri,
3517 1713 3742 1768 subaudis

511 1801 735 1872 justitia
763 1802 906 1871 ejus,
946 1800 1005 1853 id
1036 1805 1123 1853 est
1143 1816 1355 1853 merces
1391 1799 1670 1870 largitatis
1716 1801 1839 1869 ejus
1869 1804 1926 1853 et
1956 1799 2116 1852 retri-

517 1888 673 1943 butio
711 1888 888 1959 ipsius
902 1887 1136 1958 justitia:
1162 1891 1356 1941 manet
1374 1887 1432 1940 in
1461 1887 1894 1957 mternum,quia
1922 1885 2000 1940 ibi
2020 1902 2117 1956 po-

519 1977 636 2032 suit
663 1976 887 2031 divitias
916 1993 1067 2041 suas,
1087 1981 1145 2030 et
1173 1974 1251 2029 ibi
1280 1975 1698 2041 thesaurizavit,
1716 1974 1810 2028 ubi
1828 1975 1982 2028 fures
2005 1990 2116 2028 non

515 2065 806 2132 effodiunt,
837 2083 939 2120 nec
960 2065 1243 2119 furantur.

589 2157 696 2223 Qui
715 2160 901 2208 autem
915 2157 1285 2208 administrat
1300 2169 1482 2207 semen
1505 2155 1825 2215 sem-inanti,
1846 2157 1894 2206 et
1908 2168 2113 2220 panem

515 2245 589 2298 ad
619 2245 1071 2298 manducandum
1097 2244 1399 2310 prastabit,
1435 2247 1482 2295 et
1502 2242 1897 2308 multiplicabit
1931 2257 2112 2294 semen

517 2338 779 2396 vestrum,
817 2337 866 2386 et
891 2333 1110 2399 augebit
1144 2334 1490 2385 incrementa
1516 2332 1749 2397 frugum
1765 2331 2005 2397 justitia
2023 2345 2113 2382 ve-

516 2427 659 2478 strae.
683 2421 802 2475 Hoc
820 2419 1371 2491 dupliciterintelligi
1390 2424 1593 2488 potest,
1613 2423 1669 2472 et
1684 2419 1847 2488 juxta
1864 2418 2112 2472 litteram

517 2516 574 2565 et
590 2511 753 2581 juxta
771 2509 1081 2581 spiritalem
1100 2507 1548 2577 intelligentiam.
1571 2507 1942 2577 Omnipotens
1962 2508 2112 2562 Deus

521 2599 617 2670 qui
643 2598 1004 2652 administrat
1031 2596 1247 2651 homini
1287 2612 1477 2650 semen
1507 2596 1577 2649 ad
1617 2595 2032 2660 seminandum,
2065 2595 2111 2649 si

517 2689 883 2759 eleemosynae
899 2686 1073 2741 fuerit
1095 2686 1337 2747 deditus.
1371 2685 1488 2756 ipse
1519 2683 1809 2756 praestabit
1829 2685 1880 2738 ei
1910 2701 2112 2755 panem

519 2779 590 2832 ad
609 2776 1060 2832 manducandum
1081 2792 1146 2829 ex
1161 2775 1393 2839 semine,
1413 2780 1467 2828 et
1489 2773 1884 2844 multiplicabit
1899 2773 2116 2827 semina

521 2868 570 2936 ej
581 2883 645 2920 us
674 2866 733 2920 in
754 2873 928 2929 terra,
953 2871 1019 2919 ut
1054 2864 1148 2936 qui
1175 2862 1474 2918 seminavit
1497 2862 1744 2933 quinque
1762 2861 2114 2924 modios,col-
2144 2931 2147 2938 Ι

518 2955 660 3024 ligat
684 2953 1123 3024 quinquaginta:
1159 2952 1255 3022 qui
1286 2953 1500 3016 decem,
1524 2951 1750 3020 colligat
1777 2954 2022 3005 centum.
2047 2950 2115 3004 Et

519 3041 918 3111 multiplicabit
948 3046 1253 3111 augmenta
1281 3041 1504 3110 frugum
1536 3039 1778 3109 justitia:
1806 3045 2025 3109 vestrae,
2055 3038 2112 3092 id

524 3134 610 3184 est
629 3129 956 3184 substantia;
975 3135 1195 3193 vestrm,
1219 3145 1342 3198 qua:
1362 3128 1505 3181 bene
1525 3128 1746 3197 justitia
1771 3128 2109 3198 appellatur.

517 3217 727 3273 Aliter:
757 3218 906 3272 Deus
919 3217 1014 3287 qui
1036 3215 1395 3270 administrat
1415 3216 1627 3269 homini
1648 3232 1839 3270 semen
1859 3215 1930 3268 ad
1951 3215 2114 3269 semi-

519 3306 790 3372 nandum,
815 3305 871 3358 id
897 3311 983 3358 est
1001 3303 1371 3358 substantiam
1396 3305 1762 3374 temporalem
1795 3304 1944 3357 unde
1971 3304 2111 3358 elee-

517 3410 808 3465 mosynam
836 3392 1014 3464 possit
1050 3407 1318 3462 erogare;
1353 3391 1472 3462 ipse
1506 3391 1699 3461 utique
1734 3391 1785 3444 ei
1824 3391 2112 3462 praestabit

518 3483 578 3536 in
611 3482 799 3537 futuro
837 3498 1040 3552 panem
1071 3481 1143 3534 ad
1187 3480 1659 3543 manducandum,
1689 3486 1957 3534 aeternam
2009 3481 2112 3534 sci-

519 3571 652 3626 licet
669 3572 1011 3630 satietatem,
1036 3587 1158 3640 qua:
1190 3570 1300 3623 erit
1326 3569 1462 3623 visio
1485 3569 1902 3640 praesentissimi
1925 3571 2113 3625 vultus

519 3660 921 3732 omnipotentis
934 3659 1050 3714 Dei.
1062 3660 1140 3713 De
1153 3675 1263 3729 quo
1278 3675 1420 3729 pane
1433 3658 1571 3712 dicit
1581 3657 1854 3712 Dominus
1867 3658 1922 3712 in
1940 3659 2112 3712 Evan-

515 3749 699 3820 gelio:
734 3752 926 3803 Beatus
956 3751 1054 3817 qui
1082 3748 1441 3801 manducabit
1485 3763 1687 3815 panem
1730 3750 1792 3800 in
1825 3763 1988 3815 regno
2018 3749 2114 3802 Dei

515 3838 814 3909 (Luc.x1v).
853 3837 921 3890 Et
948 3835 1247 3890 Psalmista
1277 3835 1347 3888 de
1377 3835 1572 3888 eadem
1612 3835 1871 3889 satietate
1897 3853 1908 3886 :
1934 3836 2114 3891 Satia-

518 3928 633 3991 bor,
667 3926 870 3997 inquit,
901 3925 1035 3978 dum
1078 3923 1530 3978 manifestabitur
1565 3923 1770 3978 anima:
1802 3927 1984 3992 gloria
2015 3929 2112 3978 tua

517 4015 688 4082 (Psal.
724 4021 856 4081 XXI).
908 4013 977 4066 Et
1022 4028 1135 4066 non
1163 4012 1349 4066 solum
1393 4011 1471 4065 ibi
1522 4010 1810 4082 praestabit
1837 4017 2111 4065 aeternam

2195 1802 2506 1872 gloriﬁcate
2534 1801 2735 1856 Deum.
2771 1801 2849 1856 De
2879 1817 2991 1872 qua
3033 1802 3395 1874 simplicitate
3423 1802 3580 1874 paulo
3607 1818 3744 1873 supra

2199 1890 2460 1944 diximus.

2270 1979 2335 2032 Et
2364 1982 2425 2032 in
2450 1982 2698 2047 ipsorum
2725 1980 3090 2035 obsecratione
3113 1996 3218 2048 pro
3248 1983 3397 2034 vobis
3419 1979 3606 2052 quibus
3630 1979 3742 2033 elee-

2194 2083 2487 2138 mosynam
2517 2067 2908 2138 praestiteritis,
2941 2069 3254 2138 glorificate
3301 2070 3497 2134 Deum,
3530 2069 3649 2140 quia
3682 2067 3744 2121 illi

2194 2155 2566 2211 obsecrabunt
2593 2163 2651 2211 et
2677 2156 2985 2212 laudabunt
3013 2159 3189 2212 Deum
3214 2175 3318 2230 pro
3343 2158 3512 2212 vobis.

2831 2246 3063 2301 CAPUT
3083 2247 3151 2304 X.

2265 2335 2404 2401 Rogo
2434 2338 2641 2400 autem,
2665 2333 2936 2388 subaudis
2964 2340 3029 2390 ut
3066 2336 3380 2406 corrigatis,
3418 2352 3523 2404 ros,
3554 2350 3612 2388 ne
3636 2349 3744 2402 pra:-

2193 2439 2314 2477 sens
2338 2414 2594 2488 audeam,
2617 2422 2882 2477 subaudis
2911 2440 3007 2478 vos
3031 2425 3374 2494 redarguere
3406 2440 3504 2493 per
3520 2439 3627 2477 eam
3643 2438 3744 2475 con-

2194 2513 2503 2578 ﬁdentiam,
2519 2509 2573 2563 id
2595 2515 2680 2564 est
2699 2513 3114 2575 auctoritatem,
3139 2529 3250 2580 qua
3277 2515 3558 2566 existimor
3578 2510 3740 2563 audere

2195 2602 2257 2651 in
2279 2599 2562 2666 quosdam,
2585 2597 2852 2653 subaudis
2875 2599 2972 2670 qui
2997 2605 3387 2670 peccaverunt.
3403 2600 3742 2668 quiarbitran-

2198 2692 2295 2739 tur
2324 2702 2421 2739 nos
2453 2691 2721 2754 tanquam
2749 2689 3052 2742 secundum
3081 2705 3316 2742 carnem
3340 2689 3676 2748 ambulemus,
3698 2682 3741 2736 id

2196 2780 2300 2840 est,
2322 2780 2595 2846 tanquam
2624 2776 2928 2831 carnaliter
2954 2777 3226 2841 vivamus,
3263 2783 3327 2832 et
3373 2775 3604 2831 carnalia
3630 2788 3742 2845 prm-

2195 2868 2356 2934 cepta
2388 2862 2680 2919 debemus.

2267 2953 2334 3006 In
2347 2967 2514 3006 carne
2531 2955 2682 3007 enim
2702 2955 3068 3016 ambulantes,
3091 2953 3149 3008 id
3162 2954 3338 3016 est,in
3350 2968 3571 3024 corpore
3586 2951 3742 3013 vitam.

2195 3039 2464 3095 ducentes
2486 3057 2598 3095 non
2614 3044 2918 3096 secundum
2931 3059 3157 3097 carnem
3169 3040 3560 3108 militamus,id
3572 3043 3647 3093 est
3655 3052 3743 3090 non

2196 3130 2496 3184 carnaliter
2533 3130 2789 3194 vivimus,
2854 3131 2950 3185 sed
3006 3131 3361 3202 spiritaliter.
3411 3125 3744 3200 Spiritualiter

2197 3219 2348 3272 enim
2367 3218 2499 3272 vivit
2517 3224 2575 3273 et
2596 3218 2803 3273 militat
2825 3219 2921 3290 qui
2943 3219 3076 3273 facit
3095 3219 3244 3290 quod
3281 3220 3467 3290 placet
3495 3219 3626 3281 Deo;
3654 3229 3745 3268 car-

2194 3305 2400 3360 naliter
2427 3312 2618 3361 autem
2641 3307 2774 3362 vivit
2802 3314 2860 3362 et
2887 3308 3194 3362 secundum
3215 3324 3444 3362 carnem
3466 3299 3745 3371 militat,qui

2193 3395 2486 3449 desideriis
2517 3396 2701 3449 carnis
2738 3395 3109 3467 obtemperat.

2264 3484 2405 3537 Nam
2423 3499 2587 3538 arma
2619 3487 2837 3538 militia
2855 3490 3072 3551 nostrae,
3097 3483 3301 3555 quibus
3333 3484 3625 3538 militamus
3639 3493 3744 3533 con-

2191 3576 2282 3624 tra
2294 3572 2656 3642 philosophos
2678 3579 2735 3627 et
2754 3579 2952 3627 contra
2974 3573 3277 3638 daemones,
3297 3589 3412 3628 non
3431 3578 3556 3627 sunt
3569 3583 3741 3623 carna-

2197 3661 2293 3723 lia,
2327 3660 2471 3714 sicut
2499 3666 2584 3714 est
2611 3661 2802 3726 lorica,
2851 3662 3032 3731 galea,
3070 3677 3282 3724 mucro,
3320 3662 3500 3726 hasta,
3537 3656 3740 3729 gladius,

2195 3749 2442 3820 clypeus,
2467 3755 2523 3803 et
2539 3754 2739 3803 caetera
2751 3750 2908 3813 talia,
2930 3752 3021 3804 sed
3035 3753 3283 3818 potentia
3305 3753 3424 3806 Dei.
3444 3747 3660 3814 Quidam
3670 3759 3744 3799 co-

2195 3835 2344 3889 dices
2359 3835 2844 3906 habent,potentia
2856 3837 3214 3908 Dei,quidam
3228 3838 3488 3909 potentia
3507 3838 3611 3891 Deo
3629 3831 3746 3904 quod

2194 3931 2497 3995 utrumque
2508 3925 2685 3995 accipi
2699 3931 2883 3996 potest
2903 3926 3010 3980 hoc
3022 3925 3188 3979 modo
3214 3939 3224 3972 :
3245 3927 3423 3979 Arma
3436 3930 3632 3987 nostra,
3652 3935 3747 3992 qua!

2195 4018 2327 4067 sunt
2354 4029 2513 4066 arma
2537 4014 2973 4078 carnalia,velut
2988 4014 3360 4084 singulariter
3388 4011 3746 4069 dicamus.Non

517 4102 860 4166 satietatem,
892 4100 990 4153 sed
1021 4099 1108 4154 hic
1138 4097 1534 4168 multiplicabit
1563 4097 1938 4152 substantiam
1967 4099 2108 4167 ejus,
2195 4107 2283 4156 est
2307 4101 2531 4172 gladius
2559 4108 2752 4156 noster
2781 4103 3042 4168 carnalis,
3075 4102 3173 4156 sed
3221 4103 3474 4172 potentia
3499 4101 3611 4164 Dei,
3651 4098 3748 4168 ipsa

523 4190 668 4244 sicut
698 4205 868 4259 supra
887 4188 1150 4252 diximus,
1183 4193 1247 4240 ut
1261 4185 1467 4240 habeat
1496 4187 1645 4239 unde
1668 4186 1850 4240 valeat
1878 4187 2115 4240 eleemo-
2195 4196 2284 4244 est
2313 4189 2536 4259 gladius
2567 4197 2777 4256 noster,
2808 4191 2940 4261 quia
2972 4207 3072 4262 per
3100 4190 3370 4245 virtutem
3397 4197 3454 4245 et
3478 4187 3746 4262 potentiam

519 4293 717 4348 synam
747 4275 1048 4346 largiorem
1077 4275 1402 4345 impendere
1432 4290 1531 4345 pro
1571 4291 1684 4344 qua
1705 4274 2004 4344 augebitur
2029 4275 2112 4328 illi
2196 4279 2348 4332 illius
2388 4294 2720 4349 superamus
2765 4279 3046 4333 daemones
3100 4285 3158 4333 et
3205 4279 3483 4350 malignos
3509 4275 3744 4331 homines.

519 4369 906 4435 augmentum,
962 4363 1017 4416 id
1065 4369 1152 4416 est
1196 4379 1411 4416 merces
1457 4368 1515 4416 et
1543 4362 1836 4416 retributio
1876 4363 2175 4434 justitizeD
2193 4367 2373 4421 Aliter
2390 4370 2592 4422 :Arma
2619 4373 2814 4422 nostra
2835 4373 2968 4422 sunt
2996 4368 3266 4434 carnalia,
3285 4368 3345 4422 id
3369 4373 3458 4422 est
3486 4367 3689 4440 inﬁrma
3703 4365 3749 4414 et

519 4455 663 4524 ejus.
687 4453 833 4523 Ergo
851 4452 984 4524 quia
1003 4452 1195 4507 omnia
1218 4451 1362 4505 bona
1396 4468 1519 4522 quae
1540 4450 1813 4505 habemus
1834 4452 1935 4506 Dei
1959 4457 2109 4517 sunt,
2195 4455 2580 4527 corruptibilis
2627 4462 2795 4527 atque
2843 4455 3126 4520 ﬂexibilia,
3167 4456 3385 4510 scilicet
3411 4454 3645 4527 potentia
3669 4449 3748 4504 Dei

519 4548 578 4598 et
600 4542 814 4597 semina
837 4547 896 4595 et
922 4541 1212 4595 nascentia
1238 4559 1249 4593 :
1274 4548 1331 4595 et
1351 4541 1445 4594 Dei
1461 4546 1812 4600 nutrescunt.
1831 4541 2114 4611 pullulant

520 4637 576 4687 et
597 4631 1043 4702 multiplicantur
1063 4631 1134 4684 ad
1150 4647 1286 4684 usus
1307 4630 1617 4695 hominum,
1635 4635 1692 4683 et
1710 4629 1829 4700 ipse
1849 4629 2116 4700 praecepit

519 4721 589 4776 de
617 4721 703 4776 his
731 4720 1146 4775 communicare
1166 4719 1248 4774 eis
1265 4719 1363 4790 qui
1393 4719 1670 4789 indigent,
1685 4718 1954 4772 debemus
1974 4717 2110 4772 dare

519 4812 630 4866 ista
647 4810 980 4882 temporalia
1004 4815 1070 4864 ut
1094 4825 1415 4863 mereamur
1429 4807 1684 4878 accipere
1711 4813 1923 4862 aeterna
1939 4822 1952 4861 :
1969 4807 2114 4861 sicut

521 4899 752 4972 plurimi
802 4905 1126 4954 sanctorum
1183 4897 1454 4960 fecerunt,
1517 4895 1665 4951 inter
1707 4913 1848 4966 quos
1892 4902 2112 4966 partem

519 4987 697 5042 beatae
739 4987 1211 5041 remunerationis
1255 4984 1612 5040 beatissimus
1661 4990 1881 5055 martyr
1905 4984 2112 5039 Christi

521 5075 859 5130 Laurentius
879 5075 1214 5145 obtinet,qui
1235 5091 1398 5130 verus
1425 5074 1780 5145 dispensator
1817 5078 2112 5143 tempora-

521 5164 662 5218 lium
692 5163 1013 5218 divitiarum
1038 5161 1305 5228 existens,
1326 5162 1534 5217 meruit
1555 5161 1837 5230 possidere
1854 5161 2110 5216 caelestes

524 5257 582 5306 et
609 5256 848 5306 aeternas
877 5257 1046 5321 atque
1066 5250 1556 5305 immarcessibiles
1577 5265 1829 5304 coronas.

600 5343 659 5396 Ut
691 5344 754 5394 in
783 5342 1036 5394 omnibus
1067 5344 1380 5410 locupletati
1416 5346 1473 5394 et
1501 5339 1700 5394 divites
1729 5340 1910 5394 effecti
1937 5342 2114 5395 abun-

522 5433 659 5486 detis
689 5432 751 5484 in
780 5445 998 5482 omnem
1037 5432 1594 5498 simplicitatem,qua3
1623 5427 1956 5499 simplicitas
1998 5445 2115 5497 ope-

525 5525 692 5578 ratur
709 5520 814 5575 Deo
825 5522 1147 5588 gratiarum
1159 5520 1431 5573 actionem
1441 5532 1544 5587 per
1569 5533 1686 5583 nos,
1711 5517 1808 5589 qui
1827 5518 1952 5588 ejus
1975 5533 2114 5588 prae-

2197 4551 2327 4600 sunt
2356 4551 2552 4600 nostra
2576 4561 2753 4612 arma,
2782 4545 2840 4599 id
2859 4550 2964 4610 est,
2996 4545 3283 4615 possibilia
3304 4552 3442 4599 sunt
3461 4551 3517 4598 et
3530 4541 3675 4597 fortia
3693 4536 3749 4591 ad

2195 4635 2560 4706 pugnandum
2585 4651 2684 4705 per
2698 4635 2896 4688 Deum.
2912 4635 3086 4688 Arma
3105 4649 3238 4702 ergo
3257 4633 3633 4704 apostolorum
3649 4627 3749 4698 qui-

2194 4723 2298 4778 bus
2327 4721 2648 4776 militabant
2692 4728 2887 4776 contra
2916 4721 3298 4792 philosophos,
3331 4721 3560 4776 verbum
3589 4713 3752 4791 praedi-

2192 4811 2431 4866 cationis
2460 4816 2584 4864 erat
2611 4810 2680 4865 de
2705 4827 2816 4880 quo
2839 4810 2974 4864 alibi
2995 4810 3202 4864 dicitur
3234 4827 3246 4862 :
3279 4810 3346 4863 Et
3377 4812 3594 4877 gladius
3618 4804 3752 4874 spiri-

2195 4907 2282 4955 tus
2303 4901 2448 4968 quod
2475 4905 2551 4953 est
2575 4901 2805 4953 verbum
2829 4901 2926 4952 Dei
2951 4899 3170 4969 (Ephes.
3203 4898 3302 4968 γι).
3337 4898 3531 4952 Virtus
3558 4905 3748 4966 quoque

2195 4989 2596 5043 miraculorum
2625 4987 2848 5058 gladius
2871 4992 2996 5041 erat
3023 4986 3489 5040 illorum.Contra
3508 4985 3750 5039 daemones

2196 5093 2326 5132 vero
2352 5076 2626 5139 oratione,
2652 5074 2886 5145 jejuniis
2916 5079 2974 5128 et
2996 5073 3196 5143 vigiliis
3242 5072 3571 5144 pugnabant
3591 5069 3656 5124 ad
3676 5068 3750 5120 de-

2194 5169 2553 5221 structionem
2568 5181 2662 5217 mu
2670 5161 3244 5227 nitionum,subaudis
3257 5162 3572 5216 daemonum
3589 5164 3638 5213 et
3652 5153 3752 5227 phi-

2193 5254 2580 5324 losophorum,
2609 5257 2666 5305 et
2695 5267 2890 5305 sumus
2930 5267 3032 5304 nos
3080 5250 3168 5304 his
3206 5249 3408 5320 parati,
3450 5248 3750 5302 destruente:

2194 5344 2424 5396 consilia
2454 5339 2930 5411 philosophorum,
2974 5343 3032 5392 et
3059 5337 3290 5391 consilia
3319 5336 3646 5398 daemonum,
3672 5327 3750 5400 qui

2193 5428 2544 5502 inspirabant
2562 5429 2620 5482 in
2631 5425 2890 5483 cordibus
2907 5431 3323 5497 persecutorum
3335 5422 3748 5495 persecutionem

2194 5523 2391 5574 contra
2411 5533 2512 5572 nos
2526 5515 2782 5582 excitari,
2807 5522 2866 5573 et
2897 5516 3253 5574 destruentes
3281 5529 3500 5570 omnem
3524 5507 3748 5567 altitudi-
