3966 6156
183 275 284 337 649

817 275 1200 336 EXPOSITIO
1240 277 1321 337 IN
1358 276 1511 338 EPP;
1559 278 1619 341 S.
1657 277 1894 338 PAULI.
1930 308 1995 326 —
2036 278 2116 338 IN
2153 280 2376 343 EPIST.
2418 284 2472 344 II
2504 286 2604 347 AD
2644 286 2808 350 COR.

3346 302 3453 363 θδο

183 405 394 471 nem,id
419 409 507 462 est
537 421 762 463 omnem
783 406 1129 479 superbiam,
1149 409 1497 464 emtollentem
1519 426 1572 465 se
1589 410 1957 471 adver-Atur
1983 410 2042 466 in
2071 427 2256 469 sensu.
2292 414 2504 472 Verum
2547 422 2634 473 est
2670 434 2894 492 quoque
2929 423 3078 494 quod
3119 424 3237 497 ipse
3266 429 3407 486 dixit
3435 450 3448 489 :

185 510 272 548 sus
299 498 593 551 scientiam
622 498 723 552 Dei
750 502 809 551 et
837 512 1035 551 sumus
1062 512 1166 551 nos
1194 499 1495 565 redigentes
1524 501 1586 553 in
1614 502 1784 568 capti-

183 586 406 641 vitatem
435 603 653 640 omnem
684 588 1025 641 intellectum
1047 585 1343 640 hominum
1368 590 1431 641 in
1460 589 1769 657 obsequium

183 671 405 736 Christi,
442 674 499 728 id
529 680 616 728 est
640 674 700 728 in
725 675 1005 729 culturam
1037 677 1095 728 et
1116 674 1445 745 religionem
1478 676 1617 742 ejus.
1657 673 1776 729 Ista

181 761 470 832 captivitas
497 762 553 816 in
570 762 774 817 bonam
807 768 1024 834 partem
1047 768 1134 817 est
1148 763 1494 834 accipienda.
1511 762 1775 818 Diabolus

184 866 310 920 ergo
372 848 738 921 persuasione
786 852 1085 922 eaptivavit
1142 851 1387 922 primum
1449 851 1771 917 hominem,

183 939 403 1009 quando
432 940 592 995 illum
629 939 735 994 sibi
762 940 1032 1006 subdidit,
1063 943 1121 994 et
1164 945 1362 1011 postea
1398 957 1562 995 omne
1598 957 1777 1012 genus

182 1029 295 1097 ejus
315 1029 376 1082 in
396 1034 641 1097 tantum,
674 1034 739 1084 ut
758 1029 909 1084 idola
926 1029 979 1084 ei
999 1029 1265 1083 suaderet
1282 1030 1520 1084 adorare
1538 1047 1639 1101 pro
1659 1030 1773 1084 Deo

180 1131 322 1170 vero.
357 1117 470 1171 Sed
500 1118 679 1188 ipsam
701 1118 1084 1188 captivitatem
1114 1117 1345 1172 humani
1363 1118 1588 1188 generis
1603 1134 1770 1189 quam

189 1204 441 1260 diabolus
469 1206 925 1277 captivaveratad
948 1211 1208 1269 mortem,
1240 1207 1476 1278 apostoli
1501 1223 1602 1278 per
1615 1223 1776 1261 arma

180 1294 594 1365 praedicationis
614 1300 672 1350 et
696 1296 961 1350 virtutem
982 1295 1384 1351 miraculorum
1414 1295 1773 1367 captivabant

181 1383 247 1436 ad
274 1383 568 1439 Christum
592 1389 648 1439 et
673 1384 743 1438 ad
771 1384 942 1438 vitam
970 1388 1261 1439 aeternam.
1280 1385 1425 1439 Nam
1442 1384 1588 1439 sicut
1606 1383 1776 1455 quili-

179 1470 268 1526 bet
290 1472 610 1543 imperator
636 1478 896 1528 terrenus
926 1478 1110 1527 armat
1159 1473 1368 1528 milites
1396 1490 1545 1539 suos,
1579 1478 1645 1528 ut
1674 1489 1778 1544 per

178 1559 294 1613 illos
311 1559 587 1630 subjuget
615 1558 717 1615 sibi
736 1577 931 1631 regna,
948 1561 1224 1631 regiones,
1259 1567 1316 1615 et
1343 1562 1674 1633 provincias;
1696 1562 1776 1616 ita

181 1648 441 1702 Christus
472 1649 711 1703 armavit
737 1649 945 1704 milites
972 1665 1104 1704 suos
1131 1650 1413 1721 apostolos
1432 1649 1778 1722 spiritalibus

1864 498 1935 553 Et
1961 499 2008 554 si
2034 499 2331 573 imperitus
2356 522 2483 561 sum
2519 523 2796 576 sermone,
2830 510 2926 565 sed
2958 528 3071 568 non
3101 514 3355 572 scientia.

1928 589 2035 679 Qui
2070 592 2370 679 gloriatur,
2412 597 2475 648 in
2493 597 2730 651 Domino
2751 602 3043 665 glorietur.
3070 603 3277 659 Beatus
3302 608 3452 679 Apo-

1857 674 2034 730 stolus
2056 677 2239 732 sciens
2258 681 2446 736 omnia
2465 681 2610 738 bona
2638 700 2740 739 nos
2766 702 2801 739 a
2826 686 2941 742 Deo
2961 688 3168 747 habere
3198 674 3456 765 quaecun-

1859 778 1966 833 que
2012 763 2220 821 habere
2249 784 2567 839 possumus,
2596 772 2712 827 sive
2740 773 2799 828 in
2842 782 3063 843 natura,
3096 763 3230 851 quia
3257 783 3327 837 ab
3353 785 3453 840 illo

1856 851 1988 906 facti
2009 856 2346 920 sumus,sive
2374 859 2432 913 in
2457 860 2734 927 instituto,
2760 864 2874 919 sive
2889 865 2946 920 in
2977 868 3129 923 omni
3166 887 3455 930 conversa-

1857 940 2010 996 tione
2038 949 2233 999 sancta
2261 945 2320 1000 in
2351 947 2479 1015 fide,
2514 949 2572 1003 in
2602 967 2718 1021 spe,
2765 953 2823 1006 in
2874 955 3167 1026 charitate,
3200 960 3261 1015 in
3291 962 3451 1020 bonis

1856 1030 2135 1100 operibus,
2170 1033 2225 1087 in
2250 1035 2489 1104 justitia,
2523 1041 2581 1093 in
2623 1040 2828 1096 timore
2857 1044 2958 1098 Dei
3000 1051 3298 1121 totumque
3326 1069 3448 1110 esse

1856 1134 1921 1172 ex
1941 1119 2093 1175 illius
2122 1121 2283 1176 donis
2311 1124 2433 1179 sine
2482 1127 2673 1198 aliquo
2706 1136 2898 1186 nostro
2947 1136 3169 1205 merito,
3208 1119 3450 1198 abstulit

1852 1208 2090 1277 gloriam
2102 1209 2407 1267 humanam
2431 1220 2489 1269 et
2506 1216 2963 1292 superbiam,qua
2992 1239 3052 1279 se
3078 1227 3449 1288 dicuntmulti

1854 1312 1889 1350 a
1916 1312 1976 1351 se
2005 1298 2235 1369 suisque
2259 1301 2476 1357 meritis
2513 1303 2719 1360 habere
2742 1310 2890 1378 quod
2926 1310 3154 1381 habent,
3179 1322 3236 1372 et
3264 1319 3399 1376 dicit
3431 1341 3443 1376 :

1858 1383 1965 1447 Qui
1992 1387 2340 1457 gloriaturin
2354 1391 2482 1458 ﬁde,
2514 1392 2573 1447 in
2601 1396 3011 1467 praedicatione,
3036 1402 3094 1457 in
3117 1404 3323 1463 virtute
3342 1409 3452 1464 mi-

1858 1475 2176 1531 raculorum
2200 1484 2299 1533 aut
2317 1480 2374 1533 in
2395 1481 2583 1552 aliquo
2595 1481 2742 1538 bono
2780 1488 2928 1557 quod
2965 1489 3152 1560 habet,
3182 1497 3373 1552 nonin
3392 1515 3451 1553 se

1857 1562 2255 1632 glorietur,sed
2275 1568 2333 1621 in
2358 1568 2681 1639 Domino,id
2696 1579 2781 1628 est
2803 1576 2872 1629 ad
2889 1577 3127 1646 gloriam
3148 1582 3250 1637 Dei
3270 1589 3451 1642 totum

1860 1651 2084 1746 referat,
2117 1659 2175 1708 et
2202 1655 2271 1710 de
2297 1656 2447 1711 illius
2467 1660 2664 1728 gratiae
2692 1669 2917 1734 reputet
2940 1682 2973 1720 a
3008 1685 3117 1739 quo
3146 1675 3360 1746 accepit
3382 1677 3455 1731 il-

182 1738 373 1803 armis,
412 1742 472 1791 et
497 1754 599 1809 per
627 1738 753 1793 illos
782 1737 1033 1793 subdidit
1062 1738 1169 1793 sibi
1188 1755 1332 1810 pene
1351 1755 1546 1794 omnes
1558 1744 1775 1810 gentes.
1796 1726 1977 1795 Blud.
2005 1742 2079 1796 Ut
2105 1758 2241 1813 ergo
2258 1726 2528 1813 essemus,
2554 1748 2655 1804 Dei
2687 1726 3069 1811 misericordia
3094 1766 3203 1818 est.
3243 1726 3454 1835 lirgo-si

180 1825 244 1881 Et
270 1843 477 1881 sumus
506 1844 617 1881 non
637 1828 889 1883 habentes
919 1831 981 1882 in
1009 1833 1286 1897 promptu,
1320 1828 1378 1883 id
1403 1834 1489 1884 est
1510 1830 1570 1883 in
1599 1829 1780 1884 mani-

182 1914 319 1969 festa
362 1915 657 1970 voluntate
694 1919 889 1971 ulcisci
925 1933 1142 1972 omnem
1176 1919 1621 1986 inobedientiam,
1653 1935 1780 1973 cum

180 2005 405 2071 impleta
441 2006 614 2071 fuerit
643 2010 823 2058 vestra
852 2007 1176 2060 obedientia.
1200 2006 1319 2060 Hoc
1356 2006 1435 2060 ita
1464 2013 1551 2061 est
1579 2007 1781 2061 distin-

177 2092 467 2163 guendum
486 2098 543 2147 et
568 2098 762 2164 postea
784 2094 931 2164 quod
952 2094 1667 2165 sequiturinferendum.Et
1679 2113 1780 2167 po-

179 2185 283 2235 test
305 2181 619 2253 dupliciter
636 2182 896 2252 intelligi,
926 2183 980 2237 id
1011 2188 1094 2237 est
1116 2189 1180 2237 ut
1198 2184 1420 2239 dicatur
1437 2185 1782 2239 hancvolun-

178 2274 346 2324 tatem
377 2269 677 2337 habemus,
721 2276 787 2324 ut
830 2270 1134 2325 ulciscatur
1179 2276 1365 2326 vestra
1404 2272 1783 2328 inobedientia

177 2374 337 2429 quam
384 2359 663 2413 hactenus
704 2359 984 2414 habuistis
1011 2376 1113 2431 per
1152 2359 1526 2415 obedientiam
1553 2361 1777 2419 bonam.

175 2447 324 2502 Tunc
372 2447 534 2503 enim
582 2448 896 2503 vindicatur
949 2454 1006 2503 et
1059 2449 1347 2504 ulciscitur
1398 2449 1782 2505 inobedientia

178 2537 402 2608 quando
420 2538 476 2591 ei
494 2538 895 2609 superponitur
924 2537 1260 2593 obedientia.
1284 2539 1665 2594 AliterzHanc
1693 2557 1783 2595 vo-

175 2624 481 2690 luntatem,
515 2626 721 2698 inquit,
753 2626 1047 2684 habemus.
1071 2633 1128 2682 et
1147 2644 1277 2682 cum
1306 2644 1403 2683 vos
1416 2628 1782 2700 impleveritis

176 2719 423 2769 vestram
457 2714 829 2769 obedientiam
845 2715 940 2786 qui
961 2715 1321 2786 perfectiores
1337 2722 1394 2771 et
1404 2716 1564 2771 bonae
1585 2718 1783 2772 volun-

179 2803 309 2857 tatis
342 2802 508 2868 estis,
547 2802 821 2874 nobisque
839 2804 896 2857 in
937 2804 1197 2859 omnibus
1222 2804 1458 2862 obeditis
1487 2824 1499 2859 :
1530 2810 1665 2861 tunc
1689 2807 1778 2860 ul-

179 2892 424 2947 ciscatur
454 2892 683 2946 illorum
702 2891 1082 2947 inobedientia
1102 2910 1204 2964 per
1228 2910 1350 2959 nos,
1371 2894 1467 2965 qui
1492 2894 1779 2964 dedignati

178 2987 307 3034 sunt
336 2980 636 3035 vobiscum
669 2980 881 3051 aliquid
906 2981 1129 3036 mittere
1172 2981 1399 3048 sanctis,
1427 2982 1524 3053 qui
1562 2988 1696 3037 sunt
1720 2983 1780 3037 in

179 3069 612 3141 Hierosolymis,
645 3074 710 3124 ut
739 3075 929 3124 essent
977 3070 1281 3142 participes
1307 3076 1621 3125 vestrorum
1653 3088 1778 3127 mu-

176 3173 395 3214 uerum.

244 3249 372 3315 Quae
401 3249 715 3302 secundum
744 3249 943 3317 faciem
966 3253 1117 3312 sunt,
1153 3250 1323 3304 videte
1358 3249 1414 3304 id
1445 3254 1533 3304 est
1563 3267 1686 3321 qua":
1721 3250 1781 3306 in

180 3337 495 3407 praesentia
521 3335 787 3391 dicuntur
815 3353 849 3391 a
877 3336 1038 3393 nobis
1058 3339 1116 3393 in
1147 3339 1532 3411 superioribus
1562 3345 1619 3395 et
1645 3340 1781 3396 infe-

174 3425 422 3481 rioribus
450 3441 552 3479 vos
576 3425 876 3497 intelligite
916 3432 973 3481 et
1001 3429 1346 3499 perpendite.

244 3515 305 3569 Ut
334 3521 535 3569 autem
564 3530 675 3568 non
696 3516 1324 3582 emistimer,subaudisa
1340 3518 1779 3589 vobistanquam

171 3608 372 3658 terrere
399 3619 498 3657 vos
529 3602 739 3668 volens,
767 3619 867 3672 per
895 3604 1166 3674 Epistolas
1192 3606 1351 3674 istas,
1368 3612 1635 3676 quoniam
1652 3611 1780 3679 qui-

170 3691 291 3744 dem
311 3691 600 3760 Epistula,
623 3691 1102 3762 inquiunt,graves
1132 3700 1263 3749 sunt
1283 3694 1343 3749 in
1371 3697 1776 3753 correctionem

170 3782 218 3831 et
244 3779 419 3846 fortes
448 3778 511 3832 in
539 3777 924 3834 observatione
948 3799 960 3848 ;
982 3785 1274 3850 praesentia
1298 3789 1482 3839 autem
1512 3789 1775 3854 corporis,

170 3867 223 3921 id
253 3872 343 3921 est
365 3868 563 3921 forma
588 3868 742 3922 illius
771 3869 828 3923 in
855 3870 1154 3940 praesentia
1179 3872 1382 3943 posita,
1412 3876 1643 3941 inﬁrma
1662 3875 1777 3929 sive

172 3954 452 4010 destituta
493 3960 598 4020 est,
623 3961 673 4010 et
699 3972 880 4011 sermo
905 3958 1057 4013 illius
1085 3963 1509 4030 contemptibilis
1536 3961 1653 4016 sive
1680 3961 1779 4017 de-

172 4044 489 4116 spicabilis.
520 4043 596 4098 Ex
626 4061 868 4116 persona
887 4048 1259 4118 quorumdam
1279 4049 1550 4122 loquitur,
1574 4051 1672 4121 qui
1698 4056 1781 4107 ta-

1861 1828 2090 1885 omnino
2119 1831 2501 1889 nihileramus
2525 1842 2824 1909 antequam
2853 1859 3122 1913 essemus,
3155 1849 3297 1904 nihil
3318 1828 3453 1923 pro-

1861 1918 2173 1975 meruimus
2189 1923 2338 1993 apud
2350 1924 2528 1979 Deum
2544 1931 2610 1981 ut
2635 1933 3065 1989 essemus.Fecit
3091 1953 3193 1991 nos
3226 1945 3291 1995 ut
3309 1918 3455 1998 esse-

1862 2013 2073 2073 mus,et
2086 2025 2196 2064 non
2216 2010 2346 2066 fecit
2370 2029 2471 2067 nos
2486 2013 2606 2084 ipse
2621 2021 2686 2071 ut
2702 2016 2835 2072 boni
2854 2036 3125 2079 essemus.
3150 2027 3315 2083 Dedit
3334 2030 3454 2103 ipse

1862 2096 2023 2151 nobis
2054 2103 2117 2152 ut
2145 2099 2339 2167 simus,
2370 2107 2427 2156 et
2460 2104 2647 2174 potuit
2674 2106 2819 2161 alius
2850 2108 2984 2163 dare.
3012 2118 3078 2166 ut
3096 2112 3225 2170 boni
3253 2096 3450 2176 simbs.

1864 2182 1922 2237 Si
1949 2184 2068 2254 ipse
2100 2185 2255 2240 dedit
2275 2193 2340 2242 ut
2361 2188 2556 2256 simus,
2589 2197 2645 2246 et
2672 2193 2816 2247 alius
2836 2195 2991 2251 dedit
3018 2203 3080 2253 ut
3102 2199 3231 2256 boni
3254 2203 3453 2271 simus,

1862 2272 2064 2364 melior
2091 2274 2300 2364 estille
2348 2277 2444 2348 qui
2474 2278 2613 2334 mihi
2642 2281 2797 2336 dedit
2825 2289 2890 2337 ut
2918 2284 3098 2343 bonus
3131 2290 3257 2357 sim,
3288 2309 3459 2364 quam

1862 2359 1957 2413 ille
1978 2361 2075 2431 qui
2104 2362 2241 2416 mihi
2272 2364 2427 2419 dedit
2453 2371 2518 2420 ut
2550 2367 2679 2422 sim.
2712 2370 2887 2426 Porro
2912 2375 3045 2445 quia
3080 2393 3247 2434 nemo
3273 2359 3331 2435 in
3359 2382 3463 2436 mi-

1863 2448 2166 2504 sericordia
2201 2451 2429 2522 largior,
2463 2471 2631 2526 quam
2687 2456 2782 2512 ille
2837 2476 2872 2514 a
2918 2479 3028 2533 quo
3055 2468 3370 2539 accepimus
3397 2476 3463 2526 ut

1865 2553 2136 2606 essemus,
2167 2539 2237 2593 ab
2266 2541 2362 2596 illo
2393 2544 2710 2615 accepimus
2738 2553 2803 2602 ut
2843 2549 2975 2604 boni
3001 2569 3284 2626 essemus;
3328 2576 3464 2630 qua-

1864 2632 2095 2698 propter
2144 2644 2339 2684 omnes
2397 2632 2666 2688 debemus
2708 2652 2838 2691 cum
2892 2639 3192 2699 Psalmista
3232 2646 3454 2704 dicere:

1863 2715 2005 2769 Deus
2035 2732 2206 2784 meus,
2240 2721 2623 2776 misericordia
2651 2740 2772 2778 mea
2795 2728 2960 2793 (Psal.
3002 2736 3173 2790 Lvm.)

1920 2804 1974 2858 Ν
1975 2820 2045 2858 οη
2064 2809 2215 2861 enim
2235 2811 2335 2875 qui
2352 2811 2592 2878 seipsum
2611 2817 3081 2882 commendat,ilte
3090 2824 3350 2889 probatus
3360 2830 3456 2889 est;

1859 2894 1951 2946 sed
1969 2908 2129 2986 quem
2153 2896 2290 2948 Deus
2305 2900 2669 2986 commendat.
2685 2901 3108 2963 Commendatio
3126 2911 3462 2986 plerumque

1861 2995 1963 3051 pro
1992 2981 2159 3036 laude
2185 2984 2432 3054 ponitur,
2466 2986 2613 3042 sicut
2638 2988 2696 3043 in
2722 2990 2828 3045 isto
2855 2993 2995 3062 loco,
3022 3002 3079 3052 et
3105 2999 3237 3054 alibi
3267 2981 3460 3058 ubi—di-

1862 3068 1937 3123 cit
1957 3069 2106 3123 idem
2134 3071 2436 3142 Apostolus
2460 3091 2472 3127 :
2506 3075 2616 3143 Ego
2644 3078 2808 3132 debui
2825 3096 2859 3134 a
2907 3086 3053 3138 robis
3081 3092 3464 3146 commendari

1864 3157 1944 3227 (Il
1969 3158 2087 3213 Cor.
2123 3159 2238 3231 xu),
2268 3161 2325 3215 id
2359 3167 2445 3216 est
2490 3163 2731 3233 laudari,
2764 3173 2822 3222 et
2857 3186 2969 3225 non
3000 3178 3466 3235 commendamus

1862 3261 1965 3300 nos
1993 3246 2165 3314 vobis,
2198 3248 2257 3302 id
2281 3254 2366 3304 est
2389 3267 2503 3306 non
2531 3252 2828 3311 laudamus
2857 3275 2958 3314 nos
2995 3264 3144 3333 apud
3170 3283 3286 3321 vos.
3318 3268 3460 3324 Pro-

1861 3334 2027 3391 batus
2055 3342 2245 3392 autem
2274 3339 2424 3394 idem
2449 3347 2538 3397 est
2570 3348 2627 3397 et
2653 3345 2863 3415 probus
2913 3356 2969 3404 et
2997 3350 3313 3424 laudabilis,
3346 3357 3461 3413 sive

1862 3424 2028 3480 laude
2079 3426 2298 3498 dignus.
2332 3431 2475 3492 Non,
2505 3431 2691 3504 inquit
2716 3435 3037 3507 Apostolus,
3082 3448 3183 3511 qui
3217 3449 3459 3515 seipsum

1861 3517 2204 3570 commendat
2233 3522 2290 3571 et
2328 3518 2525 3573 laudat
2569 3523 2718 3592 apud
2748 3524 3021 3596 homines,
3059 3533 3153 3586 ille
3191 3536 3459 3602 probatus

1863 3607 1963 3667 est,
1994 3602 2109 3657 sive
2131 3603 2297 3659 laude
2325 3606 2529 3677 dignus
2557 3615 2660 3676 est,
2691 3611 2823 3682 quia
2857 3630 3056 3670 vanam
3086 3619 3326 3688 gloriam
3356 3640 3459 3693 pa-

1861 3690 2002 3744 titur
2031 3709 2042 3745 :
2073 3693 2164 3745 sed
2183 3709 2341 3761 quem
2363 3696 2501 3749 Deus
2529 3702 2893 3771 commendat,
2917 3702 2973 3757 id
3003 3710 3087 3761 est
3116 3690 3457 3765 laudabilem

1859 3777 2064 3847 reddit,
2094 3779 2189 3835 ille
2216 3781 2381 3836 laude
2408 3788 2494 3838 est
2520 3784 2743 3856 dignus,

2465 3926 2697 3986 CAPUT
2733 3932 2829 3988 XI.

1901 4044 2122 4103 Utinam
2149 4053 2492 4106 sustineretis
2512 4057 2790 4112 modicum
2803 4062 2941 4129 quid
2955 4061 3290 4134 insipientia:
3303 4072 3493 4131 mez.‘

170 4132 247 4188 lia
268 4133 550 4190 dicebant
569 4134 640 4188 de
670 4134 787 4203 illo,
820 4140 877 4190 et
900 4136 1025 4192 ideo
1053 4136 1205 4207 dicit,
1249 4142 1514 4208 quoniam
1535 4142 1778 4212 quidem,
1865 4136 2229 4194 Venientibus
2248 4142 2753 4215 pseudo-apostolis
2770 4148 2842 4204 ad
2864 4132 3184 4212 Corinthios
3203 4165 3332 4230 post
3342 4163 3454 4219 dis-

169 4226 468 4293 inquiunt,
503 4223 608 4277 illi.
1862 4242 2082 4282 cessum
2102 4230 2376 4302 Apostoli,
2402 4237 2460 4286 et
2485 4234 2798 4293 dicentibus
2816 4241 3149 4315 Apostolpm
3187 4223 3299 4306 non
3329 4268 3453 4309 esse

235 4311 365 4366 Non
390 4313 555 4366 enim
584 4312 746 4382 quasi
774 4328 888 4368 non
912 4313 1185 4369 habentes
1204 4319 1540 4387 potestatem
1559 4316 1776 4389 pertin-
1862 4332 1897 4371 a
1926 4317 2040 4371 Deo
2062 4318 2320 4387 missum,
2353 4322 2487 4393 quia
2517 4338 2629 4380 non
2666 4311 2934 4385 fueratﬁa
2973 4311 3196 4391 Christo
3226 4346 3452 4399 vocatus

166 4398 334 4469 gendi
365 4398 444 4454 ad
471 4414 593 4465 vos,
617 4398 677 4453 in
706 4400 1109 4471 praedicatione
1123 4406 1656 4472 superexstendimus
1679 4422 1774 4459 nos
1793 4401 1841 4460 D
1858 4410 1989 4460 ante
2010 4408 2133 4478 ejus
2152 4410 2556 4480 ascensionem,
2570 4431 2675 4469 nec
2689 4416 2760 4471 ab
2776 4418 2873 4473 illo
2895 4421 3385 4502 edoctus,insuper
3398 4398 3454 4488 et

168 4487 536 4557 praedicando
548 4504 731 4560 usque
750 4489 821 4543 ad
841 4506 937 4544 vos
961 4508 973 4544 :
994 4508 1165 4561 usque
1183 4494 1258 4546 ad
1270 4509 1360 4547 vos
1370 4496 1520 4548 enim
1526 4496 1779 4563 perveni-
1860 4496 2141 4551 contraria
2170 4499 2501 4569 prmdicaret
2531 4505 2914 4574 praedicationi
2953 4487 3192 4570 aliorum
3235 4487 3455 4590 aposto-

170 4590 291 4631 mus
305 4576 678 4649 praedicando
696 4578 1058 4649 Evangelium
1081 4579 1290 4635 Christi
1306 4582 1376 4636 ad
1399 4582 1774 4639 Hierusalem.

170 4663 464 4721 Habemus
517 4665 688 4720 etiam
738 4683 884 4736 spem
927 4668 985 4721 in
1030 4667 1378 4725 abundantia
1413 4672 1543 4738 ﬁdei
1568 4676 1770 4736 vestrm,

169 4756 337 4810 etiam
364 4759 437 4811 in
465 4755 594 4823 illa,
623 4754 890 4810 subaudis
908 4757 1046 4823 loca,
1079 4762 1457 4827 euangelizare
1475 4776 1594 4829 qua:
1619 4761 1777 4815 ultra

169 4856 253 4896 ros
280 4849 443 4907 sunt,
484 4859 598 4897 non
625 4848 819 4898 tamen
846 4843 1117 4900 habemus
1131 4862 1288 4917 spem
1316 4863 1500 4918 neque
1528 4848 1775 4903 volunta-

168 4932 278 4983 tem
294 4932 556 4998 glo-riari
585 4934 650 4985 in
675 4935 863 4987 aliena
892 4938 1106 5002 regula,
1136 4934 1192 4989 id
1222 4939 1309 4990 est
1335 4935 1395 4990 in
1425 4936 1514 4990 his
1553 4935 1647 5008 qui
1674 4953 1778 5009 per

168 5018 406 5074 alterius
435 5019 893 5090 praedicationem
916 5022 1295 5090 crediderunt,
1319 5029 1375 5079 et
1389 5026 1640 5096 regulam
1661 5026 1777 5082 sive

1859 4584 2210 4659 lorum,quos
2229 4604 2465 4659 magnos
2492 4596 2775 4663 apostolos
2803 4600 3092 4669 vocabant,
3126 4584 3453 4667 averterunt

1857 4675 2132 4745 plurimos
2151 4675 2220 4731 ab
2249 4695 2438 4734 amore
2453 4681 2723 4752 Apostoli,
2755 4701 2894 4755 quos
2914 4689 2984 4743 ad
3012 4706 3263 4749 amorem
3283 4712 3448 4753 suum

1856 4768 2152 4820 traxerunt
2178 4767 2426 4823 dicentes
2447 4786 2506 4824 se
2535 4786 2657 4826 esse
2686 4773 2888 4828 missos
2916 4792 2950 4830 a
2981 4781 3199 4849 magnis
3219 4791 3446 4855 aposto~

1856 4852 1945 4920 lis,
1976 4870 2010 4907 a
2035 4854 2222 4921 Petro,
2256 4855 2509 4923 Andrea,
2544 4859 2769 4927 Jacobo,
2803 4865 3128 4937 ueterisque
3155 4852 3445 4942 apostolis.

1857 4942 2160 5013 Apostolus
2183 4960 2316 5015 ergo
2344 4946 2535 5001 volens
2566 4963 2660 5002 eos
2688 4948 2893 5004 iterum
2926 4952 2997 5007 ab
3033 4972 3223 5014 amore
3253 4978 3448 5022 eorum

1858 5046 2141 5126 separare,
2171 5037 2229 5086 et
2253 5032 2321 5086 ad
2346 5050 2511 5126 suum
2533 5041 2914 5126 revocare,qui
2934 5042 3099 5098 ﬁdem
3122 5047 3328 5106 Christi
3341 5056 3453 5126 pri-

168 5107 583 5162 rectitudinem
627 5109 760 5163 ﬁdei
787 5118 1177 5183 perceperunt,
1209 5129 1393 5184 neque
1438 5114 1499 5169 in
1527 5114 1615 5169 his
1641 5115 1778 5171 locis

167 5212 287 5267 qua:
317 5201 651 5269 praeparata
687 5204 822 5253 sunt
850 5199 919 5253 ab
957 5201 1103 5264 aliis,
1135 5202 1391 5257 volumus
1418 5207 1676 5272 gloriari,
1706 5222 1778 5260 ne

1860 5121 2055 5175 musin
2068 5120 2292 5175 illorum
2305 5122 2569 5178 cordibus
2587 5124 2920 5195 inﬁxerat,la
2930 5132 3137 5191 udabat
3154 5154 3215 5193 se
3226 5120 3451 5202 coactus

1858 5208 2060 5276 verbis,
2094 5210 2193 5264 sed
2218 5227 2331 5265 non
2361 5212 2527 5266 corde
2561 5228 2743 5286 neque
2771 5233 2961 5289 sensu,
2992 5223 3124 5293 quia
3154 5228 3365 5287 sciebat
3392 5251 3455 5292 se

166 5299 339 5384 super
366 5286 624 5384 alienum
675 5287 1105 5345 fundamentum
1158 5292 1433 5347 aediﬁcare
1468 5292 1774 5352 videamur.
1861 5298 2003 5352 nihil
2030 5301 2302 5371 proﬁcere
2334 5306 2563 5372 propter
2590 5302 2813 5360 laudem
2834 5286 3162 5384 humanam,
3192 5286 3455 5380 nisi

164 5370 285 5482 ista
313 5373 633 5482 sententia,
661 5375 797 5431 licet
824 5382 946 5433 tota
969 5379 1045 5482 sit
1064 5380 1128 5482 in
1146 5381 1349 5482 Latino
1368 5398 1626 5482 sermone
1654 5401 1783 5440 con-
1862 5391 1983 5441 tum
2014 5370 2079 5442 ut
2112 5388 2195 5442 illi
2221 5388 2291 5442 ab
2312 5370 2856 5463 ejus—praedicatione
2883 5414 2995 5455 non
3024 5370 3456 5482 recederentzt

163 5461 378 5565 fusam.
406 5468 881 5565 concatenatamc
902 5468 1081 5565 multa
1097 5469 1282 5526 desint
1300 5470 1784 5565 in-subaudi‘tioni-
1865 5477 1998 5547 quia
2023 5478 2172 5549 apud
2215 5461 2480 5536 homines
2521 5483 2758 5540 stultum
2804 5493 2863 5543 et
2915 5461 3241 5565 insipientia

166 5548 511 5721 bue,tam;n
525 5552 673 5625 apud
686 5553 909 5612 Graecos
926 5557 1145 5630 plenior
1157 5565 1215 5619 et
1233 5559 1584 5619 manifestior
1610 5561 1783 5623 habe-
1865 5565 2071 5646 aliquis
2089 5583 2150 5627 se
2175 5567 2371 5628 laudet
2394 5572 2637 5633 maxime
2653 5591 2781 5637 cum
2806 5548 3071 5645 Salomon

479 5666 692 5721 A7101»
723 5654 960 5721 CXVII.
3132 5685 3202 5721 an

420 5654 692 5747 ΡΑτιοι.
723 5654 960 5729 CXVII.

2050 5731 2062 5747 ρ
3130 5685 3207 5752 Si
