3966 6156
571 344 668 406 651

991 349 1371 406 HAYMONIS
1410 346 1898 407 HALBERSTAT.
1942 347 2172 404 EPISC.
2215 345 2372 401 OPP.
2417 345 2600 401 PARS
2638 345 2678 401 Ι.
2726 379 2790 390 -—
2832 346 3200 409 COMMENT,
3244 349 3421 405 BIBL.

3694 350 3776 407 652

566 476 654 529 det
680 479 728 529 te
747 477 989 543 alienus,
1007 480 1057 529 et
1077 489 1192 530 non
1214 491 1270 530 os
1296 480 1459 528 tuum
1480 491 1496 538 ;
1531 479 1844 542 eatraneus,
1875 480 1925 529 et
1946 491 2059 529 non
2083 476 2160 528 ια·
2175 472 2225 532 Α
2242 472 2376 543 quia
2396 487 2509 527 non
2540 488 2643 545 pro
2670 475 2929 529 mercede
2954 479 3182 540 aeterna,
3203 490 3385 545 neque
3403 489 3502 546 pro
3522 474 3678 530 salute
3694 492 3776 531 au-

569 565 660 618 bia
690 569 787 618 tua
820 564 996 629 (Prov.
1030 565 1217 633 xxvn).
1240 564 1446 618 Volens
1474 561 1782 618 seleudare
1802 562 1922 636 ipse
1943 562 2013 617 ob
2035 580 2162 618 cau-

567 668 688 706 sam
706 650 1184 724 supradictam,ne
1209 652 1369 707 daret
1389 652 1512 706 aliis
1532 652 1877 713 occasionem
1896 653 2161 706 laudandi

565 741 750 797 dixit:
802 742 1025 796 Utinam
1060 745 1405 795 sustineretis
1442 741 1741 813 patienter,
1783 758 1816 795 ο
1859 741 2153 803 Corinthii,

563 831 841 885 modicum
867 832 1004 900 quid
1028 832 1360 898 insipientia:
1382 847 1527 895 meas,
1546 830 1601 884 id
1624 836 1709 885 est
1726 830 2005 885 modicam
2027 830 2161 883 insi-

559 919 830 991 pientiam
852 935 1035 974 meam
1059 920 1208 991 quod
1230 936 1319 974 me
1338 920 1526 985 laudo,
1542 921 1631 974 sed
1650 926 1698 973 et
1721 925 2033 988 suppartate
2054 935 2155 985 me,

560 1008 619 1063 id
643 1014 730 1064 est
756 1010 1030 1064 sustinete
1076 1008 1461 1080 insipientiam
1501 1025 1683 1063 meam
1736 1009 1794 1063 in
1846 1009 1949 1062 hac
1997 1014 2154 1080 parte

560 1097 743 1153 laudis
766 1116 780 1166 ;
814 1098 975 1170 quasi
1003 1098 1213 1153 diceret
1236 1119 1247 1150 :
1284 1098 1343 1153 Si
1370 1098 1538 1153 vultis
1568 1098 1849 1169 patienter
1877 1098 2155 1152 sustinere

557 1186 728 1243 verba
753 1204 898 1254 mea,
930 1188 1113 1243 dicam
1146 1206 1157 1241 :
1185 1193 1242 1243 et
1255 1187 1301 1243 si
1319 1204 1432 1243 non
1452 1188 1639 1254 vultis,
1667 1188 1862 1259 utique
1891 1203 2002 1241 non
2030 1187 2154 1241 ideo

559 1276 818 1333 omittam
849 1276 1035 1332 dicere
1063 1277 1210 1349 quod
1241 1278 1299 1331 in
1329 1276 1517 1331 animo
1544 1277 1915 1331 deliberatum
1952 1276 2147 1330 habeo.

2242 560 2487 615 ditorum
2526 562 2913 633 pmdicationi
2966 563 3318 628 insistebant,
3378 563 3473 618 sed
3514 580 3604 635 pro
3641 564 3778 619 lucris

2243 650 2668 720 temporalibus,
2720 659 2785 707 ut
2830 653 2956 707 illos
3008 653 3317 725 exspoliare
3354 659 3588 724 possent,
3628 659 3678 707 et
3700 670 3777 724 pro

2243 739 2408 794 laude
2438 740 2686 795 humana
2714 741 2965 796 dicentes
2991 742 3320 812 Apostolum
3352 758 3464 796 non
3490 758 3604 796 esse
3630 757 3783 797 verum

2243 829 2686 898 praedicatorem,
2719 846 2784 884 eo
2815 830 2963 901 quod
2993 846 3026 883 a
3073 830 3308 884 Domino
3347 846 3445 902 per
3482 829 3782 901 praesentiam

2243 918 2425 971 carnis
2456 933 2565 971 non
2585 917 2770 974 fuerat
2787 924 3033 983 vocatus,
3057 924 3115 973 et
3134 919 3271 973 talia
3290 918 3562 985 dicebant,
3581 919 3785 973 volentes

2243 1021 2337 1060 eos
2366 1006 2436 1059 ab
2465 1022 2658 1061 amore
2686 1007 2940 1079 Apostoli
2964 1007 3032 1062 ad
3060 1023 3309 1062 amorem
3331 1022 3497 1062 suum
3525 1007 3781 1073 retrahere,

2238 1094 2386 1165 quod
2419 1101 2476 1150 et
2501 1096 2758 1151 fecerunt
2784 1096 3060 1168 plurimos
3091 1096 3429 1168 simplicium
3469 1094 3783 1167 decipientes,

2239 1199 2379 1253 quos
2409 1184 2975 1257 Apostolusironicos
2998 1185 3523 1256 alloquitur,dicens
3547 1202 3558 1238 :
3580 1185 3787 1239 Libenter

2235 1276 2474 1340 ste/fertis
2507 1277 2846 1344 insipientes,
2880 1291 3007 1328 cum
3044 1277 3166 1328 sitis
3199 1278 3307 1343 ipsi
3328 1277 3610 1343 sapientes.
3638 1274 3788 1337 Quan-

558 1365 629 1421 Et
652 1365 758 1421 hoc
784 1366 1000 1437 quare?
2237 1377 2405 1432 quam
2429 1363 2636 1417 etenim
2659 1364 2884 1434 quidam
2906 1363 3054 1418 hunc
3073 1362 3409 1418 versiculum
3430 1363 3511 1417 ita
3528 1366 3784 1434 exponant,

627 1456 880 1509 {Emulor
914 1457 1064 1510 enim
1106 1472 1194 1510 vos
1235 1457 1334 1511 Ilei
1359 1457 1726 1509 mulatione.
1762 1453 2033 1509 sEmulari
2066 1459 2153 1508 est
2235 1455 2299 1504 ut
2319 1451 2392 1505 sit
2416 1452 2799 1535 sensus,quasi
2815 1469 2912 1507 eos
2926 1453 3198 1507 veraciter
3224 1452 3486 1523 appellet,
3521 1452 3693 1506 dicens
3716 1466 3787 1505 sa-

556 1543 824 1611 invidere,
847 1544 1078 1612 imitari,
1106 1561 1316 1611 amare,
1348 1549 1407 1599 et
1433 1543 1681 1599 studium
1708 1543 1936 1608 habere,
1965 1544 2063 1597 sed
2092 1542 2150 1596 in
2233 1540 2453 1611 pientes
2486 1558 2497 1594 :
2523 1541 2715 1604 miror,
2746 1558 2872 1596 cum
2902 1541 3025 1596 sitis
3048 1541 3158 1612 ipsi
3181 1541 3483 1612 sapientes,
3520 1557 3680 1613 quare
3694 1556 3791 1595 sus-

554 1633 661 1687 hoc
688 1633 809 1688 loco
840 1650 941 1704 pro
971 1649 1163 1688 amare
1192 1633 1439 1705 ponitur.
1468 1635 1721 1688 zEmulor
1758 1636 1908 1687 enim
1935 1649 2025 1686 ros
2058 1634 2152 1686 Dei
2234 1628 2462 1684 tineatis
2486 1629 2729 1684 libenter
2752 1629 3101 1701 insipientes,
3132 1630 3228 1686 sed
3254 1630 3453 1685 beatus
3479 1628 3788 1701 Augustinus

553 1723 922 1786 simulatione,
958 1722 1016 1776 id
1048 1727 1134 1778 est
1162 1738 1290 1777 amo
1310 1739 1406 1776 vos
1434 1722 1534 1777 Dei
1564 1738 1773 1777 amore.
2167 1749 2213 1809 Β
2234 1717 2397 1771 aliter
2424 1718 2667 1789 exponit,
2704 1719 3003 1773 destruens
3044 1720 3193 1774 hunc
3233 1736 3461 1774 sensum
3494 1724 3557 1774 et
3588 1719 3791 1774 ironicos

622 1811 893 1880 Despondi
918 1813 1069 1866 enim
1096 1828 1189 1866 vos
1231 1813 1338 1865 uni
1364 1814 1484 1865 viro
1517 1814 1790 1879 virginem
1828 1816 2036 1865 castam
2062 1826 2149 1864 βω.
2168 1807 2197 1809 7'
2232 1807 2555 1877 intelligens
2584 1824 2679 1862 eos
2707 1808 3018 1878 appellatos
3037 1824 3157 1862 esse
3186 1808 3486 1878 sapientes.
3520 1811 3650 1865 Cum
3672 1808 3789 1874 sitis,

554 1902 740 1957 hibere
770 1900 1003 1954 Christo.
1030 1899 1237 1954 Paulus
1259 1900 1546 1971 apostolus
1575 1899 1932 1970 desponsavit
1947 1899 2145 1953 Corin-
2233 1895 2438 1966 inquit,
2468 1912 2500 1949 ο
2557 1896 2852 1959 Corinthii,
2904 1898 3245 1965 insipientes,
3287 1901 3555 1966 putantes
3606 1911 3690 1950 vos
3725 1909 3793 1950 δι’

551 1987 722 2053 thios,
747 2003 858 2041 non
880 1985 1108 2042 sibi.sed
1131 1988 1355 2042 Christo
1376 2005 1479 2059 per
1491 1989 1945 2059 praedicationem
1963 2002 2144 2050 suam,
2230 1983 2469 2054 pientes,
2498 2001 2611 2038 non
2637 1990 2724 2039 est
2753 1984 2959 2038 mirum
2992 1984 3039 2038 si
3069 1984 3351 2054 patienter
3380 1984 3664 2039 sustinetis
3685 1980 3791 2037 insi-

553 2082 610 2133 et
622 2076 965 2141 fidem,sicut
978 2078 1199 2148 Moyses
1222 2076 1649 2148 desponsavitin
1671 2077 1912 2149 )Egypto
1926 2075 2144 2147 plebem
2230 2071 2449 2143 pientes
2477 2072 3025 2143 pseudo-apostolos.

550 2165 923 2221 Israeliticam
962 2180 1075 2219 non
1105 2164 1230 2230 sibi,
1254 2164 1353 2219 sed
1382 2164 1497 2218 Deo
1528 2165 1714 2231 (Ea-od.
1750 2164 1859 2229 Ill).
1906 2163 2065 2218 Unde
2091 2168 2148 2217 et
2300 2161 2595 2216 Sustinetis
2626 2164 2796 2225 enim,
2817 2165 2867 2215 si
2895 2164 3020 2230 quis
3048 2177 3138 2215 vos
3168 2163 3231 2215 in
3257 2162 3578 2217 servitutem
3606 2160 3791 2227 redigit.

550 2259 889 2327 praeceptum
912 2258 999 2309 est
1018 2254 1070 2309 ei
1097 2259 1163 2309 ut
1188 2254 1413 2308 tolleret
1426 2253 1800 2308 calceamenta
1825 2253 1894 2306 de
1913 2251 2145 2324 pedibus
2228 2249 2405 2304 Judaei
2433 2250 2528 2321 qui
2547 2256 2815 2304 venerant
2836 2267 2872 2303 a
2890 2249 3101 2316 Judaea,
3126 2250 3222 2320 qui
3250 2256 3560 2321 utrumque
3574 2248 3795 2304 volebant

551 2344 684 2400 suis.
729 2343 968 2415 Signum
998 2360 1132 2414 ergo
1168 2342 1614 2414 desponsationis
1653 2347 1710 2396 et
1747 2342 1989 2395 annulus
2034 2357 2143 2412 quo
2228 2355 2413 2409 agere.
2431 2344 2488 2392 et
2506 2339 2813 2408 judaizare,
2847 2344 2905 2393 et
2933 2338 3292 2409 Evangelium
3325 2338 3642 2407 observare,
3671 2336 3794 2392 vole-

549 2431 1641 2505 desponditsivedesponsavitApostolus
1655 2430 1975 2485 Corinthios
1990 2431 2149 2485 Chri-
2228 2426 2364 2481 bant
2391 2428 2683 2482 credentes
2702 2428 2760 2482 in
2790 2427 3117 2482 servitutem
3147 2427 3402 2498 redigere
3441 2428 3605 2499 legis,
3633 2431 3692 2481 ut
3713 2423 3793 2480 ob-

547 2527 656 2588 sto,
681 2522 820 2576 fides
862 2520 971 2576 fuit
992 2519 1215 2575 Domini
1249 2520 1569 2585 Salvatoris,
1607 2536 1774 2590 quam
1806 2519 2147 2573 ministravit
2227 2524 2516 2572 servarent
2540 2515 2760 2571 sabbati
2786 2517 2983 2579 otium,
3013 2522 3072 2571 et
3097 2516 3247 2571 irent
3270 2517 3709 2589 Hierosolymam
3726 2514 3794 2568 ot-

548 2611 648 2666 eis.
676 2610 836 2665 Unde
863 2608 1001 2664 dicit
1027 2627 1037 2664 :
1072 2611 1341 2678 Despondi
1368 2611 1517 2662 enim
1538 2624 1627 2661 vos
1656 2611 1761 2661 uni
1781 2611 1900 2661 viro
1926 2609 2143 2664 Christo
2225 2605 2371 2659 ferre
2395 2606 2603 2675 legales
2632 2606 2865 2672 hostias,
2900 2612 2958 2661 et
2985 2606 3228 2661 maxime
3252 2611 3318 2661 ut
3339 2606 3791 2661 circumcisionem

548 2698 809 2754 exhibere
838 2698 1032 2753 volens
1063 2715 1158 2753 vos
1186 2696 1459 2768 virginem
1486 2701 1717 2760 castam,
1739 2696 1794 2749 id
1814 2700 1901 2750 est
1917 2701 1980 2750 ut
2007 2713 2146 2768 praa-
2228 2692 2609 2760 observarent,
2639 2695 2888 2749 dicentes
2917 2695 3072 2749 nullo
3103 2695 3270 2750 modo
3296 2711 3463 2766 posse
3499 2712 3598 2751 eos
3622 2691 3795 2749 salvari

546 2788 758 2860 paretis
776 2805 871 2842 vos
889 2787 1164 2858 virginem
1187 2791 1398 2841 castam
1420 2786 1523 2849 illi,
1547 2789 1834 2840 servantes
1849 2784 2144 2855 integrita-
2226 2783 2347 2837 sine
2375 2783 2817 2849 circumcisione,
2844 2783 3121 2855 praecipue
3146 2800 3275 2839 cum
3290 2784 3521 2839 hocnon
3543 2784 3715 2839 solum
3734 2780 3795 2836 sit

543 2883 659 2932 tem
688 2874 1149 2947 ﬁdei.Virginitas
1166 2875 1314 2929 enim
1337 2874 1445 2928 ista
1464 2874 1649 2945 potius
1664 2878 1749 2928 est
1764 2873 1969 2927 mentis
1997 2873 2143 2926 inte-
2228 2871 2365 2941 legis
2394 2878 2754 2943 praeceptum,
2787 2873 2883 2927 sed
2903 2873 3067 2944 longe
3087 2878 3220 2927 ante
3243 2873 3425 2943 legem
3448 2873 3704 2927 familiari
3728 2870 3796 2925 al-

548 2966 727 3036 gritas
752 2980 919 3035 quam
961 2964 1235 3034 corporis.
1278 2963 1335 3018 Si
1367 2979 1500 3033 ergo
1539 2962 1882 3016 attendimus
1909 2960 2142 3031 virgini-
2227 2959 2504 3014 locutione
2524 2960 2731 3015 dixerit
2746 2961 2895 3016 Deus
2915 2963 2985 3016 ad
3008 2961 3299 3017 Abraham
3325 2976 3339 3012 :
3370 2963 3649 3016 Masculus
3663 2962 3795 3028 cujus

547 3057 663 3107 tem
693 3052 1157 3123 corporis,multo
1184 3050 1371 3122 plures
1392 3055 1526 3104 sunt
1545 3050 1602 3104 in
1618 3049 1864 3104 Ecclesia
1895 3049 2141 3119 virgines
2220 3051 2487 3118 praputii
2516 3065 2644 3103 caro
2684 3053 3012 3105 circumcisa
3040 3066 3153 3106 non
3184 3052 3381 3119 fuerit,
3406 3052 3612 3119 peribit
3625 3053 3797 3104 animo

544 3146 734 3195 mente
769 3156 938 3211 quam
966 3156 1194 3211 corpore
1220 3159 1233 3203 ;
1257 3144 1314 3193 et
1342 3139 1535 3193 multae
1565 3144 1697 3193 sunt
1717 3155 1782 3192 ex
1803 3138 1889 3193 his
1912 3155 2035 3209 quae
2064 3138 2203 3203 in-C
2225 3138 2343 3203 ejus
2372 3138 2436 3190 de
2460 3139 2663 3205 populo
2691 3152 2790 3191 suo
2826 3137 2972 3203 (Gen.
3008 3137 3168 3206 xvn).
3211 3139 3274 3193 In
3302 3138 3451 3192 hanc
3476 3154 3611 3209 ergo
3653 3133 3795 3191 servi-

540 3228 864 3297 tegritatem
886 3226 1141 3297 corporis.
1162 3226 1344 3280 adhuc
1370 3225 1596 3291 habent,
1612 3243 1734 3296 quae
1765 3232 1951 3279 mente
1980 3229 2035 3279 et
2051 3224 2143 3278 de-
2222 3230 2401 3279 tutem
2445 3224 2584 3295 legis
2626 3230 2682 3279 et
2724 3225 3192 3296 impedimentum
3220 3227 3406 3281 carnis
3429 3226 3689 3281 volebant
3710 3224 3794 3279 lu-

547 3314 752 3369 siderio
776 3316 892 3385 jam
921 3319 1252 3386 nupserunt.
1288 3314 1641 3386 Quapropter
1668 3313 1871 3367 melius
1895 3318 1980 3368 est
2009 3312 2138 3367 uni-
2222 3314 2327 3369 daei
2360 3314 2681 3369 Corinthios
2710 3315 2987 3384 redigere,
3013 3314 3217 3385 quibus
3238 3315 3361 3387 ipse
3379 3315 3519 3371 dicit
3544 3315 3796 3372 :Sustine-

543 3404 816 3459 versalem
849 3403 1149 3459 Ecclesiam
1180 3405 1328 3474 (quae
1361 3407 1583 3457 constat
1631 3419 1696 3456 ex
1728 3407 1966 3472 utroque
2004 3418 2137 3456 sexu
2224 3406 2293 3456 tis
2317 3406 2485 3458 enim.
2543 3403 2599 3457 id
2655 3408 2742 3458 est
2779 3403 3062 3474 patienter
3103 3403 3368 3472 sutfertis,
3400 3404 3597 3476 siquis
3631 3418 3721 3457 vos
3745 3400 3796 3452 in

543 3498 600 3549 et
625 3509 689 3549 ex
706 3498 947 3564 utroque
967 3492 1180 3561 ordine)
1206 3491 1477 3562 virginem
1500 3496 1711 3547 castam
1742 3507 1862 3545 esse
1889 3490 2137 3561 appella-

540 3588 810 3654 tam,quae
839 3586 894 3636 et
918 3598 1124 3654 sponsa
1153 3585 1239 3635 est
1266 3580 1571 3647 Christi,de
1599 3595 1711 3650 qua
1736 3580 1978 3634 Joannes
2008 3579 2090 3633 ait
2119 3597 2132 3633 :

544 3672 653 3738 Qui
677 3672 833 3725 habet
850 3686 1105 3739 sponsam
1137 3685 1364 3737 sponsus
1381 3674 1456 3722 est
1481 3670 1658 3738 (Joan.
1691 3665 2137 3738 m).Quicunque

545 3774 679 3830 ergo
711 3758 769 3812 in
792 3758 1036 3813 Ecelesia
1056 3756 1438 3827 integritatem
1450 3755 1580 3809 ﬁdei
1596 3755 1770 3810 habet
1784 3770 1953 3827 quam
1974 3755 2136 3811 bonis

545 3845 806 3919 operibus
835 3849 1086 3912 exornat,
1120 3843 1276 3914 virgo
1297 3848 1452 3897 casta
1477 3847 1647 3910 cst,et
1674 3842 1720 3897 si
1750 3859 1861 3897 non
1883 3859 2134 3914 corpore,

542 3939 733 3990 tamen
763 3939 950 3989 mente
984 3948 995 3982 :
1026 3933 1266 4004 ideoque
1292 3948 1497 4003 sponsa
1527 3937 1611 3986 est
1633 3930 1861 3987 Christi.
1887 3932 2137 3996 Quivero

542 4023 921 4095 virginitatem
938 4022 1378 4093 utramque,Deo
1408 4020 1764 4093 prapitiante,
1789 4025 1941 4075 caste
1956 4020 2135 4075 invio-

541 4115 768 4185 lateque
802 4112 1125 4177 servaverit,
1172 4113 1319 4166 sicut
1368 4110 1596 4181 plurimi
1634 4114 1954 4164 sanctorum
1984 4109 2135 4164 fece-

542 4206 679 4255 runt
706 4217 772 4254 ex
806 4205 1046 4271 utroque
1078 4215 1233 4266 sexu,
1279 4199 1360 4252 illi
1397 4199 1594 4269 utique
1634 4197 1882 4269 palmam
1912 4196 2134 4252 obtine-

542 4288 686 4343 bunt
722 4303 892 4358 quam
927 4304 1094 4342 nemo
1140 4288 1569 4357 conjugatorum
1599 4286 1921 4358 possidebit.
1976 4287 2046 4341 Et
2088 4286 2135 4341 si

543 4392 709 4432 sexus
734 4376 1030 4443 femineus,
1055 4375 1153 4446 qui
1174 4380 1394 4430 tantum
1419 4380 1507 4429 est
1526 4375 1742 4446 fragilis
1765 4380 1823 4430 et
1852 4375 2132 4447 proclivis,

2222 3492 2547 3546 servitutem
2580 3492 2718 3562 legis
2757 3493 2876 3547 vult
2901 3492 3177 3564 redigere.

2292 3579 2357 3635 Si
2392 3583 2521 3648 quis
2549 3581 2792 3646 devorat,
2824 3579 3095 3636 subaudis
3139 3579 3514 3637 substantiam
3551 3584 3791 3641 vestram.

2219 3670 2528 3725 sustinetis.
2597 3669 3079 3743 Pseudo-apostoli
3125 3671 3243 3727 suis
3291 3671 3705 3727 adulationibus
3748 3672 3797 3720 et

2219 3757 2481 3814 laudibus
2523 3759 2909 3831 exspoliabant
2954 3760 3079 3815 illos
3110 3776 3251 3831 quos
3278 3761 3649 3832 decipiebant
3674 3756 3796 3812 etin

2220 3848 2485 3904 conviviis
2496 3848 2752 3919 plurimis
2767 3848 3112 3920 diripiebant
3128 3848 3353 3904 illorum
3370 3848 3799 3917 bona,erantque

2220 3937 2302 3991 illi
2326 3937 2576 3991 contenti
2596 3937 2852 3992 devorari
2876 3954 2966 3992 res
2989 3954 3121 3993 suas
3149 3954 3184 3992 a
3208 3936 3325 3992 suis
3354 3935 3759 4008 deceptor-ibus.

2290 4023 2354 4080 Si
2371 4028 2495 4095 quis
2521 4029 2741 4095 accipit,
2766 4042 2833 4081 ac
2869 4027 2917 4080 si
2948 4027 3100 4081 dicat
3146 4046 3159 4081 :
3217 4027 3275 4081 Si
3305 4026 3433 4097 quis
3462 4026 3607 4097 rapit
3623 4028 3799 4080 vestra

2216 4114 2366 4169 bona
2393 4131 2428 4168 a
2445 4114 2683 4177 vobis,et
2706 4115 2909 4186 accipit
2926 4115 3055 4183 sibi,
3073 4114 3357 4187 patienter
3374 4114 3680 4170 sustinetis.
3696 4112 3798 4168 Un-

2217 4203 2287 4257 de
2316 4208 2373 4257 et
2398 4219 2527 4257 aves
2574 4203 2970 4275 rapacissimae,
2996 4220 3119 4275 quae
3144 4204 3344 4259 Latino
3373 4203 3636 4260 vocabulo
3659 4202 3798 4258 acci-

2214 4295 2388 4361 pitres
2408 4292 2915 4360 vocantur,Graecaa
2932 4292 3224 4361 haepiaeﬁd
3238 4296 3588 4364 estraptores
3609 4289 3796 4363 appel-

2219 4380 2428 4448 lantur,
2443 4398 2515 4435 eo
2534 4381 2682 4452 quod
2712 4380 2818 4435 sibi
2838 4380 3134 4453 accipiant,
3162 4386 3221 4436 et
3237 4381 3364 4435 aliis
3391 4381 3797 4452 rapiant,atque

541 4466 648 4521 hoc
673 4464 951 4531 observat,
990 4468 1198 4536 quanto
1245 4464 1425 4535 magis
1479 4463 1561 4517 illi
1613 4465 1747 4536 quia
1788 4465 1997 4520 virtute
2029 4456 2199 4519 viriD
2219 4468 2323 4523 hoc
2354 4469 2519 4524 modo
2547 4469 2798 4540 accipere
2826 4475 2914 4524 est
2956 4468 3164 4541 aliquid
3188 4468 3316 4524 dolo
3345 4486 3563 4541 capere.
3591 4469 3654 4525 Si
3679 4467 3800 4535 quis

538 4559 959 4627 nuncupantur.

618 4646 801 4700 Timeo
815 4649 1002 4699 autem
1021 4659 1092 4699 ne
1110 4645 1253 4698 sicut
1270 4658 1488 4713 serpens
1503 4643 1670 4699 Evam
1684 4644 1902 4697 seduxit
1922 4644 2134 4698 astutia

540 4750 663 4803 sua,
693 4733 751 4787 id
785 4738 872 4789 est
898 4750 970 4788 ne
999 4733 1144 4788 sicut
1163 4731 1419 4788 diabolus
1442 4732 1674 4787 indutus
1704 4736 2135 4803 serpentem,se-

540 4824 701 4879 duxit
728 4823 1025 4878 mulierem
1041 4839 1145 4878 sua
1169 4821 1494 4888 calliditate,
1527 4827 1585 4876 et
1605 4838 1708 4894 per
1725 4821 2017 4877 mulierem
2042 4820 2136 4876 de.

541 4912 691 4983 cepit
710 4911 912 4978 virum,
932 4913 1014 4965 ita
1044 4911 1210 4965 modo
1240 4916 1679 4979 corrumpantur
1698 4925 1885 4964 sensus
1911 4912 2082 4964 vestri
2101 4925 2136 4962 a

538 4998 1163 5069 pseudo-apostolis,qui
1178 5003 1311 5053 sunt
1322 4996 1561 5051 ministri
1576 4996 2131 5063 diaboli,ete:ecidant.

611 5088 861 5141 Libenter
878 5089 1118 5153 sit/fertis
1142 5089 1481 5155 insipientes,
1504 5102 1631 5139 cum
1652 5088 1775 5139 sitis
1795 5089 1904 5153 ipsi
1923 5089 2136 5153 sapien-

543 5180 633 5230 tes.
661 5175 926 5244 Apostolo
949 5179 1277 5229 transeunte
1305 5192 1338 5228 a
1368 5175 1676 5230 Corinthiis
1704 5175 1772 5228 ad
1795 5174 1933 5229 alias
1955 5175 2134 5229 natio-

538 5268 1040 5334 nes,corruperunt
1050 5279 1144 5317 eos
1162 5263 1634 5335 pseudo-apostoli
1648 5263 1889 5319 aJudaais
1905 5263 2129 5318 venien-

535 5362 642 5421 tes,
676 5354 771 5425 qui
800 5353 861 5407 in
888 5353 994 5407 hoc
1020 5353 1377 5424 appellantur
1403 5354 1749 5425 insipientes,
1782 5354 1913 5425 quia
1946 5359 2003 5408 et
2021 5353 2131 5408 cir-

534 5443 936 5501 cumcisionem
960 5441 1218 5497 volebant
1242 5441 1554 5511 observare,
1597 5448 1654 5497 et
1674 5442 1892 5498 sabbati
1925 5443 2126 5510 otium,

533 5540 846 5605 caeteraque
873 5536 1154 5605 praecepta
1178 5531 1428 5586 carnalia
1447 5532 1671 5602 legis,et
1699 5533 1983 5603 Evangelii
1999 5549 2130 5603 gra-

536 5624 676 5680 tiam
703 5628 917 5681 tenere.
971 5621 1037 5681 In
1085 5622 1188 5676 hoc
1232 5635 1455 5692 quoque
1482 5619 1812 5692 insipientes
1840 5627 2127 5690 vocantur,

2215 4560 2508 4612 extollitur
2529 4556 2588 4611 in
2610 4557 3290 4629 superbiamExtollentia
3301 4562 3390 4611 est
3405 4557 3681 4630 superbia.
3688 4555 3797 4609 Hos

2214 4644 2401 4716 inquit
2427 4647 2747 4717 Apostolus,
2792 4648 3073 4718 patienter
3098 4647 3410 4714 sustinetis,
3442 4648 3537 4719 qui
3556 4663 3613 4702 se
3631 4644 3803 4700 extol-

2217 4734 2340 4787 lunt
2386 4734 2456 4788 de
2484 4734 2720 4789 scientia
2736 4734 2896 4805 legis,
2915 4736 3066 4805 quod
3089 4735 3151 4790 in
3169 4734 3493 4806 superbiam
3516 4736 3800 4806 eriguntur

2217 4823 2286 4877 de
2313 4822 2605 4878 nobilitate
2619 4823 3040 4894 generis.Quod
3070 4829 3259 4879 autem
3276 4825 3536 4896 sequitur
3565 4823 3655 4879 :Si
3674 4824 3801 4893 quis

2215 4914 2277 4965 in
2299 4912 2499 4980 faciem
2528 4928 2616 4966 vos
2637 4913 2921 4967 caditHic
2940 4917 3026 4967 est
3035 4912 3519 4983 distinguendum,
3540 4919 3595 4968 et
3610 4917 3802 4983 postea

2216 4998 2676 5054 subinferendum
2701 5002 3005 5054 secundum
3049 5002 3454 5068 ignobilitatem
3477 5001 3611 5063 dico,
3635 5003 3697 5053 et
3724 4995 3805 5051 ibi

2216 5086 2477 5141 similiter
2500 5086 2978 5158 distinguendum.
3010 5089 3153 5144 Nam
3176 5089 3318 5144 licet
3360 5105 3465 5160 per
3490 5105 3551 5145 se
3573 5084 3802 5155 singula!

2215 5175 2508 5229 sententia)
2532 5175 2636 5230 sub
2657 5175 3017 5232 distinctione
3046 5177 3434 5249 proferantur,
3464 5183 3643 5232 tamen
3668 5187 3806 5228 cum

2211 5263 2353 5318 dixit
2376 5281 2389 5318 :
2406 5264 2471 5319 Si
2496 5267 2620 5333 quis
2634 5267 2698 5318 in
2711 5266 2911 5333 faciem
2932 5282 3022 5320 vos
3041 5267 3214 5332 caedit,
3230 5266 3497 5337 exposuit
3514 5262 3635 5337 quid
3647 5264 3809 5317 esset

2211 5355 2269 5408 in
2294 5352 2494 5408 faciem
2517 5353 2751 5420 caedere,
2773 5371 2900 5410 cum
2915 5354 3237 5426 subjunxit:
3262 5354 3576 5410 Secundum
3593 5350 3804 5421 ignobi-

2216 5446 2425 5498 litatem
2442 5443 2651 5497 dican
2670 5443 2870 5498 faciem
2889 5443 3039 5498 enim
3062 5442 3297 5507 cedere,
3321 5448 3409 5498 est
3426 5443 3807 5515 impropean

2212 5530 2381 5586 alicui
2407 5530 2816 5602 ignobilitatem
2842 5529 3237 5602 generis,sicut
3264 5529 3799 5602 Judaeiimpropera-

2212 5619 2351 5676 bant
2378 5619 2687 5677 Corinthiis
2718 5619 2992 5694 ignobiles
3027 5636 3150 5677 esse
3187 5635 3416 5693 genere,
3446 5629 3669 5694 quorum
3695 5628 3807 5688 pr
