3852 6154
143 241 227 299 653

746 228 1127 317 EXPOSITIO
1166 230 1244 287 IN
1282 230 1436 286 EPP.
1480 231 1535 287 S.
1579 229 1813 289 PAULI.
1849 259 1915 274 --
1958 232 2037 287 IN
2076 231 2299 289 EPIST.
2341 234 2393 290 II
2428 234 2525 289 AD
2562 235 2723 293 COR.

3255 234 3362 299 654

146 372 239 421 tres
261 373 457 431 semper
481 356 791 413 idololatra:
809 356 1056 422 fuerunt,
1080 356 1361 412 dmmones
1390 362 1448 411 et
1471 357 1748 428 lapidesA
1839 358 2050 413 Hebraei
2077 364 2209 413 sunt
2236 359 2318 413 illi
2348 364 2397 414 et
2426 377 2517 429 ego
2555 378 2681 417 sum
2713 361 2996 419 Hebraeus.
3032 364 3250 421 Hebraei
3277 366 3364 421 di-

146 470 227 526 pro
242 451 342 505 Deo
357 450 768 508 venerantes,se
782 449 969 497 autem
1001 443 1390 515 praeferebant,
1409 445 1688 514 iactantes
1771 452 1977 501 cuntur
2004 446 2073 501 ab
2104 448 2286 504 Heber
2306 449 2627 520 patriarcha
2646 468 2773 509 suo.
2810 451 2948 506 Inde
2977 453 3112 507 dicit
3139 455 3374 525 Aposto-

144 559 193 597 se
209 538 334 613 quod
346 536 407 589 de
420 550 621 605 genere
637 534 1081 605 patriarcharum
1106 539 1162 587 et
1172 534 1509 605 prephetaru
1520 551 1570 587 m
1586 534 1692 587 ori-

144 630 298 701 ginem
312 626 555 679 ducerent
567 662 579 685 ,
598 623 667 676 de
681 638 914 692 quorum
934 622 1106 693 stirpe
1119 622 1373 678 Christus
1385 623 1588 676 secund
1599 641 1628 678 u
1639 640 1691 676 m

144 732 332 773 carnem
358 719 513 767 natus
541 717 704 765 esset.
738 712 939 781 Magna
959 711 1232 781 siquidem
1263 712 1503 766 stultitia
1537 717 1618 765 est
1640 718 1697 766 et

145 804 437 878 ignobilitas,
489 801 731 871 aliquem
787 817 888 877 per
930 800 1412 870 regenerationem
1444 816 1602 870 aqua:
1642 805 1697 855 et

147 895 352 968 Spiritus
374 888 546 944 sancti
575 888 780 943 Filium
806 889 906 942 Dei
928 889 1207 954 effectum,
1248 890 1464 958 jactare
1486 888 1696 961 aliquid

144 985 200 1038 de
221 980 481 1036 nobilitate
509 977 754 1048 generis,
787 977 1028 1031 maxime
1058 994 1183 1031 cum
1244 977 1516 1031 Dominus
1549 978 1699 1032 dicat

146 1088 308 1128 omnes
331 1085 423 1122 nos
439 1066 637 1121 fratres
668 1083 807 1130 esse,
833 1066 1087 1136 quamvis
1107 1065 1278 1137 aliqui
1301 1066 1447 1120 hunc
1465 1066 1699 1120 versicu-

141 1164 237 1216 lum
264 1160 332 1212 ita
360 1160 651 1227 exponant,
678 1155 837 1226 quasi
869 1155 937 1208 ad
966 1155 1293 1224 Apostolum
1310 1156 1605 1225 pertineat,
1635 1162 1698 1208 ut

142 1249 199 1303 sit
218 1264 409 1302 sensus.
436 1243 751 1314 Ignobilem
778 1261 898 1298 rem
929 1260 1034 1314 ago
1053 1244 1197 1314 quod
1218 1244 1426 1314 aliquid
1453 1244 1521 1298 de
1544 1243 1699 1297 nobi-

143 1339 272 1391 litate
294 1334 504 1405 generis
530 1350 621 1387 me
651 1333 873 1397 extollo,
910 1349 1021 1386 non
1063 1332 1319 1386 convenit
1350 1333 1454 1386 iste
1484 1349 1700 1398 sensus,

146 1427 252 1496 quia
276 1424 509 1478 nondum
543 1421 796 1491 pervenit
819 1421 887 1475 ad
920 1422 1078 1475 illum
1108 1422 1290 1475 locum
1326 1421 1422 1475 ubi
1452 1421 1704 1475 dicturus

146 1520 212 1568 est
230 1530 280 1567 se
307 1514 370 1566 de
398 1527 603 1582 genere
651 1510 1097 1582 patriarcharum
1130 1526 1270 1577 esse,
1306 1510 1403 1564 sed
1434 1527 1499 1563 eo
1538 1510 1702 1563 modo

145 1600 627 1671 estintelligendus,
659 1605 722 1653 ut
752 1598 1013 1652 diximus.
1070 1598 1139 1652 Et
1187 1615 1257 1652 ne
1309 1598 1452 1651 forte
1498 1597 1763 1687 aliquisB

1774 536 1862 588 lus
1896 553 1906 587 :
1942 537 2272 592 Gloriantur
2302 538 2381 591 illi
2408 540 2477 593 de
2531 540 2823 595 nobilitate
2876 543 3060 596 carnis
3088 542 3236 613 quod
3268 544 3371 598 lle-

1776 622 1907 677 brzei
1936 630 2087 689 sunt,
2124 632 2179 679 et
2200 643 2302 697 ego
2350 627 2609 683 similiter
2637 627 2903 685 Ilebrmus
2930 648 3075 685 sum.
3114 634 3373 687 Israelita

1776 718 1909 766 sunt
1939 712 2018 766 illi
2047 714 2116 769 de
2136 732 2341 784 genere
2392 717 2562 770 Jacob
2608 719 2954 788 patriarchas,
2999 721 3093 791 qui
3118 726 3173 775 et
3201 722 3376 776 Israel

1780 808 1865 853 est
1884 802 2217 872 appellatus.
2245 804 2307 857 Et
2328 821 2418 872 ego
2439 822 2567 860 vere
2594 806 2849 861 Israelita
2877 824 3022 874 sum,
3043 809 3174 879 quia
3194 810 3373 864 Deum

1780 895 1968 943 mente
1996 893 2361 963 contemplor.
2384 893 2575 948 Semen
2613 894 2847 950 Abrahw
2875 902 3024 963 sunt,
3058 898 3221 951 amici
3250 898 3372 965 Dei,

1778 985 1825 1032 et
1851 996 1960 1045 ego.
2018 980 2291 1034 Similiter
2325 985 2580 1036 ministri
2628 983 2837 1039 Christi
2878 992 3033 1055 sunt,
3058 986 3159 1051 illi,
3190 992 3237 1040 et
3260 1003 3368 1055 ego.

1780 1069 2037 1123 Minister
2066 1069 2270 1124 (‘hristi
2303 1070 2526 1136 dicitur,
2558 1072 2810 1143 quisquis
2841 1074 3203 1144 Evangelium
3241 1092 3381 1147 prm-

1782 1157 1950 1211 dicat.
1981 1159 2041 1212 σε
2063 1162 2251 1211 minus
2272 1162 2487 1227 sapiens
2508 1161 2645 1223 dico,
2661 1165 2788 1229 plus
2808 1178 2899 1229 ego
2922 1183 2937 1216 :
2968 1163 3233 1218 subaudis
3253 1181 3379 1221 sum

1786 1246 2045 1300 minister
2071 1247 2279 1300 Christi
2311 1264 2476 1317 quam
2510 1248 2593 1302 illi
2619 1268 2630 1303 :
2667 1250 2798 1320 quia
2843 1267 2945 1321 ego
2972 1253 3094 1323 plus
3124 1254 3380 1309 omnibus

1786 1334 1977 1389 laboro
2010 1353 2020 1388 :
2056 1342 2111 1389 et
2143 1336 2411 1407 quidquid
2443 1337 2700 1407 praedico,
2729 1339 2992 1409 operibus
3032 1357 3256 1396 exorno.
3290 1342 3383 1397 Illi

1785 1440 1935 1487 vero,
1954 1423 2154 1478 licetin
2175 1423 2506 1495 quibusdam
2531 1425 2698 1480 rebus
2738 1428 2880 1480 bene
2923 1428 3213 1483 videantur
3239 1446 3383 1501 prm-

1786 1512 1992 1578 dicare,
2006 1518 2197 1566 tamen
2213 1529 2322 1566 non
2336 1520 2470 1567 sunt
2484 1515 2596 1567 veri
2619 1515 2861 1569 ministri
2882 1515 3109 1582 Christi,
3120 1520 3386 1589 quoniam

1790 1601 1933 1671 quod
1959 1601 2263 1671 praedicant
2280 1602 2701 1663 ore,destruunt
2716 1603 3068 1674 operibusln
3081 1605 3186 1661 hoc
3198 1613 3387 1663 autem

142 1697 348 1764 putaret,
380 1688 527 1761 quod
559 1690 782 1761 pugnis,
818 1694 916 1741 aut
945 1687 1132 1758 aliquo
1188 1687 1352 1741 modo
1407 1687 1461 1740 in
1501 1687 1699 1741 faciem
1788 1690 2035 1759 appellat
2062 1706 2122 1743 se
2153 1690 2339 1744 minus
2367 1692 2678 1761 sapientem
2741 1708 2881 1758 esse,
2916 1709 3083 1763 quam
3126 1695 3387 1761 debebat,

143 1781 349 1852 corporis
376 1780 586 1833 diceret
614 1794 708 1832 eos
739 1777 895 1841 credi,
931 1776 1055 1831 ideo
1103 1776 1291 1830 taliter
1336 1776 1556 1829 locutus
1595 1781 1695 1829 est.
1785 1777 1913 1850 quia
1929 1795 1988 1832 se
2008 1778 2278 1833 laudabat
2296 1779 2484 1833 dicens
2504 1797 2563 1833 se
2582 1781 2709 1851 plus
2731 1797 2851 1835 esse.
2880 1782 3201 1839 ministrum
3222 1784 3389 1839 Chri-

141 1868 335 1939 Siquis,
366 1866 640 1939 inquiens,
672 1866 730 1920 in
759 1865 976 1931 faciem,
1013 1865 1067 1919 id
1100 1869 1187 1919 est
1243 1865 1299 1919 in
1348 1865 1699 1936 praesentiam
1784 1867 1877 1932 sti,
1924 1883 2090 1938 quam
2124 1868 2248 1921 illos
2279 1887 2290 1921 :
2334 1873 2390 1922 et
2419 1886 2483 1923 eo
2513 1870 2677 1923 modo
2731 1886 2840 1942 quo
2865 1886 2925 1924 se
2954 1870 3093 1925 dixit
3120 1887 3290 1943 supra
3328 1873 3387 1928 in

143 1958 291 2021 caedit,
312 1957 740 2028 improperando
757 1955 966 2026 aliquid
987 1954 1056 2008 de
1087 1953 1434 2023 ignobilitate
1454 1954 1698 2024 generis,
1784 1955 2107 2027 insipientia
2128 1974 2312 2027 agere,
2340 1974 2405 2011 eo
2422 1974 2569 2011 nunc
2599 1959 2781 2012 minus
2834 1976 3049 2031 sapere.
3080 1963 3146 2015 In
3178 1963 3388 2016 labori-

141 2047 381 2118 patienter
408 2046 720 2111 sustinetis,
756 2051 812 2099 et
842 2044 1113 2115 praefertis
1139 2044 1262 2097 illos
1285 2042 1462 2098 nobis.
1501 2044 1705 2096 Secun-
1788 2047 1883 2098 bus
1909 2047 2197 2113 plurimis,
2218 2046 2483 2100 subaudis
2503 2048 2684 2101 servio
2706 2048 2946 2114 Christo,
2971 2054 3126 2103 etest
3140 2066 3337 2104 sensus
3370 2070 3381 2106 :

142 2136 250 2188 dum
274 2135 615 2189 nobilitatem
646 2139 833 2187 autem
854 2132 1079 2203 generis
1110 2133 1253 2196 dico,
1287 2150 1382 2186 vos
1428 2132 1485 2186 in
1507 2132 1703 2186 faciem
1786 2131 1849 2186 In
1870 2133 1975 2186 hoc
1991 2140 2222 2204 apparet
2247 2134 2371 2204 plus
2395 2151 2483 2187 me
2504 2148 2624 2188 esse
2645 2135 2966 2190 ministrum
2987 2137 3195 2191 Christi
3216 2154 3388 2209 quam

142 2223 234 2278 sive
259 2225 309 2278 in
334 2223 689 2295 praesentiam
722 2222 878 2282 caedi,
914 2238 1023 2275 non
1054 2221 1273 2292 pugnis,
1297 2225 1459 2289 quasi
1490 2238 1582 2274 nos
1613 2224 1704 2275 in-
1785 2223 1932 2289 illos,
1959 2222 2238 2293 quialicet
2262 2223 2342 2276 illi
2366 2224 2461 2292 qui
2484 2240 2543 2277 se
2578 2223 2716 2277 mihi
2748 2224 3053 2294 praeferunt
3080 2241 3305 2298 semper
3328 2228 3388 2282 in

141 2315 269 2379 ﬁrmi
293 2315 569 2379 fuerimus
598 2314 659 2365 in
690 2312 791 2365 hac
819 2315 995 2379 parte,
1029 2310 1295 2364 subaudis
1341 2310 1583 2380 generis,
1627 2309 1706 2363 sic
1789 2312 1977 2382 aliquo
2005 2312 2403 2374 laboraverint,
2439 2317 2629 2365 tamen
2652 2313 2775 2383 plus
2821 2330 2925 2384 ego
2953 2314 3217 2379 laboravi,
3260 2317 3392 2387 quia

140 2402 407 2473 praeferunt
434 2418 492 2455 se
514 2400 680 2456 nobis
710 2400 810 2463 illi,
851 2406 907 2453 et
936 2400 1013 2453 sic
1042 2416 1142 2471 pro
1174 2399 1345 2452 nihilo
1376 2399 1638 2453 ducimur
1675 2416 1706 2453 a
1790 2400 2050 2470 plurimis
2085 2399 2367 2454 laboribus
2398 2401 2486 2455 die
2524 2408 2805 2472 noctuque
2835 2401 3103 2458 deservio.
3138 2405 3394 2460 Tradunt

142 2490 281 2544 vobis.
314 2491 390 2544 De
419 2508 477 2545 se
508 2490 748 2561 loquens
775 2488 1077 2559 Apostolus
1102 2493 1156 2541 et
1185 2486 1270 2541 sui
1296 2503 1485 2551 causa,
1510 2486 1707 2541 subin-
1790 2489 1966 2542 sancti
1998 2490 2273 2552 doctores,
2306 2489 2453 2559 quod
2473 2490 2774 2560 Apostolus
2795 2507 2829 2543 a
2861 2506 3022 2545 mane
3049 2492 3189 2546 vela
3216 2492 3392 2563 pullo-

143 2578 353 2633 troducit
379 2596 680 2651 personam
706 2577 977 2631 Barnabas
995 2576 1128 2630 socii
1152 2576 1256 2630 sui.
1291 2575 1387 2646 qui
1421 2593 1485 2629 ex
1510 2577 1704 2629 eodem
1788 2594 1913 2631 rum
1936 2583 2104 2631 cantu
2134 2594 2312 2648 usque
2330 2577 2398 2630 ad
2431 2577 2683 2647 quintam
2708 2578 2902 2631 horam
2927 2578 3388 2636 laborimanuum

138 2686 312 2738 genere
339 2669 574 2723 Judaico
607 2673 744 2721 erat.
774 2668 860 2722 Ita
916 2683 1048 2736 ergo
1103 2664 1474 2736 praeferebant
1501 2681 1561 2718 se
1587 2664 1708 2718 falsi
1789 2665 2100 2732 insistebat,
2124 2665 2271 2719 unde
2292 2665 2499 2719 victum
2526 2666 2859 2736 acquireret,
2902 2672 2959 2720 et
2985 2668 3184 2722 exinde
3210 2685 3389 2740 usque

144 2757 343 2828 apostoli
365 2775 425 2812 ex
446 2757 660 2811 Judzeis
681 2755 930 2827 apostolo
954 2754 1125 2808 Paulo
1152 2760 1208 2807 et
1229 2752 1522 2819 Barnabze,
1547 2753 1707 2823 quasi
1790 2758 1860 2813 ad
1888 2755 2162 2809 decimam
2182 2755 2379 2808 horam
2408 2753 2625 2825 publice
2657 2755 2980 2825 disputabat
3008 2776 3019 2808 :
3056 2758 3389 2829 plerumque

141 2846 195 2899 de
218 2846 457 2901 nobiliori
486 2862 699 2919 genere
725 2844 829 2898 orti
861 2850 1047 2898 essent
1076 2860 1242 2913 quam
1265 2842 1367 2911 illi,
1388 2849 1445 2896 et
1467 2841 1619 2912 quasi
1638 2841 1706 2894 dc
1793 2852 1981 2901 tamen
2004 2844 2427 2898 etinnocentem
2441 2844 2810 2915 protendebat
2822 2848 3386 2917 sermonem(Act.xx)

142 2932 319 3006 diSpari
346 2952 555 3006 genere
587 2934 704 2988 nati
728 2939 913 2988 essent
944 2933 1025 2989 illi
1055 2933 1185 2996 duo,
1218 2932 1299 2984 ita
1330 2930 1710 3001 despiciebant
1734 2994 1763 3006 Α
1792 2935 1936 2990 sicut
1967 2939 2097 2988 tunc
2126 2932 2257 2986 fecit
2281 2931 2504 3002 quando
2536 2931 2817 3003 Eutychus
2861 2950 3057 2988 somno
3096 2941 3383 3006 gravatus,

140 2994 230 3078 eos:
250 2994 376 3078 Inde
385 3025 522 3079 dicit
540 3022 869 3094 Apostolus:
900 3022 1069 3087 Quasi
1090 3038 1185 3075 nos
1218 3023 1438 3088 inﬁrmi
1464 3024 1519 3073 et
1549 2994 1767 3089 igno-C
1791 3023 1988 3078 cecidit
2010 3021 2078 3075 de
2091 3019 2295 3074 solario
2330 3035 2431 3090 per
2452 3020 2770 3082 fenestram,
2794 3023 2855 3075 in
2875 3025 3186 3077 carceribus
3205 3025 3388 3078 abun-

142 3110 252 3165 biles
277 3113 445 3166 simus
506 3111 865 3183 ignobilitate
917 3110 1161 3179 generis,
1196 3109 1275 3163 sic
1313 3126 1373 3162 se
1403 3108 1709 3179 praeferunt

138 3200 304 3255 nobis:
337 3208 391 3255 et
418 3202 499 3256 ita
525 3201 702 3255 etiam
734 3216 767 3253 a
809 3200 962 3253 vobis
994 3199 1367 3269 prieferuntur
1393 3197 1573 3259 nobis,
1612 3196 1711 3251 sed

139 3305 301 3343 revera
326 3291 403 3344 illi
428 3295 571 3345 sunt
596 3290 781 3360 potius
808 3288 1016 3341 infirmi
1048 3289 1103 3340 in
1136 3288 1239 3340 hac
1291 3292 1451 3357 parte
1486 3285 1710 3356 generis

140 3392 225 3448 qua
238 3396 290 3433 se
305 3378 626 3449 gloriantur
652 3396 662 3431 :
690 3378 818 3449 quia
839 3377 907 3430 di.
929 3383 1086 3430 entes
1102 3376 1245 3429 filios
1260 3393 1318 3429 se
1331 3392 1452 3429 esse
1474 3374 1709 3429 Abrahae

139 3469 406 3521 secundum
434 3485 691 3533 carnem,
714 3484 824 3521 non
855 3472 985 3520 sunt
1010 3465 1282 3520 veraciter
1317 3464 1415 3517 filii
1444 3462 1705 3528 Abrahae,

140 3569 222 3625 per
236 3556 391 3610 fidem
422 3563 479 3613 et
510 3555 919 3628 Operationem,
937 3554 1200 3627 quoniam
1228 3570 1338 3607 non
1368 3559 1499 3607 sunt
1520 3552 1708 3607 imita-

140 3646 263 3697 tores
280 3646 412 3715 ejus.
437 3646 558 3700 Nos
581 3650 771 3699 autem
802 3660 998 3698 sumus
1040 3643 1187 3697 firmi
1218 3648 1274 3697 et
1302 3641 1536 3708 nobiles,
1578 3641 1710 3713 quia

142 3731 405 3788 existentes
433 3735 535 3788 ﬁlii
560 3733 799 3788 Abrahae
830 3733 1138 3786 secundum
1168 3748 1626 3791 carnem,sumus
1653 3739 1710 3784 et

140 3836 221 3890 per
237 3822 604 3877 imitationem
639 3822 767 3875 fidei
785 3828 842 3875 et
860 3820 1217 3892 operationis.
1242 3822 1311 3874 Et
1340 3821 1442 3873 iste
1462 3820 1709 3873 versicu-

140 3907 209 3962 lus
234 3928 325 3981 per
352 3930 410 3965 se
429 3917 519 3966 est
541 3911 908 3983 proferendus
939 3918 994 3963 ei
1023 3909 1466 3979 distinguendus.
1490 3911 1555 3963 In
1577 3925 1702 3977 quo,

138 3998 371 4054 subaudis
401 4001 656 4072 negotio,
687 4002 809 4068 quis
830 4000 1012 4064 audet,
1045 3998 1310 4052 subaudis
1339 3997 1606 4067 gloriari;
1650 3999 1709 4050 in

142 4087 426 4155 insipientia
457 4093 602 4153 dico,
636 4089 809 4141 audeo
830 4094 879 4141 ct
913 4105 1003 4154 ego
1029 4087 1295 4157 gloriari:
1330 4102 1394 4140 ac
1428 4084 1473 4139 si
1500 4085 1711 4139 diceret

139 4174 239 4229 aliis
258 4177 461 4231 verbis:
498 4177 733 4232 Audent
760 4176 839 4230 illi
868 4175 1095 4246 gloriari
1127 4176 1183 4229 in
1228 4174 1520 4229 nobilitate
1543 4190 1710 4245 gene-

140 4262 221 4333 ris,
243 4265 361 4320 licet
388 4266 729 4320 insidienter
748 4265 948 4330 dicam,
972 4265 1151 4319 audeo
1182 4271 1238 4318 et
1271 4281 1372 4335 ego
1390 4264 1622 4334 gloriari
1641 4263 1710 4317 de

138 4352 393 4410 nobilitate
412 4355 665 4428 generis.
691 4354 820 4409 Ideo
839 4360 1025 4408 autem
1041 4354 1210 4419 ait,ln
1231 4356 1549 4421 insipientia
1569 4354 1709 4419 dico,

142 4443 248 4511 quia
263 4446 490 4500 stultum
520 4446 766 4511 videtur,
784 4449 1054 4515 quantum
1078 4443 1147 4496 ad
1173 4442 1427 4496 homines
1448 4442 1709 4513 pertinet,

142 4536 193 4584 ut
207 4531 255 4587 in
272 4534 595 4606 insipientia
614 4534 815 4604 aliquis
831 4532 1166 4603 sibimetipsi
1186 4531 1568 4586 testimonium
1586 4533 1711 4586 lau-

146 4618 212 4673 dis
228 4639 287 4676 ex
305 4625 491 4695 aliquo
510 4623 1131 4696 perhibeat.Apostolus
1146 4627 1334 4676 tamen
1354 4638 1466 4676 non
1488 4627 1609 4676 erat
1632 4622 1715 4675 in-

144 4706 337 4780 sipiens,
359 4713 494 4784 quia
515 4729 631 4767 non
654 4717 851 4783 sponte
874 4713 977 4766 hoc
996 4712 1215 4783 agebat,
1236 4712 1331 4765 sed
1348 4716 1572 4765 coactus
1590 4735 1600 4769 :
1621 4729 1713 4767 ne-

146 4812 231 4865 que
255 4816 347 4870 pro
372 4801 546 4855 laude
578 4802 844 4867 humana,
877 4801 973 4855 sed
997 4807 1059 4855 ut
1086 4799 1404 4855 Corinthios
1421 4814 1523 4853 sua
1550 4800 1713 4855 laude

146 4884 201 4939 ad
223 4903 461 4945 amorem
495 4908 667 4945 suum
698 4891 1010 4945 retraheret
1046 4888 1115 4944 ab
1145 4906 1335 4944 amore
1365 4889 1715 4961 pseudoapo-

142 4975 403 5043 stolarum,
437 4980 525 5033 vel
552 4979 615 5032 in
646 4979 967 5050 insipientia
1002 4978 1139 5032 dicit
1166 4995 1225 5033 se
1254 4978 1462 5032 audere
1482 4977 1715 5048 gloriari

143 5060 198 5115 de
215 5064 494 5122 nobilitate
544 5066 791 5138 generis,
826 5073 889 5121 ut
930 5066 1153 5121 illorum
1204 5067 1444 5137 gloriam
1489 5071 1717 5121 evacuet

145 5151 223 5220 qui
253 5171 307 5207 se
329 5156 627 5225 iactabant
647 5155 795 5227 quod
826 5155 926 5209 filii
971 5161 1159 5209 essent
1185 5155 1444 5225 Abrahae,
1479 5156 1611 5227 quia
1640 5155 1722 5209 in-

144 5238 383 5311 sipienter
412 5244 680 5316 agebant.
733 5244 1153 5316 Imprudentem
1202 5244 1370 5299 etiam
1391 5261 1449 5298 se
1470 5261 1719 5316 pronun-

143 5328 248 5396 tiat,
276 5337 330 5386 et
353 5333 687 5405 insipienter
713 5350 881 5403 agere
911 5333 968 5387 in
998 5333 1101 5387 hoc
1130 5333 1275 5404 quod
1302 5349 1361 5388 se
1396 5333 1611 5402 laudat,
1652 5350 1721 5388 ne

145 5414 215 5472 illi
238 5421 536 5492 prudentes
591 5422 918 5478 viderentur
946 5423 1004 5477 in
1051 5423 1157 5477 hac
1202 5428 1362 5495 parte
1394 5439 1459 5478 ac
1487 5422 1721 5493 nobiles,

147 5507 227 5580 qui
246 5526 302 5566 se
328 5512 673 5569 extollebant
699 5513 768 5569 de
796 5511 1086 5570 nobilitate
1112 5512 1356 5585 generis.

1790 3115 2038 3176 dantiuv,
2064 3108 2330 3163 subaudis
2352 3108 2468 3161 suis
2497 3109 2748 3163 inclusus
2766 3125 2934 3179 quam
2949 3111 3049 3177 illi,
3070 3116 3126 3166 et
3147 3118 3235 3167 est
3258 3129 3390 3167 sen-

1792 3217 1887 3256 sus
1910 3220 1921 3253 :
1950 3199 2017 3252 Et
2035 3198 2081 3251 si
2112 3197 2190 3250 illi
2213 3197 2444 3250 fuerunt
2488 3196 2545 3250 in
2570 3213 2791 3251 carcere
2816 3215 2953 3269 quos
2981 3217 3073 3253 vos
3102 3200 3386 3270 extollitis,

1792 3307 1824 3344 ο
1852 3286 2149 3351 Corinthii,
2175 3301 2276 3354 ego
2299 3283 2424 3353 plus
2447 3301 2613 3355 quam
2653 3285 2755 3339 illi.
2790 3287 2855 3339 In
2874 3290 3057 3355 plagis
3080 3304 3252 3358 supra
3276 3305 3394 3345 mo-

1790 3382 1945 3445 dum,
1972 3378 2238 3431 subaudis
2262 3376 2504 3431 afllictus
2527 3393 2669 3429 sum.
2693 3377 2850 3449 Szepe
2874 3380 3131 3448 plagatus
3153 3385 3392 3455 estApo-

1792 3467 1968 3522 stolus
1989 3482 2022 3520 a
2051 3465 2256 3519 Judaeis
2274 3469 2330 3518 et
2355 3463 2634 3534 gentibus,
2662 3470 2718 3518 et
2748 3482 2893 3537 saepe
2914 3468 3083 3538 virgis
3104 3485 3300 3537 caesus,
3332 3478 3390 3541 et
3458 3504 3471 3515 -

1792 3557 1837 3610 si
1862 3553 2182 3624 illi,inquit,
2207 3552 2580 3624 plagatisunt,
2606 3569 2708 3623 ego
2747 3555 2986 3625 amplius
3022 3557 3267 3621 Quaestio
3303 3565 3390 3614 est

1792 3646 1847 3699 in
1869 3645 1974 3698 hoc
2004 3644 2124 3696 loco
2156 3653 2167 3688 ε
2205 3644 2345 3696 Cum
2395 3642 2695 3712 Apostolus
2749 3642 2884 3696 alibi
2934 3644 3127 3700 dicat:
3189 3648 3389 3702 Fidelis

1796 3736 1930 3788 Deus
1957 3736 2056 3801 qui
2078 3747 2187 3785 non
2216 3733 2461 3798 patietur
2491 3748 2578 3785 ros
2610 3734 2816 3786 tentari
2834 3749 2999 3801 super
3045 3737 3105 3789 id
3131 3738 3273 3803 quod
3286 3752 3389 3806 pc-

1794 3826 1957 3883 testis,
1981 3824 2071 3874 sed
2086 3822 2247 3887 faciet
2272 3836 2393 3873 cum
2431 3824 2725 3874 tentalione
2751 3824 2915 3875 etiam
2950 3830 3299 3891 proventum,
3328 3834 3388 3881 ut

1785 3914 2005 3981 possitis
2030 3911 2303 3963 sustinere
2338 3910 2391 3977 (Ῑ
2414 3910 2532 3962 Cor.
2560 3911 2637 3977 Χ),
2678 3926 2850 3979 quaee
2897 3912 2985 3965 hic
3039 3912 3189 3967 dicat
3216 3931 3388 3986 supra

1792 3999 2018 4053 modum
2051 3998 2105 4051 in
2135 3996 2313 4068 plagis
2340 4012 2460 4049 esse
2507 3996 2821 4050 afﬂictum?
2848 4016 2970 4071 qua:
2998 4001 3079 4054 ita
3105 4003 3347 4058 solvitur
3370 4024 3382 4061 :

1795 4088 1924 4158 quia
1956 4087 2133 4140 multa
2156 4084 2427 4139 sustinuit
2454 4085 2571 4155 ipse
2587 4101 2758 4156 supra
2786 4088 3017 4141 modum
3050 4090 3382 4158 humanum,

1792 4182 1848 4231 et
1863 4191 2035 4245 supra
2052 4174 2312 4228 virtutem
2341 4174 2596 4228 humanae
2613 4173 2951 4244 fragilitatis,
2977 4179 3071 4231 sed
3094 4196 3203 4234 non
3218 4198 3389 4254 supra

1793 4265 2053 4320 virtutem
2086 4262 2351 4327 divinam,
2416 4262 2651 4333 ideoque
2682 4265 2866 4333 potuit
2913 4282 2979 4321 ea
3008 4269 3285 4325 sustinere
3333 4278 3391 4326 et

1796 4371 2079 4427 superare,
2098 4353 2227 4424 quia
2267 4352 2442 4405 virtus
2470 4352 2873 4425 omnipotentis
2907 4354 3005 4410 Dei
3035 4358 3395 4414 administra-

1792 4444 1891 4499 bat
1911 4444 1962 4498 ei
1982 4441 2367 4497 fortitudinem
2397 4442 2717 4497 sufferendi.
2749 4445 2810 4497 In
2832 4447 3101 4499 mortibus
3138 4448 3394 4519 frequen-

1798 4541 1898 4600 ter,
1923 4533 2190 4588 subaudis
2210 4531 2290 4586 fui
2313 4532 2553 4603 positus.
2574 4534 2639 4587 Et
2659 4533 2702 4587 si
2725 4551 2870 4604 saepe
2890 4534 2995 4588 fuit
3015 4536 3072 4589 in
3095 4537 3387 4602 mortibus,

1796 4624 2076 4695 quomodo
2105 4621 2362 4676 vivebat?
2395 4624 2455 4675 1η
2488 4623 2757 4674 mortibus
2788 4622 2943 4685 dixit,
2978 4639 3078 4693 pro
3127 4640 3193 4677 eo
3241 4626 3388 4695 quod

1796 4719 1881 4767 est
1910 4713 1963 4765 in
1993 4710 2253 4782 periculis
2278 4710 2475 4763 mortis
2508 4716 2560 4763 et
2588 4709 2646 4762 in
2677 4710 3063 4779 desperatione
3088 4710 3230 4765 vita).
3338 4722 3341 4727 '

1866 4803 1903 4854 A
1919 4800 2121 4854 Juda'is
2144 4800 2456 4868 quinquies,
2484 4799 2889 4864 quadragenas,
2915 4798 3183 4853 subaudis
3200 4800 3392 4871 plagas

1798 4905 1913 4943 una
1946 4892 2135 4942 minus
2154 4890 2351 4956 accepi.
2387 4888 2730 4955 Praeceptum
2777 4891 2901 4939 erat
2948 4885 3006 4940 in
3054 4888 3398 4946 Deuterono—

1798 4977 1931 5041 mio,
1947 4982 2011 5031 ut
2030 4993 2197 5048 quem
2220 4975 2636 5044 delinquentem
2655 4972 2874 5041 judices
2888 4974 3275 5045 verberabant,
3318 4981 3398 5036 ita

1799 5067 2027 5122 modum
2048 5065 2299 5119 vindictae
2320 5067 2792 5132 tcmpcrarent,ut
2813 5063 3103 5133 plagarum
3128 5084 3399 5125 numerus

1804 5152 2314 5227 quadragenarium
2364 5166 2663 5205 numerum
2695 5151 2925 5206 minimc
2952 5157 3395 5225 transcenderet,

1802 5261 1873 5299 ne
1900 5245 2043 5298 {inde
2073 5258 2259 5295 coram
2291 5240 2371 5294 eis
2401 5239 2575 5293 frater
2598 5256 2792 5294 eorum
2838 5241 3116 5298 laceratus
3162 5247 3397 5315 jacerct.

1805 5332 1963 5397 Quod
1987 5347 2087 5401 ego
2104 5347 2203 5401 per
2219 5328 2467 5400 quinque
2489 5328 2634 5383 vices
2662 5328 2869 5384 factum
2896 5337 3001 5397 est,
3035 5333 3124 5388 hic
3148 5351 3399 5390 summa-

1803 5425 1907 5480 tim
1936 5419 2119 5492 tangit
2146 5418 2480 5491 Apostolus:
2514 5418 2658 5475 Nam
2689 5420 2986 5493 quinquies
3014 5424 3327 5494 flagellatus
3363 5442 3400 5479 ει

1808 5509 2034 5580 Iudaeis,
2067 5509 2282 5581 accepit
2311 5510 2505 5583 plagas
2535 5511 2769 5582 triginta
2797 5528 2992 5568 novem
3010 5510 3407 5567 secundumle-
