  <div class='ocr_page' id='page_1' title='image "/cluster/home/n/w/nwhite01/storage/ocr_20150623/117/hvd.32044054759816/333.png"; bbox 0 0 3966 6156; ppageno 0'>
   <div class='ocr_carea' id='block_1_1' title="bbox 568 295 3739 372">
    <p class='ocr_par' dir='ltr' id='par_1_1' title="bbox 568 295 3739 372">
     <span class='ocr_line' id='line_1_1' title="bbox 568 295 3739 372; baseline 0.003 -9"><span class='ocrx_word' id='word_1_1' title='bbox 568 301 678 365; x_wconf 84' lang='grc'>655</span> <span class='ocrx_word' id='word_1_2' title='bbox 782 366 789 369; x_wconf 92' lang='lat'>_</span> <span class='ocrx_word' id='word_1_3' title='bbox 978 299 1357 359; x_wconf 87' lang='lat' dir='ltr'>HAYMONIS</span> <span class='ocrx_word' id='word_1_4' title='bbox 1395 297 1882 356; x_wconf 82' lang='lat' dir='ltr'>HALBERSTAT.</span> <span class='ocrx_word' id='word_1_5' title='bbox 1925 295 2149 355; x_wconf 87' lang='lat' dir='ltr'>EPISC.</span> <span class='ocrx_word' id='word_1_6' title='bbox 2192 295 2351 354; x_wconf 91' lang='lat' dir='ltr'>OPP.</span> <span class='ocrx_word' id='word_1_7' title='bbox 2393 299 2576 357; x_wconf 86' lang='lat' dir='ltr'>PARS</span> <span class='ocrx_word' id='word_1_8' title='bbox 2615 301 2660 357; x_wconf 94' lang='grc' dir='ltr'><strong>Ῑ.</strong></span> <span class='ocrx_word' id='word_1_9' title='bbox 2704 332 2769 343; x_wconf 95' lang='grc'><strong><em>-</em></strong></span> <span class='ocrx_word' id='word_1_10' title='bbox 2807 301 3177 362; x_wconf 85' lang='lat' dir='ltr'>COMMENT.</span> <span class='ocrx_word' id='word_1_11' title='bbox 3219 305 3388 366; x_wconf 89' lang='lat' dir='ltr'><strong>BIBL.</strong></span> <span class='ocrx_word' id='word_1_12' title='bbox 3662 313 3739 372; x_wconf 78' lang='lat'>656</span> 
     </span>
    </p>
   </div>
   <div class='ocr_carea' id='block_1_2' title="bbox 562 422 3771 501">
    <p class='ocr_par' dir='ltr' id='par_1_2' title="bbox 562 422 3771 501">
     <span class='ocr_line' id='line_1_2' title="bbox 562 422 3771 501; baseline 0.001 -15"><span class='ocrx_word' id='word_1_13' title='bbox 562 445 696 501; x_wconf 88' lang='lat' dir='ltr'>gem</span> <span class='ocrx_word' id='word_1_14' title='bbox 713 426 917 501; x_wconf 83' lang='lat' dir='ltr'>Moysi,</span> <span class='ocrx_word' id='word_1_15' title='bbox 947 425 1109 499; x_wconf 89' lang='lat' dir='ltr'>quasi</span> <span class='ocrx_word' id='word_1_16' title='bbox 1129 429 1512 496; x_wconf 87' lang='lat' dir='ltr'>transgressor</span> <span class='ocrx_word' id='word_1_17' title='bbox 1554 423 1809 494; x_wconf 88' lang='lat' dir='ltr'>ejusdem</span> <span class='ocrx_word' id='word_1_18' title='bbox 1853 422 1993 495; x_wconf 85' lang='lat' dir='ltr'>legis</span> <span class='ocrx_word' id='word_1_19' title='bbox 2022 422 2152 491; x_wconf 81' lang='lat' dir='ltr'>(Act.</span> <span class='ocrx_word' id='word_1_20' title='bbox 2183 422 2498 496; x_wconf 87' lang='lat' dir='ltr'>Avestigiis</span> <span class='ocrx_word' id='word_1_21' title='bbox 2523 425 2769 493; x_wconf 79' lang='lat' dir='ltr'>incessit,</span> <span class='ocrx_word' id='word_1_22' title='bbox 2798 428 2897 482; x_wconf 92' lang='lat' dir='ltr'>sed</span> <span class='ocrx_word' id='word_1_23' title='bbox 2930 434 3058 500; x_wconf 89' lang='lat' dir='ltr'>post</span> <span class='ocrx_word' id='word_1_24' title='bbox 3085 430 3307 486; x_wconf 89' lang='lat' dir='ltr'>modum</span> <span class='ocrx_word' id='word_1_25' title='bbox 3336 434 3565 492; x_wconf 89' lang='lat' dir='ltr'>dubitans</span> <span class='ocrx_word' id='word_1_26' title='bbox 3592 440 3771 499; x_wconf 25' lang='lat' dir='ltr'>cecidit,</span> 
     </span>
    </p>
   </div>
   <div class='ocr_carea' id='block_1_3' title="bbox 568 511 3745 593">
    <p class='ocr_par' dir='ltr' id='par_1_3' title="bbox 568 511 3745 593">
     <span class='ocr_line' id='line_1_3' title="bbox 568 511 3745 593; baseline 0.003 -18"><span class='ocrx_word' id='word_1_27' title='bbox 568 521 702 584; x_wconf 74' lang='lat' dir='ltr'>xw).</span> <span class='ocrx_word' id='word_1_28' title='bbox 716 517 907 573; x_wconf 85' lang='lat' dir='ltr'>Refert</span> <span class='ocrx_word' id='word_1_29' title='bbox 927 520 1118 572; x_wconf 89' lang='lat' dir='ltr'>autem</span> <span class='ocrx_word' id='word_1_30' title='bbox 1134 513 1334 570; x_wconf 87' lang='lat' dir='ltr'>beatus</span> <span class='ocrx_word' id='word_1_31' title='bbox 1354 512 1507 567; x_wconf 89' lang='lat' dir='ltr'>Beda</span> <span class='ocrx_word' id='word_1_32' title='bbox 1525 511 1730 567; x_wconf 92' lang='lat' dir='ltr'>librum</span> <span class='ocrx_word' id='word_1_33' title='bbox 1761 513 2013 568; x_wconf 89' lang='lat' dir='ltr'>delatum</span> <span class='ocrx_word' id='word_1_34' title='bbox 2043 528 2164 567; x_wconf 90' lang='lat' dir='ltr'>esse</span> <span class='ocrx_word' id='word_1_35' title='bbox 2248 512 2398 568; x_wconf 89' lang='lat' dir='ltr'>inter</span> <span class='ocrx_word' id='word_1_36' title='bbox 2410 515 2614 570; x_wconf 86' lang='lat' dir='ltr'>ﬂuctus</span> <span class='ocrx_word' id='word_1_37' title='bbox 2633 534 2645 570; x_wconf 89' lang='lat'><strong>:</strong></span> <span class='ocrx_word' id='word_1_38' title='bbox 2669 516 2859 588; x_wconf 87' lang='lat' dir='ltr'>sicque</span> <span class='ocrx_word' id='word_1_39' title='bbox 2872 524 3111 589; x_wconf 88' lang='lat' dir='ltr'>posteaa</span> <span class='ocrx_word' id='word_1_40' title='bbox 3136 520 3362 577; x_wconf 90' lang='lat' dir='ltr'>Domino</span> <span class='ocrx_word' id='word_1_41' title='bbox 3379 523 3610 593; x_wconf 75' lang='lat' dir='ltr'>elevatus,</span> <span class='ocrx_word' id='word_1_42' title='bbox 3635 531 3745 584; x_wconf 70' lang='lat' dir='ltr'>eiad</span> 
     </span>
    </p>
   </div>
   <div class='ocr_carea' id='block_1_4' title="bbox 570 602 3745 685">
    <p class='ocr_par' dir='ltr' id='par_1_4' title="bbox 570 602 3745 685">
     <span class='ocr_line' id='line_1_4' title="bbox 570 602 3745 685; baseline 0.002 -21"><span class='ocrx_word' id='word_1_43' title='bbox 570 624 606 663; x_wconf 87' lang='lat' dir='ltr'>a</span> <span class='ocrx_word' id='word_1_44' title='bbox 630 607 810 664; x_wconf 88' lang='lat' dir='ltr'>Roma</span> <span class='ocrx_word' id='word_1_45' title='bbox 838 623 940 679; x_wconf 91' lang='lat' dir='ltr'>per</span> <span class='ocrx_word' id='word_1_46' title='bbox 966 604 1303 660; x_wconf 87' lang='lat' dir='ltr'>Chidonium</span> <span class='ocrx_word' id='word_1_47' title='bbox 1334 602 1692 657; x_wconf 84' lang='lat' dir='ltr'>orientalium</span> <span class='ocrx_word' id='word_1_48' title='bbox 1711 603 2042 673; x_wconf 80' lang='lat' dir='ltr'>angelorum</span> <span class='ocrx_word' id='word_1_49' title='bbox 2068 618 2166 655; x_wconf 90' lang='lat' dir='ltr'>an-</span> <span class='ocrx_word' id='word_1_50' title='bbox 2245 606 2457 657; x_wconf 91' lang='lat' dir='ltr'>terram</span> <span class='ocrx_word' id='word_1_51' title='bbox 2481 610 2567 659; x_wconf 89' lang='lat' dir='ltr'>est</span> <span class='ocrx_word' id='word_1_52' title='bbox 2594 606 2917 676; x_wconf 90' lang='lat' dir='ltr'>perductus,</span> <span class='ocrx_word' id='word_1_53' title='bbox 2933 607 3209 678; x_wconf 90' lang='lat' dir='ltr'>signiﬁcat</span> <span class='ocrx_word' id='word_1_54' title='bbox 3236 612 3561 684; x_wconf 84' lang='lat' dir='ltr'>semetipsum</span> <span class='ocrx_word' id='word_1_55' title='bbox 3574 616 3650 685; x_wconf 86' lang='lat' dir='ltr'>qui</span> <span class='ocrx_word' id='word_1_56' title='bbox 3673 617 3745 671; x_wconf 85' lang='lat' dir='ltr'>du-</span> 
     </span>
    </p>
   </div>
   <div class='ocr_carea' id='block_1_5' title="bbox 566 688 3747 767">
    <p class='ocr_par' dir='ltr' id='par_1_5' title="bbox 566 688 3747 767">
     <span class='ocr_line' id='line_1_5' title="bbox 566 688 3747 767; baseline 0.001 -13"><span class='ocrx_word' id='word_1_57' title='bbox 566 697 802 753; x_wconf 85' lang='lat' dir='ltr'>tistitem</span> <span class='ocrx_word' id='word_1_58' title='bbox 829 697 889 751; x_wconf 92' lang='lat' dir='ltr'>in</span> <span class='ocrx_word' id='word_1_59' title='bbox 920 712 1030 767; x_wconf 92' lang='lat' dir='ltr'>quo</span> <span class='ocrx_word' id='word_1_60' title='bbox 1050 699 1213 750; x_wconf 89' lang='lat' dir='ltr'>erant</span> <span class='ocrx_word' id='word_1_61' title='bbox 1238 708 1433 747; x_wconf 89' lang='lat' dir='ltr'>omnes</span> <span class='ocrx_word' id='word_1_62' title='bbox 1486 691 1725 759; x_wconf 84' lang='lat' dir='ltr'>labores,</span> <span class='ocrx_word' id='word_1_63' title='bbox 1752 691 2061 763; x_wconf 85' lang='lat' dir='ltr'>passiones,</span> <span class='ocrx_word' id='word_1_64' title='bbox 2107 696 2164 745; x_wconf 90' lang='lat' dir='ltr'>et</span> <span class='ocrx_word' id='word_1_65' title='bbox 2244 688 2444 744; x_wconf 88' lang='lat' dir='ltr'>bitavit</span> <span class='ocrx_word' id='word_1_66' title='bbox 2463 693 2687 762; x_wconf 87' lang='lat' dir='ltr'>quando</span> <span class='ocrx_word' id='word_1_67' title='bbox 2718 694 2959 764; x_wconf 83' lang='lat' dir='ltr'>negavit,</span> <span class='ocrx_word' id='word_1_68' title='bbox 2992 696 3091 749; x_wconf 88' lang='lat' dir='ltr'>sed</span> <span class='ocrx_word' id='word_1_69' title='bbox 3122 712 3156 749; x_wconf 91' lang='lat' dir='ltr'>a</span> <span class='ocrx_word' id='word_1_70' title='bbox 3182 696 3408 753; x_wconf 89' lang='lat' dir='ltr'>Domino</span> <span class='ocrx_word' id='word_1_71' title='bbox 3431 701 3664 756; x_wconf 83' lang='lat' dir='ltr'>revelatus</span> <span class='ocrx_word' id='word_1_72' title='bbox 3684 708 3747 757; x_wconf 85' lang='lat' dir='ltr'>est</span> 
     </span>
    </p>
   </div>
   <div class='ocr_carea' id='block_1_6' title="bbox 563 778 3746 862">
    <p class='ocr_par' dir='ltr' id='par_1_6' title="bbox 563 778 3746 862">
     <span class='ocr_line' id='line_1_6' title="bbox 563 778 3746 862; baseline -0 -19"><span class='ocrx_word' id='word_1_73' title='bbox 563 803 742 860; x_wconf 66' lang='lat' dir='ltr'>poenae</span> <span class='ocrx_word' id='word_1_74' title='bbox 763 785 1018 858; x_wconf 83' lang='lat' dir='ltr'>Apostoli</span> <span class='ocrx_word' id='word_1_75' title='bbox 1044 783 1277 854; x_wconf 73' lang='lat' dir='ltr'>depictaa</span> <span class='ocrx_word' id='word_1_76' title='bbox 1323 798 1423 853; x_wconf 89' lang='lat' dir='ltr'>per</span> <span class='ocrx_word' id='word_1_77' title='bbox 1473 781 1596 835; x_wconf 92' lang='lat' dir='ltr'>loca</span> <span class='ocrx_word' id='word_1_78' title='bbox 1639 786 1974 852; x_wconf 89' lang='lat' dir='ltr'>opportuna,</span> <span class='ocrx_word' id='word_1_79' title='bbox 2014 781 2163 835; x_wconf 85' lang='lat' dir='ltr'>inter</span> <span class='ocrx_word' id='word_1_80' title='bbox 2244 778 2311 831; x_wconf 90' lang='lat' dir='ltr'>ad</span> <span class='ocrx_word' id='word_1_81' title='bbox 2342 779 2533 843; x_wconf 85' lang='lat' dir='ltr'>fidem,</span> <span class='ocrx_word' id='word_1_82' title='bbox 2568 785 2625 835; x_wconf 89' lang='lat' dir='ltr'>et</span> <span class='ocrx_word' id='word_1_83' title='bbox 2669 782 2949 852; x_wconf 89' lang='lat' dir='ltr'>signiﬁcat</span> <span class='ocrx_word' id='word_1_84' title='bbox 2998 800 3193 839; x_wconf 90' lang='lat' dir='ltr'>omnes</span> <span class='ocrx_word' id='word_1_85' title='bbox 3232 792 3486 858; x_wconf 79' lang='lat' dir='ltr'>martyres</span> <span class='ocrx_word' id='word_1_86' title='bbox 3507 806 3746 862; x_wconf 86' lang='lat' dir='ltr'>omnesque</span> 
     </span>
    </p>
   </div>
   <div class='ocr_carea' id='block_1_7' title="bbox 559 869 3748 951">
    <p class='ocr_par' dir='ltr' id='par_1_7' title="bbox 559 869 3748 951">
     <span class='ocr_line' id='line_1_7' title="bbox 559 869 3748 951; baseline 0.001 -19"><span class='ocrx_word' id='word_1_87' title='bbox 559 893 684 948; x_wconf 65' lang='lat' dir='ltr'>quae</span> <span class='ocrx_word' id='word_1_88' title='bbox 704 874 894 931; x_wconf 90' lang='lat' dir='ltr'>omnia</span> <span class='ocrx_word' id='word_1_89' title='bbox 913 879 1036 929; x_wconf 88' lang='lat' dir='ltr'>erat</span> <span class='ocrx_word' id='word_1_90' title='bbox 1059 873 1312 944; x_wconf 89' lang='lat' dir='ltr'>depictus</span> <span class='ocrx_word' id='word_1_91' title='bbox 1341 871 1639 941; x_wconf 85' lang='lat' dir='ltr'>Apostolus</span> <span class='ocrx_word' id='word_1_92' title='bbox 1656 870 1817 942; x_wconf 90' lang='lat' dir='ltr'>quasi</span> <span class='ocrx_word' id='word_1_93' title='bbox 1846 870 2161 924; x_wconf 81' lang='lat' dir='ltr'>denudatus</span> <span class='ocrx_word' id='word_1_94' title='bbox 2238 869 2436 939; x_wconf 87' lang='lat' dir='ltr'>justos,</span> <span class='ocrx_word' id='word_1_95' title='bbox 2472 871 2567 940; x_wconf 88' lang='lat' dir='ltr'>qui</span> <span class='ocrx_word' id='word_1_96' title='bbox 2597 871 2653 924; x_wconf 90' lang='lat' dir='ltr'>in</span> <span class='ocrx_word' id='word_1_97' title='bbox 2674 871 2982 941; x_wconf 87' lang='lat' dir='ltr'>primordio</span> <span class='ocrx_word' id='word_1_98' title='bbox 3006 873 3136 927; x_wconf 89' lang='lat' dir='ltr'>ﬁdei</span> <span class='ocrx_word' id='word_1_99' title='bbox 3157 874 3370 929; x_wconf 86' lang='lat' dir='ltr'>fortiter</span> <span class='ocrx_word' id='word_1_100' title='bbox 3407 876 3652 947; x_wconf 82' lang='lat' dir='ltr'>incedunt,</span> <span class='ocrx_word' id='word_1_101' title='bbox 3674 898 3748 951; x_wconf 85' lang='lat' dir='ltr'>pro</span> 
     </span>
    </p>
   </div>
   <div class='ocr_carea' id='block_1_8' title="bbox 552 956 3750 1038">
    <p class='ocr_par' dir='ltr' id='par_1_8' title="bbox 552 956 3750 1038">
     <span class='ocr_line' id='line_1_8' title="bbox 552 956 3750 1038; baseline -0 -17"><span class='ocrx_word' id='word_1_102' title='bbox 552 967 767 1037; x_wconf 86' lang='lat' dir='ltr'>jaceret</span> <span class='ocrx_word' id='word_1_103' title='bbox 791 964 851 1019; x_wconf 90' lang='lat' dir='ltr'>in</span> <span class='ocrx_word' id='word_1_104' title='bbox 875 969 1051 1033; x_wconf 86' lang='lat' dir='ltr'>terra,</span> <span class='ocrx_word' id='word_1_105' title='bbox 1081 967 1137 1017; x_wconf 90' lang='lat' dir='ltr'>et</span> <span class='ocrx_word' id='word_1_106' title='bbox 1161 977 1333 1033; x_wconf 84' lang='lat' dir='ltr'>super</span> <span class='ocrx_word' id='word_1_107' title='bbox 1358 960 1579 1013; x_wconf 89' lang='lat' dir='ltr'>astabat</span> <span class='ocrx_word' id='word_1_108' title='bbox 1601 959 1652 1013; x_wconf 91' lang='lat' dir='ltr'>ei</span> <span class='ocrx_word' id='word_1_109' title='bbox 1680 964 1861 1014; x_wconf 90' lang='lat' dir='ltr'>tortor</span> <span class='ocrx_word' id='word_1_110' title='bbox 1890 958 2160 1030; x_wconf 86' lang='lat' dir='ltr'>quadriﬁ-</span> <span class='ocrx_word' id='word_1_111' title='bbox 2242 956 2416 1011; x_wconf 82' lang='lat' dir='ltr'>nihilo</span> <span class='ocrx_word' id='word_1_112' title='bbox 2437 958 2770 1030; x_wconf 85' lang='lat' dir='ltr'>deputantes</span> <span class='ocrx_word' id='word_1_113' title='bbox 2787 959 3052 1014; x_wconf 71' lang='lat' dir='ltr'>szevitiam</span> <span class='ocrx_word' id='word_1_114' title='bbox 3066 970 3488 1032; x_wconf 88' lang='lat' dir='ltr'>persecutorum;</span> <span class='ocrx_word' id='word_1_115' title='bbox 3508 968 3589 1020; x_wconf 85' lang='lat' dir='ltr'>sed</span> <span class='ocrx_word' id='word_1_116' title='bbox 3603 974 3750 1038; x_wconf 84' lang='lat' dir='ltr'>postea</span> 
     </span>
    </p>
   </div>
   <div class='ocr_carea' id='block_1_9' title="bbox 476 1043 3749 1124">
    <p class='ocr_par' dir='ltr' id='par_1_9' title="bbox 476 1043 3749 1124">
     <span class='ocr_line' id='line_1_9' title="bbox 476 1043 3749 1124; baseline -0.001 -12"><span class='ocrx_word' id='word_1_117' title='bbox 476 1064 481 1068; x_wconf 86' lang='grc'><em>’</em></span> <span class='ocrx_word' id='word_1_118' title='bbox 554 1056 689 1111; x_wconf 89' lang='lat' dir='ltr'>dum</span> <span class='ocrx_word' id='word_1_119' title='bbox 718 1052 931 1109; x_wconf 88' lang='lat' dir='ltr'>habens</span> <span class='ocrx_word' id='word_1_120' title='bbox 950 1052 1236 1123; x_wconf 87' lang='lat' dir='ltr'>ﬂagellum</span> <span class='ocrx_word' id='word_1_121' title='bbox 1254 1050 1313 1104; x_wconf 87' lang='lat' dir='ltr'>in</span> <span class='ocrx_word' id='word_1_122' title='bbox 1332 1065 1523 1116; x_wconf 88' lang='lat' dir='ltr'>manu,</span> <span class='ocrx_word' id='word_1_123' title='bbox 1557 1049 1655 1103; x_wconf 90' lang='lat' dir='ltr'>sed</span> <span class='ocrx_word' id='word_1_124' title='bbox 1678 1066 1848 1103; x_wconf 90' lang='lat' dir='ltr'>unam</span> <span class='ocrx_word' id='word_1_125' title='bbox 1907 1066 1936 1104; x_wconf 92' lang='lat' dir='ltr'>e</span> <span class='ocrx_word' id='word_1_126' title='bbox 1957 1049 2158 1104; x_wconf 90' lang='lat' dir='ltr'>ﬁdibus</span> <span class='ocrx_word' id='word_1_127' title='bbox 2239 1043 2537 1115; x_wconf 79' lang='lat' dir='ltr'>ingruente</span> <span class='ocrx_word' id='word_1_128' title='bbox 2556 1052 2890 1119; x_wconf 87' lang='lat' dir='ltr'>tempestate</span> <span class='ocrx_word' id='word_1_129' title='bbox 2916 1049 3246 1119; x_wconf 86' lang='lat' dir='ltr'>gravissima</span> <span class='ocrx_word' id='word_1_130' title='bbox 3273 1055 3648 1124; x_wconf 81' lang='lat' dir='ltr'>persecutionis,</span> <span class='ocrx_word' id='word_1_131' title='bbox 3672 1057 3749 1111; x_wconf 86' lang='lat' dir='ltr'>du-</span> 
     </span>
    </p>
   </div>
   <div class='ocr_carea' id='block_1_10' title="bbox 560 1130 3751 1213">
    <p class='ocr_par' dir='ltr' id='par_1_10' title="bbox 560 1130 3751 1213">
     <span class='ocr_line' id='line_1_10' title="bbox 560 1130 3751 1213; baseline -0.001 -12"><span class='ocrx_word' id='word_1_132' title='bbox 560 1146 621 1200; x_wconf 90' lang='lat' dir='ltr'>in</span> <span class='ocrx_word' id='word_1_133' title='bbox 650 1160 825 1200; x_wconf 89' lang='lat' dir='ltr'>manu</span> <span class='ocrx_word' id='word_1_134' title='bbox 852 1159 954 1199; x_wconf 89' lang='lat' dir='ltr'>sua</span> <span class='ocrx_word' id='word_1_135' title='bbox 982 1145 1283 1205; x_wconf 87' lang='lat' dir='ltr'>retentam,</span> <span class='ocrx_word' id='word_1_136' title='bbox 1313 1143 1429 1193; x_wconf 88' lang='lat' dir='ltr'>tres</span> <span class='ocrx_word' id='word_1_137' title='bbox 1454 1138 1701 1209; x_wconf 89' lang='lat' dir='ltr'>reliquas</span> <span class='ocrx_word' id='word_1_138' title='bbox 1730 1138 1801 1193; x_wconf 90' lang='lat' dir='ltr'>ad</span> <span class='ocrx_word' id='word_1_139' title='bbox 1838 1138 2154 1193; x_wconf 89' lang='lat' dir='ltr'>feriendum</span> <span class='ocrx_word' id='word_1_140' title='bbox 2235 1130 2420 1188; x_wconf 88' lang='lat' dir='ltr'>bitant</span> <span class='ocrx_word' id='word_1_141' title='bbox 2438 1134 2495 1188; x_wconf 91' lang='lat' dir='ltr'>in</span> <span class='ocrx_word' id='word_1_142' title='bbox 2524 1134 2712 1206; x_wconf 88' lang='lat' dir='ltr'>aliquo</span> <span class='ocrx_word' id='word_1_143' title='bbox 2739 1155 2752 1203; x_wconf 90' lang='lat'><strong>;</strong></span> <span class='ocrx_word' id='word_1_144' title='bbox 2783 1137 2879 1191; x_wconf 92' lang='lat' dir='ltr'>sed</span> <span class='ocrx_word' id='word_1_145' title='bbox 2909 1138 3136 1192; x_wconf 86' lang='lat' dir='ltr'>Domini</span> <span class='ocrx_word' id='word_1_146' title='bbox 3162 1141 3344 1210; x_wconf 84' lang='lat' dir='ltr'>gratia</span> <span class='ocrx_word' id='word_1_147' title='bbox 3377 1144 3585 1213; x_wconf 88' lang='lat' dir='ltr'>protecti</span> <span class='ocrx_word' id='word_1_148' title='bbox 3608 1143 3751 1199; x_wconf 87' lang='lat' dir='ltr'>suble-</span> 
     </span>
    </p>
   </div>
   <div class='ocr_carea' id='block_1_11' title="bbox 555 1226 3750 1301">
    <p class='ocr_par' dir='ltr' id='par_1_11' title="bbox 555 1226 3750 1301">
     <span class='ocr_line' id='line_1_11' title="bbox 555 1226 3750 1301; baseline -0 -12"><span class='ocrx_word' id='word_1_149' title='bbox 555 1234 800 1289; x_wconf 88' lang='lat' dir='ltr'>habebat</span> <span class='ocrx_word' id='word_1_150' title='bbox 822 1235 1096 1287; x_wconf 86' lang='lat' dir='ltr'>extentas.</span> <span class='ocrx_word' id='word_1_151' title='bbox 1116 1228 1175 1284; x_wconf 91' lang='lat' dir='ltr'>Si</span> <span class='ocrx_word' id='word_1_152' title='bbox 1191 1227 1339 1282; x_wconf 91' lang='lat' dir='ltr'>enim</span> <span class='ocrx_word' id='word_1_153' title='bbox 1357 1226 1648 1297; x_wconf 89' lang='lat' dir='ltr'>quaternis</span> <span class='ocrx_word' id='word_1_154' title='bbox 1667 1226 1869 1281; x_wconf 89' lang='lat' dir='ltr'>ﬁdibus</span> <span class='ocrx_word' id='word_1_155' title='bbox 1890 1233 2152 1299; x_wconf 86' lang='lat' dir='ltr'>percute-</span> <span class='ocrx_word' id='word_1_156' title='bbox 2233 1227 2452 1289; x_wconf 85' lang='lat' dir='ltr'>vantur,</span> <span class='ocrx_word' id='word_1_157' title='bbox 2485 1240 2554 1278; x_wconf 91' lang='lat' dir='ltr'>ne</span> <span class='ocrx_word' id='word_1_158' title='bbox 2586 1226 2811 1297; x_wconf 84' lang='lat' dir='ltr'>penitus</span> <span class='ocrx_word' id='word_1_159' title='bbox 2842 1226 3048 1281; x_wconf 88' lang='lat' dir='ltr'>cadant</span> <span class='ocrx_word' id='word_1_160' title='bbox 3080 1227 3137 1281; x_wconf 90' lang='lat' dir='ltr'>in</span> <span class='ocrx_word' id='word_1_161' title='bbox 3166 1229 3580 1301; x_wconf 88' lang='lat' dir='ltr'>desperationem</span> <span class='ocrx_word' id='word_1_162' title='bbox 3598 1241 3644 1287; x_wconf 90' lang='lat' dir='ltr'>et</span> <span class='ocrx_word' id='word_1_163' title='bbox 3664 1234 3750 1288; x_wconf 80' lang='lat' dir='ltr'>via.</span> 
     </span>
    </p>
   </div>
   <div class='ocr_carea' id='block_1_12' title="bbox 550 1313 3751 1393">
    <p class='ocr_par' dir='ltr' id='par_1_12' title="bbox 550 1313 3751 1393">
     <span class='ocr_line' id='line_1_12' title="bbox 550 1313 3751 1393; baseline -0.001 -15"><span class='ocrx_word' id='word_1_164' title='bbox 550 1328 641 1378; x_wconf 91' lang='lat' dir='ltr'>ret</span> <span class='ocrx_word' id='word_1_165' title='bbox 655 1322 859 1388; x_wconf 89' lang='lat' dir='ltr'>decies,</span> <span class='ocrx_word' id='word_1_166' title='bbox 883 1316 1257 1391; x_wconf 86' lang='lat' dir='ltr'>quadraginta</span> <span class='ocrx_word' id='word_1_167' title='bbox 1269 1316 1462 1387; x_wconf 86' lang='lat' dir='ltr'>plagas</span> <span class='ocrx_word' id='word_1_168' title='bbox 1478 1316 1705 1370; x_wconf 87' lang='lat' dir='ltr'>faceret.</span> <span class='ocrx_word' id='word_1_169' title='bbox 1731 1316 1789 1371; x_wconf 90' lang='lat' dir='ltr'>Si</span> <span class='ocrx_word' id='word_1_170' title='bbox 1815 1331 1948 1371; x_wconf 86' lang='lat' dir='ltr'>vero</span> <span class='ocrx_word' id='word_1_171' title='bbox 1967 1318 2144 1372; x_wconf 90' lang='lat' dir='ltr'>unde-</span> <span class='ocrx_word' id='word_1_172' title='bbox 2227 1317 2427 1365; x_wconf 85' lang='lat' dir='ltr'>cantur</span> <span class='ocrx_word' id='word_1_173' title='bbox 2456 1329 2489 1366; x_wconf 87' lang='lat' dir='ltr'>a</span> <span class='ocrx_word' id='word_1_174' title='bbox 2521 1313 2780 1384; x_wconf 85' lang='lat' dir='ltr'>procellis</span> <span class='ocrx_word' id='word_1_175' title='bbox 2810 1319 2979 1386; x_wconf 89' lang='lat' dir='ltr'>atque</span> <span class='ocrx_word' id='word_1_176' title='bbox 3000 1315 3071 1369; x_wconf 89' lang='lat' dir='ltr'>ad</span> <span class='ocrx_word' id='word_1_177' title='bbox 3114 1321 3323 1372; x_wconf 85' lang='lat' dir='ltr'>terram</span> <span class='ocrx_word' id='word_1_178' title='bbox 3369 1320 3636 1376; x_wconf 90' lang='lat' dir='ltr'>electorum</span> <span class='ocrx_word' id='word_1_179' title='bbox 3659 1339 3751 1393; x_wconf 84' lang='lat' dir='ltr'>per-</span> 
     </span>
    </p>
   </div>
   <div class='ocr_carea' id='block_1_13' title="bbox 551 1399 2527 1481">
    <p class='ocr_par' dir='ltr' id='par_1_13' title="bbox 551 1399 2527 1481">
     <span class='ocr_line' id='line_1_13' title="bbox 551 1399 2527 1481; baseline -0.006 -14"><span class='ocrx_word' id='word_1_180' title='bbox 551 1413 665 1467; x_wconf 91' lang='lat' dir='ltr'>cies</span> <span class='ocrx_word' id='word_1_181' title='bbox 682 1410 897 1476; x_wconf 88' lang='lat' dir='ltr'>feriret,</span> <span class='ocrx_word' id='word_1_182' title='bbox 916 1405 1289 1481; x_wconf 87' lang='lat' dir='ltr'>quadraginta</span> <span class='ocrx_word' id='word_1_183' title='bbox 1308 1409 1550 1476; x_wconf 88' lang='lat' dir='ltr'>quatuor</span> <span class='ocrx_word' id='word_1_184' title='bbox 1567 1404 1710 1459; x_wconf 91' lang='lat' dir='ltr'>ictus</span> <span class='ocrx_word' id='word_1_185' title='bbox 1741 1404 2017 1476; x_wconf 86' lang='lat' dir='ltr'>impleret.</span> <span class='ocrx_word' id='word_1_186' title='bbox 2044 1406 2144 1460; x_wconf 87' lang='lat' dir='ltr'>Vel</span> <span class='ocrx_word' id='word_1_187' title='bbox 2227 1399 2527 1457; x_wconf 88' lang='lat' dir='ltr'>ducuntur.</span> 
     </span>
    </p>
   </div>
   <div class='ocr_carea' id='block_1_14' title="bbox 552 1493 2145 1567">
    <p class='ocr_par' dir='ltr' id='par_1_14' title="bbox 552 1493 2145 1567">
     <span class='ocr_line' id='line_1_14' title="bbox 552 1493 2145 1567; baseline -0.005 -10"><span class='ocrx_word' id='word_1_188' title='bbox 552 1501 603 1557; x_wconf 87' lang='lat' dir='ltr'>ai</span> <span class='ocrx_word' id='word_1_189' title='bbox 630 1499 828 1556; x_wconf 84' lang='lat' dir='ltr'>nonies</span> <span class='ocrx_word' id='word_1_190' title='bbox 864 1497 1060 1555; x_wconf 85' lang='lat' dir='ltr'>feriret</span> <span class='ocrx_word' id='word_1_191' title='bbox 1108 1494 1394 1567; x_wconf 88' lang='lat' dir='ltr'>quaternis</span> <span class='ocrx_word' id='word_1_192' title='bbox 1444 1493 1664 1557; x_wconf 88' lang='lat' dir='ltr'>ﬁdibus,</span> <span class='ocrx_word' id='word_1_193' title='bbox 1699 1498 1757 1549; x_wconf 90' lang='lat' dir='ltr'>et</span> <span class='ocrx_word' id='word_1_194' title='bbox 1785 1494 1999 1550; x_wconf 86' lang='lat' dir='ltr'>decima</span> <span class='ocrx_word' id='word_1_195' title='bbox 2026 1494 2145 1549; x_wconf 85' lang='lat' dir='ltr'>vice</span> 
     </span>
    </p>
   </div>
   <div class='ocr_carea' id='block_1_15' title="bbox 545 1580 3748 1657">
    <p class='ocr_par' dir='ltr' id='par_1_15' title="bbox 545 1580 3748 1657">
     <span class='ocr_line' id='line_1_15' title="bbox 545 1580 3748 1657; baseline -0.005 -9"><span class='ocrx_word' id='word_1_196' title='bbox 545 1590 743 1657; x_wconf 86' lang='lat' dir='ltr'>ternis,</span> <span class='ocrx_word' id='word_1_197' title='bbox 766 1604 883 1645; x_wconf 90' lang='lat' dir='ltr'>una</span> <span class='ocrx_word' id='word_1_198' title='bbox 910 1588 1098 1641; x_wconf 90' lang='lat' dir='ltr'>minus</span> <span class='ocrx_word' id='word_1_199' title='bbox 1123 1583 1495 1656; x_wconf 85' lang='lat' dir='ltr'>quadraginta</span> <span class='ocrx_word' id='word_1_200' title='bbox 1520 1583 1713 1653; x_wconf 88' lang='lat' dir='ltr'>plagas</span> <span class='ocrx_word' id='word_1_201' title='bbox 1741 1583 1919 1638; x_wconf 90' lang='lat' dir='ltr'>daret.</span> <span class='ocrx_word' id='word_1_202' title='bbox 2298 1580 2365 1633; x_wconf 85' lang='lat' dir='ltr'>In</span> <span class='ocrx_word' id='word_1_203' title='bbox 2395 1581 2691 1635; x_wconf 74' lang='lat' dir='ltr'>itineribus</span> <span class='ocrx_word' id='word_1_204' title='bbox 2717 1598 2867 1651; x_wconf 65' lang='lat' dir='ltr'>saepe,</span> <span class='ocrx_word' id='word_1_205' title='bbox 2910 1586 3173 1653; x_wconf 76' lang='lat' dir='ltr'>periculis</span> <span class='ocrx_word' id='word_1_206' title='bbox 3197 1590 3506 1657; x_wconf 80' lang='lat' dir='ltr'>ﬂuminum,</span> <span class='ocrx_word' id='word_1_207' title='bbox 3535 1587 3748 1643; x_wconf 71' lang='lat' dir='ltr'>subaudis</span> 
     </span>
    </p>
   </div>
   <div class='ocr_carea' id='block_1_16' title="bbox 629 1664 3748 1746">
    <p class='ocr_par' dir='ltr' id='par_1_16' title="bbox 629 1664 3748 1746">
     <span class='ocr_line' id='line_1_16' title="bbox 629 1664 3748 1746; baseline 0 -14"><span class='ocrx_word' id='word_1_208' title='bbox 629 1683 728 1737; x_wconf 84' lang='lat' dir='ltr'>Ter</span> <span class='ocrx_word' id='word_1_209' title='bbox 746 1681 918 1746; x_wconf 80' lang='lat' dir='ltr'>virgis</span> <span class='ocrx_word' id='word_1_210' title='bbox 959 1692 1123 1731; x_wconf 60' lang='lat' dir='ltr'>casus</span> <span class='ocrx_word' id='word_1_211' title='bbox 1156 1690 1310 1728; x_wconf 88' lang='lat' dir='ltr'>sum:</span> <span class='ocrx_word' id='word_1_212' title='bbox 1332 1673 1439 1728; x_wconf 90' lang='lat' dir='ltr'>hoc</span> <span class='ocrx_word' id='word_1_213' title='bbox 1460 1688 1494 1725; x_wconf 92' lang='lat' dir='ltr'>a</span> <span class='ocrx_word' id='word_1_214' title='bbox 1519 1672 1783 1743; x_wconf 89' lang='lat' dir='ltr'>gentibus</span> <span class='ocrx_word' id='word_1_215' title='bbox 1810 1689 2010 1745; x_wconf 86' lang='lat' dir='ltr'>passus</span> <span class='ocrx_word' id='word_1_216' title='bbox 2037 1678 2141 1728; x_wconf 83' lang='lat' dir='ltr'>est.</span> <span class='ocrx_word' id='word_1_217' title='bbox 2164 1738 2205 1746; x_wconf 85' lang='lat'>_</span> <span class='ocrx_word' id='word_1_218' title='bbox 2227 1664 2323 1720; x_wconf 91' lang='lat' dir='ltr'>fui.</span> <span class='ocrx_word' id='word_1_219' title='bbox 2346 1665 2561 1723; x_wconf 90' lang='lat' dir='ltr'>Iterum</span> <span class='ocrx_word' id='word_1_220' title='bbox 2582 1671 2857 1725; x_wconf 87' lang='lat' dir='ltr'>convertit</span> <span class='ocrx_word' id='word_1_221' title='bbox 2875 1688 2934 1726; x_wconf 88' lang='lat' dir='ltr'>se</span> <span class='ocrx_word' id='word_1_222' title='bbox 2945 1673 3016 1726; x_wconf 91' lang='lat' dir='ltr'>ad</span> <span class='ocrx_word' id='word_1_223' title='bbox 3037 1674 3149 1728; x_wconf 89' lang='lat' dir='ltr'>alia</span> <span class='ocrx_word' id='word_1_224' title='bbox 3172 1675 3416 1746; x_wconf 88' lang='lat' dir='ltr'>pericula</span> <span class='ocrx_word' id='word_1_225' title='bbox 3431 1677 3748 1741; x_wconf 84' lang='lat' dir='ltr'>memoranda,</span> 
     </span>
    </p>
   </div>
   <div class='ocr_carea' id='block_1_17' title="bbox 546 1738 3751 1834">
    <p class='ocr_par' dir='ltr' id='par_1_17' title="bbox 546 1738 3751 1834">
     <span class='ocr_line' id='line_1_17' title="bbox 546 1738 3751 1834; baseline 0.002 -22"><span class='ocrx_word' id='word_1_226' title='bbox 546 1770 657 1828; x_wconf 76' lang='grc' dir='ltr'>Ηίο</span> <span class='ocrx_word' id='word_1_227' title='bbox 685 1773 873 1825; x_wconf 70' lang='lat' dir='ltr'>autem</span> <span class='ocrx_word' id='word_1_228' title='bbox 902 1766 962 1820; x_wconf 80' lang='lat' dir='ltr'>in</span> <span class='ocrx_word' id='word_1_229' title='bbox 985 1762 1607 1834; x_wconf 77' lang='lat' dir='ltr'>Actibusapostolorum</span> <span class='ocrx_word' id='word_1_230' title='bbox 1637 1779 1749 1816; x_wconf 83' lang='lat' dir='ltr'>non</span> <span class='ocrx_word' id='word_1_231' title='bbox 1779 1763 1965 1818; x_wconf 81' lang='lat' dir='ltr'>omnia</span> <span class='ocrx_word' id='word_1_232' title='bbox 1989 1780 2144 1834; x_wconf 68' lang='lat' dir='ltr'>repe-</span> <span class='ocrx_word' id='word_1_233' title='bbox 2164 1738 2414 1810; x_wconf 86' lang='lat' dir='ltr'>Bvolens</span> <span class='ocrx_word' id='word_1_234' title='bbox 2442 1774 2501 1811; x_wconf 89' lang='lat' dir='ltr'>se</span> <span class='ocrx_word' id='word_1_235' title='bbox 2550 1759 2846 1814; x_wconf 89' lang='lat' dir='ltr'>ostendere</span> <span class='ocrx_word' id='word_1_236' title='bbox 2897 1767 3189 1817; x_wconf 86' lang='lat' dir='ltr'>vexantem</span> <span class='ocrx_word' id='word_1_237' title='bbox 3241 1766 3533 1820; x_wconf 88' lang='lat' dir='ltr'>secundum</span> <span class='ocrx_word' id='word_1_238' title='bbox 3573 1781 3751 1820; x_wconf 87' lang='lat' dir='ltr'>carnem</span> 
     </span>
    </p>
   </div>
   <div class='ocr_carea' id='block_1_18' title="bbox 549 1844 3753 1926">
    <p class='ocr_par' dir='ltr' id='par_1_18' title="bbox 549 1844 3753 1926">
     <span class='ocr_line' id='line_1_18' title="bbox 549 1844 3753 1926; baseline -0.001 -13"><span class='ocrx_word' id='word_1_239' title='bbox 549 1858 811 1913; x_wconf 87' lang='lat' dir='ltr'>riuntur:</span> <span class='ocrx_word' id='word_1_240' title='bbox 837 1852 1104 1926; x_wconf 88' lang='lat' dir='ltr'>quoniam</span> <span class='ocrx_word' id='word_1_241' title='bbox 1130 1866 1235 1905; x_wconf 86' lang='lat' dir='ltr'>nec</span> <span class='ocrx_word' id='word_1_242' title='bbox 1262 1850 1321 1904; x_wconf 92' lang='lat' dir='ltr'>in</span> <span class='ocrx_word' id='word_1_243' title='bbox 1349 1848 1429 1904; x_wconf 88' lang='lat' dir='ltr'>eis</span> <span class='ocrx_word' id='word_1_244' title='bbox 1452 1848 1714 1920; x_wconf 91' lang='lat' dir='ltr'>Epistolis</span> <span class='ocrx_word' id='word_1_245' title='bbox 1744 1850 1935 1903; x_wconf 89' lang='lat' dir='ltr'>omnia</span> <span class='ocrx_word' id='word_1_246' title='bbox 1969 1849 2144 1904; x_wconf 84' lang='lat' dir='ltr'>conti-</span> <span class='ocrx_word' id='word_1_247' title='bbox 2224 1861 2325 1915; x_wconf 78' lang='lat' dir='ltr'>pro</span> <span class='ocrx_word' id='word_1_248' title='bbox 2347 1844 2570 1900; x_wconf 78' lang='lat' dir='ltr'>Christo</span> <span class='ocrx_word' id='word_1_249' title='bbox 2588 1846 2647 1901; x_wconf 87' lang='lat' dir='ltr'>in</span> <span class='ocrx_word' id='word_1_250' title='bbox 2668 1852 2822 1901; x_wconf 81' lang='lat' dir='ltr'>terra</span> <span class='ocrx_word' id='word_1_251' title='bbox 2842 1853 2899 1903; x_wconf 85' lang='lat' dir='ltr'>et</span> <span class='ocrx_word' id='word_1_252' title='bbox 2915 1849 3080 1917; x_wconf 82' lang='lat' dir='ltr'>mari,</span> <span class='ocrx_word' id='word_1_253' title='bbox 3111 1857 3167 1906; x_wconf 90' lang='lat' dir='ltr'>et</span> <span class='ocrx_word' id='word_1_254' title='bbox 3189 1854 3362 1908; x_wconf 90' lang='lat' dir='ltr'>multo</span> <span class='ocrx_word' id='word_1_255' title='bbox 3386 1855 3538 1925; x_wconf 86' lang='lat' dir='ltr'>plura</span> <span class='ocrx_word' id='word_1_256' title='bbox 3556 1872 3607 1909; x_wconf 90' lang='lat' dir='ltr'>se</span> <span class='ocrx_word' id='word_1_257' title='bbox 3627 1855 3753 1909; x_wconf 88' lang='lat' dir='ltr'>susti-</span> 
     </span>
    </p>
   </div>
   <div class='ocr_carea' id='block_1_19' title="bbox 546 1932 3752 2016">
    <p class='ocr_par' dir='ltr' id='par_1_19' title="bbox 546 1932 3752 2016">
     <span class='ocr_line' id='line_1_19' title="bbox 546 1932 3752 2016; baseline -0.003 -12"><span class='ocrx_word' id='word_1_258' title='bbox 546 1951 773 2009; x_wconf 88' lang='lat' dir='ltr'>nentur,</span> <span class='ocrx_word' id='word_1_259' title='bbox 789 1960 913 2016; x_wconf 84' lang='lat' dir='ltr'>quae</span> <span class='ocrx_word' id='word_1_260' title='bbox 933 1941 993 1997; x_wconf 92' lang='lat' dir='ltr'>in</span> <span class='ocrx_word' id='word_1_261' title='bbox 1013 1940 1209 1996; x_wconf 90' lang='lat' dir='ltr'>eadem</span> <span class='ocrx_word' id='word_1_262' title='bbox 1236 1935 1473 1992; x_wconf 86' lang='lat' dir='ltr'>historia</span> <span class='ocrx_word' id='word_1_263' title='bbox 1491 1935 1789 1992; x_wconf 88' lang='lat' dir='ltr'>habentur.</span> <span class='ocrx_word' id='word_1_264' title='bbox 1820 1938 2141 1993; x_wconf 85' lang='lat' dir='ltr'>Invenimus</span> <span class='ocrx_word' id='word_1_265' title='bbox 2222 1932 2433 2000; x_wconf 91' lang='lat' dir='ltr'>nuisse,</span> <span class='ocrx_word' id='word_1_266' title='bbox 2467 1950 2636 2006; x_wconf 90' lang='lat' dir='ltr'>quam</span> <span class='ocrx_word' id='word_1_267' title='bbox 2664 1937 3181 2010; x_wconf 90' lang='lat' dir='ltr'>pseudoapostolos.</span> <span class='ocrx_word' id='word_1_268' title='bbox 3209 1943 3403 1998; x_wconf 92' lang='lat' dir='ltr'>Solent</span> <span class='ocrx_word' id='word_1_269' title='bbox 3421 1948 3643 2015; x_wconf 86' lang='lat' dir='ltr'>tempore</span> <span class='ocrx_word' id='word_1_270' title='bbox 3666 1943 3752 1997; x_wconf 86' lang='lat' dir='ltr'>hie-</span> 
     </span>
    </p>
   </div>
   <div class='ocr_carea' id='block_1_20' title="bbox 544 2022 3751 2104">
    <p class='ocr_par' dir='ltr' id='par_1_20' title="bbox 544 2022 3751 2104">
     <span class='ocr_line' id='line_1_20' title="bbox 544 2022 3751 2104; baseline -0.002 -10"><span class='ocrx_word' id='word_1_271' title='bbox 544 2043 740 2095; x_wconf 89' lang='lat' dir='ltr'>tamen</span> <span class='ocrx_word' id='word_1_272' title='bbox 759 2033 858 2104; x_wconf 90' lang='lat' dir='ltr'>ibi,</span> <span class='ocrx_word' id='word_1_273' title='bbox 886 2032 1017 2104; x_wconf 90' lang='lat' dir='ltr'>quia</span> <span class='ocrx_word' id='word_1_274' title='bbox 1036 2046 1165 2085; x_wconf 89' lang='lat' dir='ltr'>cum</span> <span class='ocrx_word' id='word_1_275' title='bbox 1193 2027 1437 2081; x_wconf 84' lang='lat' dir='ltr'>venisset</span> <span class='ocrx_word' id='word_1_276' title='bbox 1465 2025 1524 2079; x_wconf 87' lang='lat' dir='ltr'>in</span> <span class='ocrx_word' id='word_1_277' title='bbox 1542 2030 1734 2096; x_wconf 89' lang='lat' dir='ltr'>partes</span> <span class='ocrx_word' id='word_1_278' title='bbox 1778 2026 2135 2092; x_wconf 88' lang='lat' dir='ltr'>Macedoniae,</span> <span class='ocrx_word' id='word_1_279' title='bbox 2223 2022 2329 2076; x_wconf 90' lang='lat' dir='ltr'>mis</span> <span class='ocrx_word' id='word_1_280' title='bbox 2352 2027 2408 2077; x_wconf 92' lang='lat' dir='ltr'>et</span> <span class='ocrx_word' id='word_1_281' title='bbox 2436 2023 2752 2095; x_wconf 88' lang='lat' dir='ltr'>pluviarum</span> <span class='ocrx_word' id='word_1_282' title='bbox 2781 2029 3101 2098; x_wconf 84' lang='lat' dir='ltr'>transgredi</span> <span class='ocrx_word' id='word_1_283' title='bbox 3131 2030 3365 2087; x_wconf 86' lang='lat' dir='ltr'>ﬁumina</span> <span class='ocrx_word' id='word_1_284' title='bbox 3385 2033 3557 2087; x_wconf 88' lang='lat' dir='ltr'>alveos</span> <span class='ocrx_word' id='word_1_285' title='bbox 3576 2036 3751 2098; x_wconf 77' lang='lat' dir='ltr'>suos,et</span> 
     </span>
    </p>
   </div>
   <div class='ocr_carea' id='block_1_21' title="bbox 548 2110 3751 2192">
    <p class='ocr_par' dir='ltr' id='par_1_21' title="bbox 548 2110 3751 2192">
     <span class='ocr_line' id='line_1_21' title="bbox 548 2110 3751 2192; baseline -0.003 -10"><span class='ocrx_word' id='word_1_286' title='bbox 548 2130 607 2182; x_wconf 88' lang='lat' dir='ltr'>et</span> <span class='ocrx_word' id='word_1_287' title='bbox 629 2127 781 2181; x_wconf 89' lang='lat' dir='ltr'>esset</span> <span class='ocrx_word' id='word_1_288' title='bbox 804 2122 865 2177; x_wconf 90' lang='lat' dir='ltr'>in</span> <span class='ocrx_word' id='word_1_289' title='bbox 886 2119 1112 2175; x_wconf 84' lang='lat' dir='ltr'>civitate</span> <span class='ocrx_word' id='word_1_290' title='bbox 1152 2114 1400 2181; x_wconf 90' lang='lat' dir='ltr'>Colonia,</span> <span class='ocrx_word' id='word_1_291' title='bbox 1427 2114 1617 2183; x_wconf 90' lang='lat' dir='ltr'>jussus</span> <span class='ocrx_word' id='word_1_292' title='bbox 1642 2118 1728 2168; x_wconf 90' lang='lat' dir='ltr'>est</span> <span class='ocrx_word' id='word_1_293' title='bbox 1753 2114 1925 2184; x_wconf 86' lang='lat' dir='ltr'>virgis</span> <span class='ocrx_word' id='word_1_294' title='bbox 1953 2115 2089 2168; x_wconf 67' lang='lat' dir='ltr'>cmdi</span> <span class='ocrx_word' id='word_1_295' title='bbox 2121 2134 2133 2170; x_wconf 87' lang='lat'><strong>:</strong></span> <span class='ocrx_word' id='word_1_296' title='bbox 2220 2110 2457 2166; x_wconf 89' lang='lat' dir='ltr'>nimium</span> <span class='ocrx_word' id='word_1_297' title='bbox 2487 2111 2840 2168; x_wconf 89' lang='lat' dir='ltr'>intelorabile</span> <span class='ocrx_word' id='word_1_298' title='bbox 2867 2116 3115 2187; x_wconf 78' lang='lat' dir='ltr'>praebere</span> <span class='ocrx_word' id='word_1_299' title='bbox 3162 2118 3273 2174; x_wconf 90' lang='lat' dir='ltr'>iter</span> <span class='ocrx_word' id='word_1_300' title='bbox 3328 2121 3618 2176; x_wconf 87' lang='lat' dir='ltr'>viantibus:</span> <span class='ocrx_word' id='word_1_301' title='bbox 3653 2120 3751 2192; x_wconf 87' lang='lat' dir='ltr'>quia</span> 
     </span>
    </p>
   </div>
   <div class='ocr_carea' id='block_1_22' title="bbox 544 2199 3752 2280">
    <p class='ocr_par' dir='ltr' id='par_1_22' title="bbox 544 2199 3752 2280">
     <span class='ocr_line' id='line_1_22' title="bbox 544 2199 3752 2280; baseline -0.002 -10"><span class='ocrx_word' id='word_1_302' title='bbox 544 2219 603 2270; x_wconf 91' lang='lat' dir='ltr'>et</span> <span class='ocrx_word' id='word_1_303' title='bbox 624 2212 737 2268; x_wconf 89' lang='lat' dir='ltr'>alia</span> <span class='ocrx_word' id='word_1_304' title='bbox 763 2210 879 2264; x_wconf 88' lang='lat' dir='ltr'>vice</span> <span class='ocrx_word' id='word_1_305' title='bbox 895 2208 1068 2280; x_wconf 88' lang='lat' dir='ltr'>jussit</span> <span class='ocrx_word' id='word_1_306' title='bbox 1094 2205 1356 2260; x_wconf 89' lang='lat' dir='ltr'>tribunus</span> <span class='ocrx_word' id='word_1_307' title='bbox 1386 2218 1516 2257; x_wconf 92' lang='lat' dir='ltr'>eum</span> <span class='ocrx_word' id='word_1_308' title='bbox 1539 2201 1833 2273; x_wconf 87' lang='lat' dir='ltr'>gentilium</span> <span class='ocrx_word' id='word_1_309' title='bbox 1859 2202 2137 2258; x_wconf 89' lang='lat' dir='ltr'>introduci</span> <span class='ocrx_word' id='word_1_310' title='bbox 2219 2216 2352 2271; x_wconf 86' lang='lat' dir='ltr'>ergo</span> <span class='ocrx_word' id='word_1_311' title='bbox 2373 2199 2677 2272; x_wconf 90' lang='lat' dir='ltr'>Apostolus</span> <span class='ocrx_word' id='word_1_312' title='bbox 2703 2202 2931 2258; x_wconf 88' lang='lat' dir='ltr'>hiemali</span> <span class='ocrx_word' id='word_1_313' title='bbox 2942 2211 3195 2277; x_wconf 89' lang='lat' dir='ltr'>tempore</span> <span class='ocrx_word' id='word_1_314' title='bbox 3225 2209 3422 2264; x_wconf 92' lang='lat' dir='ltr'>solitus</span> <span class='ocrx_word' id='word_1_315' title='bbox 3437 2215 3547 2263; x_wconf 89' lang='lat' dir='ltr'>erat</span> <span class='ocrx_word' id='word_1_316' title='bbox 3561 2209 3752 2263; x_wconf 87' lang='lat' dir='ltr'>transire</span> 
     </span>
    </p>
   </div>
   <div class='ocr_carea' id='block_1_23' title="bbox 540 2289 3750 2368">
    <p class='ocr_par' dir='ltr' id='par_1_23' title="bbox 540 2289 3750 2368">
     <span class='ocr_line' id='line_1_23' title="bbox 540 2289 3750 2368; baseline -0.006 -9"><span class='ocrx_word' id='word_1_317' title='bbox 540 2304 601 2359; x_wconf 92' lang='lat' dir='ltr'>in</span> <span class='ocrx_word' id='word_1_318' title='bbox 629 2305 831 2361; x_wconf 88' lang='lat' dir='ltr'>castra,</span> <span class='ocrx_word' id='word_1_319' title='bbox 848 2303 905 2353; x_wconf 91' lang='lat' dir='ltr'>et</span> <span class='ocrx_word' id='word_1_320' title='bbox 944 2294 1318 2366; x_wconf 88' lang='lat' dir='ltr'>ﬂagellari,ac</span> <span class='ocrx_word' id='word_1_321' title='bbox 1335 2291 1587 2362; x_wconf 88' lang='lat' dir='ltr'>torqueri</span> <span class='ocrx_word' id='word_1_322' title='bbox 1604 2291 1816 2362; x_wconf 88' lang='lat' dir='ltr'>ﬂagris.</span> <span class='ocrx_word' id='word_1_323' title='bbox 1845 2290 2018 2346; x_wconf 88' lang='lat' dir='ltr'>Semel</span> <span class='ocrx_word' id='word_1_324' title='bbox 2050 2297 2136 2347; x_wconf 90' lang='lat' dir='ltr'>la-</span> <span class='ocrx_word' id='word_1_325' title='bbox 2218 2289 2286 2344; x_wconf 90' lang='lat' dir='ltr'>de</span> <span class='ocrx_word' id='word_1_326' title='bbox 2311 2290 2432 2344; x_wconf 93' lang='lat' dir='ltr'>loco</span> <span class='ocrx_word' id='word_1_327' title='bbox 2452 2290 2511 2344; x_wconf 90' lang='lat' dir='ltr'>in</span> <span class='ocrx_word' id='word_1_328' title='bbox 2530 2291 2716 2345; x_wconf 92' lang='lat' dir='ltr'>locum</span> <span class='ocrx_word' id='word_1_329' title='bbox 2757 2309 2859 2364; x_wconf 90' lang='lat' dir='ltr'>per</span> <span class='ocrx_word' id='word_1_330' title='bbox 2894 2295 3081 2365; x_wconf 86' lang='lat' dir='ltr'>pedes,</span> <span class='ocrx_word' id='word_1_331' title='bbox 3116 2315 3262 2368; x_wconf 80' lang='lat' dir='ltr'>saepe</span> <span class='ocrx_word' id='word_1_332' title='bbox 3292 2298 3593 2353; x_wconf 64' lang='lat' dir='ltr'>incurrebat</span> <span class='ocrx_word' id='word_1_333' title='bbox 3608 2299 3750 2352; x_wconf 80' lang='lat' dir='ltr'>ﬂumi.</span> 
     </span>
    </p>
   </div>
   <div class='ocr_carea' id='block_1_24' title="bbox 534 2379 3751 2464">
    <p class='ocr_par' dir='ltr' id='par_1_24' title="bbox 534 2379 3751 2464">
     <span class='ocr_line' id='line_1_24' title="bbox 534 2379 3751 2464; baseline -0.003 -16"><span class='ocrx_word' id='word_1_334' title='bbox 534 2394 764 2464; x_wconf 82' lang='lat' dir='ltr'>pidatus</span> <span class='ocrx_word' id='word_1_335' title='bbox 784 2404 928 2442; x_wconf 86' lang='lat' dir='ltr'>sum.</span> <span class='ocrx_word' id='word_1_336' title='bbox 954 2383 1257 2456; x_wconf 88' lang='lat' dir='ltr'>Lapidatus</span> <span class='ocrx_word' id='word_1_337' title='bbox 1278 2387 1363 2436; x_wconf 88' lang='lat' dir='ltr'>est</span> <span class='ocrx_word' id='word_1_338' title='bbox 1382 2381 1617 2453; x_wconf 87' lang='lat' dir='ltr'>Lystris,</span> <span class='ocrx_word' id='word_1_339' title='bbox 1641 2381 1865 2435; x_wconf 87' lang='lat' dir='ltr'>civitate</span> <span class='ocrx_word' id='word_1_340' title='bbox 1885 2382 2137 2437; x_wconf 85' lang='lat' dir='ltr'>Macedo-</span> <span class='ocrx_word' id='word_1_341' title='bbox 2216 2379 2904 2450; x_wconf 81' lang='lat' dir='ltr'>num&#39;pericula.PericuIis</span> <span class='ocrx_word' id='word_1_342' title='bbox 2919 2389 3203 2440; x_wconf 81' lang='lat' dir='ltr'>latronum</span> <span class='ocrx_word' id='word_1_343' title='bbox 3224 2404 3371 2458; x_wconf 77' lang='lat' dir='ltr'>saepe</span> <span class='ocrx_word' id='word_1_344' title='bbox 3385 2387 3751 2442; x_wconf 70' lang='lat' dir='ltr'>interfuLPseu-</span> 
     </span>
    </p>
   </div>
   <div class='ocr_carea' id='block_1_25' title="bbox 540 2466 3751 2552">
    <p class='ocr_par' dir='ltr' id='par_1_25' title="bbox 540 2466 3751 2552">
     <span class='ocr_line' id='line_1_25' title="bbox 540 2466 3751 2552; baseline -0.003 -14"><span class='ocrx_word' id='word_1_345' title='bbox 540 2483 667 2548; x_wconf 70' lang='lat' dir='ltr'>niue,</span> <span class='ocrx_word' id='word_1_346' title='bbox 701 2495 805 2552; x_wconf 91' lang='lat' dir='ltr'>pro</span> <span class='ocrx_word' id='word_1_347' title='bbox 828 2476 1015 2549; x_wconf 89' lang='lat' dir='ltr'>puella</span> <span class='ocrx_word' id='word_1_348' title='bbox 1035 2474 1104 2529; x_wconf 93' lang='lat' dir='ltr'>de</span> <span class='ocrx_word' id='word_1_349' title='bbox 1125 2488 1238 2544; x_wconf 90' lang='lat' dir='ltr'>qua</span> <span class='ocrx_word' id='word_1_350' title='bbox 1259 2470 1425 2542; x_wconf 89' lang='lat' dir='ltr'>ejecit</span> <span class='ocrx_word' id='word_1_351' title='bbox 1462 2469 1720 2541; x_wconf 90' lang='lat' dir='ltr'>spiritum</span> <span class='ocrx_word' id='word_1_352' title='bbox 1753 2469 2131 2537; x_wconf 86' lang='lat' dir='ltr'>divinationis,</span> <span class='ocrx_word' id='word_1_353' title='bbox 2216 2466 2528 2539; x_wconf 88' lang='lat' dir='ltr'>doapostoli</span> <span class='ocrx_word' id='word_1_354' title='bbox 2550 2475 2606 2524; x_wconf 92' lang='lat' dir='ltr'>et</span> <span class='ocrx_word' id='word_1_355' title='bbox 2630 2471 3094 2528; x_wconf 85' lang='lat' dir='ltr'>Judaeiincreduli</span> <span class='ocrx_word' id='word_1_356' title='bbox 3110 2474 3541 2531; x_wconf 88' lang='lat' dir='ltr'>immittebantei</span> <span class='ocrx_word' id='word_1_357' title='bbox 3558 2478 3751 2530; x_wconf 80' lang='lat' dir='ltr'>latrones</span> 
     </span>
    </p>
   </div>
   <div class='ocr_carea' id='block_1_26' title="bbox 540 2557 3751 2645">
    <p class='ocr_par' dir='ltr' id='par_1_26' title="bbox 540 2557 3751 2645">
     <span class='ocr_line' id='line_1_26' title="bbox 540 2557 3751 2645; baseline -0.003 -18"><span class='ocrx_word' id='word_1_358' title='bbox 540 2587 665 2645; x_wconf 65' lang='lat' dir='ltr'>qua:</span> <span class='ocrx_word' id='word_1_359' title='bbox 683 2582 949 2639; x_wconf 88' lang='lat' dir='ltr'>magnum</span> <span class='ocrx_word' id='word_1_360' title='bbox 973 2568 1247 2636; x_wconf 63' lang='lat' dir='ltr'>quaestum</span> <span class='ocrx_word' id='word_1_361' title='bbox 1264 2558 1566 2632; x_wconf 82' lang='lat' dir='ltr'>praestabat</span> <span class='ocrx_word' id='word_1_362' title='bbox 1594 2558 1834 2613; x_wconf 90' lang='lat' dir='ltr'>dominis</span> <span class='ocrx_word' id='word_1_363' title='bbox 1861 2560 1997 2614; x_wconf 90' lang='lat' dir='ltr'>suis.</span> <span class='ocrx_word' id='word_1_364' title='bbox 2036 2563 2135 2615; x_wconf 88' lang='lat' dir='ltr'>Ter</span> <span class='ocrx_word' id='word_1_365' title='bbox 2215 2557 2422 2626; x_wconf 88' lang='lat' dir='ltr'>utquia</span> <span class='ocrx_word' id='word_1_366' title='bbox 2441 2557 2544 2629; x_wconf 90' lang='lat' dir='ltr'>ipsi</span> <span class='ocrx_word' id='word_1_367' title='bbox 2563 2576 2665 2613; x_wconf 92' lang='lat' dir='ltr'>nec</span> <span class='ocrx_word' id='word_1_368' title='bbox 2703 2560 2982 2631; x_wconf 86' lang='lat' dir='ltr'>poterant,</span> <span class='ocrx_word' id='word_1_369' title='bbox 3008 2580 3111 2617; x_wconf 89' lang='lat' dir='ltr'>nec</span> <span class='ocrx_word' id='word_1_370' title='bbox 3130 2565 3415 2620; x_wconf 88' lang='lat' dir='ltr'>audebant</span> <span class='ocrx_word' id='word_1_371' title='bbox 3433 2583 3550 2620; x_wconf 89' lang='lat' dir='ltr'>eum</span> <span class='ocrx_word' id='word_1_372' title='bbox 3577 2564 3751 2636; x_wconf 89' lang='lat' dir='ltr'>publice</span> 
     </span>
    </p>
   </div>
   <div class='ocr_carea' id='block_1_27' title="bbox 538 2645 3755 2729">
    <p class='ocr_par' dir='ltr' id='par_1_27' title="bbox 538 2645 3755 2729">
     <span class='ocr_line' id='line_1_27' title="bbox 538 2645 3755 2729; baseline -0.004 -12"><span class='ocrx_word' id='word_1_373' title='bbox 538 2660 913 2729; x_wconf 76' lang='lat' dir='ltr'>naufragium</span> <span class='ocrx_word' id='word_1_374' title='bbox 930 2652 1055 2723; x_wconf 66' lang='lat' dir='ltr'>feci&quot;.</span> <span class='ocrx_word' id='word_1_375' title='bbox 1073 2650 1444 2721; x_wconf 88' lang='lat' dir='ltr'>Naufragium</span> <span class='ocrx_word' id='word_1_376' title='bbox 1461 2648 1666 2703; x_wconf 90' lang='lat' dir='ltr'>dicitur</span> <span class='ocrx_word' id='word_1_377' title='bbox 1683 2648 2055 2703; x_wconf 84' lang='lat' dir='ltr'>navistracta:</span> <span class='ocrx_word' id='word_1_378' title='bbox 2079 2656 2135 2705; x_wconf 85' lang='lat' dir='ltr'>et</span> <span class='ocrx_word' id='word_1_379' title='bbox 2215 2645 2551 2713; x_wconf 86' lang='lat' dir='ltr'>interﬁcere,</span> <span class='ocrx_word' id='word_1_380' title='bbox 2581 2648 2651 2702; x_wconf 90' lang='lat' dir='ltr'>ab</span> <span class='ocrx_word' id='word_1_381' title='bbox 2699 2649 2927 2705; x_wconf 90' lang='lat' dir='ltr'>illorum</span> <span class='ocrx_word' id='word_1_382' title='bbox 2959 2653 3230 2708; x_wconf 88' lang='lat' dir='ltr'>ministris</span> <span class='ocrx_word' id='word_1_383' title='bbox 3263 2655 3665 2710; x_wconf 87' lang='lat' dir='ltr'>interﬁceretur.</span> <span class='ocrx_word' id='word_1_384' title='bbox 3685 2656 3755 2707; x_wconf 80' lang='lat' dir='ltr'>Pe-</span> 
     </span>
    </p>
   </div>
   <div class='ocr_carea' id='block_1_28' title="bbox 536 2736 3753 2822">
    <p class='ocr_par' dir='ltr' id='par_1_28' title="bbox 536 2736 3753 2822">
     <span class='ocr_line' id='line_1_28' title="bbox 536 2736 3753 2822; baseline -0.004 -18"><span class='ocrx_word' id='word_1_385' title='bbox 536 2748 687 2822; x_wconf 91' lang='lat' dir='ltr'>quod</span> <span class='ocrx_word' id='word_1_386' title='bbox 710 2745 866 2813; x_wconf 90' lang='lat' dir='ltr'>dicit,</span> <span class='ocrx_word' id='word_1_387' title='bbox 893 2748 975 2798; x_wconf 82' lang='lat' dir='ltr'>ter</span> <span class='ocrx_word' id='word_1_388' title='bbox 998 2742 1369 2810; x_wconf 74' lang='lat' dir='ltr'>naufragium</span> <span class='ocrx_word' id='word_1_389' title='bbox 1415 2740 1539 2806; x_wconf 82' lang='lat' dir='ltr'>feci,</span> <span class='ocrx_word' id='word_1_390' title='bbox 1570 2737 1649 2792; x_wconf 90' lang='lat' dir='ltr'>sic</span> <span class='ocrx_word' id='word_1_391' title='bbox 1677 2736 1938 2793; x_wconf 90' lang='lat' dir='ltr'>videntur</span> <span class='ocrx_word' id='word_1_392' title='bbox 1964 2739 2134 2793; x_wconf 89' lang='lat' dir='ltr'>verba</span> <span class='ocrx_word' id='word_1_393' title='bbox 2213 2737 2411 2789; x_wconf 82' lang='lat' dir='ltr'>riculis</span> <span class='ocrx_word' id='word_1_394' title='bbox 2448 2752 2512 2789; x_wconf 72' lang='lat' dir='ltr'>ea;</span> <span class='ocrx_word' id='word_1_395' title='bbox 2537 2753 2748 2804; x_wconf 82' lang='lat' dir='ltr'>genere.</span> <span class='ocrx_word' id='word_1_396' title='bbox 2787 2740 3063 2795; x_wconf 87' lang='lat' dir='ltr'>Sustinuit</span> <span class='ocrx_word' id='word_1_397' title='bbox 3092 2742 3210 2814; x_wconf 89' lang='lat' dir='ltr'>ipse</span> <span class='ocrx_word' id='word_1_398' title='bbox 3261 2745 3508 2814; x_wconf 87' lang='lat' dir='ltr'>pericula</span> <span class='ocrx_word' id='word_1_399' title='bbox 3534 2760 3566 2798; x_wconf 84' lang='lat' dir='ltr'>a</span> <span class='ocrx_word' id='word_1_400' title='bbox 3592 2741 3753 2798; x_wconf 68' lang='lat' dir='ltr'>Iudaeis</span> 
     </span>
    </p>
   </div>
   <div class='ocr_carea' id='block_1_29' title="bbox 533 2822 3753 2907">
    <p class='ocr_par' dir='ltr' id='par_1_29' title="bbox 533 2822 3753 2907">
     <span class='ocr_line' id='line_1_29' title="bbox 533 2822 3753 2907; baseline -0.003 -12"><span class='ocrx_word' id='word_1_401' title='bbox 533 2853 757 2904; x_wconf 85' lang='lat' dir='ltr'>sonare,</span> <span class='ocrx_word' id='word_1_402' title='bbox 777 2832 939 2907; x_wconf 89' lang='lat' dir='ltr'>quasi</span> <span class='ocrx_word' id='word_1_403' title='bbox 957 2832 1077 2904; x_wconf 89' lang='lat' dir='ltr'>ipse</span> <span class='ocrx_word' id='word_1_404' title='bbox 1088 2829 1312 2885; x_wconf 87' lang='lat' dir='ltr'>fecisset</span> <span class='ocrx_word' id='word_1_405' title='bbox 1329 2827 1467 2882; x_wconf 92' lang='lat' dir='ltr'>illud</span> <span class='ocrx_word' id='word_1_406' title='bbox 1482 2827 1861 2898; x_wconf 82' lang='lat' dir='ltr'>naufragium,</span> <span class='ocrx_word' id='word_1_407' title='bbox 1881 2828 1978 2882; x_wconf 92' lang='lat' dir='ltr'>sed</span> <span class='ocrx_word' id='word_1_408' title='bbox 1998 2845 2129 2882; x_wconf 91' lang='lat' dir='ltr'>sen-</span> <span class='ocrx_word' id='word_1_409' title='bbox 2211 2822 2477 2879; x_wconf 87' lang='lat' dir='ltr'>fratribus</span> <span class='ocrx_word' id='word_1_410' title='bbox 2507 2826 2624 2880; x_wconf 91' lang='lat' dir='ltr'>suis</span> <span class='ocrx_word' id='word_1_411' title='bbox 2639 2829 2947 2883; x_wconf 90' lang='lat' dir='ltr'>secundum</span> <span class='ocrx_word' id='word_1_412' title='bbox 2972 2846 3217 2899; x_wconf 90' lang='lat' dir='ltr'>carnem,</span> <span class='ocrx_word' id='word_1_413' title='bbox 3253 2834 3354 2904; x_wconf 93' lang='lat' dir='ltr'>qui</span> <span class='ocrx_word' id='word_1_414' title='bbox 3383 2832 3628 2888; x_wconf 89' lang='lat' dir='ltr'>dolebant</span> <span class='ocrx_word' id='word_1_415' title='bbox 3640 2829 3753 2902; x_wconf 87' lang='lat' dir='ltr'>quod</span> 
     </span>
    </p>
   </div>
   <div class='ocr_carea' id='block_1_30' title="bbox 533 2911 3754 2989">
    <p class='ocr_par' dir='ltr' id='par_1_30' title="bbox 533 2911 3754 2989">
     <span class='ocr_line' id='line_1_30' title="bbox 533 2911 3754 2989; baseline -0.006 -9"><span class='ocrx_word' id='word_1_416' title='bbox 533 2939 631 2980; x_wconf 77' lang='lat' dir='ltr'>sus</span> <span class='ocrx_word' id='word_1_417' title='bbox 656 2926 762 2987; x_wconf 88' lang='lat' dir='ltr'>est,</span> <span class='ocrx_word' id='word_1_418' title='bbox 792 2924 882 2973; x_wconf 88' lang='lat' dir='ltr'>ter</span> <span class='ocrx_word' id='word_1_419' title='bbox 910 2914 1263 2985; x_wconf 83' lang='lat' dir='ltr'>naufragium</span> <span class='ocrx_word' id='word_1_420' title='bbox 1294 2912 1418 2976; x_wconf 84' lang='lat' dir='ltr'>feci,</span> <span class='ocrx_word' id='word_1_421' title='bbox 1450 2911 1508 2966; x_wconf 93' lang='lat' dir='ltr'>id</span> <span class='ocrx_word' id='word_1_422' title='bbox 1533 2916 1619 2967; x_wconf 90' lang='lat' dir='ltr'>est</span> <span class='ocrx_word' id='word_1_423' title='bbox 1652 2916 1741 2966; x_wconf 90' lang='lat' dir='ltr'>ter</span> <span class='ocrx_word' id='word_1_424' title='bbox 1764 2913 2124 2984; x_wconf 86' lang='lat' dir='ltr'>naufragium</span> <span class='ocrx_word' id='word_1_425' title='bbox 2207 2913 2473 2968; x_wconf 87' lang='lat' dir='ltr'>derelicta</span> <span class='ocrx_word' id='word_1_426' title='bbox 2503 2914 2624 2986; x_wconf 88' lang='lat' dir='ltr'>lege</span> <span class='ocrx_word' id='word_1_427' title='bbox 2646 2917 2715 2970; x_wconf 89' lang='lat' dir='ltr'>ad</span> <span class='ocrx_word' id='word_1_428' title='bbox 2756 2918 3119 2989; x_wconf 89' lang='lat' dir='ltr'>Evangelium</span> <span class='ocrx_word' id='word_1_429' title='bbox 3160 2937 3220 2975; x_wconf 84' lang='lat' dir='ltr'>se</span> <span class='ocrx_word' id='word_1_430' title='bbox 3241 2926 3604 2978; x_wconf 50' lang='lat' dir='ltr'>converteret.</span> <span class='ocrx_word' id='word_1_431' title='bbox 3632 2919 3754 2975; x_wconf 72' lang='lat' dir='ltr'>Unde</span> 
     </span>
    </p>
   </div>
   <div class='ocr_carea' id='block_1_31' title="bbox 531 2999 3754 3084">
    <p class='ocr_par' dir='ltr' id='par_1_31' title="bbox 531 2999 3754 3084">
     <span class='ocr_line' id='line_1_31' title="bbox 531 2999 3754 3084; baseline -0.005 -18"><span class='ocrx_word' id='word_1_432' title='bbox 531 3008 760 3084; x_wconf 85' lang='lat' dir='ltr'>pertuli.</span> <span class='ocrx_word' id='word_1_433' title='bbox 803 3005 909 3070; x_wconf 88' lang='lat' dir='ltr'>Qui</span> <span class='ocrx_word' id='word_1_434' title='bbox 938 3018 1074 3074; x_wconf 88' lang='lat' dir='ltr'>ergo</span> <span class='ocrx_word' id='word_1_435' title='bbox 1100 3000 1404 3072; x_wconf 78' lang='lat' dir='ltr'>saepissime</span> <span class='ocrx_word' id='word_1_436' title='bbox 1435 2999 1655 3070; x_wconf 89' lang='lat' dir='ltr'>navigio</span> <span class='ocrx_word' id='word_1_437' title='bbox 1677 3000 1984 3056; x_wconf 89' lang='lat' dir='ltr'>vehebatur</span> <span class='ocrx_word' id='word_1_438' title='bbox 2020 3018 2122 3073; x_wconf 91' lang='lat' dir='ltr'>per</span> <span class='ocrx_word' id='word_1_439' title='bbox 2140 3016 2184 3076; x_wconf 75' lang='grc' dir='ltr'>ί]</span> <span class='ocrx_word' id='word_1_440' title='bbox 2206 3001 2444 3072; x_wconf 90' lang='lat' dir='ltr'>legimus</span> <span class='ocrx_word' id='word_1_441' title='bbox 2464 3003 2596 3073; x_wconf 91' lang='lat' dir='ltr'>quia</span> <span class='ocrx_word' id='word_1_442' title='bbox 2616 3005 2856 3075; x_wconf 89' lang='lat' dir='ltr'>quadam</span> <span class='ocrx_word' id='word_1_443' title='bbox 2874 3007 2991 3062; x_wconf 90' lang='lat' dir='ltr'>vice</span> <span class='ocrx_word' id='word_1_444' title='bbox 3019 3009 3276 3065; x_wconf 78' lang='lat' dir='ltr'>Ananias</span> <span class='ocrx_word' id='word_1_445' title='bbox 3290 3016 3541 3080; x_wconf 66' lang='lat' dir='ltr'>princeps</span> <span class='ocrx_word' id='word_1_446' title='bbox 3559 3010 3754 3065; x_wconf 62' lang='lat' dir='ltr'>3mm.</span> 
     </span>
    </p>
   </div>
   <div class='ocr_carea' id='block_1_32' title="bbox 528 3087 3754 3168">
    <p class='ocr_par' dir='ltr' id='par_1_32' title="bbox 528 3087 3754 3168">
     <span class='ocr_line' id='line_1_32' title="bbox 528 3087 3754 3168; baseline -0.004 -6"><span class='ocrx_word' id='word_1_447' title='bbox 528 3112 708 3165; x_wconf 70' lang='lat' dir='ltr'>mare,</span> <span class='ocrx_word' id='word_1_448' title='bbox 741 3109 857 3150; x_wconf 77' lang='lat' dir='ltr'>non</span> <span class='ocrx_word' id='word_1_449' title='bbox 879 3096 966 3147; x_wconf 73' lang='lat' dir='ltr'>est</span> <span class='ocrx_word' id='word_1_450' title='bbox 991 3090 1200 3145; x_wconf 69' lang='lat' dir='ltr'>mirum</span> <span class='ocrx_word' id='word_1_451' title='bbox 1227 3087 1277 3142; x_wconf 78' lang='lat' dir='ltr'>Si</span> <span class='ocrx_word' id='word_1_452' title='bbox 1332 3088 1500 3142; x_wconf 70' lang='lat' dir='ltr'>toties</span> <span class='ocrx_word' id='word_1_453' title='bbox 1551 3088 1909 3159; x_wconf 76' lang='lat' dir='ltr'>naufragium</span> <span class='ocrx_word' id='word_1_454' title='bbox 1930 3106 2125 3159; x_wconf 87' lang='lat' dir='ltr'>passus</span> <span class='ocrx_word' id='word_1_455' title='bbox 2210 3096 2329 3145; x_wconf 83' lang='lat' dir='ltr'>tum</span> <span class='ocrx_word' id='word_1_456' title='bbox 2352 3095 2600 3162; x_wconf 81' lang='lat' dir='ltr'>pracepit</span> <span class='ocrx_word' id='word_1_457' title='bbox 2626 3097 2983 3150; x_wconf 70' lang='lat' dir='ltr'>.rastanlibus</span> <span class='ocrx_word' id='word_1_458' title='bbox 3006 3097 3115 3151; x_wconf 89' lang='lat' dir='ltr'>sibi</span> <span class='ocrx_word' id='word_1_459' title='bbox 3134 3104 3424 3166; x_wconf 80' lang='lat' dir='ltr'>percutere</span> <span class='ocrx_word' id='word_1_460' title='bbox 3452 3116 3505 3155; x_wconf 88' lang='lat' dir='ltr'>os</span> <span class='ocrx_word' id='word_1_461' title='bbox 3530 3104 3633 3168; x_wconf 83' lang='lat' dir='ltr'>ejus</span> <span class='ocrx_word' id='word_1_462' title='bbox 3653 3098 3754 3167; x_wconf 76' lang='lat' dir='ltr'>(Act.</span> 
     </span>
    </p>
   </div>
   <div class='ocr_carea' id='block_1_33' title="bbox 528 3177 3752 3258">
    <p class='ocr_par' dir='ltr' id='par_1_33' title="bbox 528 3177 3752 3258">
     <span class='ocr_line' id='line_1_33' title="bbox 528 3177 3752 3258; baseline -0.002 -16"><span class='ocrx_word' id='word_1_463' title='bbox 528 3191 634 3242; x_wconf 87' lang='lat' dir='ltr'>est.</span> <span class='ocrx_word' id='word_1_464' title='bbox 649 3184 810 3240; x_wconf 83' lang='lat' dir='ltr'>Nocte</span> <span class='ocrx_word' id='word_1_465' title='bbox 833 3197 898 3236; x_wconf 89' lang='lat' dir='ltr'>ac</span> <span class='ocrx_word' id='word_1_466' title='bbox 933 3182 1021 3234; x_wconf 86' lang='lat' dir='ltr'>die</span> <span class='ocrx_word' id='word_1_467' title='bbox 1046 3181 1110 3233; x_wconf 85' lang='lat' dir='ltr'>in</span> <span class='ocrx_word' id='word_1_468' title='bbox 1141 3178 1423 3247; x_wconf 83' lang='lat' dir='ltr'>profundo</span> <span class='ocrx_word' id='word_1_469' title='bbox 1451 3179 1629 3230; x_wconf 87' lang='lat' dir='ltr'>maris</span> <span class='ocrx_word' id='word_1_470' title='bbox 1665 3178 1774 3244; x_wconf 83' lang='lat' dir='ltr'>fui.</span> <span class='ocrx_word' id='word_1_471' title='bbox 1808 3177 1965 3232; x_wconf 89' lang='lat' dir='ltr'>Licet</span> <span class='ocrx_word' id='word_1_472' title='bbox 1992 3178 2123 3249; x_wconf 90' lang='lat' dir='ltr'>qui—</span> <span class='ocrx_word' id='word_1_473' title='bbox 2206 3180 2388 3250; x_wconf 83' lang='lat' dir='ltr'>xxm),</span> <span class='ocrx_word' id='word_1_474' title='bbox 2420 3184 2477 3234; x_wconf 93' lang='lat' dir='ltr'>et</span> <span class='ocrx_word' id='word_1_475' title='bbox 2499 3180 2728 3252; x_wconf 89' lang='lat' dir='ltr'>longum</span> <span class='ocrx_word' id='word_1_476' title='bbox 2769 3187 2854 3237; x_wconf 92' lang='lat' dir='ltr'>est</span> <span class='ocrx_word' id='word_1_477' title='bbox 2882 3200 3146 3240; x_wconf 89' lang='lat' dir='ltr'>enarrare</span> <span class='ocrx_word' id='word_1_478' title='bbox 3190 3188 3417 3258; x_wconf 87' lang='lat' dir='ltr'>quoties</span> <span class='ocrx_word' id='word_1_479' title='bbox 3454 3188 3552 3243; x_wconf 84' lang='lat' dir='ltr'>hoc</span> <span class='ocrx_word' id='word_1_480' title='bbox 3583 3189 3752 3242; x_wconf 83' lang='lat' dir='ltr'>factum</span> 
     </span>
    </p>
   </div>
   <div class='ocr_carea' id='block_1_34' title="bbox 446 3264 3753 3351">
    <p class='ocr_par' dir='ltr' id='par_1_34' title="bbox 446 3264 3753 3351">
     <span class='ocr_line' id='line_1_34' title="bbox 446 3264 3753 3351; baseline -0.002 -21"><span class='ocrx_word' id='word_1_481' title='bbox 446 3336 461 3351; x_wconf 49' lang='lat'><em>.</em></span> <span class='ocrx_word' id='word_1_482' title='bbox 526 3274 657 3329; x_wconf 88' lang='lat' dir='ltr'>dam</span> <span class='ocrx_word' id='word_1_483' title='bbox 678 3267 1208 3340; x_wconf 83' lang='lat' dir='ltr'>dicantApostolum</span> <span class='ocrx_word' id='word_1_484' title='bbox 1234 3281 1348 3320; x_wconf 92' lang='lat' dir='ltr'>non</span> <span class='ocrx_word' id='word_1_485' title='bbox 1364 3281 1486 3320; x_wconf 89' lang='lat' dir='ltr'>esse</span> <span class='ocrx_word' id='word_1_486' title='bbox 1506 3264 1564 3319; x_wconf 91' lang='lat' dir='ltr'>in</span> <span class='ocrx_word' id='word_1_487' title='bbox 1595 3281 1752 3320; x_wconf 90' lang='lat' dir='ltr'>mare</span> <span class='ocrx_word' id='word_1_488' title='bbox 1774 3265 2117 3335; x_wconf 90' lang='lat' dir='ltr'>demersum,</span> <span class='ocrx_word' id='word_1_489' title='bbox 2206 3272 2306 3321; x_wconf 92' lang='lat' dir='ltr'>est.</span> <span class='ocrx_word' id='word_1_490' title='bbox 2336 3270 2605 3323; x_wconf 86' lang='lat' dir='ltr'>Periculis</span> <span class='ocrx_word' id='word_1_491' title='bbox 2634 3288 2699 3324; x_wconf 71' lang='lat' dir='ltr'>ex</span> <span class='ocrx_word' id='word_1_492' title='bbox 2715 3274 2986 3339; x_wconf 85' lang='lat' dir='ltr'>gentibus.</span> <span class='ocrx_word' id='word_1_493' title='bbox 3015 3274 3064 3328; x_wconf 86' lang='lat' dir='ltr'><strong>A</strong></span> <span class='ocrx_word' id='word_1_494' title='bbox 3092 3275 3445 3349; x_wconf 89' lang='lat' dir='ltr'>philosophis</span> <span class='ocrx_word' id='word_1_495' title='bbox 3473 3276 3696 3348; x_wconf 88' lang='lat' dir='ltr'>gentium</span> <span class='ocrx_word' id='word_1_496' title='bbox 3712 3278 3753 3327; x_wconf 81' lang='lat' dir='ltr'>et</span> 
     </span>
    </p>
   </div>
   <div class='ocr_carea' id='block_1_35' title="bbox 520 3355 3754 3437">
    <p class='ocr_par' dir='ltr' id='par_1_35' title="bbox 520 3355 3754 3437">
     <span class='ocr_line' id='line_1_35' title="bbox 520 3355 3754 3437; baseline 0 -20"><span class='ocrx_word' id='word_1_497' title='bbox 520 3360 712 3434; x_wconf 90' lang='lat' dir='ltr'>ibique</span> <span class='ocrx_word' id='word_1_498' title='bbox 736 3359 797 3415; x_wconf 91' lang='lat' dir='ltr'>in</span> <span class='ocrx_word' id='word_1_499' title='bbox 826 3356 1098 3431; x_wconf 87' lang='lat' dir='ltr'>profundo</span> <span class='ocrx_word' id='word_1_500' title='bbox 1143 3370 1420 3427; x_wconf 88' lang='lat' dir='ltr'>aquarum</span> <span class='ocrx_word' id='word_1_501' title='bbox 1473 3358 1682 3425; x_wconf 90' lang='lat' dir='ltr'>negent</span> <span class='ocrx_word' id='word_1_502' title='bbox 1729 3359 1893 3409; x_wconf 89' lang='lat' dir='ltr'>nocte</span> <span class='ocrx_word' id='word_1_503' title='bbox 1940 3370 2004 3408; x_wconf 91' lang='lat' dir='ltr'>ac</span> <span class='ocrx_word' id='word_1_504' title='bbox 2033 3355 2123 3409; x_wconf 92' lang='lat' dir='ltr'>die</span> <span class='ocrx_word' id='word_1_505' title='bbox 2203 3356 2550 3427; x_wconf 88' lang='lat' dir='ltr'>principibus</span> <span class='ocrx_word' id='word_1_506' title='bbox 2579 3358 2760 3413; x_wconf 87' lang='lat' dir='ltr'>multa</span> <span class='ocrx_word' id='word_1_507' title='bbox 2802 3358 3157 3416; x_wconf 88' lang='lat' dir='ltr'>incommoda</span> <span class='ocrx_word' id='word_1_508' title='bbox 3206 3381 3411 3435; x_wconf 87' lang='lat' dir='ltr'>passus</span> <span class='ocrx_word' id='word_1_509' title='bbox 3457 3371 3538 3420; x_wconf 92' lang='lat' dir='ltr'>est</span> <span class='ocrx_word' id='word_1_510' title='bbox 3569 3367 3754 3437; x_wconf 62' lang='lat' dir='ltr'>promer</span> 
     </span>
    </p>
   </div>
   <div class='ocr_carea' id='block_1_36' title="bbox 520 3443 3754 3525">
    <p class='ocr_par' dir='ltr' id='par_1_36' title="bbox 520 3443 3754 3525">
     <span class='ocr_line' id='line_1_36' title="bbox 520 3443 3754 3525; baseline -0 -18"><span class='ocrx_word' id='word_1_511' title='bbox 520 3446 1063 3517; x_wconf 86' lang='lat' dir='ltr'>mansisse,tenenda</span> <span class='ocrx_word' id='word_1_512' title='bbox 1078 3448 1364 3500; x_wconf 88' lang='lat' dir='ltr'>esttamen</span> <span class='ocrx_word' id='word_1_513' title='bbox 1384 3447 1537 3499; x_wconf 83' lang='lat' dir='ltr'>certa</span> <span class='ocrx_word' id='word_1_514' title='bbox 1551 3447 1870 3498; x_wconf 89' lang='lat' dir='ltr'>sanctorum</span> <span class='ocrx_word' id='word_1_515' title='bbox 1886 3443 2119 3498; x_wconf 88' lang='lat' dir='ltr'>Patrum</span> <span class='ocrx_word' id='word_1_516' title='bbox 2200 3444 2533 3514; x_wconf 85' lang='lat' dir='ltr'>mysterium</span> <span class='ocrx_word' id='word_1_517' title='bbox 2560 3446 2966 3503; x_wconf 87' lang='lat' dir='ltr'>incarnationis</span> <span class='ocrx_word' id='word_1_518' title='bbox 2997 3447 3124 3504; x_wconf 90' lang='lat' dir='ltr'>Filii</span> <span class='ocrx_word' id='word_1_519' title='bbox 3153 3451 3279 3519; x_wconf 87' lang='lat' dir='ltr'>Dei,</span> <span class='ocrx_word' id='word_1_520' title='bbox 3306 3454 3595 3525; x_wconf 86' lang='lat' dir='ltr'>passionis,</span> <span class='ocrx_word' id='word_1_521' title='bbox 3610 3465 3754 3506; x_wconf 83' lang='lat' dir='ltr'>resur-</span> 
     </span>
    </p>
   </div>
   <div class='ocr_carea' id='block_1_37' title="bbox 519 3532 3753 3615">
    <p class='ocr_par' dir='ltr' id='par_1_37' title="bbox 519 3532 3753 3615">
     <span class='ocr_line' id='line_1_37' title="bbox 519 3532 3753 3615; baseline -0 -20"><span class='ocrx_word' id='word_1_522' title='bbox 519 3539 772 3607; x_wconf 88' lang='lat' dir='ltr'>traditio,</span> <span class='ocrx_word' id='word_1_523' title='bbox 800 3536 933 3610; x_wconf 90' lang='lat' dir='ltr'>quia</span> <span class='ocrx_word' id='word_1_524' title='bbox 959 3535 1020 3590; x_wconf 91' lang='lat' dir='ltr'>in</span> <span class='ocrx_word' id='word_1_525' title='bbox 1038 3534 1273 3589; x_wconf 89' lang='lat' dir='ltr'>veritate</span> <span class='ocrx_word' id='word_1_526' title='bbox 1300 3549 1434 3590; x_wconf 90' lang='lat' dir='ltr'>casu</span> <span class='ocrx_word' id='word_1_527' title='bbox 1460 3532 1756 3605; x_wconf 89' lang='lat' dir='ltr'>prolapsus</span> <span class='ocrx_word' id='word_1_528' title='bbox 1782 3536 1867 3586; x_wconf 90' lang='lat' dir='ltr'>est</span> <span class='ocrx_word' id='word_1_529' title='bbox 1894 3532 1951 3587; x_wconf 90' lang='lat' dir='ltr'>in</span> <span class='ocrx_word' id='word_1_530' title='bbox 1978 3549 2111 3604; x_wconf 92' lang='lat' dir='ltr'>pro-</span> <span class='ocrx_word' id='word_1_531' title='bbox 2200 3532 2483 3601; x_wconf 88' lang='lat' dir='ltr'>rectionis,</span> <span class='ocrx_word' id='word_1_532' title='bbox 2514 3536 2967 3609; x_wconf 87' lang='lat' dir='ltr'>ascensionisque</span> <span class='ocrx_word' id='word_1_533' title='bbox 2995 3538 3067 3594; x_wconf 90' lang='lat' dir='ltr'>ad</span> <span class='ocrx_word' id='word_1_534' title='bbox 3091 3540 3280 3609; x_wconf 80' lang='lat' dir='ltr'>caelos,</span> <span class='ocrx_word' id='word_1_535' title='bbox 3300 3548 3359 3598; x_wconf 90' lang='lat' dir='ltr'>et</span> <span class='ocrx_word' id='word_1_536' title='bbox 3388 3548 3607 3615; x_wconf 84' lang='lat' dir='ltr'>propter</span> <span class='ocrx_word' id='word_1_537' title='bbox 3620 3540 3753 3596; x_wconf 83' lang='lat' dir='ltr'>unius</span> 
     </span>
    </p>
   </div>
   <div class='ocr_carea' id='block_1_38' title="bbox 517 3619 3752 3699">
    <p class='ocr_par' dir='ltr' id='par_1_38' title="bbox 517 3619 3752 3699">
     <span class='ocr_line' id='line_1_38' title="bbox 517 3619 3752 3699; baseline -0.006 -12"><span class='ocrx_word' id='word_1_538' title='bbox 517 3627 756 3686; x_wconf 86' lang='lat' dir='ltr'>fundum</span> <span class='ocrx_word' id='word_1_539' title='bbox 785 3626 978 3693; x_wconf 91' lang='lat' dir='ltr'>maris,</span> <span class='ocrx_word' id='word_1_540' title='bbox 997 3623 1093 3680; x_wconf 91' lang='lat' dir='ltr'>ubi</span> <span class='ocrx_word' id='word_1_541' title='bbox 1122 3624 1527 3694; x_wconf 86' lang='lat' dir='ltr'>circumseptus</span> <span class='ocrx_word' id='word_1_542' title='bbox 1550 3619 1810 3676; x_wconf 88' lang='lat' dir='ltr'>fluctibus</span> <span class='ocrx_word' id='word_1_543' title='bbox 1834 3621 1922 3675; x_wconf 91' lang='lat' dir='ltr'>die</span> <span class='ocrx_word' id='word_1_544' title='bbox 1941 3621 2110 3676; x_wconf 91' lang='lat' dir='ltr'>simul</span> <span class='ocrx_word' id='word_1_545' title='bbox 2191 3620 2295 3675; x_wconf 91' lang='lat' dir='ltr'>Dei</span> <span class='ocrx_word' id='word_1_546' title='bbox 2324 3623 2601 3677; x_wconf 85' lang='lat' dir='ltr'>culturam</span> <span class='ocrx_word' id='word_1_547' title='bbox 2616 3641 2783 3695; x_wconf 91' lang='lat' dir='ltr'>quam</span> <span class='ocrx_word' id='word_1_548' title='bbox 2804 3626 3158 3699; x_wconf 72' lang='lat' dir='ltr'>praedicabat.</span> <span class='ocrx_word' id='word_1_549' title='bbox 3182 3632 3460 3687; x_wconf 54' lang='lat' dir='ltr'>periculis</span> <span class='ocrx_word' id='word_1_550' title='bbox 3482 3636 3538 3687; x_wconf 73' lang='grc' dir='ltr'>ίη</span> <span class='ocrx_word' id='word_1_551' title='bbox 3556 3633 3752 3686; x_wconf 58' lang='lat' dir='ltr'>civitate,</span> 
     </span>
    </p>
   </div>
   <div class='ocr_carea' id='block_1_39' title="bbox 518 3708 3753 3789">
    <p class='ocr_par' dir='ltr' id='par_1_39' title="bbox 518 3708 3753 3789">
     <span class='ocr_line' id='line_1_39' title="bbox 518 3708 3753 3789; baseline -0.002 -13"><span class='ocrx_word' id='word_1_552' title='bbox 518 3725 577 3776; x_wconf 89' lang='lat' dir='ltr'>et</span> <span class='ocrx_word' id='word_1_553' title='bbox 602 3723 785 3786; x_wconf 80' lang='lat' dir='ltr'>nocte,</span> <span class='ocrx_word' id='word_1_554' title='bbox 812 3720 957 3789; x_wconf 89' lang='lat' dir='ltr'>post,</span> <span class='ocrx_word' id='word_1_555' title='bbox 985 3714 1103 3770; x_wconf 92' lang='lat' dir='ltr'>Deo</span> <span class='ocrx_word' id='word_1_556' title='bbox 1120 3711 1490 3784; x_wconf 89' lang='lat' dir='ltr'>gubernante,</span> <span class='ocrx_word' id='word_1_557' title='bbox 1529 3708 1673 3763; x_wconf 90' lang='lat' dir='ltr'>liber</span> <span class='ocrx_word' id='word_1_558' title='bbox 1695 3708 1766 3763; x_wconf 89' lang='lat' dir='ltr'>ad</span> <span class='ocrx_word' id='word_1_559' title='bbox 1793 3713 2004 3764; x_wconf 87' lang='lat' dir='ltr'>terram</span> <span class='ocrx_word' id='word_1_560' title='bbox 2032 3726 2116 3764; x_wconf 87' lang='lat' dir='ltr'>re-</span> <span class='ocrx_word' id='word_1_561' title='bbox 2199 3710 2354 3782; x_wconf 82' lang='lat' dir='ltr'>Saepe</span> <span class='ocrx_word' id='word_1_562' title='bbox 2370 3711 2640 3780; x_wconf 82' lang='lat' dir='ltr'>interfuit,</span> <span class='ocrx_word' id='word_1_563' title='bbox 2664 3715 2810 3786; x_wconf 92' lang='lat' dir='ltr'>quod</span> <span class='ocrx_word' id='word_1_564' title='bbox 2832 3716 3061 3787; x_wconf 90' lang='lat' dir='ltr'>longum</span> <span class='ocrx_word' id='word_1_565' title='bbox 3101 3723 3187 3773; x_wconf 90' lang='lat' dir='ltr'>est</span> <span class='ocrx_word' id='word_1_566' title='bbox 3212 3735 3505 3776; x_wconf 86' lang='lat' dir='ltr'>enarrare.</span> <span class='ocrx_word' id='word_1_567' title='bbox 3528 3718 3753 3775; x_wconf 70' lang='lat' dir='ltr'>Periculi:</span> 
     </span>
    </p>
   </div>
   <div class='ocr_carea' id='block_1_40' title="bbox 519 3798 3756 3877">
    <p class='ocr_par' dir='ltr' id='par_1_40' title="bbox 519 3798 3756 3877">
     <span class='ocr_line' id='line_1_40' title="bbox 519 3798 3756 3877; baseline -0.002 -11"><span class='ocrx_word' id='word_1_568' title='bbox 519 3809 645 3866; x_wconf 89' lang='lat' dir='ltr'>diit.</span> <span class='ocrx_word' id='word_1_569' title='bbox 658 3804 929 3877; x_wconf 89' lang='lat' dir='ltr'>Nunquid</span> <span class='ocrx_word' id='word_1_570' title='bbox 958 3818 1092 3874; x_wconf 90' lang='lat' dir='ltr'>ergo</span> <span class='ocrx_word' id='word_1_571' title='bbox 1121 3801 1239 3873; x_wconf 89' lang='lat' dir='ltr'>ipse</span> <span class='ocrx_word' id='word_1_572' title='bbox 1270 3800 1364 3871; x_wconf 89' lang='lat' dir='ltr'>qui</span> <span class='ocrx_word' id='word_1_573' title='bbox 1384 3799 1443 3853; x_wconf 91' lang='lat' dir='ltr'>in</span> <span class='ocrx_word' id='word_1_574' title='bbox 1471 3798 1624 3854; x_wconf 86' lang='lat' dir='ltr'>exitu</span> <span class='ocrx_word' id='word_1_575' title='bbox 1670 3798 1914 3854; x_wconf 87' lang='lat' dir='ltr'>ﬁliorum</span> <span class='ocrx_word' id='word_1_576' title='bbox 1939 3799 2113 3855; x_wconf 88' lang='lat' dir='ltr'>Israel</span> <span class='ocrx_word' id='word_1_577' title='bbox 2195 3801 2259 3853; x_wconf 89' lang='lat' dir='ltr'>in</span> <span class='ocrx_word' id='word_1_578' title='bbox 2284 3803 2600 3857; x_wconf 78' lang='lat' dir='ltr'>solitudine.</span> <span class='ocrx_word' id='word_1_579' title='bbox 2634 3803 2889 3859; x_wconf 88' lang='lat' dir='ltr'>Pericula</span> <span class='ocrx_word' id='word_1_580' title='bbox 2912 3805 2973 3860; x_wconf 92' lang='lat' dir='ltr'>in</span> <span class='ocrx_word' id='word_1_581' title='bbox 3001 3807 3305 3864; x_wconf 88' lang='lat' dir='ltr'>solitudine</span> <span class='ocrx_word' id='word_1_582' title='bbox 3352 3809 3613 3866; x_wconf 89' lang='lat' dir='ltr'>sustinuit</span> <span class='ocrx_word' id='word_1_583' title='bbox 3635 3825 3663 3862; x_wconf 90' lang='lat' dir='ltr'>a</span> <span class='ocrx_word' id='word_1_584' title='bbox 3684 3805 3756 3861; x_wconf 80' lang='lat' dir='ltr'>lu-</span> 
     </span>
    </p>
   </div>
   <div class='ocr_carea' id='block_1_41' title="bbox 519 3887 3755 3966">
    <p class='ocr_par' dir='ltr' id='par_1_41' title="bbox 519 3887 3755 3966">
     <span class='ocr_line' id='line_1_41' title="bbox 519 3887 3755 3966; baseline -0.008 -12"><span class='ocrx_word' id='word_1_585' title='bbox 519 3898 591 3955; x_wconf 89' lang='lat' dir='ltr'>de</span> <span class='ocrx_word' id='word_1_586' title='bbox 609 3903 762 3953; x_wconf 89' lang='lat' dir='ltr'>terra</span> <span class='ocrx_word' id='word_1_587' title='bbox 779 3892 1008 3966; x_wconf 68' lang='lat' dir='ltr'>Egypti</span> <span class='ocrx_word' id='word_1_588' title='bbox 1036 3907 1192 3946; x_wconf 86' lang='lat' dir='ltr'>mare</span> <span class='ocrx_word' id='word_1_589' title='bbox 1211 3888 1400 3944; x_wconf 90' lang='lat' dir='ltr'>divisit</span> <span class='ocrx_word' id='word_1_590' title='bbox 1416 3888 1474 3942; x_wconf 91' lang='lat' dir='ltr'>in</span> <span class='ocrx_word' id='word_1_591' title='bbox 1493 3887 1810 3953; x_wconf 89' lang='lat' dir='ltr'>divisiones,</span> <span class='ocrx_word' id='word_1_592' title='bbox 1845 3894 1902 3943; x_wconf 94' lang='lat' dir='ltr'>et</span> <span class='ocrx_word' id='word_1_593' title='bbox 1921 3894 2114 3960; x_wconf 89' lang='lat' dir='ltr'>postea</span> <span class='ocrx_word' id='word_1_594' title='bbox 2195 3888 2348 3957; x_wconf 85' lang='lat' dir='ltr'>daeis,</span> <span class='ocrx_word' id='word_1_595' title='bbox 2380 3892 2603 3962; x_wconf 88' lang='lat' dir='ltr'>quando</span> <span class='ocrx_word' id='word_1_596' title='bbox 2634 3892 2797 3948; x_wconf 81' lang='lat' dir='ltr'>factis</span> <span class='ocrx_word' id='word_1_597' title='bbox 2825 3894 3044 3949; x_wconf 75' lang='lat' dir='ltr'>insidiis</span> <span class='ocrx_word' id='word_1_598' title='bbox 3067 3897 3373 3954; x_wconf 64' lang='lat' dir='ltr'>voluerunt</span> <span class='ocrx_word' id='word_1_599' title='bbox 3392 3916 3519 3954; x_wconf 71' lang='lat' dir='ltr'>eum</span> <span class='ocrx_word' id='word_1_600' title='bbox 3547 3896 3755 3953; x_wconf 59' lang='lat' dir='ltr'>occidere</span> 
     </span>
    </p>
   </div>
   <div class='ocr_carea' id='block_1_42' title="bbox 515 3977 3756 4054">
    <p class='ocr_par' dir='ltr' id='par_1_42' title="bbox 515 3977 3756 4054">
     <span class='ocr_line' id='line_1_42' title="bbox 515 3977 3756 4054; baseline -0.002 -10"><span class='ocrx_word' id='word_1_601' title='bbox 515 3987 818 4044; x_wconf 73' lang='lat' dir='ltr'>Iordanem</span> <span class='ocrx_word' id='word_1_602' title='bbox 840 3989 898 4040; x_wconf 92' lang='lat' dir='ltr'>et</span> <span class='ocrx_word' id='word_1_603' title='bbox 914 3980 1425 4039; x_wconf 83' lang='lat' dir='ltr'>torrentemArnon</span> <span class='ocrx_word' id='word_1_604' title='bbox 1443 3977 1637 4049; x_wconf 67' lang='lat' dir='ltr'>(Exod.</span> <span class='ocrx_word' id='word_1_605' title='bbox 1660 3978 1795 4048; x_wconf 75' lang='lat' dir='ltr'>xuv),</span> <span class='ocrx_word' id='word_1_606' title='bbox 1829 3977 2114 4049; x_wconf 89' lang='lat' dir='ltr'>quietiam</span> <span class='ocrx_word' id='word_1_607' title='bbox 2195 3977 2253 4032; x_wconf 88' lang='lat' dir='ltr'>in</span> <span class='ocrx_word' id='word_1_608' title='bbox 2284 3980 2412 4033; x_wconf 85' lang='lat' dir='ltr'>via:</span> <span class='ocrx_word' id='word_1_609' title='bbox 2446 3981 2531 4034; x_wconf 87' lang='lat' dir='ltr'>vel</span> <span class='ocrx_word' id='word_1_610' title='bbox 2569 3981 2741 4036; x_wconf 90' lang='lat' dir='ltr'>etiam</span> <span class='ocrx_word' id='word_1_611' title='bbox 2770 3983 3034 4054; x_wconf 90' lang='lat' dir='ltr'>periculis</span> <span class='ocrx_word' id='word_1_612' title='bbox 3062 3985 3121 4039; x_wconf 92' lang='lat' dir='ltr'>in</span> <span class='ocrx_word' id='word_1_613' title='bbox 3166 3987 3479 4044; x_wconf 89' lang='lat' dir='ltr'>solitudine</span> <span class='ocrx_word' id='word_1_614' title='bbox 3523 3983 3756 4047; x_wconf 88' lang='lat' dir='ltr'>interfuit,</span> 
     </span>
    </p>
   </div>
   <div class='ocr_carea' id='block_1_43' title="bbox 516 4066 3758 4148">
    <p class='ocr_par' dir='ltr' id='par_1_43' title="bbox 516 4066 3758 4148">
     <span class='ocr_line' id='line_1_43' title="bbox 516 4066 3758 4148; baseline -0.002 -14"><span class='ocrx_word' id='word_1_615' title='bbox 516 4077 758 4134; x_wconf 87' lang='lat' dir='ltr'>servavit</span> <span class='ocrx_word' id='word_1_616' title='bbox 769 4075 797 4130; x_wconf 87' lang='lat' dir='ltr'>J</span> <span class='ocrx_word' id='word_1_617' title='bbox 802 4088 969 4129; x_wconf 91' lang='lat' dir='ltr'>onam</span> <span class='ocrx_word' id='word_1_618' title='bbox 982 4071 1041 4125; x_wconf 93' lang='lat' dir='ltr'>in</span> <span class='ocrx_word' id='word_1_619' title='bbox 1061 4074 1253 4124; x_wconf 87' lang='lat' dir='ltr'>ventre</span> <span class='ocrx_word' id='word_1_620' title='bbox 1272 4068 1380 4123; x_wconf 90' lang='lat' dir='ltr'>ceti</span> <span class='ocrx_word' id='word_1_621' title='bbox 1402 4068 1744 4137; x_wconf 85' lang='lat' dir='ltr'>(Joan.n),et</span> <span class='ocrx_word' id='word_1_622' title='bbox 1763 4066 1932 4121; x_wconf 89' lang='lat' dir='ltr'>Petro</span> <span class='ocrx_word' id='word_1_623' title='bbox 1954 4082 2108 4121; x_wconf 91' lang='lat' dir='ltr'>mare</span> <span class='ocrx_word' id='word_1_624' title='bbox 2191 4066 2326 4137; x_wconf 87' lang='lat' dir='ltr'>quia</span> <span class='ocrx_word' id='word_1_625' title='bbox 2352 4066 2606 4123; x_wconf 90' lang='lat' dir='ltr'>diabolus</span> <span class='ocrx_word' id='word_1_626' title='bbox 2635 4069 2887 4125; x_wconf 90' lang='lat' dir='ltr'>invidens</span> <span class='ocrx_word' id='word_1_627' title='bbox 2918 4073 3091 4128; x_wconf 91' lang='lat' dir='ltr'>einon</span> <span class='ocrx_word' id='word_1_628' title='bbox 3102 4074 3287 4129; x_wconf 91' lang='lat' dir='ltr'>solum</span> <span class='ocrx_word' id='word_1_629' title='bbox 3303 4093 3411 4148; x_wconf 87' lang='lat' dir='ltr'>per</span> <span class='ocrx_word' id='word_1_630' title='bbox 3422 4075 3662 4130; x_wconf 88' lang='lat' dir='ltr'>homines</span> <span class='ocrx_word' id='word_1_631' title='bbox 3673 4069 3758 4126; x_wconf 87' lang='lat' dir='ltr'>mi-</span> 
     </span>
    </p>
   </div>
   <div class='ocr_carea' id='block_1_44' title="bbox 517 4154 3760 4233">
    <p class='ocr_par' dir='ltr' id='par_1_44' title="bbox 517 4154 3760 4233">
     <span class='ocr_line' id='line_1_44' title="bbox 517 4154 3760 4233; baseline -0.002 -12"><span class='ocrx_word' id='word_1_632' title='bbox 517 4163 781 4221; x_wconf 87' lang='lat' dir='ltr'>calcabile</span> <span class='ocrx_word' id='word_1_633' title='bbox 805 4158 1043 4233; x_wconf 81' lang='lat' dir='ltr'>praebuit</span> <span class='ocrx_word' id='word_1_634' title='bbox 1062 4158 1273 4223; x_wconf 77' lang='lat' dir='ltr'>(Matth.</span> <span class='ocrx_word' id='word_1_635' title='bbox 1293 4156 1429 4224; x_wconf 74' lang='lat' dir='ltr'>xxv),</span> <span class='ocrx_word' id='word_1_636' title='bbox 1460 4170 1572 4209; x_wconf 91' lang='lat' dir='ltr'>non</span> <span class='ocrx_word' id='word_1_637' title='bbox 1594 4154 1778 4226; x_wconf 89' lang='lat' dir='ltr'>potuit</span> <span class='ocrx_word' id='word_1_638' title='bbox 1798 4155 1969 4208; x_wconf 90' lang='lat' dir='ltr'>etiam</span> <span class='ocrx_word' id='word_1_639' title='bbox 1998 4154 2107 4209; x_wconf 91' lang='lat' dir='ltr'>mi-</span> <span class='ocrx_word' id='word_1_640' title='bbox 2189 4155 2397 4211; x_wconf 88' lang='lat' dir='ltr'>nistros</span> <span class='ocrx_word' id='word_1_641' title='bbox 2435 4174 2566 4213; x_wconf 91' lang='lat' dir='ltr'>suos</span> <span class='ocrx_word' id='word_1_642' title='bbox 2604 4175 2729 4214; x_wconf 90' lang='lat' dir='ltr'>eum</span> <span class='ocrx_word' id='word_1_643' title='bbox 2769 4161 3232 4232; x_wconf 88' lang='lat' dir='ltr'>persequebatur,</span> <span class='ocrx_word' id='word_1_644' title='bbox 3267 4166 3370 4220; x_wconf 92' lang='lat' dir='ltr'>sed</span> <span class='ocrx_word' id='word_1_645' title='bbox 3391 4164 3562 4220; x_wconf 89' lang='lat' dir='ltr'>etiam</span> <span class='ocrx_word' id='word_1_646' title='bbox 3587 4161 3760 4218; x_wconf 87' lang='lat' dir='ltr'>bestias</span> 
     </span>
    </p>
   </div>
   <div class='ocr_carea' id='block_1_45' title="bbox 514 4243 3759 4319">
    <p class='ocr_par' dir='ltr' id='par_1_45' title="bbox 514 4243 3759 4319">
     <span class='ocr_line' id='line_1_45' title="bbox 514 4243 3759 4319; baseline -0.002 -11"><span class='ocrx_word' id='word_1_647' title='bbox 514 4255 675 4309; x_wconf 87' lang='lat' dir='ltr'>litem</span> <span class='ocrx_word' id='word_1_648' title='bbox 695 4266 861 4306; x_wconf 91' lang='lat' dir='ltr'>suum</span> <span class='ocrx_word' id='word_1_649' title='bbox 874 4247 1160 4319; x_wconf 88' lang='lat' dir='ltr'>egregium</span> <span class='ocrx_word' id='word_1_650' title='bbox 1172 4245 1593 4317; x_wconf 68' lang='lat' dir='ltr'>pmdicatorem</span> <span class='ocrx_word' id='word_1_651' title='bbox 1620 4244 1857 4299; x_wconf 88' lang='lat' dir='ltr'>Paulum</span> <span class='ocrx_word' id='word_1_652' title='bbox 1886 4244 1947 4298; x_wconf 91' lang='lat' dir='ltr'>in</span> <span class='ocrx_word' id='word_1_653' title='bbox 1975 4261 2106 4316; x_wconf 89' lang='lat' dir='ltr'>pro-</span> <span class='ocrx_word' id='word_1_654' title='bbox 2188 4243 2561 4301; x_wconf 89' lang='lat' dir='ltr'>ferocissimas</span> <span class='ocrx_word' id='word_1_655' title='bbox 2590 4253 2784 4303; x_wconf 89' lang='lat' dir='ltr'>contra</span> <span class='ocrx_word' id='word_1_656' title='bbox 2821 4266 2949 4305; x_wconf 90' lang='lat' dir='ltr'>eum</span> <span class='ocrx_word' id='word_1_657' title='bbox 2992 4251 3290 4319; x_wconf 85' lang='lat' dir='ltr'>excitabat,</span> <span class='ocrx_word' id='word_1_658' title='bbox 3346 4271 3421 4309; x_wconf 89' lang='lat' dir='ltr'>ne</span> <span class='ocrx_word' id='word_1_659' title='bbox 3458 4253 3678 4309; x_wconf 87' lang='lat' dir='ltr'>auderet</span> <span class='ocrx_word' id='word_1_660' title='bbox 3705 4248 3759 4303; x_wconf 85' lang='lat' dir='ltr'>de</span> 
     </span>
    </p>
   </div>
   <div class='ocr_carea' id='block_1_46' title="bbox 516 4332 3760 4407">
    <p class='ocr_par' dir='ltr' id='par_1_46' title="bbox 516 4332 3760 4407">
     <span class='ocr_line' id='line_1_46' title="bbox 516 4332 3760 4407; baseline -0.001 -10"><span class='ocrx_word' id='word_1_661' title='bbox 516 4333 691 4397; x_wconf 70' lang='lat' dir='ltr'>fundo</span> <span class='ocrx_word' id='word_1_662' title='bbox 719 4338 897 4395; x_wconf 87' lang='lat' dir='ltr'>maris</span> <span class='ocrx_word' id='word_1_663' title='bbox 924 4351 1165 4403; x_wconf 88' lang='lat' dir='ltr'>servare,</span> <span class='ocrx_word' id='word_1_664' title='bbox 1207 4339 1273 4388; x_wconf 93' lang='lat' dir='ltr'>ut</span> <span class='ocrx_word' id='word_1_665' title='bbox 1297 4332 2112 4407; x_wconf 77' lang='lat' dir='ltr'>ncqueacircumpositisprae-</span> <span class='ocrx_word' id='word_1_666' title='bbox 2188 4333 2308 4388; x_wconf 90' lang='lat' dir='ltr'>loco</span> <span class='ocrx_word' id='word_1_667' title='bbox 2369 4335 2438 4389; x_wconf 88' lang='lat' dir='ltr'>ad</span> <span class='ocrx_word' id='word_1_668' title='bbox 2487 4336 2668 4391; x_wconf 92' lang='lat' dir='ltr'>locum</span> <span class='ocrx_word' id='word_1_669' title='bbox 2718 4338 2981 4394; x_wconf 86' lang='lat' dir='ltr'>transire.</span> <span class='ocrx_word' id='word_1_670' title='bbox 3039 4344 3310 4396; x_wconf 84' lang='lat' dir='ltr'>Periculis</span> <span class='ocrx_word' id='word_1_671' title='bbox 3352 4347 3417 4398; x_wconf 86' lang='lat' dir='ltr'>in</span> <span class='ocrx_word' id='word_1_672' title='bbox 3458 4346 3625 4399; x_wconf 82' lang='lat' dir='ltr'>mari.</span> <span class='ocrx_word' id='word_1_673' title='bbox 3657 4340 3760 4397; x_wconf 84' lang='lat' dir='ltr'>Non</span> 
     </span>
    </p>
   </div>
   <div class='ocr_carea' id='block_1_47' title="bbox 512 4413 3760 4503">
    <p class='ocr_par' dir='ltr' id='par_1_47' title="bbox 512 4413 3760 4503">
     <span class='ocr_line' id='line_1_47' title="bbox 512 4413 3760 4503; baseline -0 -17"><span class='ocrx_word' id='word_1_674' title='bbox 512 4429 687 4485; x_wconf 83' lang='lat' dir='ltr'>focari</span> <span class='ocrx_word' id='word_1_675' title='bbox 714 4427 894 4500; x_wconf 87' lang='lat' dir='ltr'>aquis,</span> <span class='ocrx_word' id='word_1_676' title='bbox 937 4441 1118 4496; x_wconf 92' lang='lat' dir='ltr'>neque</span> <span class='ocrx_word' id='word_1_677' title='bbox 1146 4439 1180 4477; x_wconf 90' lang='lat' dir='ltr'>a</span> <span class='ocrx_word' id='word_1_678' title='bbox 1205 4421 1408 4477; x_wconf 90' lang='lat' dir='ltr'>belluis</span> <span class='ocrx_word' id='word_1_679' title='bbox 1436 4421 1672 4477; x_wconf 90' lang='lat' dir='ltr'>marinis</span> <span class='ocrx_word' id='word_1_680' title='bbox 1725 4421 1980 4477; x_wconf 87' lang='lat' dir='ltr'>devorari</span> <span class='ocrx_word' id='word_1_681' title='bbox 2008 4413 2369 4495; x_wconf 87' lang='lat' dir='ltr'>po-Dsolum</span> <span class='ocrx_word' id='word_1_682' title='bbox 2399 4425 2623 4495; x_wconf 91' lang='lat' dir='ltr'>quando</span> <span class='ocrx_word' id='word_1_683' title='bbox 2659 4430 2748 4480; x_wconf 87' lang='lat' dir='ltr'>ter</span> <span class='ocrx_word' id='word_1_684' title='bbox 2794 4417 3151 4499; x_wconf 87' lang='lat' dir='ltr'>naufragium</span> <span class='ocrx_word' id='word_1_685' title='bbox 3193 4432 3455 4502; x_wconf 89' lang='lat' dir='ltr'>pertulit,</span> <span class='ocrx_word' id='word_1_686' title='bbox 3488 4438 3545 4487; x_wconf 89' lang='lat' dir='ltr'>et</span> <span class='ocrx_word' id='word_1_687' title='bbox 3571 4427 3760 4503; x_wconf 87' lang='lat' dir='ltr'>quando</span> 
     </span>
    </p>
   </div>
   <div class='ocr_carea' id='block_1_48' title="bbox 512 4510 3761 4584">
    <p class='ocr_par' dir='ltr' id='par_1_48' title="bbox 512 4510 3761 4584">
     <span class='ocr_line' id='line_1_48' title="bbox 512 4510 3761 4584; baseline -0.002 -7"><span class='ocrx_word' id='word_1_688' title='bbox 512 4516 730 4577; x_wconf 80' lang='lat' dir='ltr'>tuerit?</span> <span class='ocrx_word' id='word_1_689' title='bbox 761 4518 969 4573; x_wconf 90' lang='lat' dir='ltr'>Potens</span> <span class='ocrx_word' id='word_1_690' title='bbox 987 4513 1181 4584; x_wconf 85' lang='lat' dir='ltr'>utique</span> <span class='ocrx_word' id='word_1_691' title='bbox 1194 4511 1396 4584; x_wconf 89' lang='lat' dir='ltr'>potuit.</span> <span class='ocrx_word' id='word_1_692' title='bbox 1418 4510 1655 4582; x_wconf 90' lang='lat' dir='ltr'>ideoque</span> <span class='ocrx_word' id='word_1_693' title='bbox 1674 4510 1821 4566; x_wconf 88' lang='lat' dir='ltr'>fecit.</span> <span class='ocrx_word' id='word_1_694' title='bbox 1854 4511 2107 4584; x_wconf 90' lang='lat' dir='ltr'>Denique</span> <span class='ocrx_word' id='word_1_695' title='bbox 2187 4510 2449 4583; x_wconf 89' lang='lat' dir='ltr'>lapsusin</span> <span class='ocrx_word' id='word_1_696' title='bbox 2470 4530 2643 4576; x_wconf 89' lang='lat' dir='ltr'>mare,</span> <span class='ocrx_word' id='word_1_697' title='bbox 2660 4513 2757 4569; x_wconf 91' lang='lat' dir='ltr'>ubi</span> <span class='ocrx_word' id='word_1_698' title='bbox 2793 4515 2900 4570; x_wconf 87' lang='lat' dir='ltr'>fuit</span> <span class='ocrx_word' id='word_1_699' title='bbox 2922 4515 3071 4572; x_wconf 88' lang='lat' dir='ltr'>inter</span> <span class='ocrx_word' id='word_1_700' title='bbox 3105 4519 3323 4575; x_wconf 88' lang='lat' dir='ltr'>medios</span> <span class='ocrx_word' id='word_1_701' title='bbox 3354 4522 3562 4577; x_wconf 87' lang='lat' dir='ltr'>ﬂuctus</span> <span class='ocrx_word' id='word_1_702' title='bbox 3597 4519 3679 4576; x_wconf 87' lang='lat' dir='ltr'>die</span> <span class='ocrx_word' id='word_1_703' title='bbox 3710 4532 3761 4573; x_wconf 86' lang='lat' dir='ltr'>ac</span> 
     </span>
    </p>
   </div>
   <div class='ocr_carea' id='block_1_49' title="bbox 512 4601 3761 4682">
    <p class='ocr_par' dir='ltr' id='par_1_49' title="bbox 512 4601 3761 4682">
     <span class='ocr_line' id='line_1_49' title="bbox 512 4601 3761 4682; baseline -0.003 -14"><span class='ocrx_word' id='word_1_704' title='bbox 512 4626 627 4668; x_wconf 88' lang='lat' dir='ltr'>non</span> <span class='ocrx_word' id='word_1_705' title='bbox 650 4613 735 4665; x_wconf 89' lang='lat' dir='ltr'>est</span> <span class='ocrx_word' id='word_1_706' title='bbox 786 4604 1030 4677; x_wconf 89' lang='lat' dir='ltr'>amplius</span> <span class='ocrx_word' id='word_1_707' title='bbox 1087 4601 1409 4657; x_wconf 89' lang='lat' dir='ltr'>mirandum</span> <span class='ocrx_word' id='word_1_708' title='bbox 1455 4601 1684 4656; x_wconf 91' lang='lat' dir='ltr'>Petrum</span> <span class='ocrx_word' id='word_1_709' title='bbox 1730 4617 1900 4673; x_wconf 89' lang='lat' dir='ltr'>super</span> <span class='ocrx_word' id='word_1_710' title='bbox 1925 4601 2105 4656; x_wconf 86' lang='lat' dir='ltr'>undas</span> <span class='ocrx_word' id='word_1_711' title='bbox 2187 4608 2348 4656; x_wconf 89' lang='lat' dir='ltr'>nocte</span> <span class='ocrx_word' id='word_1_712' title='bbox 2378 4607 2435 4657; x_wconf 89' lang='lat' dir='ltr'>et</span> <span class='ocrx_word' id='word_1_713' title='bbox 2462 4603 2669 4659; x_wconf 65' lang='lat' dir='ltr'>illaesus</span> <span class='ocrx_word' id='word_1_714' title='bbox 2700 4606 3029 4675; x_wconf 88' lang='lat' dir='ltr'>permansit,</span> <span class='ocrx_word' id='word_1_715' title='bbox 3061 4624 3254 4663; x_wconf 91' lang='lat' dir='ltr'>verum</span> <span class='ocrx_word' id='word_1_716' title='bbox 3281 4610 3459 4665; x_wconf 85' lang='lat' dir='ltr'>etiam</span> <span class='ocrx_word' id='word_1_717' title='bbox 3491 4608 3761 4682; x_wconf 72' lang='lat' dir='ltr'>smpissime</span> 
     </span>
    </p>
   </div>
   <div class='ocr_carea' id='block_1_50' title="bbox 508 4689 3761 4770">
    <p class='ocr_par' dir='ltr' id='par_1_50' title="bbox 508 4689 3761 4770">
     <span class='ocr_line' id='line_1_50' title="bbox 508 4689 3761 4770; baseline -0.002 -13"><span class='ocrx_word' id='word_1_718' title='bbox 508 4699 684 4757; x_wconf 89' lang='lat' dir='ltr'>maris</span> <span class='ocrx_word' id='word_1_719' title='bbox 710 4714 823 4754; x_wconf 90' lang='lat' dir='ltr'>non</span> <span class='ocrx_word' id='word_1_720' title='bbox 854 4693 1055 4750; x_wconf 91' lang='lat' dir='ltr'>infusis</span> <span class='ocrx_word' id='word_1_721' title='bbox 1081 4691 1330 4762; x_wconf 87' lang='lat' dir='ltr'>vestigiis</span> <span class='ocrx_word' id='word_1_722' title='bbox 1379 4690 1720 4757; x_wconf 90' lang='lat' dir='ltr'>ambulasse,</span> <span class='ocrx_word' id='word_1_723' title='bbox 1757 4707 1925 4762; x_wconf 90' lang='lat' dir='ltr'>quem</span> <span class='ocrx_word' id='word_1_724' title='bbox 1955 4690 2102 4746; x_wconf 86' lang='lat' dir='ltr'>Pau-</span> <span class='ocrx_word' id='word_1_725' title='bbox 2185 4689 2505 4762; x_wconf 88' lang='lat' dir='ltr'>periculain</span> <span class='ocrx_word' id='word_1_726' title='bbox 2520 4693 2659 4747; x_wconf 88' lang='lat' dir='ltr'>mari</span> <span class='ocrx_word' id='word_1_727' title='bbox 2675 4695 2960 4750; x_wconf 90' lang='lat' dir='ltr'>sustinuit.</span> <span class='ocrx_word' id='word_1_728' title='bbox 2985 4696 3147 4752; x_wconf 89' lang='lat' dir='ltr'>Unde</span> <span class='ocrx_word' id='word_1_729' title='bbox 3187 4700 3441 4769; x_wconf 86' lang='lat' dir='ltr'>quadam</span> <span class='ocrx_word' id='word_1_730' title='bbox 3472 4699 3589 4754; x_wconf 89' lang='lat' dir='ltr'>vice</span> <span class='ocrx_word' id='word_1_731' title='bbox 3618 4699 3761 4770; x_wconf 83' lang='lat' dir='ltr'>impe-</span> 
     </span>
    </p>
   </div>
   <div class='ocr_carea' id='block_1_51' title="bbox 507 4779 3765 4857">
    <p class='ocr_par' dir='ltr' id='par_1_51' title="bbox 507 4779 3765 4857">
     <span class='ocr_line' id='line_1_51' title="bbox 507 4779 3765 4857; baseline -0.004 -10"><span class='ocrx_word' id='word_1_732' title='bbox 507 4791 627 4846; x_wconf 91' lang='lat' dir='ltr'>lum</span> <span class='ocrx_word' id='word_1_733' title='bbox 656 4793 820 4845; x_wconf 88' lang='lat' dir='ltr'>nocte</span> <span class='ocrx_word' id='word_1_734' title='bbox 851 4801 917 4840; x_wconf 88' lang='lat' dir='ltr'>ac</span> <span class='ocrx_word' id='word_1_735' title='bbox 945 4784 1036 4839; x_wconf 90' lang='lat' dir='ltr'>die</span> <span class='ocrx_word' id='word_1_736' title='bbox 1065 4782 1124 4837; x_wconf 89' lang='lat' dir='ltr'>in</span> <span class='ocrx_word' id='word_1_737' title='bbox 1154 4780 1429 4853; x_wconf 85' lang='lat' dir='ltr'>profundo</span> <span class='ocrx_word' id='word_1_738' title='bbox 1459 4779 1632 4834; x_wconf 90' lang='lat' dir='ltr'>maris</span> <span class='ocrx_word' id='word_1_739' title='bbox 1651 4779 1889 4835; x_wconf 85' lang='lat' dir='ltr'>illaesum</span> <span class='ocrx_word' id='word_1_740' title='bbox 1914 4786 2103 4835; x_wconf 90' lang='lat' dir='ltr'>custo-</span> <span class='ocrx_word' id='word_1_741' title='bbox 2181 4785 2386 4849; x_wconf 90' lang='lat' dir='ltr'>gerunt</span> <span class='ocrx_word' id='word_1_742' title='bbox 2415 4796 2611 4834; x_wconf 89' lang='lat' dir='ltr'>navem</span> <span class='ocrx_word' id='word_1_743' title='bbox 2635 4781 2703 4835; x_wconf 89' lang='lat' dir='ltr'>ad</span> <span class='ocrx_word' id='word_1_744' title='bbox 2735 4782 2912 4849; x_wconf 87' lang='lat' dir='ltr'>littus,</span> <span class='ocrx_word' id='word_1_745' title='bbox 2951 4785 3174 4855; x_wconf 91' lang='lat' dir='ltr'>quando</span> <span class='ocrx_word' id='word_1_746' title='bbox 3194 4803 3367 4857; x_wconf 85' lang='lat' dir='ltr'>prora</span> <span class='ocrx_word' id='word_1_747' title='bbox 3397 4789 3511 4843; x_wconf 84' lang='lat' dir='ltr'>ﬁxa</span> <span class='ocrx_word' id='word_1_748' title='bbox 3532 4784 3765 4842; x_wconf 85' lang='lat' dir='ltr'>manebat</span> 
     </span>
    </p>
   </div>
   <div class='ocr_carea' id='block_1_52' title="bbox 506 4865 3761 4946">
    <p class='ocr_par' dir='ltr' id='par_1_52' title="bbox 506 4865 3761 4946">
     <span class='ocr_line' id='line_1_52' title="bbox 506 4865 3761 4946; baseline -0.003 -11"><span class='ocrx_word' id='word_1_749' title='bbox 506 4879 688 4934; x_wconf 80' lang='lat' dir='ltr'>(litum</span> <span class='ocrx_word' id='word_1_750' title='bbox 717 4893 859 4933; x_wconf 86' lang='lat' dir='ltr'>esse.</span> <span class='ocrx_word' id='word_1_751' title='bbox 889 4873 1123 4946; x_wconf 84' lang='lat' dir='ltr'>Mystice</span> <span class='ocrx_word' id='word_1_752' title='bbox 1149 4887 1276 4926; x_wconf 90' lang='lat' dir='ltr'>vero</span> <span class='ocrx_word' id='word_1_753' title='bbox 1305 4886 1406 4942; x_wconf 90' lang='lat' dir='ltr'>per</span> <span class='ocrx_word' id='word_1_754' title='bbox 1450 4869 1690 4923; x_wconf 89' lang='lat' dir='ltr'>Paulum</span> <span class='ocrx_word' id='word_1_755' title='bbox 1722 4869 1816 4940; x_wconf 92' lang='lat' dir='ltr'>qui</span> <span class='ocrx_word' id='word_1_756' title='bbox 1845 4875 2007 4923; x_wconf 90' lang='lat' dir='ltr'>nocte</span> <span class='ocrx_word' id='word_1_757' title='bbox 2035 4886 2101 4924; x_wconf 90' lang='lat' dir='ltr'>ac</span> <span class='ocrx_word' id='word_1_758' title='bbox 2181 4865 2484 4922; x_wconf 91' lang='lat' dir='ltr'>immobilis</span> <span class='ocrx_word' id='word_1_759' title='bbox 2512 4888 2522 4922; x_wconf 91' lang='lat'><strong>:</strong></span> <span class='ocrx_word' id='word_1_760' title='bbox 2551 4870 2752 4941; x_wconf 92' lang='lat' dir='ltr'>puppis</span> <span class='ocrx_word' id='word_1_761' title='bbox 2800 4888 2929 4926; x_wconf 87' lang='lat' dir='ltr'>vero</span> <span class='ocrx_word' id='word_1_762' title='bbox 2983 4873 3304 4929; x_wconf 88' lang='lat' dir='ltr'>solvebatur</span> <span class='ocrx_word' id='word_1_763' title='bbox 3327 4893 3365 4930; x_wconf 86' lang='lat' dir='ltr'>a</span> <span class='ocrx_word' id='word_1_764' title='bbox 3393 4879 3451 4931; x_wconf 89' lang='lat' dir='ltr'>vi</span> <span class='ocrx_word' id='word_1_765' title='bbox 3494 4876 3681 4942; x_wconf 84' lang='lat' dir='ltr'>maris;</span> <span class='ocrx_word' id='word_1_766' title='bbox 3715 4877 3761 4926; x_wconf 88' lang='lat' dir='ltr'>et</span> 
     </span>
    </p>
   </div>
   <div class='ocr_carea' id='block_1_53' title="bbox 503 4955 3759 5036">
    <p class='ocr_par' dir='ltr' id='par_1_53' title="bbox 503 4955 3759 5036">
     <span class='ocr_line' id='line_1_53' title="bbox 503 4955 3759 5036; baseline -0.001 -15"><span class='ocrx_word' id='word_1_767' title='bbox 503 4966 596 5021; x_wconf 90' lang='lat' dir='ltr'>die</span> <span class='ocrx_word' id='word_1_768' title='bbox 617 4967 676 5020; x_wconf 90' lang='lat' dir='ltr'>in</span> <span class='ocrx_word' id='word_1_769' title='bbox 690 4963 965 5036; x_wconf 85' lang='lat' dir='ltr'>profundo</span> <span class='ocrx_word' id='word_1_770' title='bbox 988 4960 1161 5016; x_wconf 87' lang='lat' dir='ltr'>maris</span> <span class='ocrx_word' id='word_1_771' title='bbox 1188 4959 1312 5026; x_wconf 91' lang='lat' dir='ltr'>fuit,</span> <span class='ocrx_word' id='word_1_772' title='bbox 1337 4963 1395 5013; x_wconf 87' lang='lat' dir='ltr'>et</span> <span class='ocrx_word' id='word_1_773' title='bbox 1422 4962 1615 5013; x_wconf 83' lang='lat' dir='ltr'>tamen</span> <span class='ocrx_word' id='word_1_774' title='bbox 1638 4957 1876 5012; x_wconf 90' lang='lat' dir='ltr'>Domino</span> <span class='ocrx_word' id='word_1_775' title='bbox 1888 4975 1946 5012; x_wconf 91' lang='lat' dir='ltr'>se</span> <span class='ocrx_word' id='word_1_776' title='bbox 1958 4974 2092 5029; x_wconf 88' lang='lat' dir='ltr'>pro-</span> <span class='ocrx_word' id='word_1_777' title='bbox 2182 4955 2405 5026; x_wconf 89' lang='lat' dir='ltr'>quando</span> <span class='ocrx_word' id='word_1_778' title='bbox 2435 4957 2641 5013; x_wconf 89' lang='lat' dir='ltr'>milites</span> <span class='ocrx_word' id='word_1_779' title='bbox 2671 4959 2928 5015; x_wconf 87' lang='lat' dir='ltr'>volebant</span> <span class='ocrx_word' id='word_1_780' title='bbox 2955 4978 3151 5017; x_wconf 90' lang='lat' dir='ltr'>omnes</span> <span class='ocrx_word' id='word_1_781' title='bbox 3188 4966 3484 5022; x_wconf 89' lang='lat' dir='ltr'>custodias</span> <span class='ocrx_word' id='word_1_782' title='bbox 3514 4966 3759 5026; x_wconf 87' lang='lat' dir='ltr'>occidere,</span> 
     </span>
    </p>
   </div>
   <div class='ocr_carea' id='block_1_54' title="bbox 499 5045 3759 5125">
    <p class='ocr_par' dir='ltr' id='par_1_54' title="bbox 499 5045 3759 5125">
     <span class='ocr_line' id='line_1_54' title="bbox 499 5045 3759 5125; baseline -0.002 -15"><span class='ocrx_word' id='word_1_783' title='bbox 499 5058 729 5125; x_wconf 77' lang='lat' dir='ltr'>tegente</span> <span class='ocrx_word' id='word_1_784' title='bbox 756 5053 828 5107; x_wconf 86' lang='lat' dir='ltr'>ad</span> <span class='ocrx_word' id='word_1_785' title='bbox 875 5056 1056 5106; x_wconf 88' lang='lat' dir='ltr'>terras</span> <span class='ocrx_word' id='word_1_786' title='bbox 1094 5049 1237 5103; x_wconf 90' lang='lat' dir='ltr'>liber</span> <span class='ocrx_word' id='word_1_787' title='bbox 1279 5047 1549 5120; x_wconf 91' lang='lat' dir='ltr'>pervenit,</span> <span class='ocrx_word' id='word_1_788' title='bbox 1582 5045 1977 5117; x_wconf 88' lang='lat' dir='ltr'>intelliguntur</span> <span class='ocrx_word' id='word_1_789' title='bbox 2013 5046 2096 5101; x_wconf 90' lang='lat' dir='ltr'>illi</span> <span class='ocrx_word' id='word_1_790' title='bbox 2179 5060 2250 5098; x_wconf 88' lang='lat' dir='ltr'>ne</span> <span class='ocrx_word' id='word_1_791' title='bbox 2266 5045 2390 5116; x_wconf 91' lang='lat' dir='ltr'>quis</span> <span class='ocrx_word' id='word_1_792' title='bbox 2406 5046 2756 5117; x_wconf 87' lang='lat' dir='ltr'>possitnatus</span> <span class='ocrx_word' id='word_1_793' title='bbox 2770 5049 3062 5120; x_wconf 88' lang='lat' dir='ltr'>pervenire</span> <span class='ocrx_word' id='word_1_794' title='bbox 3079 5051 3152 5107; x_wconf 92' lang='lat' dir='ltr'>ad</span> <span class='ocrx_word' id='word_1_795' title='bbox 3174 5053 3358 5109; x_wconf 90' lang='lat' dir='ltr'>littus.</span> <span class='ocrx_word' id='word_1_796' title='bbox 3386 5055 3500 5111; x_wconf 90' lang='lat' dir='ltr'>Sed</span> <span class='ocrx_word' id='word_1_797' title='bbox 3532 5051 3759 5110; x_wconf 85' lang='lat' dir='ltr'>centurio</span> 
     </span>
    </p>
   </div>
   <div class='ocr_carea' id='block_1_55' title="bbox 492 5132 3766 5215">
    <p class='ocr_par' dir='ltr' id='par_1_55' title="bbox 492 5132 3766 5215">
     <span class='ocr_line' id='line_1_55' title="bbox 492 5132 3766 5215; baseline -0.001 -17"><span class='ocrx_word' id='word_1_798' title='bbox 492 5141 635 5215; x_wconf 88' lang='lat' dir='ltr'>justi</span> <span class='ocrx_word' id='word_1_799' title='bbox 662 5141 759 5213; x_wconf 90' lang='lat' dir='ltr'>qui</span> <span class='ocrx_word' id='word_1_800' title='bbox 781 5141 851 5195; x_wconf 90' lang='lat' dir='ltr'>de</span> <span class='ocrx_word' id='word_1_801' title='bbox 877 5138 1257 5212; x_wconf 85' lang='lat' dir='ltr'>profunditate</span> <span class='ocrx_word' id='word_1_802' title='bbox 1284 5135 1663 5207; x_wconf 89' lang='lat' dir='ltr'>periculorum</span> <span class='ocrx_word' id='word_1_803' title='bbox 1706 5139 1764 5189; x_wconf 92' lang='lat' dir='ltr'>et</span> <span class='ocrx_word' id='word_1_804' title='bbox 1790 5134 2094 5206; x_wconf 82' lang='lat' dir='ltr'>perturba-</span> <span class='ocrx_word' id='word_1_805' title='bbox 2174 5132 2278 5186; x_wconf 89' lang='lat' dir='ltr'>hoc</span> <span class='ocrx_word' id='word_1_806' title='bbox 2308 5132 2595 5205; x_wconf 86' lang='lat' dir='ltr'>prohibuit</span> <span class='ocrx_word' id='word_1_807' title='bbox 2622 5142 2852 5208; x_wconf 88' lang='lat' dir='ltr'>propter</span> <span class='ocrx_word' id='word_1_808' title='bbox 2886 5139 3239 5211; x_wconf 88' lang='lat' dir='ltr'>Apostolum,</span> <span class='ocrx_word' id='word_1_809' title='bbox 3266 5144 3468 5200; x_wconf 89' lang='lat' dir='ltr'>volens</span> <span class='ocrx_word' id='word_1_810' title='bbox 3508 5162 3638 5201; x_wconf 89' lang='lat' dir='ltr'>eum</span> <span class='ocrx_word' id='word_1_811' title='bbox 3662 5158 3766 5197; x_wconf 85' lang='lat' dir='ltr'>ser-</span> 
     </span>
    </p>
   </div>
   <div class='ocr_carea' id='block_1_56' title="bbox 496 5224 3763 5302">
    <p class='ocr_par' dir='ltr' id='par_1_56' title="bbox 496 5224 3763 5302">
     <span class='ocr_line' id='line_1_56' title="bbox 496 5224 3763 5302; baseline -0.001 -14"><span class='ocrx_word' id='word_1_812' title='bbox 496 5232 715 5288; x_wconf 84' lang='lat' dir='ltr'>tionum</span> <span class='ocrx_word' id='word_1_813' title='bbox 744 5229 934 5285; x_wconf 65' lang='lat' dir='ltr'>saeculi</span> <span class='ocrx_word' id='word_1_814' title='bbox 987 5244 1022 5281; x_wconf 88' lang='lat' dir='ltr'>a</span> <span class='ocrx_word' id='word_1_815' title='bbox 1059 5225 1299 5283; x_wconf 90' lang='lat' dir='ltr'>Domino</span> <span class='ocrx_word' id='word_1_816' title='bbox 1330 5224 1578 5296; x_wconf 91' lang='lat' dir='ltr'>quotidie</span> <span class='ocrx_word' id='word_1_817' title='bbox 1611 5224 1948 5290; x_wconf 91' lang='lat' dir='ltr'>educuntur,</span> <span class='ocrx_word' id='word_1_818' title='bbox 1993 5225 2091 5279; x_wconf 90' lang='lat' dir='ltr'>sed</span> <span class='ocrx_word' id='word_1_819' title='bbox 2172 5238 2304 5277; x_wconf 90' lang='lat' dir='ltr'>vare</span> <span class='ocrx_word' id='word_1_820' title='bbox 2323 5224 2655 5295; x_wconf 83' lang='lat' dir='ltr'>(Act.xxvn).</span> <span class='ocrx_word' id='word_1_821' title='bbox 2689 5227 2959 5282; x_wconf 83' lang='lat' dir='ltr'>Periculis</span> <span class='ocrx_word' id='word_1_822' title='bbox 2985 5232 3049 5284; x_wconf 83' lang='lat' dir='ltr'>in</span> <span class='ocrx_word' id='word_1_823' title='bbox 3089 5230 3247 5298; x_wconf 82' lang='lat' dir='ltr'>falsis</span> <span class='ocrx_word' id='word_1_824' title='bbox 3275 5233 3585 5300; x_wconf 80' lang='lat' dir='ltr'>fratribus.</span> <span class='ocrx_word' id='word_1_825' title='bbox 3626 5235 3763 5302; x_wconf 66' lang='lat' dir='ltr'>Smpe</span> 
     </span>
    </p>
   </div>
   <div class='ocr_carea' id='block_1_57' title="bbox 491 5309 3766 5394">
    <p class='ocr_par' dir='ltr' id='par_1_57' title="bbox 491 5309 3766 5394">
     <span class='ocr_line' id='line_1_57' title="bbox 491 5309 3766 5394; baseline -0.002 -17"><span class='ocrx_word' id='word_1_826' title='bbox 491 5319 715 5394; x_wconf 84' lang='lat' dir='ltr'>plenius</span> <span class='ocrx_word' id='word_1_827' title='bbox 742 5319 803 5374; x_wconf 91' lang='lat' dir='ltr'>in</span> <span class='ocrx_word' id='word_1_828' title='bbox 825 5318 915 5373; x_wconf 91' lang='lat' dir='ltr'>die</span> <span class='ocrx_word' id='word_1_829' title='bbox 937 5314 1136 5389; x_wconf 90' lang='lat' dir='ltr'>judicii</span> <span class='ocrx_word' id='word_1_830' title='bbox 1164 5313 1571 5378; x_wconf 85' lang='lat' dir='ltr'>liberabuntur,</span> <span class='ocrx_word' id='word_1_831' title='bbox 1616 5317 1784 5383; x_wconf 90' lang='lat' dir='ltr'>atque</span> <span class='ocrx_word' id='word_1_832' title='bbox 1829 5312 1900 5366; x_wconf 92' lang='lat' dir='ltr'>ad</span> <span class='ocrx_word' id='word_1_833' title='bbox 1930 5312 2089 5368; x_wconf 89' lang='lat' dir='ltr'>littus</span> <span class='ocrx_word' id='word_1_834' title='bbox 2170 5309 2447 5366; x_wconf 86' lang='lat' dir='ltr'>interfuit.</span> <span class='ocrx_word' id='word_1_835' title='bbox 2501 5313 2652 5368; x_wconf 89' lang='lat' dir='ltr'>Falsi</span> <span class='ocrx_word' id='word_1_836' title='bbox 2696 5313 2898 5371; x_wconf 85' lang='lat' dir='ltr'>fratres</span> <span class='ocrx_word' id='word_1_837' title='bbox 2926 5317 2986 5372; x_wconf 86' lang='lat' dir='ltr'>hi</span> <span class='ocrx_word' id='word_1_838' title='bbox 3014 5324 3164 5382; x_wconf 90' lang='lat' dir='ltr'>sunt,</span> <span class='ocrx_word' id='word_1_839' title='bbox 3210 5320 3279 5375; x_wconf 91' lang='lat' dir='ltr'>de</span> <span class='ocrx_word' id='word_1_840' title='bbox 3308 5321 3529 5391; x_wconf 88' lang='lat' dir='ltr'>quibus</span> <span class='ocrx_word' id='word_1_841' title='bbox 3564 5322 3695 5378; x_wconf 87' lang='lat' dir='ltr'>dicit</span> <span class='ocrx_word' id='word_1_842' title='bbox 3715 5318 3766 5374; x_wconf 93' lang='lat' dir='ltr'>in</span> 
     </span>
    </p>
   </div>
   <div class='ocr_carea' id='block_1_58' title="bbox 486 5398 3765 5479">
    <p class='ocr_par' dir='ltr' id='par_1_58' title="bbox 486 5398 3765 5479">
     <span class='ocr_line' id='line_1_58' title="bbox 486 5398 3765 5479; baseline -0.003 -10"><span class='ocrx_word' id='word_1_843' title='bbox 486 5416 711 5469; x_wconf 67' lang='lat' dir='ltr'>aeternae</span> <span class='ocrx_word' id='word_1_844' title='bbox 724 5406 1023 5464; x_wconf 86' lang='lat' dir='ltr'>soliditatis</span> <span class='ocrx_word' id='word_1_845' title='bbox 1041 5405 1421 5478; x_wconf 89' lang='lat' dir='ltr'>perducentur</span> <span class='ocrx_word' id='word_1_846' title='bbox 1443 5420 1456 5459; x_wconf 89' lang='lat'><strong>:</strong></span> <span class='ocrx_word' id='word_1_847' title='bbox 1479 5402 1614 5474; x_wconf 90' lang='lat' dir='ltr'>quia</span> <span class='ocrx_word' id='word_1_848' title='bbox 1633 5400 1799 5473; x_wconf 90' lang='lat' dir='ltr'>positi</span> <span class='ocrx_word' id='word_1_849' title='bbox 1812 5400 1962 5456; x_wconf 90' lang='lat' dir='ltr'>inter</span> <span class='ocrx_word' id='word_1_850' title='bbox 1977 5403 2084 5457; x_wconf 86' lang='lat' dir='ltr'>flu-</span> <span class='ocrx_word' id='word_1_851' title='bbox 2169 5398 2422 5473; x_wconf 87' lang='lat' dir='ltr'>Epistola</span> <span class='ocrx_word' id='word_1_852' title='bbox 2436 5400 2506 5457; x_wconf 90' lang='lat' dir='ltr'>ad</span> <span class='ocrx_word' id='word_1_853' title='bbox 2528 5401 2756 5459; x_wconf 81' lang='lat' dir='ltr'>Galatas</span> <span class='ocrx_word' id='word_1_854' title='bbox 2776 5408 2914 5476; x_wconf 83' lang='lat' dir='ltr'>(cap.</span> <span class='ocrx_word' id='word_1_855' title='bbox 2927 5408 2999 5475; x_wconf 76' lang='grc' dir='ltr'>ιι),</span> <span class='ocrx_word' id='word_1_856' title='bbox 3013 5408 3146 5477; x_wconf 85' lang='lat' dir='ltr'>quia</span> <span class='ocrx_word' id='word_1_857' title='bbox 3164 5412 3456 5466; x_wconf 81' lang='lat' dir='ltr'>subintroi</span> <span class='ocrx_word' id='word_1_858' title='bbox 3466 5419 3635 5467; x_wconf 73' lang='lat' dir='ltr'>erunt</span> <span class='ocrx_word' id='word_1_859' title='bbox 3647 5409 3765 5479; x_wconf 77' lang='lat' dir='ltr'>falsi</span> 
     </span>
    </p>
   </div>
   <div class='ocr_carea' id='block_1_59' title="bbox 485 5490 3765 5576">
    <p class='ocr_par' dir='ltr' id='par_1_59' title="bbox 485 5490 3765 5576">
     <span class='ocr_line' id='line_1_59' title="bbox 485 5490 3765 5576; baseline -0.002 -16"><span class='ocrx_word' id='word_1_860' title='bbox 485 5507 611 5560; x_wconf 85' lang='lat' dir='ltr'>ctus</span> <span class='ocrx_word' id='word_1_861' title='bbox 639 5500 809 5573; x_wconf 83' lang='lat' dir='ltr'>hujus</span> <span class='ocrx_word' id='word_1_862' title='bbox 827 5496 1040 5563; x_wconf 69' lang='lat' dir='ltr'>saeculi,</span> <span class='ocrx_word' id='word_1_863' title='bbox 1059 5512 1174 5551; x_wconf 91' lang='lat' dir='ltr'>non</span> <span class='ocrx_word' id='word_1_864' title='bbox 1189 5493 1589 5550; x_wconf 88' lang='lat' dir='ltr'>dubitaverunt</span> <span class='ocrx_word' id='word_1_865' title='bbox 1607 5491 1666 5546; x_wconf 92' lang='lat' dir='ltr'>in</span> <span class='ocrx_word' id='word_1_866' title='bbox 1683 5491 1792 5547; x_wconf 88' lang='lat' dir='ltr'>ﬁde</span> <span class='ocrx_word' id='word_1_867' title='bbox 1817 5490 1886 5547; x_wconf 89' lang='lat' dir='ltr'>de</span> <span class='ocrx_word' id='word_1_868' title='bbox 1910 5492 2083 5547; x_wconf 87' lang='lat' dir='ltr'>mise-</span> <span class='ocrx_word' id='word_1_869' title='bbox 2164 5491 2371 5559; x_wconf 82' lang='lat' dir='ltr'>fratres</span> <span class='ocrx_word' id='word_1_870' title='bbox 2383 5494 2667 5562; x_wconf 69' lang='lat' dir='ltr'>explorare</span> <span class='ocrx_word' id='word_1_871' title='bbox 2702 5494 3007 5551; x_wconf 81' lang='lat' dir='ltr'>libertatem</span> <span class='ocrx_word' id='word_1_872' title='bbox 3026 5506 3289 5554; x_wconf 78' lang='lat' dir='ltr'>nostram.</span> <span class='ocrx_word' id='word_1_873' title='bbox 3303 5494 3383 5554; x_wconf 86' lang='lat' dir='ltr'>Hi</span> <span class='ocrx_word' id='word_1_874' title='bbox 3393 5500 3556 5557; x_wconf 90' lang='lat' dir='ltr'>enim</span> <span class='ocrx_word' id='word_1_875' title='bbox 3574 5495 3765 5576; x_wconf 88' lang='lat' dir='ltr'>partim</span> 
     </span>
    </p>
   </div>
   <div class='ocr_carea' id='block_1_60' title="bbox 475 5576 3756 5678">
    <p class='ocr_par' dir='ltr' id='par_1_60' title="bbox 475 5576 3756 5678">
     <span class='ocr_line' id='line_1_60' title="bbox 475 5576 3756 5678; baseline -0.006 -18"><span class='ocrx_word' id='word_1_876' title='bbox 475 5585 726 5660; x_wconf 73' lang='lat' dir='ltr'>ricordia</span> <span class='ocrx_word' id='word_1_877' title='bbox 749 5588 877 5675; x_wconf 49' lang='lat' dir='ltr'>Dei,</span> <span class='ocrx_word' id='word_1_878' title='bbox 899 5587 1104 5677; x_wconf 60' lang='grc' dir='ltr'>Ρξιζῃξ</span> <span class='ocrx_word' id='word_1_879' title='bbox 1142 5601 1274 5678; x_wconf 63' lang='lat' dir='ltr'>vero</span> <span class='ocrx_word' id='word_1_880' title='bbox 1304 5581 1402 5669; x_wconf 76' lang='lat' dir='ltr'>qui</span> <span class='ocrx_word' id='word_1_881' title='bbox 1443 5581 1692 5661; x_wconf 84' lang='lat' dir='ltr'>primum</span> <span class='ocrx_word' id='word_1_882' title='bbox 1721 5595 1836 5641; x_wconf 84' lang='lat' dir='ltr'>non</span> <span class='ocrx_word' id='word_1_883' title='bbox 1878 5576 2080 5642; x_wconf 83' lang='lat' dir='ltr'>infusis</span> <span class='ocrx_word' id='word_1_884' title='bbox 2164 5580 2681 5645; x_wconf 75' lang='lat' dir='ltr'>Christianierant.</span> <span class='ocrx_word' id='word_1_885' title='bbox 2706 5584 2923 5666; x_wconf 83' lang='lat' dir='ltr'>partim</span> <span class='ocrx_word' id='word_1_886' title='bbox 2966 5581 3165 5663; x_wconf 79' lang='lat' dir='ltr'>Judaei,</span> <span class='ocrx_word' id='word_1_887' title='bbox 3204 5582 3263 5648; x_wconf 90' lang='lat' dir='ltr'>in</span> <span class='ocrx_word' id='word_1_888' title='bbox 3306 5591 3526 5655; x_wconf 78' lang='lat' dir='ltr'>neutro</span> <span class='ocrx_word' id='word_1_889' title='bbox 3579 5596 3756 5653; x_wconf 63' lang='grc' dir='ltr'>ωωειι</span> 
     </span>
    </p>
   </div>
   <div class='ocr_carea' id='block_1_61' title="bbox 3680 5802 3715 5815">
    <p class='ocr_par' dir='ltr' id='par_1_61' title="bbox 3680 5802 3715 5815">
     <span class='ocr_line' id='line_1_61' title="bbox 3680 5802 3715 5815; baseline 0 0"><span class='ocrx_word' id='word_1_890' title='bbox 3680 5802 3715 5815; x_wconf 63' lang='grc' dir='ltr'><strong><em>ο,</em></strong></span> 
     </span>
    </p>
   </div>
  </div>
