  <div class='ocr_page' id='page_1' title='image "/cluster/home/n/w/nwhite01/storage/ocr_20150623/117/hvd.32044054759816/335.png"; bbox 0 0 3852 6154; ppageno 0'>
   <div class='ocr_carea' id='block_1_1' title="bbox 509 327 618 388">
    <p class='ocr_par' dir='ltr' id='par_1_1' title="bbox 509 327 618 388">
     <span class='ocr_line' id='line_1_1' title="bbox 509 327 618 388; baseline 0.009 -1"><span class='ocrx_word' id='word_1_1' title='bbox 509 327 618 388; x_wconf 80' lang='grc'>659</span> 
     </span>
    </p>
   </div>
   <div class='ocr_carea' id='block_1_2' title="bbox 923 291 3337 392">
    <p class='ocr_par' dir='ltr' id='par_1_2' title="bbox 923 291 3337 392">
     <span class='ocr_line' id='line_1_2' title="bbox 923 291 3337 392; baseline -0.002 -3"><span class='ocrx_word' id='word_1_2' title='bbox 923 331 1301 390; x_wconf 78' lang='lat' dir='ltr'>HAYMONIS</span> <span class='ocrx_word' id='word_1_3' title='bbox 1340 310 1828 391; x_wconf 77' lang='lat' dir='ltr'>HALBERSTAT.</span> <span class='ocrx_word' id='word_1_4' title='bbox 1872 334 2098 392; x_wconf 91' lang='lat' dir='ltr'>EPISC.</span> <span class='ocrx_word' id='word_1_5' title='bbox 2142 320 2300 390; x_wconf 83' lang='lat' dir='ltr'>OPP.</span> <span class='ocrx_word' id='word_1_6' title='bbox 2343 330 2529 387; x_wconf 85' lang='lat' dir='ltr'><strong>PARS</strong></span> <span class='ocrx_word' id='word_1_7' title='bbox 2562 328 2612 389; x_wconf 88' lang='grc' dir='ltr'><strong>Ι.</strong></span> <span class='ocrx_word' id='word_1_8' title='bbox 2653 357 2716 371; x_wconf 93' lang='lat'><em>-</em></span> <span class='ocrx_word' id='word_1_9' title='bbox 2761 291 3337 386; x_wconf 30' lang='lat' dir='ltr'>COMMENTaBIBL.</span> 
     </span>
    </p>
   </div>
   <div class='ocr_carea' id='block_1_3' title="bbox 3597 302 3673 393">
    <p class='ocr_par' dir='ltr' id='par_1_3' title="bbox 3597 302 3673 393">
     <span class='ocr_line' id='line_1_3' title="bbox 3597 302 3673 393; baseline 0 0"><span class='ocrx_word' id='word_1_10' title='bbox 3597 302 3673 393; x_wconf 64' lang='lat' dir='ltr'>se</span> 
     </span>
    </p>
   </div>
   <div class='ocr_carea' id='block_1_4' title="bbox 509 454 3678 534">
    <p class='ocr_par' dir='ltr' id='par_1_4' title="bbox 509 454 3678 534">
     <span class='ocr_line' id='line_1_4' title="bbox 509 454 3678 534; baseline -0.001 -19"><span class='ocrx_word' id='word_1_11' title='bbox 509 461 618 518; x_wconf 81' lang='lat' dir='ltr'>hoc</span> <span class='ocrx_word' id='word_1_12' title='bbox 639 472 862 531; x_wconf 84' lang='lat' dir='ltr'>quoque</span> <span class='ocrx_word' id='word_1_13' title='bbox 889 458 1287 531; x_wconf 83' lang='lat' dir='ltr'>omnipotentis</span> <span class='ocrx_word' id='word_1_14' title='bbox 1317 459 1421 515; x_wconf 85' lang='lat' dir='ltr'>Dei</span> <span class='ocrx_word' id='word_1_15' title='bbox 1458 464 1593 516; x_wconf 88' lang='lat' dir='ltr'>sunt</span> <span class='ocrx_word' id='word_1_16' title='bbox 1631 460 1963 530; x_wconf 78' lang='lat' dir='ltr'>imitatores,</span> <span class='ocrx_word' id='word_1_17' title='bbox 2010 462 2107 534; x_wconf 89' lang='lat' dir='ltr'>qui</span> <span class='ocrx_word' id='word_1_18' title='bbox 2125 464 2177 522; x_wconf 81' lang='grc' dir='ltr'><strong>Α</strong></span> <span class='ocrx_word' id='word_1_19' title='bbox 2262 460 2329 514; x_wconf 85' lang='lat' dir='ltr'>Et</span> <span class='ocrx_word' id='word_1_20' title='bbox 2353 474 2455 527; x_wconf 85' lang='lat' dir='ltr'>per</span> <span class='ocrx_word' id='word_1_21' title='bbox 2484 458 2805 525; x_wconf 86' lang='lat' dir='ltr'>fenestram,</span> <span class='ocrx_word' id='word_1_22' title='bbox 2835 454 3041 526; x_wconf 83' lang='lat' dir='ltr'>inquit,</span> <span class='ocrx_word' id='word_1_23' title='bbox 3075 457 3134 508; x_wconf 82' lang='lat' dir='ltr'>in</span> <span class='ocrx_word' id='word_1_24' title='bbox 3158 460 3326 524; x_wconf 80' lang='lat' dir='ltr'>sporta</span> <span class='ocrx_word' id='word_1_25' title='bbox 3350 457 3568 511; x_wconf 78' lang='lat' dir='ltr'>dimissus</span> <span class='ocrx_word' id='word_1_26' title='bbox 3588 475 3678 516; x_wconf 84' lang='lat' dir='ltr'>sum</span> 
     </span>
    </p>
   </div>
   <div class='ocr_carea' id='block_1_5' title="bbox 514 545 3681 623">
    <p class='ocr_par' dir='ltr' id='par_1_5' title="bbox 514 545 3681 623">
     <span class='ocr_line' id='line_1_5' title="bbox 514 545 3681 623; baseline 0 -18"><span class='ocrx_word' id='word_1_27' title='bbox 514 545 713 605; x_wconf 81' lang='lat' dir='ltr'>laudes</span> <span class='ocrx_word' id='word_1_28' title='bbox 743 562 873 602; x_wconf 90' lang='lat' dir='ltr'>suas</span> <span class='ocrx_word' id='word_1_29' title='bbox 894 546 1215 602; x_wconf 86' lang='lat' dir='ltr'>hominibus</span> <span class='ocrx_word' id='word_1_30' title='bbox 1232 548 1503 619; x_wconf 85' lang='lat' dir='ltr'>loquitur,</span> <span class='ocrx_word' id='word_1_31' title='bbox 1536 553 1813 621; x_wconf 85' lang='lat' dir='ltr'>quatenus</span> <span class='ocrx_word' id='word_1_32' title='bbox 1836 551 1905 605; x_wconf 88' lang='lat' dir='ltr'>ab</span> <span class='ocrx_word' id='word_1_33' title='bbox 1933 551 2112 623; x_wconf 82' lang='lat' dir='ltr'>hqmi—</span> <span class='ocrx_word' id='word_1_34' title='bbox 2187 564 2290 619; x_wconf 85' lang='lat' dir='ltr'>per</span> <span class='ocrx_word' id='word_1_35' title='bbox 2319 564 2571 613; x_wconf 87' lang='lat' dir='ltr'>murum,</span> <span class='ocrx_word' id='word_1_36' title='bbox 2606 553 2652 600; x_wconf 67' lang='lat' dir='ltr'>e‘t</span> <span class='ocrx_word' id='word_1_37' title='bbox 2677 548 2756 599; x_wconf 85' lang='lat' dir='ltr'>sic</span> <span class='ocrx_word' id='word_1_38' title='bbox 2780 548 2948 615; x_wconf 80' lang='lat' dir='ltr'>e/l‘ugi</span> <span class='ocrx_word' id='word_1_39' title='bbox 2972 561 3172 599; x_wconf 89' lang='lat' dir='ltr'>manus</span> <span class='ocrx_word' id='word_1_40' title='bbox 3199 549 3324 615; x_wconf 81' lang='lat' dir='ltr'>ejus.</span> <span class='ocrx_word' id='word_1_41' title='bbox 3350 546 3521 616; x_wconf 86' lang='lat' dir='ltr'>Sporta</span> <span class='ocrx_word' id='word_1_42' title='bbox 3534 556 3681 605; x_wconf 83' lang='lat' dir='ltr'>vasest</span> 
     </span>
    </p>
   </div>
   <div class='ocr_carea' id='block_1_6' title="bbox 518 634 2113 709">
    <p class='ocr_par' dir='ltr' id='par_1_6' title="bbox 518 634 2113 709">
     <span class='ocr_line' id='line_1_6' title="bbox 518 634 2113 709; baseline 0.002 -20"><span class='ocrx_word' id='word_1_43' title='bbox 518 634 686 697; x_wconf 87' lang='lat' dir='ltr'>nibus</span> <span class='ocrx_word' id='word_1_44' title='bbox 705 640 1061 706; x_wconf 77' lang='lat' dir='ltr'>agnoscatur.</span> <span class='ocrx_word' id='word_1_45' title='bbox 1100 636 1247 690; x_wconf 89' lang='lat' dir='ltr'>Nam</span> <span class='ocrx_word' id='word_1_46' title='bbox 1277 637 1426 691; x_wconf 88' lang='lat' dir='ltr'>Deus</span> <span class='ocrx_word' id='word_1_47' title='bbox 1456 636 1554 707; x_wconf 90' lang='lat' dir='ltr'>qui</span> <span class='ocrx_word' id='word_1_48' title='bbox 1593 653 1694 691; x_wconf 91' lang='lat' dir='ltr'>nos</span> <span class='ocrx_word' id='word_1_49' title='bbox 1722 637 1982 708; x_wconf 80' lang='lat' dir='ltr'>prohibet</span> <span class='ocrx_word' id='word_1_50' title='bbox 2012 654 2113 709; x_wconf 91' lang='lat' dir='ltr'>per</span> 
     </span>
    </p>
   </div>
   <div class='ocr_carea' id='block_1_7' title="bbox 523 723 2106 795">
    <p class='ocr_par' dir='ltr' id='par_1_7' title="bbox 523 723 2106 795">
     <span class='ocr_line' id='line_1_7' title="bbox 523 723 2106 795; baseline 0.001 -16"><span class='ocrx_word' id='word_1_51' title='bbox 523 724 868 795; x_wconf 83' lang='lat' dir='ltr'>Scripturam</span> <span class='ocrx_word' id='word_1_52' title='bbox 885 723 1075 779; x_wconf 90' lang='lat' dir='ltr'>dicens</span> <span class='ocrx_word' id='word_1_53' title='bbox 1098 742 1111 777; x_wconf 85' lang='lat'><strong>:</strong></span> <span class='ocrx_word' id='word_1_54' title='bbox 1135 725 1341 779; x_wconf 75' lang='lat' dir='ltr'>Laudat</span> <span class='ocrx_word' id='word_1_55' title='bbox 1355 730 1401 779; x_wconf 86' lang='lat' dir='ltr'>te</span> <span class='ocrx_word' id='word_1_56' title='bbox 1420 728 1638 780; x_wconf 85' lang='lat' dir='ltr'>alienus</span> <span class='ocrx_word' id='word_1_57' title='bbox 1651 731 1699 780; x_wconf 87' lang='lat' dir='ltr'>et</span> <span class='ocrx_word' id='word_1_58' title='bbox 1716 743 1826 780; x_wconf 87' lang='lat' dir='ltr'>non</span> <span class='ocrx_word' id='word_1_59' title='bbox 1843 743 1900 780; x_wconf 80' lang='lat' dir='ltr'>os</span> <span class='ocrx_word' id='word_1_60' title='bbox 1918 733 2077 781; x_wconf 87' lang='lat' dir='ltr'>tuum</span> <span class='ocrx_word' id='word_1_61' title='bbox 2095 746 2106 780; x_wconf 93' lang='lat'>:</span> 
     </span>
    </p>
   </div>
   <div class='ocr_carea' id='block_1_8' title="bbox 522 812 2116 886">
    <p class='ocr_par' dir='ltr' id='par_1_8' title="bbox 522 812 2116 886">
     <span class='ocr_line' id='line_1_8' title="bbox 522 812 2116 886; baseline 0.001 -18"><span class='ocrx_word' id='word_1_62' title='bbox 522 814 644 884; x_wconf 88' lang='lat' dir='ltr'>ipse</span> <span class='ocrx_word' id='word_1_63' title='bbox 670 828 771 884; x_wconf 88' lang='lat' dir='ltr'>per</span> <span class='ocrx_word' id='word_1_64' title='bbox 800 812 1116 884; x_wconf 87' lang='lat' dir='ltr'>Scripturas</span> <span class='ocrx_word' id='word_1_65' title='bbox 1145 830 1334 868; x_wconf 85' lang='lat' dir='ltr'>sacras</span> <span class='ocrx_word' id='word_1_66' title='bbox 1363 814 1560 869; x_wconf 88' lang='lat' dir='ltr'>laudes</span> <span class='ocrx_word' id='word_1_67' title='bbox 1589 831 1720 869; x_wconf 90' lang='lat' dir='ltr'>suas</span> <span class='ocrx_word' id='word_1_68' title='bbox 1744 815 2012 886; x_wconf 76' lang='lat' dir='ltr'>loquitur,</span> <span class='ocrx_word' id='word_1_69' title='bbox 2036 816 2116 869; x_wconf 91' lang='lat' dir='ltr'>di-</span> 
     </span>
    </p>
   </div>
   <div class='ocr_carea' id='block_1_9' title="bbox 521 900 2115 973">
    <p class='ocr_par' dir='ltr' id='par_1_9' title="bbox 521 900 2115 973">
     <span class='ocr_line' id='line_1_9' title="bbox 521 900 2115 973; baseline 0 -16"><span class='ocrx_word' id='word_1_70' title='bbox 521 916 651 957; x_wconf 87' lang='lat' dir='ltr'>cens</span> <span class='ocrx_word' id='word_1_71' title='bbox 664 900 734 956; x_wconf 89' lang='lat' dir='ltr'>ad</span> <span class='ocrx_word' id='word_1_72' title='bbox 749 901 980 973; x_wconf 78' lang='lat' dir='ltr'>Moysen</span> <span class='ocrx_word' id='word_1_73' title='bbox 1005 918 1018 955; x_wconf 87' lang='lat'><strong>:</strong></span> <span class='ocrx_word' id='word_1_74' title='bbox 1041 904 1150 971; x_wconf 85' lang='lat' dir='ltr'>Ego</span> <span class='ocrx_word' id='word_1_75' title='bbox 1167 919 1291 957; x_wconf 88' lang='lat' dir='ltr'>sum</span> <span class='ocrx_word' id='word_1_76' title='bbox 1314 904 1450 958; x_wconf 83' lang='lat' dir='ltr'>Deus</span> <span class='ocrx_word' id='word_1_77' title='bbox 1471 907 1831 972; x_wconf 80' lang='lat' dir='ltr'>onmipotens,</span> <span class='ocrx_word' id='word_1_78' title='bbox 1853 910 1901 958; x_wconf 88' lang='lat' dir='ltr'>et</span> <span class='ocrx_word' id='word_1_79' title='bbox 1919 921 2115 959; x_wconf 82' lang='lat' dir='ltr'>nomen</span> 
     </span>
    </p>
   </div>
   <div class='ocr_carea' id='block_1_10' title="bbox 520 987 2118 1065">
    <p class='ocr_par' dir='ltr' id='par_1_10' title="bbox 520 987 2118 1065">
     <span class='ocr_line' id='line_1_10' title="bbox 520 987 2118 1065; baseline -0.001 -18"><span class='ocrx_word' id='word_1_80' title='bbox 520 1006 711 1047; x_wconf 80' lang='lat' dir='ltr'>meum</span> <span class='ocrx_word' id='word_1_81' title='bbox 743 990 960 1045; x_wconf 80' lang='lat' dir='ltr'>Adona‘i</span> <span class='ocrx_word' id='word_1_82' title='bbox 1006 987 1118 1045; x_wconf 83' lang='lat' dir='ltr'>non</span> <span class='ocrx_word' id='word_1_83' title='bbox 1151 993 1399 1046; x_wconf 78' lang='lat' dir='ltr'>indicaui</span> <span class='ocrx_word' id='word_1_84' title='bbox 1437 994 1515 1047; x_wconf 88' lang='lat' dir='ltr'>eis</span> <span class='ocrx_word' id='word_1_85' title='bbox 1547 993 1735 1060; x_wconf 64' lang='lat' dir='ltr'>(Brod.</span> <span class='ocrx_word' id='word_1_86' title='bbox 1773 997 1884 1062; x_wconf 78' lang='lat' dir='ltr'>vi);</span> <span class='ocrx_word' id='word_1_87' title='bbox 1918 1000 1975 1048; x_wconf 91' lang='lat' dir='ltr'>et</span> <span class='ocrx_word' id='word_1_88' title='bbox 2018 1009 2118 1065; x_wconf 91' lang='lat' dir='ltr'>per</span> 
     </span>
    </p>
   </div>
   <div class='ocr_carea' id='block_1_11' title="bbox 520 1078 2113 1150">
    <p class='ocr_par' dir='ltr' id='par_1_11' title="bbox 520 1078 2113 1150">
     <span class='ocr_line' id='line_1_11' title="bbox 520 1078 2113 1150; baseline -0.001 -14"><span class='ocrx_word' id='word_1_89' title='bbox 520 1078 729 1136; x_wconf 80' lang='lat' dir='ltr'>Isaiam</span> <span class='ocrx_word' id='word_1_90' title='bbox 753 1097 765 1133; x_wconf 91' lang='lat'>:</span> <span class='ocrx_word' id='word_1_91' title='bbox 784 1080 923 1135; x_wconf 85' lang='lat' dir='ltr'>Ante</span> <span class='ocrx_word' id='word_1_92' title='bbox 944 1096 1028 1134; x_wconf 88' lang='lat' dir='ltr'>me</span> <span class='ocrx_word' id='word_1_93' title='bbox 1046 1096 1157 1134; x_wconf 88' lang='lat' dir='ltr'>non</span> <span class='ocrx_word' id='word_1_94' title='bbox 1170 1085 1242 1134; x_wconf 83' lang='lat' dir='ltr'>est</span> <span class='ocrx_word' id='word_1_95' title='bbox 1259 1082 1535 1147; x_wconf 85' lang='lat' dir='ltr'>formatus</span> <span class='ocrx_word' id='word_1_96' title='bbox 1548 1083 1759 1147; x_wconf 87' lang='lat' dir='ltr'>Deus,et</span> <span class='ocrx_word' id='word_1_97' title='bbox 1772 1087 1888 1150; x_wconf 87' lang='lat' dir='ltr'>post</span> <span class='ocrx_word' id='word_1_98' title='bbox 1906 1098 1990 1136; x_wconf 87' lang='lat' dir='ltr'>me</span> <span class='ocrx_word' id='word_1_99' title='bbox 2006 1097 2113 1135; x_wconf 88' lang='lat' dir='ltr'>non</span> 
     </span>
    </p>
   </div>
   <div class='ocr_carea' id='block_1_12' title="bbox 520 1169 2117 1242">
    <p class='ocr_par' dir='ltr' id='par_1_12' title="bbox 520 1169 2117 1242">
     <span class='ocr_line' id='line_1_12' title="bbox 520 1169 2117 1242; baseline 0 -18"><span class='ocrx_word' id='word_1_100' title='bbox 520 1172 632 1225; x_wconf 82' lang='lat' dir='ltr'>erit</span> <span class='ocrx_word' id='word_1_101' title='bbox 656 1171 779 1239; x_wconf 85' lang='lat' dir='ltr'>(Isa.</span> <span class='ocrx_word' id='word_1_102' title='bbox 804 1171 980 1240; x_wconf 73' lang='lat' dir='ltr'>XLIII),</span> <span class='ocrx_word' id='word_1_103' title='bbox 1000 1185 1174 1241; x_wconf 89' lang='lat' dir='ltr'>quare</span> <span class='ocrx_word' id='word_1_104' title='bbox 1196 1186 1329 1241; x_wconf 87' lang='lat' dir='ltr'>ergo</span> <span class='ocrx_word' id='word_1_105' title='bbox 1349 1170 1484 1225; x_wconf 87' lang='lat' dir='ltr'>facit</span> <span class='ocrx_word' id='word_1_106' title='bbox 1501 1171 1621 1241; x_wconf 90' lang='lat' dir='ltr'>ipse</span> <span class='ocrx_word' id='word_1_107' title='bbox 1642 1171 1789 1241; x_wconf 93' lang='lat' dir='ltr'>quod</span> <span class='ocrx_word' id='word_1_108' title='bbox 1821 1169 2117 1242; x_wconf 85' lang='lat' dir='ltr'>prohibet?</span> 
     </span>
    </p>
   </div>
   <div class='ocr_carea' id='block_1_13' title="bbox 523 1257 2113 1330">
    <p class='ocr_par' dir='ltr' id='par_1_13' title="bbox 523 1257 2113 1330">
     <span class='ocr_line' id='line_1_13' title="bbox 523 1257 2113 1330; baseline -0.001 -15"><span class='ocrx_word' id='word_1_109' title='bbox 523 1257 810 1315; x_wconf 88' lang='lat' dir='ltr'>Nimirum</span> <span class='ocrx_word' id='word_1_110' title='bbox 838 1259 889 1313; x_wconf 90' lang='lat' dir='ltr'>si</span> <span class='ocrx_word' id='word_1_111' title='bbox 917 1258 1151 1314; x_wconf 85' lang='lat' dir='ltr'>virtutes</span> <span class='ocrx_word' id='word_1_112' title='bbox 1180 1275 1313 1314; x_wconf 84' lang='lat' dir='ltr'>suas</span> <span class='ocrx_word' id='word_1_113' title='bbox 1350 1266 1409 1314; x_wconf 91' lang='lat' dir='ltr'>et</span> <span class='ocrx_word' id='word_1_114' title='bbox 1441 1260 1711 1315; x_wconf 88' lang='lat' dir='ltr'>miracula</span> <span class='ocrx_word' id='word_1_115' title='bbox 1738 1260 1857 1330; x_wconf 87' lang='lat' dir='ltr'>ipse</span> <span class='ocrx_word' id='word_1_116' title='bbox 1883 1265 2113 1324; x_wconf 87' lang='lat' dir='ltr'>taceret,</span> 
     </span>
    </p>
   </div>
   <div class='ocr_carea' id='block_1_14' title="bbox 527 1348 2114 1419">
    <p class='ocr_par' dir='ltr' id='par_1_14' title="bbox 527 1348 2114 1419">
     <span class='ocr_line' id='line_1_14' title="bbox 527 1348 2114 1419; baseline -0.001 -16"><span class='ocrx_word' id='word_1_117' title='bbox 527 1363 888 1419; x_wconf 82' lang='lat' dir='ltr'>nequaquam</span> <span class='ocrx_word' id='word_1_118' title='bbox 917 1363 1046 1402; x_wconf 90' lang='lat' dir='ltr'>eum</span> <span class='ocrx_word' id='word_1_119' title='bbox 1075 1348 1223 1402; x_wconf 90' lang='lat' dir='ltr'>ullus</span> <span class='ocrx_word' id='word_1_120' title='bbox 1255 1352 1633 1418; x_wconf 79' lang='lat' dir='ltr'>cognosceret.</span> <span class='ocrx_word' id='word_1_121' title='bbox 1674 1349 1731 1403; x_wconf 88' lang='lat' dir='ltr'>Si</span> <span class='ocrx_word' id='word_1_122' title='bbox 1761 1349 1949 1403; x_wconf 91' lang='lat' dir='ltr'>nullus</span> <span class='ocrx_word' id='word_1_123' title='bbox 1986 1365 2114 1402; x_wconf 90' lang='lat' dir='ltr'>eum</span> 
     </span>
    </p>
   </div>
   <div class='ocr_carea' id='block_1_15' title="bbox 526 1436 2117 1508">
    <p class='ocr_par' dir='ltr' id='par_1_15' title="bbox 526 1436 2117 1508">
     <span class='ocr_line' id='line_1_15' title="bbox 526 1436 2117 1508; baseline -0.001 -16"><span class='ocrx_word' id='word_1_124' title='bbox 526 1440 876 1508; x_wconf 81' lang='lat' dir='ltr'>agnosceret,</span> <span class='ocrx_word' id='word_1_125' title='bbox 892 1436 1081 1492; x_wconf 92' lang='lat' dir='ltr'>nullus</span> <span class='ocrx_word' id='word_1_126' title='bbox 1100 1440 1334 1490; x_wconf 88' lang='lat' dir='ltr'>amaret.</span> <span class='ocrx_word' id='word_1_127' title='bbox 1370 1437 1428 1491; x_wconf 89' lang='lat' dir='ltr'>Si</span> <span class='ocrx_word' id='word_1_128' title='bbox 1458 1438 1645 1491; x_wconf 89' lang='lat' dir='ltr'>nullus</span> <span class='ocrx_word' id='word_1_129' title='bbox 1675 1443 1910 1500; x_wconf 72' lang='lat' dir='ltr'>aniaret,</span> <span class='ocrx_word' id='word_1_130' title='bbox 1933 1437 2117 1491; x_wconf 90' lang='lat' dir='ltr'>nullus</span> 
     </span>
    </p>
   </div>
   <div class='ocr_carea' id='block_1_16' title="bbox 528 1524 2114 1596">
    <p class='ocr_par' dir='ltr' id='par_1_16' title="bbox 528 1524 2114 1596">
     <span class='ocr_line' id='line_1_16' title="bbox 528 1524 2114 1596; baseline -0.003 -14"><span class='ocrx_word' id='word_1_131' title='bbox 528 1525 600 1582; x_wconf 79' lang='lat' dir='ltr'>ad</span> <span class='ocrx_word' id='word_1_132' title='bbox 619 1525 788 1581; x_wconf 89' lang='lat' dir='ltr'>vitam</span> <span class='ocrx_word' id='word_1_133' title='bbox 802 1524 1038 1592; x_wconf 79' lang='lat' dir='ltr'>rediret;</span> <span class='ocrx_word' id='word_1_134' title='bbox 1055 1525 1204 1580; x_wconf 89' lang='lat' dir='ltr'>unde</span> <span class='ocrx_word' id='word_1_135' title='bbox 1213 1542 1314 1596; x_wconf 88' lang='lat' dir='ltr'>per</span> <span class='ocrx_word' id='word_1_136' title='bbox 1325 1526 1680 1580; x_wconf 87' lang='lat' dir='ltr'>Psalmistam</span> <span class='ocrx_word' id='word_1_137' title='bbox 1701 1526 1769 1579; x_wconf 93' lang='lat' dir='ltr'>de</span> <span class='ocrx_word' id='word_1_138' title='bbox 1788 1543 1853 1579; x_wconf 88' lang='lat' dir='ltr'>eo</span> <span class='ocrx_word' id='word_1_139' title='bbox 1875 1526 2080 1580; x_wconf 90' lang='lat' dir='ltr'>dicitur</span> <span class='ocrx_word' id='word_1_140' title='bbox 2103 1542 2114 1577; x_wconf 91' lang='lat'>:</span> 
     </span>
    </p>
   </div>
   <div class='ocr_carea' id='block_1_17' title="bbox 539 1615 2122 1684">
    <p class='ocr_par' dir='ltr' id='par_1_17' title="bbox 539 1615 2122 1684">
     <span class='ocr_line' id='line_1_17' title="bbox 539 1615 2122 1684; baseline -0.002 -14"><span class='ocrx_word' id='word_1_141' title='bbox 539 1615 805 1670; x_wconf 84' lang='lat' dir='ltr'>Virtutem</span> <span class='ocrx_word' id='word_1_142' title='bbox 826 1629 1297 1682; x_wconf 81' lang='lat' dir='ltr'>operumsuorum</span> <span class='ocrx_word' id='word_1_143' title='bbox 1311 1617 1677 1669; x_wconf 85' lang='lat' dir='ltr'>annuntiabit</span> <span class='ocrx_word' id='word_1_144' title='bbox 1694 1618 1894 1684; x_wconf 81' lang='lat' dir='ltr'>populo</span> <span class='ocrx_word' id='word_1_145' title='bbox 1914 1631 2042 1668; x_wconf 85' lang='lat' dir='ltr'>suo:</span> <span class='ocrx_word' id='word_1_146' title='bbox 2062 1615 2122 1669; x_wconf 85' lang='lat' dir='ltr'>Ut</span> 
     </span>
    </p>
   </div>
   <div class='ocr_carea' id='block_1_18' title="bbox 526 1702 2123 1771">
    <p class='ocr_par' dir='ltr' id='par_1_18' title="bbox 526 1702 2123 1771">
     <span class='ocr_line' id='line_1_18' title="bbox 526 1702 2123 1771; baseline -0.001 -15"><span class='ocrx_word' id='word_1_147' title='bbox 526 1702 616 1756; x_wconf 82' lang='lat' dir='ltr'>det</span> <span class='ocrx_word' id='word_1_148' title='bbox 639 1704 757 1757; x_wconf 81' lang='lat' dir='ltr'>illis</span> <span class='ocrx_word' id='word_1_149' title='bbox 785 1702 1162 1756; x_wconf 69' lang='lat' dir='ltr'>haereditatam</span> <span class='ocrx_word' id='word_1_150' title='bbox 1200 1706 1470 1771; x_wconf 82' lang='lat' dir='ltr'>gentium,</span> <span class='ocrx_word' id='word_1_151' title='bbox 1510 1719 1673 1771; x_wconf 86' lang='lat' dir='ltr'>opera</span> <span class='ocrx_word' id='word_1_152' title='bbox 1700 1720 1968 1757; x_wconf 84' lang='lat' dir='ltr'>manuum</span> <span class='ocrx_word' id='word_1_153' title='bbox 2007 1707 2123 1771; x_wconf 74' lang='lat' dir='ltr'>ejus</span> 
     </span>
    </p>
   </div>
   <div class='ocr_carea' id='block_1_19' title="bbox 2195 633 3683 708">
    <p class='ocr_par' dir='ltr' id='par_1_19' title="bbox 2195 633 3683 708">
     <span class='ocr_line' id='line_1_19' title="bbox 2195 633 3683 708; baseline -0.001 -16"><span class='ocrx_word' id='word_1_154' title='bbox 2195 654 2260 692; x_wconf 80' lang='lat' dir='ltr'>ex</span> <span class='ocrx_word' id='word_1_155' title='bbox 2282 639 2454 708; x_wconf 84' lang='lat' dir='ltr'>junco</span> <span class='ocrx_word' id='word_1_156' title='bbox 2476 641 2533 689; x_wconf 91' lang='lat' dir='ltr'>ct</span> <span class='ocrx_word' id='word_1_157' title='bbox 2560 636 2877 706; x_wconf 87' lang='lat' dir='ltr'>palmarum</span> <span class='ocrx_word' id='word_1_158' title='bbox 2907 633 3058 688; x_wconf 82' lang='lat' dir='ltr'>foliis</span> <span class='ocrx_word' id='word_1_159' title='bbox 3078 639 3379 689; x_wconf 83' lang='lat' dir='ltr'>contextum</span> <span class='ocrx_word' id='word_1_160' title='bbox 3393 636 3445 689; x_wconf 89' lang='lat' dir='ltr'>in</span> <span class='ocrx_word' id='word_1_161' title='bbox 3464 653 3554 708; x_wconf 90' lang='lat' dir='ltr'>quo</span> <span class='ocrx_word' id='word_1_162' title='bbox 3569 637 3683 691; x_wconf 83' lang='lat' dir='ltr'>deor-</span> 
     </span>
    </p>
   </div>
   <div class='ocr_carea' id='block_1_20' title="bbox 2196 722 3684 793">
    <p class='ocr_par' dir='ltr' id='par_1_20' title="bbox 2196 722 3684 793">
     <span class='ocr_line' id='line_1_20' title="bbox 2196 722 3684 793; baseline -0.003 -12"><span class='ocrx_word' id='word_1_163' title='bbox 2196 742 2321 780; x_wconf 87' lang='lat' dir='ltr'>sum</span> <span class='ocrx_word' id='word_1_164' title='bbox 2350 741 2478 780; x_wconf 92' lang='lat' dir='ltr'>cum</span> <span class='ocrx_word' id='word_1_165' title='bbox 2507 722 2733 778; x_wconf 82' lang='lat' dir='ltr'>funibus</span> <span class='ocrx_word' id='word_1_166' title='bbox 2756 722 3020 777; x_wconf 86' lang='lat' dir='ltr'>dimissus</span> <span class='ocrx_word' id='word_1_167' title='bbox 3041 728 3127 776; x_wconf 90' lang='lat' dir='ltr'>est</span> <span class='ocrx_word' id='word_1_168' title='bbox 3153 739 3247 793; x_wconf 90' lang='lat' dir='ltr'>per</span> <span class='ocrx_word' id='word_1_169' title='bbox 3271 740 3469 777; x_wconf 89' lang='lat' dir='ltr'>murum</span> <span class='ocrx_word' id='word_1_170' title='bbox 3494 740 3522 777; x_wconf 87' lang='lat' dir='ltr'>a</span> <span class='ocrx_word' id='word_1_171' title='bbox 3544 724 3684 778; x_wconf 83' lang='lat' dir='ltr'>fratri-</span> 
     </span>
    </p>
   </div>
   <div class='ocr_carea' id='block_1_21' title="bbox 2196 810 3688 882">
    <p class='ocr_par' dir='ltr' id='par_1_21' title="bbox 2196 810 3688 882">
     <span class='ocr_line' id='line_1_21' title="bbox 2196 810 3688 882; baseline -0.002 -14"><span class='ocrx_word' id='word_1_172' title='bbox 2196 813 2301 868; x_wconf 90' lang='lat' dir='ltr'>bus</span> <span class='ocrx_word' id='word_1_173' title='bbox 2320 812 2594 867; x_wconf 82' lang='lat' dir='ltr'>ﬁdelibus.</span> <span class='ocrx_word' id='word_1_174' title='bbox 2629 811 2873 876; x_wconf 76' lang='lat' dir='ltr'>Quaestio</span> <span class='ocrx_word' id='word_1_175' title='bbox 2899 816 2986 865; x_wconf 90' lang='lat' dir='ltr'>est</span> <span class='ocrx_word' id='word_1_176' title='bbox 3012 810 3070 864; x_wconf 90' lang='lat' dir='ltr'>in</span> <span class='ocrx_word' id='word_1_177' title='bbox 3099 811 3198 864; x_wconf 88' lang='lat' dir='ltr'>hoc</span> <span class='ocrx_word' id='word_1_178' title='bbox 3218 811 3326 865; x_wconf 92' lang='lat' dir='ltr'>loco</span> <span class='ocrx_word' id='word_1_179' title='bbox 3342 828 3493 882; x_wconf 89' lang='lat' dir='ltr'>quare</span> <span class='ocrx_word' id='word_1_180' title='bbox 3510 813 3688 882; x_wconf 86' lang='lat' dir='ltr'>Aposto-</span> 
     </span>
    </p>
   </div>
   <div class='ocr_carea' id='block_1_22' title="bbox 2196 899 3688 971">
    <p class='ocr_par' dir='ltr' id='par_1_22' title="bbox 2196 899 3688 971">
     <span class='ocr_line' id='line_1_22' title="bbox 2196 899 3688 971; baseline -0.003 -13"><span class='ocrx_word' id='word_1_181' title='bbox 2196 904 2287 958; x_wconf 88' lang='lat' dir='ltr'>lus</span> <span class='ocrx_word' id='word_1_182' title='bbox 2310 903 2378 956; x_wconf 87' lang='lat' dir='ltr'>de</span> <span class='ocrx_word' id='word_1_183' title='bbox 2405 903 2676 957; x_wconf 88' lang='lat' dir='ltr'>Damasco</span> <span class='ocrx_word' id='word_1_184' title='bbox 2702 899 2925 971; x_wconf 85' lang='lat' dir='ltr'>fugerit,</span> <span class='ocrx_word' id='word_1_185' title='bbox 2952 901 3049 971; x_wconf 89' lang='lat' dir='ltr'>qui</span> <span class='ocrx_word' id='word_1_186' title='bbox 3068 899 3282 953; x_wconf 88' lang='lat' dir='ltr'>dicebat</span> <span class='ocrx_word' id='word_1_187' title='bbox 3307 918 3316 953; x_wconf 90' lang='lat'>:</span> <span class='ocrx_word' id='word_1_188' title='bbox 3340 902 3436 968; x_wconf 84' lang='lat' dir='ltr'>Ego</span> <span class='ocrx_word' id='word_1_189' title='bbox 3455 917 3548 954; x_wconf 85' lang='lat' dir='ltr'>non</span> <span class='ocrx_word' id='word_1_190' title='bbox 3560 903 3688 954; x_wconf 80' lang='lat' dir='ltr'>solum</span> 
     </span>
    </p>
   </div>
   <div class='ocr_carea' id='block_1_23' title="bbox 2198 990 3694 1059">
    <p class='ocr_par' dir='ltr' id='par_1_23' title="bbox 2198 990 3694 1059">
     <span class='ocr_line' id='line_1_23' title="bbox 2198 990 3694 1059; baseline -0.003 -13"><span class='ocrx_word' id='word_1_191' title='bbox 2198 994 2430 1059; x_wconf 83' lang='lat' dir='ltr'>alligari</span> <span class='ocrx_word' id='word_1_192' title='bbox 2450 994 2509 1044; x_wconf 85' lang='lat' dir='ltr'>in</span> <span class='ocrx_word' id='word_1_193' title='bbox 2526 991 2891 1056; x_wconf 76' lang='lat' dir='ltr'>Hierusalem,</span> <span class='ocrx_word' id='word_1_194' title='bbox 2905 991 2997 1043; x_wconf 88' lang='lat' dir='ltr'>sed</span> <span class='ocrx_word' id='word_1_195' title='bbox 3019 995 3067 1042; x_wconf 88' lang='lat' dir='ltr'>et</span> <span class='ocrx_word' id='word_1_196' title='bbox 3089 994 3231 1043; x_wconf 86' lang='lat' dir='ltr'>mori</span> <span class='ocrx_word' id='word_1_197' title='bbox 3244 1006 3340 1056; x_wconf 83' lang='lat' dir='ltr'>pro</span> <span class='ocrx_word' id='word_1_198' title='bbox 3357 992 3546 1042; x_wconf 78' lang='lat' dir='ltr'>nomine</span> <span class='ocrx_word' id='word_1_199' title='bbox 3562 990 3694 1043; x_wconf 81' lang='lat' dir='ltr'>Domi-</span> 
     </span>
    </p>
   </div>
   <div class='ocr_carea' id='block_1_24' title="bbox 2201 1078 3693 1149">
    <p class='ocr_par' dir='ltr' id='par_1_24' title="bbox 2201 1078 3693 1149">
     <span class='ocr_line' id='line_1_24' title="bbox 2201 1078 3693 1149; baseline -0.003 -15"><span class='ocrx_word' id='word_1_200' title='bbox 2201 1084 2265 1134; x_wconf 79' lang='lat' dir='ltr'>ni</span> <span class='ocrx_word' id='word_1_201' title='bbox 2293 1082 2419 1134; x_wconf 88' lang='lat' dir='ltr'>Jesu</span> <span class='ocrx_word' id='word_1_202' title='bbox 2443 1085 2678 1149; x_wconf 84' lang='lat' dir='ltr'>paratus</span> <span class='ocrx_word' id='word_1_203' title='bbox 2705 1096 2831 1133; x_wconf 88' lang='lat' dir='ltr'>sum</span> <span class='ocrx_word' id='word_1_204' title='bbox 2876 1081 3009 1143; x_wconf 81' lang='lat' dir='ltr'>(Act.</span> <span class='ocrx_word' id='word_1_205' title='bbox 3041 1082 3185 1148; x_wconf 76' lang='lat' dir='ltr'>xxi);</span> <span class='ocrx_word' id='word_1_206' title='bbox 3214 1095 3329 1149; x_wconf 70' lang='lat' dir='ltr'>quae</span> <span class='ocrx_word' id='word_1_207' title='bbox 3352 1078 3445 1131; x_wconf 91' lang='lat' dir='ltr'>hoc</span> <span class='ocrx_word' id='word_1_208' title='bbox 3467 1078 3600 1130; x_wconf 89' lang='lat' dir='ltr'>modo</span> <span class='ocrx_word' id='word_1_209' title='bbox 3614 1078 3693 1131; x_wconf 82' lang='lat' dir='ltr'>sol-</span> 
     </span>
    </p>
   </div>
   <div class='ocr_carea' id='block_1_25' title="bbox 2200 1166 3695 1239">
    <p class='ocr_par' dir='ltr' id='par_1_25' title="bbox 2200 1166 3695 1239">
     <span class='ocr_line' id='line_1_25' title="bbox 2200 1166 3695 1239; baseline -0.001 -18"><span class='ocrx_word' id='word_1_210' title='bbox 2200 1169 2377 1222; x_wconf 88' lang='lat' dir='ltr'>venda</span> <span class='ocrx_word' id='word_1_211' title='bbox 2405 1175 2488 1223; x_wconf 89' lang='lat' dir='ltr'>est</span> <span class='ocrx_word' id='word_1_212' title='bbox 2523 1185 2533 1220; x_wconf 94' lang='lat'>:</span> <span class='ocrx_word' id='word_1_213' title='bbox 2567 1168 2699 1239; x_wconf 84' lang='lat' dir='ltr'>quia</span> <span class='ocrx_word' id='word_1_214' title='bbox 2728 1184 2841 1222; x_wconf 91' lang='lat' dir='ltr'>non</span> <span class='ocrx_word' id='word_1_215' title='bbox 2872 1167 2996 1221; x_wconf 89' lang='lat' dir='ltr'>ideo</span> <span class='ocrx_word' id='word_1_216' title='bbox 3026 1166 3169 1238; x_wconf 82' lang='lat' dir='ltr'>fugit</span> <span class='ocrx_word' id='word_1_217' title='bbox 3195 1172 3259 1221; x_wconf 89' lang='lat' dir='ltr'>ut</span> <span class='ocrx_word' id='word_1_218' title='bbox 3285 1166 3578 1237; x_wconf 76' lang='lat' dir='ltr'>martyrium</span> <span class='ocrx_word' id='word_1_219' title='bbox 3601 1166 3695 1220; x_wconf 89' lang='lat' dir='ltr'>hor-</span> 
     </span>
    </p>
   </div>
   <div class='ocr_carea' id='block_1_26' title="bbox 2198 1254 3696 1329">
    <p class='ocr_par' dir='ltr' id='par_1_26' title="bbox 2198 1254 3696 1329">
     <span class='ocr_line' id='line_1_26' title="bbox 2198 1254 3696 1329; baseline -0.003 -18"><span class='ocrx_word' id='word_1_220' title='bbox 2198 1264 2349 1311; x_wconf 83' lang='lat' dir='ltr'>reret</span> <span class='ocrx_word' id='word_1_221' title='bbox 2378 1257 2646 1329; x_wconf 87' lang='lat' dir='ltr'>accipere,</span> <span class='ocrx_word' id='word_1_222' title='bbox 2665 1256 2762 1309; x_wconf 89' lang='lat' dir='ltr'>sed</span> <span class='ocrx_word' id='word_1_223' title='bbox 2794 1255 2996 1309; x_wconf 90' lang='lat' dir='ltr'>maluit</span> <span class='ocrx_word' id='word_1_224' title='bbox 3010 1272 3268 1327; x_wconf 87' lang='lat' dir='ltr'>campum</span> <span class='ocrx_word' id='word_1_225' title='bbox 3291 1254 3573 1309; x_wconf 87' lang='lat' dir='ltr'>certaminis</span> <span class='ocrx_word' id='word_1_226' title='bbox 3588 1270 3696 1325; x_wconf 69' lang='lat' dir='ltr'>qua:-</span> 
     </span>
    </p>
   </div>
   <div class='ocr_carea' id='block_1_27' title="bbox 2200 1342 3700 1416">
    <p class='ocr_par' dir='ltr' id='par_1_27' title="bbox 2200 1342 3700 1416">
     <span class='ocr_line' id='line_1_27' title="bbox 2200 1342 3700 1416; baseline -0.003 -16"><span class='ocrx_word' id='word_1_227' title='bbox 2200 1363 2342 1413; x_wconf 85' lang='lat' dir='ltr'>rere,</span> <span class='ocrx_word' id='word_1_228' title='bbox 2376 1352 2434 1401; x_wconf 91' lang='lat' dir='ltr'>et</span> <span class='ocrx_word' id='word_1_229' title='bbox 2479 1345 2837 1399; x_wconf 83' lang='lat' dir='ltr'>latitudinem</span> <span class='ocrx_word' id='word_1_230' title='bbox 2873 1345 3132 1416; x_wconf 84' lang='lat' dir='ltr'>gentium</span> <span class='ocrx_word' id='word_1_231' title='bbox 3178 1349 3377 1416; x_wconf 85' lang='lat' dir='ltr'>petere,</span> <span class='ocrx_word' id='word_1_232' title='bbox 3419 1359 3562 1414; x_wconf 88' lang='lat' dir='ltr'>quam</span> <span class='ocrx_word' id='word_1_233' title='bbox 3594 1342 3700 1396; x_wconf 85' lang='lat' dir='ltr'>inter</span> 
     </span>
    </p>
   </div>
   <div class='ocr_carea' id='block_1_28' title="bbox 2200 1431 3701 1503">
    <p class='ocr_par' dir='ltr' id='par_1_28' title="bbox 2200 1431 3701 1503">
     <span class='ocr_line' id='line_1_28' title="bbox 2200 1431 3701 1503; baseline -0.003 -16"><span class='ocrx_word' id='word_1_234' title='bbox 2200 1435 2447 1488; x_wconf 79' lang='lat' dir='ltr'>claustra</span> <span class='ocrx_word' id='word_1_235' title='bbox 2475 1433 2718 1487; x_wconf 84' lang='lat' dir='ltr'>civitatis</span> <span class='ocrx_word' id='word_1_236' title='bbox 2733 1432 2932 1498; x_wconf 90' lang='lat' dir='ltr'>teneri,</span> <span class='ocrx_word' id='word_1_237' title='bbox 2956 1437 3013 1487; x_wconf 89' lang='lat' dir='ltr'>et</span> <span class='ocrx_word' id='word_1_238' title='bbox 3028 1432 3221 1499; x_wconf 89' lang='lat' dir='ltr'>occidi,</span> <span class='ocrx_word' id='word_1_239' title='bbox 3236 1433 3326 1486; x_wconf 91' lang='lat' dir='ltr'>ubi</span> <span class='ocrx_word' id='word_1_240' title='bbox 3347 1431 3572 1503; x_wconf 80' lang='lat' dir='ltr'>perpauci</span> <span class='ocrx_word' id='word_1_241' title='bbox 3584 1437 3701 1483; x_wconf 87' lang='lat' dir='ltr'>erant</span> 
     </span>
    </p>
   </div>
   <div class='ocr_carea' id='block_1_29' title="bbox 2205 1520 3703 1595">
    <p class='ocr_par' dir='ltr' id='par_1_29' title="bbox 2205 1520 3703 1595">
     <span class='ocr_line' id='line_1_29' title="bbox 2205 1520 3703 1595; baseline -0.003 -18"><span class='ocrx_word' id='word_1_242' title='bbox 2205 1524 2514 1588; x_wconf 84' lang='lat' dir='ltr'>credentes,</span> <span class='ocrx_word' id='word_1_243' title='bbox 2540 1522 2635 1594; x_wconf 90' lang='lat' dir='ltr'>qui</span> <span class='ocrx_word' id='word_1_244' title='bbox 2664 1524 2784 1592; x_wconf 86' lang='lat' dir='ltr'>ejus</span> <span class='ocrx_word' id='word_1_245' title='bbox 2806 1521 3079 1595; x_wconf 83' lang='lat' dir='ltr'>martyrio</span> <span class='ocrx_word' id='word_1_246' title='bbox 3103 1521 3560 1577; x_wconf 86' lang='lat' dir='ltr'>corroborarentur</span> <span class='ocrx_word' id='word_1_247' title='bbox 3576 1525 3619 1573; x_wconf 87' lang='lat' dir='ltr'>et</span> <span class='ocrx_word' id='word_1_248' title='bbox 3639 1520 3703 1573; x_wconf 86' lang='lat' dir='ltr'>in-</span> 
     </span>
    </p>
   </div>
   <div class='ocr_carea' id='block_1_30' title="bbox 2207 1606 3707 1682">
    <p class='ocr_par' dir='ltr' id='par_1_30' title="bbox 2207 1606 3707 1682">
     <span class='ocr_line' id='line_1_30' title="bbox 2207 1606 3707 1682; baseline -0.005 -16"><span class='ocrx_word' id='word_1_249' title='bbox 2207 1611 2605 1677; x_wconf 84' lang='lat' dir='ltr'>formarentur,</span> <span class='ocrx_word' id='word_1_250' title='bbox 2647 1616 2710 1665; x_wconf 90' lang='lat' dir='ltr'>ut</span> <span class='ocrx_word' id='word_1_251' title='bbox 2737 1610 2942 1665; x_wconf 86' lang='lat' dir='ltr'>similia</span> <span class='ocrx_word' id='word_1_252' title='bbox 2979 1611 3096 1682; x_wconf 86' lang='lat' dir='ltr'>pati</span> <span class='ocrx_word' id='word_1_253' title='bbox 3123 1627 3235 1665; x_wconf 91' lang='lat' dir='ltr'>non</span> <span class='ocrx_word' id='word_1_254' title='bbox 3260 1608 3564 1663; x_wconf 84' lang='lat' dir='ltr'>dubitarent.</span> <span class='ocrx_word' id='word_1_255' title='bbox 3590 1606 3707 1673; x_wconf 85' lang='lat' dir='ltr'>Quod</span> 
     </span>
    </p>
   </div>
   <div class='ocr_carea' id='block_1_31' title="bbox 2207 1694 3710 1773">
    <p class='ocr_par' dir='ltr' id='par_1_31' title="bbox 2207 1694 3710 1773">
     <span class='ocr_line' id='line_1_31' title="bbox 2207 1694 3710 1773; baseline -0.005 -18"><span class='ocrx_word' id='word_1_256' title='bbox 2207 1706 2401 1773; x_wconf 87' lang='lat' dir='ltr'>postea</span> <span class='ocrx_word' id='word_1_257' title='bbox 2422 1700 2675 1772; x_wconf 84' lang='lat' dir='ltr'>implevit</span> <span class='ocrx_word' id='word_1_258' title='bbox 2694 1700 2813 1771; x_wconf 90' lang='lat' dir='ltr'>ipse</span> <span class='ocrx_word' id='word_1_259' title='bbox 2830 1700 2961 1753; x_wconf 90' lang='lat' dir='ltr'>dum</span> <span class='ocrx_word' id='word_1_260' title='bbox 2981 1699 3315 1770; x_wconf 87' lang='lat' dir='ltr'>martyrium</span> <span class='ocrx_word' id='word_1_261' title='bbox 3331 1696 3610 1751; x_wconf 85' lang='lat' dir='ltr'>sustinendo</span> <span class='ocrx_word' id='word_1_262' title='bbox 3625 1694 3710 1767; x_wconf 85' lang='lat' dir='ltr'>plu-</span> 
     </span>
    </p>
   </div>
   <div class='ocr_carea' id='block_1_32' title="bbox 526 1787 3709 1877">
    <p class='ocr_par' dir='ltr' id='par_1_32' title="bbox 526 1787 3709 1877">
     <span class='ocr_line' id='line_1_32' title="bbox 526 1787 3709 1877; baseline -0.003 -32"><span class='ocrx_word' id='word_1_263' title='bbox 526 1792 734 1845; x_wconf 70' lang='lat' dir='ltr'>verilas</span> <span class='ocrx_word' id='word_1_264' title='bbox 753 1794 804 1843; x_wconf 85' lang='lat' dir='ltr'>et</span> <span class='ocrx_word' id='word_1_265' title='bbox 818 1792 1104 1859; x_wconf 83' lang='lat' dir='ltr'>judicium</span> <span class='ocrx_word' id='word_1_266' title='bbox 1129 1792 1296 1861; x_wconf 84' lang='lat' dir='ltr'>(Psat.</span> <span class='ocrx_word' id='word_1_267' title='bbox 1319 1791 1427 1859; x_wconf 83' lang='lat' dir='ltr'>cx).</span> <span class='ocrx_word' id='word_1_268' title='bbox 1445 1791 1695 1846; x_wconf 84' lang='lat' dir='ltr'>Virtutes</span> <span class='ocrx_word' id='word_1_269' title='bbox 1720 1809 1851 1862; x_wconf 81' lang='lat' dir='ltr'>ergo</span> <span class='ocrx_word' id='word_1_270' title='bbox 1873 1809 2002 1845; x_wconf 90' lang='lat' dir='ltr'>suas</span> <span class='ocrx_word' id='word_1_271' title='bbox 2028 1808 2124 1844; x_wconf 88' lang='lat' dir='ltr'>an-</span> <span class='ocrx_word' id='word_1_272' title='bbox 2141 1819 2186 1877; x_wconf 79' lang='grc' dir='ltr'><strong>Β</strong></span> <span class='ocrx_word' id='word_1_273' title='bbox 2209 1791 2253 1844; x_wconf 87' lang='lat' dir='ltr'>ri</span> <span class='ocrx_word' id='word_1_274' title='bbox 2264 1806 2383 1843; x_wconf 88' lang='lat' dir='ltr'>mos</span> <span class='ocrx_word' id='word_1_275' title='bbox 2413 1790 2481 1843; x_wconf 89' lang='lat' dir='ltr'>ad</span> <span class='ocrx_word' id='word_1_276' title='bbox 2513 1789 2618 1842; x_wconf 88' lang='lat' dir='ltr'>hoc</span> <span class='ocrx_word' id='word_1_277' title='bbox 2646 1787 2985 1842; x_wconf 80' lang='lat' dir='ltr'>informavit.</span> <span class='ocrx_word' id='word_1_278' title='bbox 3017 1787 3277 1859; x_wconf 82' lang='lat' dir='ltr'>Implevit</span> <span class='ocrx_word' id='word_1_279' title='bbox 3298 1804 3422 1858; x_wconf 85' lang='lat' dir='ltr'>ergo</span> <span class='ocrx_word' id='word_1_280' title='bbox 3447 1790 3709 1857; x_wconf 52' lang='lat' dir='ltr'>praeceptum</span> 
     </span>
    </p>
   </div>
   <div class='ocr_carea' id='block_1_33' title="bbox 520 1878 2126 1952">
    <p class='ocr_par' dir='ltr' id='par_1_33' title="bbox 520 1878 2126 1952">
     <span class='ocr_line' id='line_1_33' title="bbox 520 1878 2126 1952; baseline 0 -18"><span class='ocrx_word' id='word_1_281' title='bbox 520 1878 754 1934; x_wconf 78' lang='lat' dir='ltr'>nuntiat</span> <span class='ocrx_word' id='word_1_282' title='bbox 778 1894 890 1934; x_wconf 88' lang='lat' dir='ltr'>non</span> <span class='ocrx_word' id='word_1_283' title='bbox 917 1883 980 1934; x_wconf 90' lang='lat' dir='ltr'>ut</span> <span class='ocrx_word' id='word_1_284' title='bbox 1008 1878 1268 1934; x_wconf 87' lang='lat' dir='ltr'>laudibus</span> <span class='ocrx_word' id='word_1_285' title='bbox 1296 1878 1411 1934; x_wconf 91' lang='lat' dir='ltr'>suis</span> <span class='ocrx_word' id='word_1_286' title='bbox 1430 1880 1547 1951; x_wconf 87' lang='lat' dir='ltr'>ipse</span> <span class='ocrx_word' id='word_1_287' title='bbox 1562 1881 1837 1952; x_wconf 84' lang='lat' dir='ltr'>proﬁciat,</span> <span class='ocrx_word' id='word_1_288' title='bbox 1859 1887 1958 1935; x_wconf 89' lang='lat' dir='ltr'>aut</span> <span class='ocrx_word' id='word_1_289' title='bbox 1977 1881 2126 1935; x_wconf 91' lang='lat' dir='ltr'>indi-</span> 
     </span>
    </p>
   </div>
   <div class='ocr_carea' id='block_1_34' title="bbox 520 1967 2122 2040">
    <p class='ocr_par' dir='ltr' id='par_1_34' title="bbox 520 1967 2122 2040">
     <span class='ocr_line' id='line_1_34' title="bbox 520 1967 2122 2040; baseline 0.001 -18"><span class='ocrx_word' id='word_1_290' title='bbox 520 1972 679 2039; x_wconf 68' lang='lat' dir='ltr'>geat,</span> <span class='ocrx_word' id='word_1_291' title='bbox 712 1967 812 2022; x_wconf 84' lang='lat' dir='ltr'>sed</span> <span class='ocrx_word' id='word_1_292' title='bbox 851 1967 985 2022; x_wconf 88' lang='lat' dir='ltr'>dum</span> <span class='ocrx_word' id='word_1_293' title='bbox 1024 1984 1184 2023; x_wconf 87' lang='lat' dir='ltr'>suam</span> <span class='ocrx_word' id='word_1_294' title='bbox 1235 1967 1394 2023; x_wconf 88' lang='lat' dir='ltr'>nobis</span> <span class='ocrx_word' id='word_1_295' title='bbox 1426 1969 1869 2040; x_wconf 82' lang='lat' dir='ltr'>magnitudinem</span> <span class='ocrx_word' id='word_1_296' title='bbox 1909 1977 2122 2039; x_wconf 87' lang='lat' dir='ltr'>narrat,</span> 
     </span>
    </p>
   </div>
   <div class='ocr_carea' id='block_1_35' title="bbox 527 2056 2126 2129">
    <p class='ocr_par' dir='ltr' id='par_1_35' title="bbox 527 2056 2126 2129">
     <span class='ocr_line' id='line_1_35' title="bbox 527 2056 2126 2129; baseline 0 -16"><span class='ocrx_word' id='word_1_297' title='bbox 527 2061 780 2113; x_wconf 86' lang='lat' dir='ltr'>nostram</span> <span class='ocrx_word' id='word_1_298' title='bbox 800 2056 869 2110; x_wconf 86' lang='lat' dir='ltr'>ad</span> <span class='ocrx_word' id='word_1_299' title='bbox 888 2073 946 2111; x_wconf 90' lang='lat' dir='ltr'>se</span> <span class='ocrx_word' id='word_1_300' title='bbox 968 2056 1309 2127; x_wconf 86' lang='lat' dir='ltr'>imperitiam</span> <span class='ocrx_word' id='word_1_301' title='bbox 1332 2057 1602 2112; x_wconf 76' lang='lat' dir='ltr'>sublevat.</span> <span class='ocrx_word' id='word_1_302' title='bbox 1622 2060 1647 2112; x_wconf 80' lang='grc' dir='ltr'>,Ι</span> <span class='ocrx_word' id='word_1_303' title='bbox 1658 2061 1766 2112; x_wconf 84' lang='lat' dir='ltr'>usti</span> <span class='ocrx_word' id='word_1_304' title='bbox 1791 2059 1982 2129; x_wconf 86' lang='lat' dir='ltr'>itaque</span> <span class='ocrx_word' id='word_1_305' title='bbox 1999 2076 2126 2113; x_wconf 87' lang='lat' dir='ltr'>cum</span> 
     </span>
    </p>
   </div>
   <div class='ocr_carea' id='block_1_36' title="bbox 527 2143 2123 2216">
    <p class='ocr_par' dir='ltr' id='par_1_36' title="bbox 527 2143 2123 2216">
     <span class='ocr_line' id='line_1_36' title="bbox 527 2143 2123 2216; baseline 0.002 -17"><span class='ocrx_word' id='word_1_306' title='bbox 527 2143 764 2200; x_wconf 81' lang='lat' dir='ltr'>virtutes</span> <span class='ocrx_word' id='word_1_307' title='bbox 792 2158 923 2198; x_wconf 89' lang='lat' dir='ltr'>suas</span> <span class='ocrx_word' id='word_1_308' title='bbox 948 2144 1271 2215; x_wconf 62' lang='lat' dir='ltr'>praedicant,</span> <span class='ocrx_word' id='word_1_309' title='bbox 1307 2148 1775 2216; x_wconf 82' lang='lat' dir='ltr'>reprehensibiles</span> <span class='ocrx_word' id='word_1_310' title='bbox 1819 2164 1928 2202; x_wconf 91' lang='lat' dir='ltr'>non</span> <span class='ocrx_word' id='word_1_311' title='bbox 1972 2153 2123 2215; x_wconf 90' lang='lat' dir='ltr'>sunt,</span> 
     </span>
    </p>
   </div>
   <div class='ocr_carea' id='block_1_37' title="bbox 530 2232 2127 2304">
    <p class='ocr_par' dir='ltr' id='par_1_37' title="bbox 530 2232 2127 2304">
     <span class='ocr_line' id='line_1_37' title="bbox 530 2232 2127 2304; baseline 0.001 -16"><span class='ocrx_word' id='word_1_312' title='bbox 530 2233 665 2304; x_wconf 86' lang='lat' dir='ltr'>quia</span> <span class='ocrx_word' id='word_1_313' title='bbox 693 2232 828 2288; x_wconf 90' lang='lat' dir='ltr'>dum</span> <span class='ocrx_word' id='word_1_314' title='bbox 859 2232 1031 2287; x_wconf 88' lang='lat' dir='ltr'>vitam</span> <span class='ocrx_word' id='word_1_315' title='bbox 1066 2250 1225 2288; x_wconf 89' lang='lat' dir='ltr'>suam</span> <span class='ocrx_word' id='word_1_316' title='bbox 1255 2236 1525 2301; x_wconf 72' lang='lat' dir='ltr'>referunt,</span> <span class='ocrx_word' id='word_1_317' title='bbox 1547 2236 1784 2290; x_wconf 86' lang='lat' dir='ltr'>aliorum</span> <span class='ocrx_word' id='word_1_318' title='bbox 1819 2237 2034 2290; x_wconf 87' lang='lat' dir='ltr'>animas</span> <span class='ocrx_word' id='word_1_319' title='bbox 2056 2237 2127 2290; x_wconf 88' lang='lat' dir='ltr'>ad</span> 
     </span>
    </p>
   </div>
   <div class='ocr_carea' id='block_1_38' title="bbox 531 2319 2123 2392">
    <p class='ocr_par' dir='ltr' id='par_1_38' title="bbox 531 2319 2123 2392">
     <span class='ocr_line' id='line_1_38' title="bbox 531 2319 2123 2392; baseline 0.003 -17"><span class='ocrx_word' id='word_1_320' title='bbox 531 2319 705 2375; x_wconf 86' lang='lat' dir='ltr'>vitam</span> <span class='ocrx_word' id='word_1_321' title='bbox 749 2325 1027 2391; x_wconf 59' lang='lat' dir='ltr'>quaerunt.</span> <span class='ocrx_word' id='word_1_322' title='bbox 1079 2321 1159 2375; x_wconf 91' lang='lat' dir='ltr'>De</span> <span class='ocrx_word' id='word_1_323' title='bbox 1207 2322 1409 2392; x_wconf 90' lang='lat' dir='ltr'>quibus</span> <span class='ocrx_word' id='word_1_324' title='bbox 1455 2329 1643 2377; x_wconf 88' lang='lat' dir='ltr'>tamen</span> <span class='ocrx_word' id='word_1_325' title='bbox 1689 2324 1976 2378; x_wconf 85' lang='lat' dir='ltr'>sciendum</span> <span class='ocrx_word' id='word_1_326' title='bbox 2019 2332 2123 2391; x_wconf 86' lang='lat' dir='ltr'>est,</span> 
     </span>
    </p>
   </div>
   <div class='ocr_carea' id='block_1_39' title="bbox 520 2408 2130 2486">
    <p class='ocr_par' dir='ltr' id='par_1_39' title="bbox 520 2408 2130 2486">
     <span class='ocr_line' id='line_1_39' title="bbox 520 2408 2130 2486; baseline 0.003 -23"><span class='ocrx_word' id='word_1_327' title='bbox 520 2408 667 2480; x_wconf 80' lang='lat' dir='ltr'>-quia</span> <span class='ocrx_word' id='word_1_328' title='bbox 689 2424 981 2479; x_wconf 85' lang='lat' dir='ltr'>nunquam</span> <span class='ocrx_word' id='word_1_329' title='bbox 1000 2408 1147 2465; x_wconf 84' lang='lat' dir='ltr'>bona</span> <span class='ocrx_word' id='word_1_330' title='bbox 1165 2427 1269 2464; x_wconf 90' lang='lat' dir='ltr'>sua</span> <span class='ocrx_word' id='word_1_331' title='bbox 1288 2412 1575 2482; x_wconf 84' lang='lat' dir='ltr'>detegunt,</span> <span class='ocrx_word' id='word_1_332' title='bbox 1595 2414 1700 2466; x_wconf 87' lang='lat' dir='ltr'>nisi</span> <span class='ocrx_word' id='word_1_333' title='bbox 1715 2430 1809 2468; x_wconf 86' lang='lat' dir='ltr'>eos</span> <span class='ocrx_word' id='word_1_334' title='bbox 1826 2421 1924 2467; x_wconf 86' lang='lat' dir='ltr'>aut</span> <span class='ocrx_word' id='word_1_335' title='bbox 1950 2415 2130 2486; x_wconf 82' lang='lat' dir='ltr'>proxi-</span> 
     </span>
    </p>
   </div>
   <div class='ocr_carea' id='block_1_40' title="bbox 520 2497 2123 2574">
    <p class='ocr_par' dir='ltr' id='par_1_40' title="bbox 520 2497 2123 2574">
     <span class='ocr_line' id='line_1_40' title="bbox 520 2497 2123 2574; baseline 0.003 -21"><span class='ocrx_word' id='word_1_336' title='bbox 520 2508 755 2553; x_wconf 85' lang='lat' dir='ltr'>‘morum</span> <span class='ocrx_word' id='word_1_337' title='bbox 798 2497 1033 2564; x_wconf 89' lang='lat' dir='ltr'>utilitas,</span> <span class='ocrx_word' id='word_1_338' title='bbox 1079 2505 1178 2554; x_wconf 87' lang='lat' dir='ltr'>aut</span> <span class='ocrx_word' id='word_1_339' title='bbox 1208 2506 1357 2554; x_wconf 89' lang='lat' dir='ltr'>certe</span> <span class='ocrx_word' id='word_1_340' title='bbox 1402 2501 1576 2555; x_wconf 86' lang='lat' dir='ltr'>nimia</span> <span class='ocrx_word' id='word_1_341' title='bbox 1613 2505 1915 2557; x_wconf 82' lang='lat' dir='ltr'>necessitas</span> <span class='ocrx_word' id='word_1_342' title='bbox 1944 2512 2123 2574; x_wconf 73' lang='lat' dir='ltr'>cogat,</span> 
     </span>
    </p>
   </div>
   <div class='ocr_carea' id='block_1_41' title="bbox 530 2584 2129 2662">
    <p class='ocr_par' dir='ltr' id='par_1_41' title="bbox 530 2584 2129 2662">
     <span class='ocr_line' id='line_1_41' title="bbox 530 2584 2129 2662; baseline 0.003 -21"><span class='ocrx_word' id='word_1_343' title='bbox 530 2584 671 2641; x_wconf 82' lang='lat' dir='ltr'>sicut</span> <span class='ocrx_word' id='word_1_344' title='bbox 718 2592 854 2642; x_wconf 89' lang='lat' dir='ltr'>tunc</span> <span class='ocrx_word' id='word_1_345' title='bbox 895 2588 1226 2658; x_wconf 85' lang='lat' dir='ltr'>Apostolum</span> <span class='ocrx_word' id='word_1_346' title='bbox 1275 2591 1474 2661; x_wconf 79' lang='lat' dir='ltr'>coegit,</span> <span class='ocrx_word' id='word_1_347' title='bbox 1521 2592 1671 2646; x_wconf 88' lang='lat' dir='ltr'>unde</span> <span class='ocrx_word' id='word_1_348' title='bbox 1700 2593 1817 2662; x_wconf 81' lang='lat' dir='ltr'>ipse</span> <span class='ocrx_word' id='word_1_349' title='bbox 1856 2594 1993 2646; x_wconf 80' lang='lat' dir='ltr'>dixit</span> <span class='ocrx_word' id='word_1_350' title='bbox 2027 2595 2129 2649; x_wconf 86' lang='lat' dir='ltr'>:Si</span> 
     </span>
    </p>
   </div>
   <div class='ocr_carea' id='block_1_42' title="bbox 529 2677 2127 2751">
    <p class='ocr_par' dir='ltr' id='par_1_42' title="bbox 529 2677 2127 2751">
     <span class='ocr_line' id='line_1_42' title="bbox 529 2677 2127 2751; baseline 0.001 -19"><span class='ocrx_word' id='word_1_351' title='bbox 529 2677 771 2746; x_wconf 72' lang='lat' dir='ltr'>gloriari</span> <span class='ocrx_word' id='word_1_352' title='bbox 782 2682 1004 2745; x_wconf 77' lang='lat' dir='ltr'>oportet,</span> <span class='ocrx_word' id='word_1_353' title='bbox 1034 2682 1091 2732; x_wconf 87' lang='lat' dir='ltr'>et</span> <span class='ocrx_word' id='word_1_354' title='bbox 1110 2695 1303 2733; x_wconf 87' lang='lat' dir='ltr'>revera</span> <span class='ocrx_word' id='word_1_355' title='bbox 1332 2680 1641 2750; x_wconf 83' lang='lat' dir='ltr'>oportebat.</span> <span class='ocrx_word' id='word_1_356' title='bbox 1664 2682 1805 2751; x_wconf 84' lang='lat' dir='ltr'>Ergo</span> <span class='ocrx_word' id='word_1_357' title='bbox 1826 2682 2127 2751; x_wconf 81' lang='lat' dir='ltr'>siglorian-</span> 
     </span>
    </p>
   </div>
   <div class='ocr_carea' id='block_1_43' title="bbox 530 2764 2124 2840">
    <p class='ocr_par' dir='ltr' id='par_1_43' title="bbox 530 2764 2124 2840">
     <span class='ocr_line' id='line_1_43' title="bbox 530 2764 2124 2840; baseline 0.001 -18"><span class='ocrx_word' id='word_1_358' title='bbox 530 2764 667 2822; x_wconf 82' lang='lat' dir='ltr'>dum</span> <span class='ocrx_word' id='word_1_359' title='bbox 695 2770 781 2821; x_wconf 85' lang='lat' dir='ltr'>est</span> <span class='ocrx_word' id='word_1_360' title='bbox 810 2765 1148 2828; x_wconf 85' lang='lat' dir='ltr'>Christiano,</span> <span class='ocrx_word' id='word_1_361' title='bbox 1181 2767 1240 2822; x_wconf 91' lang='lat' dir='ltr'>in</span> <span class='ocrx_word' id='word_1_362' title='bbox 1270 2768 1588 2822; x_wconf 84' lang='lat' dir='ltr'>humilitate</span> <span class='ocrx_word' id='word_1_363' title='bbox 1630 2776 1716 2823; x_wconf 80' lang='lat' dir='ltr'>est</span> <span class='ocrx_word' id='word_1_364' title='bbox 1743 2770 2124 2840; x_wconf 80' lang='lat' dir='ltr'>gloriandum.</span> 
     </span>
    </p>
   </div>
   <div class='ocr_carea' id='block_1_44' title="bbox 602 2855 2128 2927">
    <p class='ocr_par' dir='ltr' id='par_1_44' title="bbox 602 2855 2128 2927">
     <span class='ocr_line' id='line_1_44' title="bbox 602 2855 2128 2927; baseline 0.002 -18"><span class='ocrx_word' id='word_1_365' title='bbox 602 2855 743 2909; x_wconf 85' lang='lat' dir='ltr'>Deus</span> <span class='ocrx_word' id='word_1_366' title='bbox 770 2859 819 2909; x_wconf 86' lang='lat' dir='ltr'>et</span> <span class='ocrx_word' id='word_1_367' title='bbox 844 2856 1007 2909; x_wconf 84' lang='lat' dir='ltr'>Pater</span> <span class='ocrx_word' id='word_1_368' title='bbox 1032 2856 1260 2910; x_wconf 85' lang='lat' dir='ltr'>Domini</span> <span class='ocrx_word' id='word_1_369' title='bbox 1287 2860 1466 2911; x_wconf 83' lang='lat' dir='ltr'>nostri</span> <span class='ocrx_word' id='word_1_370' title='bbox 1483 2860 1609 2912; x_wconf 80' lang='lat' dir='ltr'>Jesu</span> <span class='ocrx_word' id='word_1_371' title='bbox 1643 2859 1851 2912; x_wconf 75' lang='lat' dir='ltr'>Christi</span> <span class='ocrx_word' id='word_1_372' title='bbox 1870 2863 1969 2913; x_wconf 74' lang='lat' dir='ltr'>scit</span> <span class='ocrx_word' id='word_1_373' title='bbox 1995 2862 2128 2927; x_wconf 82' lang='lat' dir='ltr'>quia</span> 
     </span>
    </p>
   </div>
   <div class='ocr_carea' id='block_1_45' title="bbox 532 2942 2129 3018">
    <p class='ocr_par' dir='ltr' id='par_1_45' title="bbox 532 2942 2129 3018">
     <span class='ocr_line' id='line_1_45' title="bbox 532 2942 2129 3018; baseline 0 -19"><span class='ocrx_word' id='word_1_374' title='bbox 532 2958 645 2999; x_wconf 81' lang='lat' dir='ltr'>non</span> <span class='ocrx_word' id='word_1_375' title='bbox 673 2947 928 2999; x_wconf 80' lang='lat' dir='ltr'>mentior.</span> <span class='ocrx_word' id='word_1_376' title='bbox 963 2942 1224 2998; x_wconf 89' lang='lat' dir='ltr'>Dicturus</span> <span class='ocrx_word' id='word_1_377' title='bbox 1250 2962 1367 2999; x_wconf 88' lang='lat' dir='ltr'>rem</span> <span class='ocrx_word' id='word_1_378' title='bbox 1398 2962 1541 3016; x_wconf 88' lang='lat' dir='ltr'>pene</span> <span class='ocrx_word' id='word_1_379' title='bbox 1567 2946 1955 3001; x_wconf 67' lang='lat' dir='ltr'>incredibilem</span> <span class='ocrx_word' id='word_1_380' title='bbox 1983 2946 2129 3018; x_wconf 91' lang='lat' dir='ltr'>quod</span> 
     </span>
    </p>
   </div>
   <div class='ocr_carea' id='block_1_46' title="bbox 522 3031 2132 3107">
    <p class='ocr_par' dir='ltr' id='par_1_46' title="bbox 522 3031 2132 3107">
     <span class='ocr_line' id='line_1_46' title="bbox 522 3031 2132 3107; baseline 0.001 -19"><span class='ocrx_word' id='word_1_381' title='bbox 522 3031 715 3088; x_wconf 61' lang='grc' dir='ltr'>διλόωί</span> <span class='ocrx_word' id='word_1_382' title='bbox 740 3032 1013 3087; x_wconf 88' lang='lat' dir='ltr'>increduli</span> <span class='ocrx_word' id='word_1_383' title='bbox 1041 3039 1236 3089; x_wconf 86' lang='lat' dir='ltr'>contra</span> <span class='ocrx_word' id='word_1_384' title='bbox 1267 3051 1393 3090; x_wconf 89' lang='lat' dir='ltr'>eum</span> <span class='ocrx_word' id='word_1_385' title='bbox 1419 3036 1693 3107; x_wconf 81' lang='lat' dir='ltr'>principes</span> <span class='ocrx_word' id='word_1_386' title='bbox 1717 3037 1971 3107; x_wconf 86' lang='lat' dir='ltr'>gentium</span> <span class='ocrx_word' id='word_1_387' title='bbox 2004 3053 2132 3091; x_wconf 87' lang='lat' dir='ltr'>con—</span> 
     </span>
    </p>
   </div>
   <div class='ocr_carea' id='block_1_47' title="bbox 514 3120 2192 3193">
    <p class='ocr_par' dir='ltr' id='par_1_47' title="bbox 514 3120 2192 3193">
     <span class='ocr_line' id='line_1_47' title="bbox 514 3120 2192 3193; baseline 0.002 -18"><span class='ocrx_word' id='word_1_388' title='bbox 514 3120 818 3185; x_wconf 79' lang='lat' dir='ltr'>.eitassent,</span> <span class='ocrx_word' id='word_1_389' title='bbox 850 3136 1137 3191; x_wconf 82' lang='lat' dir='ltr'>regnaque</span> <span class='ocrx_word' id='word_1_390' title='bbox 1166 3129 1329 3177; x_wconf 70' lang='lat' dir='ltr'>terrae</span> <span class='ocrx_word' id='word_1_391' title='bbox 1358 3130 1553 3178; x_wconf 89' lang='lat' dir='ltr'>contra</span> <span class='ocrx_word' id='word_1_392' title='bbox 1582 3142 1708 3178; x_wconf 88' lang='lat' dir='ltr'>eum</span> <span class='ocrx_word' id='word_1_393' title='bbox 1726 3126 2130 3181; x_wconf 83' lang='lat' dir='ltr'>insurrexcrint</span> <span class='ocrx_word' id='word_1_394' title='bbox 2149 3132 2192 3193; x_wconf 75' lang='grc' dir='ltr'>Ο</span> 
     </span>
    </p>
   </div>
   <div class='ocr_carea' id='block_1_48' title="bbox 2208 1870 3712 1946">
    <p class='ocr_par' dir='ltr' id='par_1_48' title="bbox 2208 1870 3712 1946">
     <span class='ocr_line' id='line_1_48' title="bbox 2208 1870 3712 1946; baseline -0.006 -12"><span class='ocrx_word' id='word_1_395' title='bbox 2208 1877 2432 1934; x_wconf 89' lang='lat' dir='ltr'>Domini</span> <span class='ocrx_word' id='word_1_396' title='bbox 2460 1878 2694 1932; x_wconf 88' lang='lat' dir='ltr'>dicentis</span> <span class='ocrx_word' id='word_1_397' title='bbox 2728 1895 2739 1930; x_wconf 92' lang='lat'>:</span> <span class='ocrx_word' id='word_1_398' title='bbox 2774 1878 2909 1932; x_wconf 77' lang='lat' dir='ltr'>Cum</span> <span class='ocrx_word' id='word_1_399' title='bbox 2937 1894 3025 1931; x_wconf 72' lang='lat' dir='ltr'>ros</span> <span class='ocrx_word' id='word_1_400' title='bbox 3052 1870 3327 1946; x_wconf 79' lang='lat' dir='ltr'>persecuti</span> <span class='ocrx_word' id='word_1_401' title='bbox 3353 1876 3609 1944; x_wconf 81' lang='lat' dir='ltr'>fuerintin</span> <span class='ocrx_word' id='word_1_402' title='bbox 3622 1876 3712 1925; x_wconf 62' lang='lat' dir='ltr'>citi-</span> 
     </span>
    </p>
   </div>
   <div class='ocr_carea' id='block_1_49' title="bbox 2211 1966 3713 2039">
    <p class='ocr_par' dir='ltr' id='par_1_49' title="bbox 2211 1966 3713 2039">
     <span class='ocr_line' id='line_1_49' title="bbox 2211 1966 3713 2039; baseline -0.006 -18"><span class='ocrx_word' id='word_1_403' title='bbox 2211 1974 2317 2021; x_wconf 83' lang='lat' dir='ltr'>tate</span> <span class='ocrx_word' id='word_1_404' title='bbox 2341 1973 2463 2033; x_wconf 85' lang='lat' dir='ltr'>ista,</span> <span class='ocrx_word' id='word_1_405' title='bbox 2486 1970 2663 2036; x_wconf 80' lang='lat' dir='ltr'>fugite</span> <span class='ocrx_word' id='word_1_406' title='bbox 2694 1971 2753 2021; x_wconf 87' lang='lat' dir='ltr'>in</span> <span class='ocrx_word' id='word_1_407' title='bbox 2782 1970 2957 2022; x_wconf 88' lang='lat' dir='ltr'>aliam</span> <span class='ocrx_word' id='word_1_408' title='bbox 2976 1969 3198 2039; x_wconf 74' lang='lat' dir='ltr'>(Matth.</span> <span class='ocrx_word' id='word_1_409' title='bbox 3226 1966 3381 2034; x_wconf 81' lang='lat' dir='ltr'>x).Et</span> <span class='ocrx_word' id='word_1_410' title='bbox 3400 1981 3563 2019; x_wconf 71' lang='lat' dir='ltr'>revera</span> <span class='ocrx_word' id='word_1_411' title='bbox 3578 1978 3713 2016; x_wconf 81' lang='lat' dir='ltr'>scrva-</span> 
     </span>
    </p>
   </div>
   <div class='ocr_carea' id='block_1_50' title="bbox 2210 2047 3715 2128">
    <p class='ocr_par' dir='ltr' id='par_1_50' title="bbox 2210 2047 3715 2128">
     <span class='ocr_line' id='line_1_50' title="bbox 2210 2047 3715 2128; baseline -0.006 -19"><span class='ocrx_word' id='word_1_412' title='bbox 2210 2057 2288 2110; x_wconf 90' lang='lat' dir='ltr'>vit</span> <span class='ocrx_word' id='word_1_413' title='bbox 2316 2057 2528 2128; x_wconf 89' lang='lat' dir='ltr'>pariter</span> <span class='ocrx_word' id='word_1_414' title='bbox 2557 2056 2877 2127; x_wconf 83' lang='lat' dir='ltr'>exemplum</span> <span class='ocrx_word' id='word_1_415' title='bbox 2903 2055 3163 2128; x_wconf 82' lang='lat' dir='ltr'>martyrii</span> <span class='ocrx_word' id='word_1_416' title='bbox 3195 2059 3252 2109; x_wconf 89' lang='lat' dir='ltr'>et</span> <span class='ocrx_word' id='word_1_417' title='bbox 3282 2054 3554 2108; x_wconf 87' lang='lat' dir='ltr'>utilitatem</span> <span class='ocrx_word' id='word_1_418' title='bbox 3578 2047 3715 2122; x_wconf 68' lang='lat' dir='ltr'>pradi-</span> 
     </span>
    </p>
   </div>
   <div class='ocr_carea' id='block_1_51' title="bbox 2209 2142 3715 2217">
    <p class='ocr_par' dir='ltr' id='par_1_51' title="bbox 2209 2142 3715 2217">
     <span class='ocr_line' id='line_1_51' title="bbox 2209 2142 3715 2217; baseline -0.005 -18"><span class='ocrx_word' id='word_1_419' title='bbox 2209 2146 2442 2199; x_wconf 86' lang='lat' dir='ltr'>cationis</span> <span class='ocrx_word' id='word_1_420' title='bbox 2490 2162 2605 2199; x_wconf 67' lang='lat' dir='ltr'>suae</span> <span class='ocrx_word' id='word_1_421' title='bbox 2656 2161 2825 2217; x_wconf 87' lang='lat' dir='ltr'>quam</span> <span class='ocrx_word' id='word_1_422' title='bbox 2872 2151 3068 2215; x_wconf 88' lang='lat' dir='ltr'>postea</span> <span class='ocrx_word' id='word_1_423' title='bbox 3116 2143 3386 2215; x_wconf 83' lang='lat' dir='ltr'>implevit.</span> <span class='ocrx_word' id='word_1_424' title='bbox 3439 2142 3592 2210; x_wconf 83' lang='lat' dir='ltr'>Hujus</span> <span class='ocrx_word' id='word_1_425' title='bbox 3626 2153 3715 2206; x_wconf 81' lang='lat' dir='ltr'>ergo</span> 
     </span>
    </p>
   </div>
   <div class='ocr_carea' id='block_1_52' title="bbox 2211 2232 3715 2305">
    <p class='ocr_par' dir='ltr' id='par_1_52' title="bbox 2211 2232 3715 2305">
     <span class='ocr_line' id='line_1_52' title="bbox 2211 2232 3715 2305; baseline -0.006 -18"><span class='ocrx_word' id='word_1_426' title='bbox 2211 2235 2463 2305; x_wconf 77' lang='lat' dir='ltr'>exemplo</span> <span class='ocrx_word' id='word_1_427' title='bbox 2494 2232 2785 2287; x_wconf 89' lang='lat' dir='ltr'>erudimur</span> <span class='ocrx_word' id='word_1_428' title='bbox 2813 2232 3263 2286; x_wconf 87' lang='lat' dir='ltr'>adversariorum</span> <span class='ocrx_word' id='word_1_429' title='bbox 3297 2246 3521 2301; x_wconf 79' lang='lat' dir='ltr'>pugnam</span> <span class='ocrx_word' id='word_1_430' title='bbox 3548 2234 3593 2282; x_wconf 88' lang='lat' dir='ltr'>et</span> <span class='ocrx_word' id='word_1_431' title='bbox 3609 2241 3715 2280; x_wconf 86' lang='lat' dir='ltr'>cons-</span> 
     </span>
    </p>
   </div>
   <div class='ocr_carea' id='block_1_53' title="bbox 2214 2316 3716 2394">
    <p class='ocr_par' dir='ltr' id='par_1_53' title="bbox 2214 2316 3716 2394">
     <span class='ocr_line' id='line_1_53' title="bbox 2214 2316 3716 2394; baseline -0.006 -18"><span class='ocrx_word' id='word_1_432' title='bbox 2214 2329 2402 2376; x_wconf 73' lang='lat' dir='ltr'>muter</span> <span class='ocrx_word' id='word_1_433' title='bbox 2430 2329 2710 2394; x_wconf 88' lang='lat' dir='ltr'>appetere,</span> <span class='ocrx_word' id='word_1_434' title='bbox 2741 2327 2798 2375; x_wconf 92' lang='lat' dir='ltr'>et</span> <span class='ocrx_word' id='word_1_435' title='bbox 2823 2322 3131 2392; x_wconf 87' lang='lat' dir='ltr'>prudenter</span> <span class='ocrx_word' id='word_1_436' title='bbox 3160 2320 3452 2392; x_wconf 83' lang='lat' dir='ltr'>aliquando</span> <span class='ocrx_word' id='word_1_437' title='bbox 3487 2316 3716 2372; x_wconf 84' lang='lat' dir='ltr'>declinare.</span> 
     </span>
    </p>
   </div>
   <div class='ocr_carea' id='block_1_54' title="bbox 2805 2463 3214 2519">
    <p class='ocr_par' dir='ltr' id='par_1_54' title="bbox 2805 2463 3214 2519">
     <span class='ocr_line' id='line_1_54' title="bbox 2805 2463 3214 2519; baseline -0.002 -1"><span class='ocrx_word' id='word_1_438' title='bbox 2805 2463 3042 2519; x_wconf 84' lang='lat' dir='ltr'>CAPUT</span> <span class='ocrx_word' id='word_1_439' title='bbox 3085 2465 3214 2518; x_wconf 82' lang='lat' dir='ltr'>XII.</span> 
     </span>
    </p>
   </div>
   <div class='ocr_carea' id='block_1_55' title="bbox 2281 2581 3715 2659">
    <p class='ocr_par' dir='ltr' id='par_1_55' title="bbox 2281 2581 3715 2659">
     <span class='ocr_line' id='line_1_55' title="bbox 2281 2581 3715 2659; baseline -0.01 -12"><span class='ocrx_word' id='word_1_440' title='bbox 2281 2592 2345 2648; x_wconf 81' lang='lat' dir='ltr'>Si</span> <span class='ocrx_word' id='word_1_441' title='bbox 2364 2594 2606 2659; x_wconf 78' lang='lat' dir='ltr'>gloriari</span> <span class='ocrx_word' id='word_1_442' title='bbox 2628 2595 2852 2658; x_wconf 82' lang='lat' dir='ltr'>oportet,</span> <span class='ocrx_word' id='word_1_443' title='bbox 2869 2606 2983 2643; x_wconf 87' lang='lat' dir='ltr'>non</span> <span class='ocrx_word' id='word_1_444' title='bbox 2998 2590 3214 2658; x_wconf 70' lang='lat' dir='ltr'>expedit</span> <span class='ocrx_word' id='word_1_445' title='bbox 3231 2588 3459 2658; x_wconf 77' lang='lat' dir='ltr'>quidem.</span> <span class='ocrx_word' id='word_1_446' title='bbox 3485 2585 3533 2640; x_wconf 87' lang='lat' dir='ltr'>Si</span> <span class='ocrx_word' id='word_1_447' title='bbox 3549 2581 3715 2655; x_wconf 81' lang='lat' dir='ltr'>gloriari</span> 
     </span>
    </p>
   </div>
   <div class='ocr_carea' id='block_1_56' title="bbox 2210 2673 3716 2752">
    <p class='ocr_par' dir='ltr' id='par_1_56' title="bbox 2210 2673 3716 2752">
     <span class='ocr_line' id='line_1_56' title="bbox 2210 2673 3716 2752; baseline -0.007 -18"><span class='ocrx_word' id='word_1_448' title='bbox 2210 2697 2299 2734; x_wconf 87' lang='lat' dir='ltr'>me</span> <span class='ocrx_word' id='word_1_449' title='bbox 2321 2685 2539 2752; x_wconf 75' lang='lat' dir='ltr'>Oportet</span> <span class='ocrx_word' id='word_1_450' title='bbox 2561 2696 2658 2751; x_wconf 89' lang='lat' dir='ltr'>pro</span> <span class='ocrx_word' id='word_1_451' title='bbox 2665 2686 2787 2750; x_wconf 89' lang='lat' dir='ltr'>pter</span> <span class='ocrx_word' id='word_1_452' title='bbox 2806 2677 3044 2733; x_wconf 87' lang='lat' dir='ltr'>salutem</span> <span class='ocrx_word' id='word_1_453' title='bbox 3072 2678 3315 2731; x_wconf 87' lang='lat' dir='ltr'>aliorum</span> <span class='ocrx_word' id='word_1_454' title='bbox 3339 2683 3392 2730; x_wconf 88' lang='lat' dir='ltr'>et</span> <span class='ocrx_word' id='word_1_455' title='bbox 3412 2673 3716 2729; x_wconf 82' lang='lat' dir='ltr'>necessitatem</span> 
     </span>
    </p>
   </div>
   <div class='ocr_carea' id='block_1_57' title="bbox 2211 2759 3717 2841">
    <p class='ocr_par' dir='ltr' id='par_1_57' title="bbox 2211 2759 3717 2841">
     <span class='ocr_line' id='line_1_57' title="bbox 2211 2759 3717 2841; baseline -0.007 -18"><span class='ocrx_word' id='word_1_456' title='bbox 2211 2769 2610 2841; x_wconf 87' lang='lat' dir='ltr'>supradictam,</span> <span class='ocrx_word' id='word_1_457' title='bbox 2627 2785 2736 2839; x_wconf 87' lang='lat' dir='ltr'>qua</span> <span class='ocrx_word' id='word_1_458' title='bbox 2754 2768 3075 2839; x_wconf 76' lang='lat' dir='ltr'>compellor,</span> <span class='ocrx_word' id='word_1_459' title='bbox 3090 2768 3149 2820; x_wconf 89' lang='lat' dir='ltr'>in</span> <span class='ocrx_word' id='word_1_460' title='bbox 3173 2768 3279 2820; x_wconf 92' lang='lat' dir='ltr'>hoc</span> <span class='ocrx_word' id='word_1_461' title='bbox 3306 2782 3515 2838; x_wconf 84' lang='lat' dir='ltr'>possum</span> <span class='ocrx_word' id='word_1_462' title='bbox 3532 2759 3717 2832; x_wconf 78' lang='lat' dir='ltr'>gloriari,</span> 
     </span>
    </p>
   </div>
   <div class='ocr_carea' id='block_1_58' title="bbox 2214 2847 3722 2928">
    <p class='ocr_par' dir='ltr' id='par_1_58' title="bbox 2214 2847 3722 2928">
     <span class='ocr_line' id='line_1_58' title="bbox 2214 2847 3722 2928; baseline -0.009 -18"><span class='ocrx_word' id='word_1_463' title='bbox 2214 2858 2342 2928; x_wconf 84' lang='lat' dir='ltr'>quia</span> <span class='ocrx_word' id='word_1_464' title='bbox 2366 2858 2511 2911; x_wconf 85' lang='lat' dir='ltr'>evasi</span> <span class='ocrx_word' id='word_1_465' title='bbox 2535 2873 2733 2911; x_wconf 88' lang='lat' dir='ltr'>manus</span> <span class='ocrx_word' id='word_1_466' title='bbox 2748 2856 3421 2927; x_wconf 82' lang='lat' dir='ltr'>persequentiuin,tamen</span> <span class='ocrx_word' id='word_1_467' title='bbox 3438 2869 3534 2907; x_wconf 90' lang='lat' dir='ltr'>non</span> <span class='ocrx_word' id='word_1_468' title='bbox 3545 2847 3722 2920; x_wconf 79' lang='lat' dir='ltr'>expedit,</span> 
     </span>
    </p>
   </div>
   <div class='ocr_carea' id='block_1_59' title="bbox 2212 2940 3722 3015">
    <p class='ocr_par' dir='ltr' id='par_1_59' title="bbox 2212 2940 3722 3015">
     <span class='ocr_line' id='line_1_59' title="bbox 2212 2940 3722 3015; baseline -0.01 -14"><span class='ocrx_word' id='word_1_469' title='bbox 2212 2947 2268 3001; x_wconf 90' lang='lat' dir='ltr'>id</span> <span class='ocrx_word' id='word_1_470' title='bbox 2302 2954 2387 3001; x_wconf 81' lang='lat' dir='ltr'>est</span> <span class='ocrx_word' id='word_1_471' title='bbox 2415 2963 2522 2999; x_wconf 89' lang='lat' dir='ltr'>non</span> <span class='ocrx_word' id='word_1_472' title='bbox 2570 2953 2657 2999; x_wconf 83' lang='lat' dir='ltr'>est</span> <span class='ocrx_word' id='word_1_473' title='bbox 2694 2945 2833 2999; x_wconf 88' lang='lat' dir='ltr'>mihi</span> <span class='ocrx_word' id='word_1_474' title='bbox 2873 2962 3096 2999; x_wconf 81' lang='lat' dir='ltr'>necesse</span> <span class='ocrx_word' id='word_1_475' title='bbox 3134 2952 3204 2999; x_wconf 90' lang='lat' dir='ltr'>ut</span> <span class='ocrx_word' id='word_1_476' title='bbox 3229 2944 3433 3015; x_wconf 82' lang='lat' dir='ltr'>glorier</span> <span class='ocrx_word' id='word_1_477' title='bbox 3463 2959 3473 2994; x_wconf 91' lang='lat'><strong>:</strong></span> <span class='ocrx_word' id='word_1_478' title='bbox 3514 2940 3619 3011; x_wconf 85' lang='lat' dir='ltr'>quia</span> <span class='ocrx_word' id='word_1_479' title='bbox 3646 2950 3722 2989; x_wconf 87' lang='lat' dir='ltr'>non</span> 
     </span>
    </p>
   </div>
   <div class='ocr_carea' id='block_1_60' title="bbox 2214 3030 3676 3106">
    <p class='ocr_par' dir='ltr' id='par_1_60' title="bbox 2214 3030 3676 3106">
     <span class='ocr_line' id='line_1_60' title="bbox 2214 3030 3676 3106; baseline -0.01 -17"><span class='ocrx_word' id='word_1_480' title='bbox 2214 3036 2354 3106; x_wconf 87' lang='lat' dir='ltr'>elegi</span> <span class='ocrx_word' id='word_1_481' title='bbox 2370 3034 2703 3105; x_wconf 79' lang='lat' dir='ltr'>“superbiam</span> <span class='ocrx_word' id='word_1_482' title='bbox 2736 3040 2792 3087; x_wconf 91' lang='lat' dir='ltr'>et</span> <span class='ocrx_word' id='word_1_483' title='bbox 2815 3034 3172 3104; x_wconf 86' lang='lat' dir='ltr'>jactantiam,</span> <span class='ocrx_word' id='word_1_484' title='bbox 3203 3034 3304 3088; x_wconf 90' lang='lat' dir='ltr'>sed</span> <span class='ocrx_word' id='word_1_485' title='bbox 3338 3030 3676 3087; x_wconf 82' lang='lat' dir='ltr'>humilitatem.</span> 
     </span>
    </p>
   </div>
   <div class='ocr_carea' id='block_1_61' title="bbox 2296 3114 3723 3178">
    <p class='ocr_par' dir='ltr' id='par_1_61' title="bbox 2296 3114 3723 3178">
     <span class='ocr_line' id='line_1_61' title="bbox 2296 3114 3723 3178; baseline -0.004 -1"><span class='ocrx_word' id='word_1_486' title='bbox 2296 3126 2513 3178; x_wconf 78' lang='lat' dir='ltr'>Veniam</span> <span class='ocrx_word' id='word_1_487' title='bbox 2544 3129 2729 3176; x_wconf 72' lang='lat' dir='ltr'>autem</span> <span class='ocrx_word' id='word_1_488' title='bbox 2759 3126 2830 3175; x_wconf 74' lang='grc' dir='ltr'><em>αλ</em></span> <span class='ocrx_word' id='word_1_489' title='bbox 2861 3127 3089 3176; x_wconf 79' lang='lat' dir='ltr'>visiones</span> <span class='ocrx_word' id='word_1_490' title='bbox 3109 3128 3163 3176; x_wconf 84' lang='lat' dir='ltr'>et</span> <span class='ocrx_word' id='word_1_491' title='bbox 3188 3126 3524 3177; x_wconf 70' lang='lat' dir='ltr'>revelationes</span> <span class='ocrx_word' id='word_1_492' title='bbox 3544 3114 3723 3172; x_wconf 76' lang='lat' dir='ltr'>Domini.</span> 
     </span>
    </p>
   </div>
   <div class='ocr_carea' id='block_1_62' title="bbox 535 3207 3726 3281">
    <p class='ocr_par' dir='ltr' id='par_1_62' title="bbox 535 3207 3726 3281">
     <span class='ocr_line' id='line_1_62' title="bbox 535 3207 3726 3281; baseline -0.003 -18"><span class='ocrx_word' id='word_1_493' title='bbox 535 3207 790 3279; x_wconf 86' lang='lat' dir='ltr'>nihilque</span> <span class='ocrx_word' id='word_1_494' title='bbox 819 3208 870 3261; x_wconf 90' lang='lat' dir='ltr'>ei</span> <span class='ocrx_word' id='word_1_495' title='bbox 896 3209 1211 3275; x_wconf 88' lang='lat' dir='ltr'>nocuerint,</span> <span class='ocrx_word' id='word_1_496' title='bbox 1236 3210 1412 3265; x_wconf 86' lang='lat' dir='ltr'>Deum</span> <span class='ocrx_word' id='word_1_497' title='bbox 1444 3217 1643 3267; x_wconf 88' lang='lat' dir='ltr'>testem</span> <span class='ocrx_word' id='word_1_498' title='bbox 1676 3214 1915 3275; x_wconf 85' lang='lat' dir='ltr'>invocat,</span> <span class='ocrx_word' id='word_1_499' title='bbox 1946 3220 2009 3268; x_wconf 90' lang='lat' dir='ltr'>ut</span> <span class='ocrx_word' id='word_1_500' title='bbox 2044 3214 2128 3268; x_wconf 87' lang='lat' dir='ltr'>fa-</span> <span class='ocrx_word' id='word_1_501' title='bbox 2211 3211 2478 3268; x_wconf 88' lang='lat' dir='ltr'>subaudis</span> <span class='ocrx_word' id='word_1_502' title='bbox 2507 3211 2575 3277; x_wconf 82' lang='lat' dir='ltr'>de</span> <span class='ocrx_word' id='word_1_503' title='bbox 2605 3210 2807 3281; x_wconf 87' lang='lat' dir='ltr'>quibus</span> <span class='ocrx_word' id='word_1_504' title='bbox 2831 3214 3023 3281; x_wconf 87' lang='lat' dir='ltr'>potero</span> <span class='ocrx_word' id='word_1_505' title='bbox 3053 3211 3314 3281; x_wconf 82' lang='lat' dir='ltr'>gloriari.</span> <span class='ocrx_word' id='word_1_506' title='bbox 3347 3208 3576 3263; x_wconf 85' lang='lat' dir='ltr'>Visiones</span> <span class='ocrx_word' id='word_1_507' title='bbox 3598 3209 3641 3257; x_wconf 83' lang='lat' dir='ltr'>et</span> <span class='ocrx_word' id='word_1_508' title='bbox 3666 3215 3726 3254; x_wconf 81' lang='lat' dir='ltr'>re-</span> 
     </span>
    </p>
   </div>
   <div class='ocr_carea' id='block_1_63' title="bbox 536 3290 3728 3370">
    <p class='ocr_par' dir='ltr' id='par_1_63' title="bbox 536 3290 3728 3370">
     <span class='ocr_line' id='line_1_63' title="bbox 536 3290 3728 3370; baseline -0.003 -19"><span class='ocrx_word' id='word_1_509' title='bbox 536 3291 701 3351; x_wconf 75' lang='lat' dir='ltr'>cilius</span> <span class='ocrx_word' id='word_1_510' title='bbox 725 3295 1005 3353; x_wconf 87' lang='lat' dir='ltr'>credatur.</span> <span class='ocrx_word' id='word_1_511' title='bbox 1041 3295 1287 3369; x_wconf 88' lang='lat' dir='ltr'>Ideoque</span> <span class='ocrx_word' id='word_1_512' title='bbox 1316 3300 1452 3353; x_wconf 83' lang='lat' dir='ltr'>talia</span> <span class='ocrx_word' id='word_1_513' title='bbox 1490 3309 1912 3364; x_wconf 87' lang='lat' dir='ltr'>commemorat,</span> <span class='ocrx_word' id='word_1_514' title='bbox 1946 3309 2009 3357; x_wconf 90' lang='lat' dir='ltr'>ut</span> <span class='ocrx_word' id='word_1_515' title='bbox 2036 3319 2127 3356; x_wconf 87' lang='lat' dir='ltr'>os-</span> <span class='ocrx_word' id='word_1_516' title='bbox 2214 3299 2513 3353; x_wconf 88' lang='lat' dir='ltr'>velationes</span> <span class='ocrx_word' id='word_1_517' title='bbox 2541 3298 2763 3352; x_wconf 89' lang='lat' dir='ltr'>Domini</span> <span class='ocrx_word' id='word_1_518' title='bbox 2793 3297 2944 3364; x_wconf 86' lang='lat' dir='ltr'>dicit,</span> <span class='ocrx_word' id='word_1_519' title='bbox 2970 3299 3117 3370; x_wconf 92' lang='lat' dir='ltr'>quod</span> <span class='ocrx_word' id='word_1_520' title='bbox 3146 3316 3327 3354; x_wconf 90' lang='lat' dir='ltr'>unum</span> <span class='ocrx_word' id='word_1_521' title='bbox 3360 3304 3458 3361; x_wconf 85' lang='lat' dir='ltr'>est,</span> <span class='ocrx_word' id='word_1_522' title='bbox 3488 3309 3603 3365; x_wconf 87' lang='lat' dir='ltr'>quas</span> <span class='ocrx_word' id='word_1_523' title='bbox 3622 3290 3658 3343; x_wconf 82' lang='lat' dir='ltr'>ei</span> <span class='ocrx_word' id='word_1_524' title='bbox 3673 3304 3728 3340; x_wconf 81' lang='lat' dir='ltr'>os-</span> 
     </span>
    </p>
   </div>
   <div class='ocr_carea' id='block_1_64' title="bbox 536 3381 3729 3461">
    <p class='ocr_par' dir='ltr' id='par_1_64' title="bbox 536 3381 3729 3461">
     <span class='ocr_line' id='line_1_64' title="bbox 536 3381 3729 3461; baseline -0.002 -21"><span class='ocrx_word' id='word_1_525' title='bbox 536 3382 954 3454; x_wconf 84' lang='lat' dir='ltr'>tendatquanta</span> <span class='ocrx_word' id='word_1_526' title='bbox 984 3383 1251 3440; x_wconf 84' lang='lat' dir='ltr'>distantia</span> <span class='ocrx_word' id='word_1_527' title='bbox 1272 3391 1358 3440; x_wconf 88' lang='lat' dir='ltr'>est</span> <span class='ocrx_word' id='word_1_528' title='bbox 1386 3386 1534 3440; x_wconf 88' lang='lat' dir='ltr'>inter</span> <span class='ocrx_word' id='word_1_529' title='bbox 1553 3405 1710 3442; x_wconf 89' lang='lat' dir='ltr'>veros</span> <span class='ocrx_word' id='word_1_530' title='bbox 1735 3391 2015 3461; x_wconf 82' lang='lat' dir='ltr'>apostolos</span> <span class='ocrx_word' id='word_1_531' title='bbox 2035 3390 2130 3460; x_wconf 84' lang='lat' dir='ltr'>qui</span> <span class='ocrx_word' id='word_1_532' title='bbox 2213 3389 2393 3441; x_wconf 86' lang='lat' dir='ltr'>tendit</span> <span class='ocrx_word' id='word_1_533' title='bbox 2424 3387 2724 3444; x_wconf 86' lang='lat' dir='ltr'>Dominus.</span> <span class='ocrx_word' id='word_1_534' title='bbox 2778 3389 2939 3441; x_wconf 87' lang='lat' dir='ltr'>Nunc</span> <span class='ocrx_word' id='word_1_535' title='bbox 2968 3388 3025 3441; x_wconf 90' lang='lat' dir='ltr'>in</span> <span class='ocrx_word' id='word_1_536' title='bbox 3052 3387 3420 3459; x_wconf 86' lang='lat' dir='ltr'>sequentibus</span> <span class='ocrx_word' id='word_1_537' title='bbox 3447 3384 3654 3438; x_wconf 87' lang='lat' dir='ltr'>dicturus</span> <span class='ocrx_word' id='word_1_538' title='bbox 3674 3381 3729 3429; x_wconf 74' lang='lat' dir='ltr'>est</span> 
     </span>
    </p>
   </div>
   <div class='ocr_carea' id='block_1_65' title="bbox 537 3470 2130 3546">
    <p class='ocr_par' dir='ltr' id='par_1_65' title="bbox 537 3470 2130 3546">
     <span class='ocr_line' id='line_1_65' title="bbox 537 3470 2130 3546; baseline 0.001 -19"><span class='ocrx_word' id='word_1_539' title='bbox 537 3476 699 3528; x_wconf 83' lang='lat' dir='ltr'>tanta</span> <span class='ocrx_word' id='word_1_540' title='bbox 716 3488 815 3543; x_wconf 88' lang='lat' dir='ltr'>pro</span> <span class='ocrx_word' id='word_1_541' title='bbox 850 3470 943 3526; x_wconf 88' lang='lat' dir='ltr'>Dei</span> <span class='ocrx_word' id='word_1_542' title='bbox 966 3488 1157 3526; x_wconf 88' lang='lat' dir='ltr'>amore</span> <span class='ocrx_word' id='word_1_543' title='bbox 1177 3474 1548 3541; x_wconf 82' lang='lat' dir='ltr'>sustinebant,</span> <span class='ocrx_word' id='word_1_544' title='bbox 1567 3483 1879 3546; x_wconf 81' lang='lat' dir='ltr'>quaerentes</span> <span class='ocrx_word' id='word_1_545' title='bbox 1895 3478 2130 3531; x_wconf 84' lang='lat' dir='ltr'>salutem</span> 
     </span>
    </p>
   </div>
   <div class='ocr_carea' id='block_1_66' title="bbox 539 3560 2135 3634">
    <p class='ocr_par' dir='ltr' id='par_1_66' title="bbox 539 3560 2135 3634">
     <span class='ocr_line' id='line_1_66' title="bbox 539 3560 2135 3634; baseline 0.003 -19"><span class='ocrx_word' id='word_1_546' title='bbox 539 3560 884 3624; x_wconf 77' lang='lat' dir='ltr'>auditorum,</span> <span class='ocrx_word' id='word_1_547' title='bbox 927 3566 985 3615; x_wconf 91' lang='lat' dir='ltr'>et</span> <span class='ocrx_word' id='word_1_548' title='bbox 1020 3562 1517 3632; x_wconf 88' lang='lat' dir='ltr'>pseudoapostolos</span> <span class='ocrx_word' id='word_1_549' title='bbox 1559 3565 1654 3634; x_wconf 88' lang='lat' dir='ltr'>qui</span> <span class='ocrx_word' id='word_1_550' title='bbox 1693 3566 1976 3619; x_wconf 81' lang='lat' dir='ltr'>auditores</span> <span class='ocrx_word' id='word_1_551' title='bbox 2006 3583 2135 3620; x_wconf 91' lang='lat' dir='ltr'>suos</span> 
     </span>
    </p>
   </div>
   <div class='ocr_carea' id='block_1_67' title="bbox 540 3649 1970 3722">
    <p class='ocr_par' dir='ltr' id='par_1_67' title="bbox 540 3649 1970 3722">
     <span class='ocr_line' id='line_1_67' title="bbox 540 3649 1970 3722; baseline 0.001 -19"><span class='ocrx_word' id='word_1_552' title='bbox 540 3649 942 3721; x_wconf 81' lang='lat' dir='ltr'>exspoliabant,</span> <span class='ocrx_word' id='word_1_553' title='bbox 976 3666 1086 3705; x_wconf 91' lang='lat' dir='ltr'>non</span> <span class='ocrx_word' id='word_1_554' title='bbox 1118 3657 1432 3722; x_wconf 88' lang='lat' dir='ltr'>quaerentes</span> <span class='ocrx_word' id='word_1_555' title='bbox 1455 3654 1694 3708; x_wconf 84' lang='lat' dir='ltr'>salutem</span> <span class='ocrx_word' id='word_1_556' title='bbox 1727 3654 1970 3708; x_wconf 89' lang='lat' dir='ltr'>illorum.</span> 
     </span>
    </p>
   </div>
   <div class='ocr_carea' id='block_1_68' title="bbox 611 3740 2135 3810">
    <p class='ocr_par' dir='ltr' id='par_1_68' title="bbox 611 3740 2135 3810">
     <span class='ocr_line' id='line_1_68' title="bbox 611 3740 2135 3810; baseline 0.001 -16"><span class='ocrx_word' id='word_1_557' title='bbox 611 3740 868 3794; x_wconf 83' lang='lat' dir='ltr'>Damasci</span> <span class='ocrx_word' id='word_1_558' title='bbox 894 3744 1214 3809; x_wconf 67' lang='lat' dir='ltr'>praepositus</span> <span class='ocrx_word' id='word_1_559' title='bbox 1233 3744 1600 3809; x_wconf 68' lang='lat' dir='ltr'>gentis.41‘et.n</span> <span class='ocrx_word' id='word_1_560' title='bbox 1632 3746 1773 3810; x_wconf 82' lang='lat' dir='ltr'>regis</span> <span class='ocrx_word' id='word_1_561' title='bbox 1806 3746 2135 3797; x_wconf 62' lang='lat' dir='ltr'>custodiebat</span> 
     </span>
    </p>
   </div>
   <div class='ocr_carea' id='block_1_69' title="bbox 542 3828 2138 3899">
    <p class='ocr_par' dir='ltr' id='par_1_69' title="bbox 542 3828 2138 3899">
     <span class='ocr_line' id='line_1_69' title="bbox 542 3828 2138 3899; baseline 0.001 -16"><span class='ocrx_word' id='word_1_562' title='bbox 542 3828 817 3883; x_wconf 83' lang='lat' dir='ltr'>civitatem</span> <span class='ocrx_word' id='word_1_563' title='bbox 840 3829 1300 3883; x_wconf 83' lang='lat' dir='ltr'>Damascenorum</span> <span class='ocrx_word' id='word_1_564' title='bbox 1335 3836 1392 3883; x_wconf 84' lang='lat' dir='ltr'>ut</span> <span class='ocrx_word' id='word_1_565' title='bbox 1417 3847 1500 3883; x_wconf 86' lang='lat' dir='ltr'>me</span> <span class='ocrx_word' id='word_1_566' title='bbox 1521 3832 2008 3899; x_wconf 74' lang='lat' dir='ltr'>comprehenderet.</span> <span class='ocrx_word' id='word_1_567' title='bbox 2038 3833 2138 3885; x_wconf 85' lang='lat' dir='ltr'>Da-</span> 
     </span>
    </p>
   </div>
   <div class='ocr_carea' id='block_1_70' title="bbox 512 3914 2140 3990">
    <p class='ocr_par' dir='ltr' id='par_1_70' title="bbox 512 3914 2140 3990">
     <span class='ocr_line' id='line_1_70' title="bbox 512 3914 2140 3990; baseline 0.005 -25"><span class='ocrx_word' id='word_1_568' title='bbox 512 3931 765 3971; x_wconf 82' lang='lat' dir='ltr'>.-mascus</span> <span class='ocrx_word' id='word_1_569' title='bbox 790 3914 983 3970; x_wconf 87' lang='lat' dir='ltr'>civitas</span> <span class='ocrx_word' id='word_1_570' title='bbox 1013 3922 1095 3971; x_wconf 86' lang='lat' dir='ltr'>est</span> <span class='ocrx_word' id='word_1_571' title='bbox 1130 3919 1453 3988; x_wconf 88' lang='lat' dir='ltr'>metropolis</span> <span class='ocrx_word' id='word_1_572' title='bbox 1487 3920 1680 3990; x_wconf 71' lang='lat' dir='ltr'>Syriae,</span> <span class='ocrx_word' id='word_1_573' title='bbox 1714 3937 1879 3990; x_wconf 86' lang='lat' dir='ltr'>quam</span> <span class='ocrx_word' id='word_1_574' title='bbox 1904 3921 2140 3973; x_wconf 61' lang='lat' dir='ltr'>aediﬁca-</span> 
     </span>
    </p>
   </div>
   <div class='ocr_carea' id='block_1_71' title="bbox 544 4002 2143 4080">
    <p class='ocr_par' dir='ltr' id='par_1_71' title="bbox 544 4002 2143 4080">
     <span class='ocr_line' id='line_1_71' title="bbox 544 4002 2143 4080; baseline 0.004 -23"><span class='ocrx_word' id='word_1_575' title='bbox 544 4003 624 4060; x_wconf 84' lang='lat' dir='ltr'>vit</span> <span class='ocrx_word' id='word_1_576' title='bbox 649 4002 956 4060; x_wconf 87' lang='lat' dir='ltr'>Damascus</span> <span class='ocrx_word' id='word_1_577' title='bbox 982 4006 1211 4073; x_wconf 89' lang='lat' dir='ltr'>Eliezer,</span> <span class='ocrx_word' id='word_1_578' title='bbox 1242 4023 1436 4062; x_wconf 86' lang='lat' dir='ltr'>servus</span> <span class='ocrx_word' id='word_1_579' title='bbox 1457 4008 1709 4073; x_wconf 70' lang='lat' dir='ltr'>Abrahre,</span> <span class='ocrx_word' id='word_1_580' title='bbox 1735 4017 1790 4063; x_wconf 84' lang='lat' dir='ltr'>et</span> <span class='ocrx_word' id='word_1_581' title='bbox 1811 4010 2143 4080; x_wconf 82' lang='lat' dir='ltr'>interpreta-</span> 
     </span>
    </p>
   </div>
   <div class='ocr_carea' id='block_1_72' title="bbox 501 4094 2140 4169">
    <p class='ocr_par' dir='ltr' id='par_1_72' title="bbox 501 4094 2140 4169">
     <span class='ocr_line' id='line_1_72' title="bbox 501 4094 2140 4169; baseline 0.001 -20"><span class='ocrx_word' id='word_1_582' title='bbox 501 4148 506 4154; x_wconf 65' lang='grc'><em>,</em></span> <span class='ocrx_word' id='word_1_583' title='bbox 545 4097 642 4149; x_wconf 86' lang='lat' dir='ltr'>tur</span> <span class='ocrx_word' id='word_1_584' title='bbox 668 4094 975 4148; x_wconf 78' lang='lat' dir='ltr'>Damascus</span> <span class='ocrx_word' id='word_1_585' title='bbox 996 4096 1328 4165; x_wconf 83' lang='lat' dir='ltr'>sanguinem</span> <span class='ocrx_word' id='word_1_586' title='bbox 1360 4096 1573 4169; x_wconf 82' lang='lat' dir='ltr'>bibens,</span> <span class='ocrx_word' id='word_1_587' title='bbox 1598 4099 1743 4168; x_wconf 84' lang='lat' dir='ltr'>quod</span> <span class='ocrx_word' id='word_1_588' title='bbox 1778 4098 1916 4152; x_wconf 83' lang='lat' dir='ltr'>bene</span> <span class='ocrx_word' id='word_1_589' title='bbox 1941 4114 2140 4152; x_wconf 90' lang='lat' dir='ltr'>conve-</span> 
     </span>
    </p>
   </div>
   <div class='ocr_carea' id='block_1_73' title="bbox 2216 3470 3731 3549">
    <p class='ocr_par' dir='ltr' id='par_1_73' title="bbox 2216 3470 3731 3549">
     <span class='ocr_line' id='line_1_73' title="bbox 2216 3470 3731 3549; baseline -0.008 -16"><span class='ocrx_word' id='word_1_590' title='bbox 2216 3494 2325 3549; x_wconf 89' lang='lat' dir='ltr'>quo</span> <span class='ocrx_word' id='word_1_591' title='bbox 2356 3477 2431 3530; x_wconf 85' lang='lat' dir='ltr'>sit</span> <span class='ocrx_word' id='word_1_592' title='bbox 2468 3477 2733 3537; x_wconf 79' lang='lat' dir='ltr'>elevatus,</span> <span class='ocrx_word' id='word_1_593' title='bbox 2782 3483 2846 3529; x_wconf 91' lang='lat' dir='ltr'>ut</span> <span class='ocrx_word' id='word_1_594' title='bbox 2889 3493 2989 3546; x_wconf 90' lang='lat' dir='ltr'>per</span> <span class='ocrx_word' id='word_1_595' title='bbox 3034 3476 3141 3529; x_wconf 89' lang='lat' dir='ltr'>hoc</span> <span class='ocrx_word' id='word_1_596' title='bbox 3192 3475 3465 3546; x_wconf 86' lang='lat' dir='ltr'>possimus</span> <span class='ocrx_word' id='word_1_597' title='bbox 3494 3470 3731 3537; x_wconf 79' lang='lat' dir='ltr'>intelligere</span> 
     </span>
    </p>
   </div>
   <div class='ocr_carea' id='block_1_74' title="bbox 2218 3555 3731 3637">
    <p class='ocr_par' dir='ltr' id='par_1_74' title="bbox 2218 3555 3731 3637">
     <span class='ocr_line' id='line_1_74' title="bbox 2218 3555 3731 3637; baseline -0.01 -17"><span class='ocrx_word' id='word_1_598' title='bbox 2218 3574 2428 3637; x_wconf 89' lang='lat' dir='ltr'>quanta</span> <span class='ocrx_word' id='word_1_599' title='bbox 2452 3572 2507 3619; x_wconf 84' lang='lat' dir='ltr'>et</span> <span class='ocrx_word' id='word_1_600' title='bbox 2536 3565 2720 3635; x_wconf 87' lang='lat' dir='ltr'>qualia</span> <span class='ocrx_word' id='word_1_601' title='bbox 2766 3564 2815 3618; x_wconf 90' lang='lat' dir='ltr'>ei</span> <span class='ocrx_word' id='word_1_602' title='bbox 2856 3571 3082 3618; x_wconf 88' lang='lat' dir='ltr'>ostensa</span> <span class='ocrx_word' id='word_1_603' title='bbox 3111 3571 3172 3619; x_wconf 86' lang='lat' dir='ltr'>ct</span> <span class='ocrx_word' id='word_1_604' title='bbox 3200 3566 3353 3619; x_wconf 87' lang='lat' dir='ltr'>dicta</span> <span class='ocrx_word' id='word_1_605' title='bbox 3382 3569 3536 3617; x_wconf 88' lang='lat' dir='ltr'>sunt:</span> <span class='ocrx_word' id='word_1_606' title='bbox 3560 3575 3617 3613; x_wconf 86' lang='lat' dir='ltr'>ne</span> <span class='ocrx_word' id='word_1_607' title='bbox 3633 3555 3731 3609; x_wconf 78' lang='lat' dir='ltr'>sicut</span> 
     </span>
    </p>
   </div>
   <div class='ocr_carea' id='block_1_75' title="bbox 2218 3646 3734 3726">
    <p class='ocr_par' dir='ltr' id='par_1_75' title="bbox 2218 3646 3734 3726">
     <span class='ocr_line' id='line_1_75' title="bbox 2218 3646 3734 3726; baseline -0.007 -18"><span class='ocrx_word' id='word_1_608' title='bbox 2218 3654 2698 3726; x_wconf 88' lang='lat' dir='ltr'>pseudoapostolis</span> <span class='ocrx_word' id='word_1_609' title='bbox 2724 3654 2960 3724; x_wconf 89' lang='lat' dir='ltr'>aliisque</span> <span class='ocrx_word' id='word_1_610' title='bbox 2982 3654 3289 3708; x_wconf 88' lang='lat' dir='ltr'>incredulis</span> <span class='ocrx_word' id='word_1_611' title='bbox 3310 3653 3591 3711; x_wconf 85' lang='lat' dir='ltr'>videbatur,</span> <span class='ocrx_word' id='word_1_612' title='bbox 3608 3646 3734 3698; x_wconf 75' lang='lat' dir='ltr'>minor</span> 
     </span>
    </p>
   </div>
   <div class='ocr_carea' id='block_1_76' title="bbox 2218 3735 3731 3813">
    <p class='ocr_par' dir='ltr' id='par_1_76' title="bbox 2218 3735 3731 3813">
     <span class='ocr_line' id='line_1_76' title="bbox 2218 3735 3731 3813; baseline -0.009 -16"><span class='ocrx_word' id='word_1_613' title='bbox 2218 3743 2436 3797; x_wconf 73' lang='lat' dir='ltr'>caeteris</span> <span class='ocrx_word' id='word_1_614' title='bbox 2466 3742 2729 3813; x_wconf 88' lang='lat' dir='ltr'>apostolis</span> <span class='ocrx_word' id='word_1_615' title='bbox 2758 3742 2815 3795; x_wconf 90' lang='lat' dir='ltr'>in</span> <span class='ocrx_word' id='word_1_616' title='bbox 2843 3742 3031 3813; x_wconf 85' lang='lat' dir='ltr'>gratia</span> <span class='ocrx_word' id='word_1_617' title='bbox 3055 3744 3403 3807; x_wconf 85' lang='lat' dir='ltr'>crederetur,</span> <span class='ocrx_word' id='word_1_618' title='bbox 3436 3735 3647 3811; x_wconf 77' lang='lat' dir='ltr'>quamvis</span> <span class='ocrx_word' id='word_1_619' title='bbox 3665 3747 3731 3784; x_wconf 82' lang='lat' dir='ltr'>no-</span> 
     </span>
    </p>
   </div>
   <div class='ocr_carea' id='block_1_77' title="bbox 2222 3820 3736 3902">
    <p class='ocr_par' dir='ltr' id='par_1_77' title="bbox 2222 3820 3736 3902">
     <span class='ocr_line' id='line_1_77' title="bbox 2222 3820 3736 3902; baseline -0.005 -19"><span class='ocrx_word' id='word_1_620' title='bbox 2222 3831 2478 3885; x_wconf 87' lang='lat' dir='ltr'>vissimus</span> <span class='ocrx_word' id='word_1_621' title='bbox 2524 3832 2599 3885; x_wconf 91' lang='lat' dir='ltr'>sit</span> <span class='ocrx_word' id='word_1_622' title='bbox 2639 3836 2885 3895; x_wconf 88' lang='lat' dir='ltr'>vocatus,</span> <span class='ocrx_word' id='word_1_623' title='bbox 2941 3837 2997 3885; x_wconf 88' lang='lat' dir='ltr'>et</span> <span class='ocrx_word' id='word_1_624' title='bbox 3042 3831 3353 3887; x_wconf 89' lang='lat' dir='ltr'>Dominum</span> <span class='ocrx_word' id='word_1_625' title='bbox 3394 3837 3673 3902; x_wconf 65' lang='lat' dir='ltr'>praesentem</span> <span class='ocrx_word' id='word_1_626' title='bbox 3699 3820 3736 3871; x_wconf 86' lang='lat' dir='ltr'>in</span> 
     </span>
    </p>
   </div>
   <div class='ocr_carea' id='block_1_78' title="bbox 2221 3918 2781 3974">
    <p class='ocr_par' dir='ltr' id='par_1_78' title="bbox 2221 3918 2781 3974">
     <span class='ocr_line' id='line_1_78' title="bbox 2221 3918 2781 3974; baseline -0.007 0"><span class='ocrx_word' id='word_1_627' title='bbox 2221 3936 2387 3974; x_wconf 89' lang='lat' dir='ltr'>carne</span> <span class='ocrx_word' id='word_1_628' title='bbox 2427 3936 2537 3974; x_wconf 90' lang='lat' dir='ltr'>non</span> <span class='ocrx_word' id='word_1_629' title='bbox 2565 3918 2781 3973; x_wconf 86' lang='lat' dir='ltr'>viderit.</span> 
     </span>
    </p>
   </div>
   <div class='ocr_carea' id='block_1_79' title="bbox 2281 3999 3737 4076">
    <p class='ocr_par' dir='ltr' id='par_1_79' title="bbox 2281 3999 3737 4076">
     <span class='ocr_line' id='line_1_79' title="bbox 2281 3999 3737 4076; baseline -0.009 -13"><span class='ocrx_word' id='word_1_630' title='bbox 2281 4009 2400 4063; x_wconf 76' lang='lat' dir='ltr'>Scio</span> <span class='ocrx_word' id='word_1_631' title='bbox 2422 4008 2695 4061; x_wconf 82' lang='lat' dir='ltr'>hominem</span> <span class='ocrx_word' id='word_1_632' title='bbox 2720 4011 2780 4061; x_wconf 83' lang='lat' dir='ltr'>in</span> <span class='ocrx_word' id='word_1_633' title='bbox 2803 4008 3016 4063; x_wconf 80' lang='lat' dir='ltr'>Christo</span> <span class='ocrx_word' id='word_1_634' title='bbox 3036 4012 3164 4061; x_wconf 85' lang='lat' dir='ltr'>ante</span> <span class='ocrx_word' id='word_1_635' title='bbox 3193 4024 3378 4062; x_wconf 87' lang='lat' dir='ltr'>annos</span> <span class='ocrx_word' id='word_1_636' title='bbox 3407 3999 3737 4076; x_wconf 73' lang='lat' dir='ltr'>quatuordecim</span> 
     </span>
    </p>
   </div>
   <div class='ocr_carea' id='block_1_80' title="bbox 2224 4088 3735 4165">
    <p class='ocr_par' dir='ltr' id='par_1_80' title="bbox 2224 4088 3735 4165">
     <span class='ocr_line' id='line_1_80' title="bbox 2224 4088 3735 4165; baseline -0.005 -14"><span class='ocrx_word' id='word_1_637' title='bbox 2224 4101 2332 4152; x_wconf 76' lang='lat' dir='ltr'>sire</span> <span class='ocrx_word' id='word_1_638' title='bbox 2365 4100 2421 4150; x_wconf 84' lang='lat' dir='ltr'>in</span> <span class='ocrx_word' id='word_1_639' title='bbox 2453 4092 2689 4165; x_wconf 78' lang='lat' dir='ltr'>corpore,</span> <span class='ocrx_word' id='word_1_640' title='bbox 2723 4099 2831 4150; x_wconf 85' lang='lat' dir='ltr'>sire</span> <span class='ocrx_word' id='word_1_641' title='bbox 2868 4102 3025 4150; x_wconf 65' lang='lat' dir='ltr'>extra</span> <span class='ocrx_word' id='word_1_642' title='bbox 3054 4113 3257 4165; x_wconf 85' lang='lat' dir='ltr'>corpus</span> <span class='ocrx_word' id='word_1_643' title='bbox 3297 4099 3486 4158; x_wconf 85' lang='lat' dir='ltr'>nescio,</span> <span class='ocrx_word' id='word_1_644' title='bbox 3517 4095 3631 4148; x_wconf 83' lang='lat' dir='ltr'>Deus</span> <span class='ocrx_word' id='word_1_645' title='bbox 3656 4088 3735 4143; x_wconf 67' lang='lat' dir='ltr'>sed,</span> 
     </span>
    </p>
   </div>
   <div class='ocr_carea' id='block_1_81' title="bbox 546 4170 3742 4257">
    <p class='ocr_par' dir='ltr' id='par_1_81' title="bbox 546 4170 3742 4257">
     <span class='ocr_line' id='line_1_81' title="bbox 546 4170 3742 4257; baseline -0.005 -18"><span class='ocrx_word' id='word_1_646' title='bbox 546 4182 633 4239; x_wconf 85' lang='lat' dir='ltr'>nit</span> <span class='ocrx_word' id='word_1_647' title='bbox 672 4182 754 4236; x_wconf 90' lang='lat' dir='ltr'>illi</span> <span class='ocrx_word' id='word_1_648' title='bbox 784 4183 923 4247; x_wconf 91' lang='lat' dir='ltr'>loco,</span> <span class='ocrx_word' id='word_1_649' title='bbox 960 4184 1093 4253; x_wconf 87' lang='lat' dir='ltr'>quia</span> <span class='ocrx_word' id='word_1_650' title='bbox 1136 4184 1211 4237; x_wconf 88' lang='lat' dir='ltr'>ibi</span> <span class='ocrx_word' id='word_1_651' title='bbox 1243 4186 1449 4238; x_wconf 72' lang='lat' dir='ltr'>cliusus</span> <span class='ocrx_word' id='word_1_652' title='bbox 1481 4195 1562 4240; x_wconf 84' lang='lat' dir='ltr'>est</span> <span class='ocrx_word' id='word_1_653' title='bbox 1592 4190 1821 4257; x_wconf 71' lang='lat' dir='ltr'>sanguis</span> <span class='ocrx_word' id='word_1_654' title='bbox 1856 4188 2008 4241; x_wconf 75' lang='lat' dir='ltr'>Abel.</span> <span class='ocrx_word' id='word_1_655' title='bbox 2042 4187 2142 4241; x_wconf 87' lang='lat' dir='ltr'>Illa</span> <span class='ocrx_word' id='word_1_656' title='bbox 2228 4191 2448 4253; x_wconf 60' lang='lat' dir='ltr'>raptim;</span> <span class='ocrx_word' id='word_1_657' title='bbox 2471 4186 2745 4238; x_wconf 75' lang='lat' dir='ltr'>hominem</span> <span class='ocrx_word' id='word_1_658' title='bbox 2764 4201 2931 4253; x_wconf 78' lang='lat' dir='ltr'>usque</span> <span class='ocrx_word' id='word_1_659' title='bbox 2952 4186 3023 4237; x_wconf 73' lang='lat' dir='ltr'>art</span> <span class='ocrx_word' id='word_1_660' title='bbox 3044 4188 3279 4237; x_wconf 78' lang='lat' dir='ltr'>tertium</span> <span class='ocrx_word' id='word_1_661' title='bbox 3296 4170 3742 4238; x_wconf 61' lang='lat' dir='ltr'>ca’lzundilosetusi-</span> 
     </span>
    </p>
   </div>
   <div class='ocr_carea' id='block_1_82' title="bbox 549 4259 3743 4342">
    <p class='ocr_par' dir='ltr' id='par_1_82' title="bbox 549 4259 3743 4342">
     <span class='ocr_line' id='line_1_82' title="bbox 549 4259 3743 4342; baseline 0.004 -20"><span class='ocrx_word' id='word_1_662' title='bbox 549 4275 738 4322; x_wconf 86' lang='lat' dir='ltr'>autem</span> <span class='ocrx_word' id='word_1_663' title='bbox 772 4287 894 4339; x_wconf 69' lang='lat' dir='ltr'>quae</span> <span class='ocrx_word' id='word_1_664' title='bbox 915 4270 1005 4323; x_wconf 88' lang='lat' dir='ltr'>hic</span> <span class='ocrx_word' id='word_1_665' title='bbox 1033 4271 1295 4325; x_wconf 87' lang='lat' dir='ltr'>dicuntur</span> <span class='ocrx_word' id='word_1_666' title='bbox 1325 4273 1393 4325; x_wconf 83' lang='lat' dir='ltr'>de</span> <span class='ocrx_word' id='word_1_667' title='bbox 1423 4276 1706 4341; x_wconf 73' lang='lat' dir='ltr'>Apostolo,</span> <span class='ocrx_word' id='word_1_668' title='bbox 1742 4276 1798 4329; x_wconf 87' lang='lat' dir='ltr'>in</span> <span class='ocrx_word' id='word_1_669' title='bbox 1830 4276 2053 4330; x_wconf 76' lang='lat' dir='ltr'>exordio</span> <span class='ocrx_word' id='word_1_670' title='bbox 2078 4276 2143 4328; x_wconf 64' lang='grc' dir='ltr'>[ἰν</span> <span class='ocrx_word' id='word_1_671' title='bbox 2225 4279 2345 4327; x_wconf 85' lang='lat' dir='ltr'>tata</span> <span class='ocrx_word' id='word_1_672' title='bbox 2364 4271 2707 4327; x_wconf 82' lang='lat' dir='ltr'>consuetudo</span> <span class='ocrx_word' id='word_1_673' title='bbox 2729 4279 2814 4324; x_wconf 88' lang='lat' dir='ltr'>est</span> <span class='ocrx_word' id='word_1_674' title='bbox 2833 4272 3195 4342; x_wconf 61' lang='lat' dir='ltr'>scriptorum,</span> <span class='ocrx_word' id='word_1_675' title='bbox 3231 4272 3330 4341; x_wconf 85' lang='lat' dir='ltr'>qui</span> <span class='ocrx_word' id='word_1_676' title='bbox 3357 4269 3507 4324; x_wconf 73' lang='grc' dir='ltr'>ηοδίδ</span> <span class='ocrx_word' id='word_1_677' title='bbox 3522 4278 3671 4319; x_wconf 59' lang='lat' dir='ltr'>sacras</span> <span class='ocrx_word' id='word_1_678' title='bbox 3686 4259 3743 4311; x_wconf 59' lang='grc' dir='ltr'>ω’</span> 
     </span>
    </p>
   </div>
   <div class='ocr_carea' id='block_1_83' title="bbox 553 4354 3745 4431">
    <p class='ocr_par' dir='ltr' id='par_1_83' title="bbox 553 4354 3745 4431">
     <span class='ocr_line' id='line_1_83' title="bbox 553 4354 3745 4431; baseline -0.003 -19"><span class='ocrx_word' id='word_1_679' title='bbox 553 4357 645 4410; x_wconf 86' lang='lat' dir='ltr'>dei</span> <span class='ocrx_word' id='word_1_680' title='bbox 690 4358 809 4426; x_wconf 86' lang='lat' dir='ltr'>ejus</span> <span class='ocrx_word' id='word_1_681' title='bbox 857 4358 1001 4410; x_wconf 84' lang='lat' dir='ltr'>facta</span> <span class='ocrx_word' id='word_1_682' title='bbox 1048 4365 1204 4427; x_wconf 84' lang='lat' dir='ltr'>sunt,</span> <span class='ocrx_word' id='word_1_683' title='bbox 1235 4361 1459 4429; x_wconf 87' lang='lat' dir='ltr'>quando</span> <span class='ocrx_word' id='word_1_684' title='bbox 1491 4371 1726 4417; x_wconf 76' lang='lat' dir='ltr'>czccalus</span> <span class='ocrx_word' id='word_1_685' title='bbox 1758 4366 2054 4419; x_wconf 84' lang='lat' dir='ltr'>aDomino</span> <span class='ocrx_word' id='word_1_686' title='bbox 2086 4366 2173 4419; x_wconf 48' lang='lat' dir='ltr'>in.</span> <span class='ocrx_word' id='word_1_687' title='bbox 2226 4369 2377 4416; x_wconf 87' lang='lat' dir='ltr'>teras</span> <span class='ocrx_word' id='word_1_688' title='bbox 2400 4362 2723 4414; x_wconf 85' lang='lat' dir='ltr'>ministrant</span> <span class='ocrx_word' id='word_1_689' title='bbox 2742 4360 3332 4431; x_wconf 85' lang='lat' dir='ltr'>utquandoabaliquo</span> <span class='ocrx_word' id='word_1_690' title='bbox 3348 4373 3530 4414; x_wconf 87' lang='lat' dir='ltr'>eorum</span> <span class='ocrx_word' id='word_1_691' title='bbox 3550 4354 3745 4409; x_wconf 75' lang='lat' dir='ltr'>narratur</span> 
     </span>
    </p>
   </div>
   <div class='ocr_carea' id='block_1_84' title="bbox 551 4436 3745 4520">
    <p class='ocr_par' dir='ltr' id='par_1_84' title="bbox 551 4436 3745 4520">
     <span class='ocr_line' id='line_1_84' title="bbox 551 4436 3745 4520; baseline -0.003 -20"><span class='ocrx_word' id='word_1_692' title='bbox 551 4445 755 4501; x_wconf 88' lang='lat' dir='ltr'>itinere</span> <span class='ocrx_word' id='word_1_693' title='bbox 786 4446 1086 4516; x_wconf 86' lang='lat' dir='ltr'>productus</span> <span class='ocrx_word' id='word_1_694' title='bbox 1114 4454 1199 4501; x_wconf 87' lang='lat' dir='ltr'>est</span> <span class='ocrx_word' id='word_1_695' title='bbox 1230 4449 1581 4516; x_wconf 75' lang='lat' dir='ltr'>Damascum,</span> <span class='ocrx_word' id='word_1_696' title='bbox 1609 4452 1696 4505; x_wconf 80' lang='lat' dir='ltr'>ubi</span> <span class='ocrx_word' id='word_1_697' title='bbox 1724 4454 1929 4508; x_wconf 86' lang='lat' dir='ltr'>mansit</span> <span class='ocrx_word' id='word_1_698' title='bbox 1949 4455 2145 4509; x_wconf 89' lang='lat' dir='ltr'>diebus</span> <span class='ocrx_word' id='word_1_699' title='bbox 2165 4449 2207 4504; x_wconf 89' lang='lat' dir='ltr'>D</span> <span class='ocrx_word' id='word_1_700' title='bbox 2225 4450 2594 4505; x_wconf 84' lang='lat' dir='ltr'>historiacum</span> <span class='ocrx_word' id='word_1_701' title='bbox 2610 4449 2677 4503; x_wconf 90' lang='lat' dir='ltr'>ad</span> <span class='ocrx_word' id='word_1_702' title='bbox 2698 4449 2942 4520; x_wconf 85' lang='lat' dir='ltr'>scipsum</span> <span class='ocrx_word' id='word_1_703' title='bbox 2961 4450 3193 4515; x_wconf 87' lang='lat' dir='ltr'>venerit,</span> <span class='ocrx_word' id='word_1_704' title='bbox 3211 4450 3296 4503; x_wconf 86' lang='lat' dir='ltr'>sic</span> <span class='ocrx_word' id='word_1_705' title='bbox 3309 4449 3378 4503; x_wconf 91' lang='lat' dir='ltr'>de</span> <span class='ocrx_word' id='word_1_706' title='bbox 3397 4465 3455 4502; x_wconf 92' lang='lat' dir='ltr'>se</span> <span class='ocrx_word' id='word_1_707' title='bbox 3469 4436 3745 4514; x_wconf 78' lang='lat' dir='ltr'>tauquamde</span> 
     </span>
    </p>
   </div>
   <div class='ocr_carea' id='block_1_85' title="bbox 554 4534 2144 4607">
    <p class='ocr_par' dir='ltr' id='par_1_85' title="bbox 554 4534 2144 4607">
     <span class='ocr_line' id='line_1_85' title="bbox 554 4534 2144 4607; baseline 0.006 -18"><span class='ocrx_word' id='word_1_708' title='bbox 554 4534 736 4589; x_wconf 89' lang='lat' dir='ltr'>tribus</span> <span class='ocrx_word' id='word_1_709' title='bbox 783 4552 895 4589; x_wconf 89' lang='lat' dir='ltr'>non</span> <span class='ocrx_word' id='word_1_710' title='bbox 932 4534 1131 4589; x_wconf 83' lang='lat' dir='ltr'>bibens</span> <span class='ocrx_word' id='word_1_711' title='bbox 1169 4552 1352 4607; x_wconf 86' lang='lat' dir='ltr'>neque</span> <span class='ocrx_word' id='word_1_712' title='bbox 1395 4541 1754 4595; x_wconf 81' lang='lat' dir='ltr'>inanducans.</span> <span class='ocrx_word' id='word_1_713' title='bbox 1793 4543 1988 4597; x_wconf 77' lang='lat' dir='ltr'>l’ostea</span> <span class='ocrx_word' id='word_1_714' title='bbox 2018 4561 2144 4598; x_wconf 85' lang='lat' dir='ltr'>vero</span> 
     </span>
    </p>
   </div>
   <div class='ocr_carea' id='block_1_86' title="bbox 551 4623 2149 4696">
    <p class='ocr_par' dir='ltr' id='par_1_86' title="bbox 551 4623 2149 4696">
     <span class='ocr_line' id='line_1_86' title="bbox 551 4623 2149 4696; baseline 0.004 -17"><span class='ocrx_word' id='word_1_715' title='bbox 551 4623 887 4695; x_wconf 81' lang='lat' dir='ltr'>baptizatus,</span> <span class='ocrx_word' id='word_1_716' title='bbox 939 4630 996 4678; x_wconf 88' lang='lat' dir='ltr'>et</span> <span class='ocrx_word' id='word_1_717' title='bbox 1041 4633 1265 4695; x_wconf 81' lang='lat' dir='ltr'>accepto</span> <span class='ocrx_word' id='word_1_718' title='bbox 1313 4643 1456 4696; x_wconf 87' lang='lat' dir='ltr'>pane</span> <span class='ocrx_word' id='word_1_719' title='bbox 1502 4630 1863 4691; x_wconf 72' lang='lat' dir='ltr'>confortatus,</span> <span class='ocrx_word' id='word_1_720' title='bbox 1898 4632 2149 4686; x_wconf 82' lang='lat' dir='ltr'>introivit</span> 
     </span>
    </p>
   </div>
   <div class='ocr_carea' id='block_1_87' title="bbox 550 4713 2148 4791">
    <p class='ocr_par' dir='ltr' id='par_1_87' title="bbox 550 4713 2148 4791">
     <span class='ocr_line' id='line_1_87' title="bbox 550 4713 2148 4791; baseline 0.003 -21"><span class='ocrx_word' id='word_1_721' title='bbox 550 4714 744 4779; x_wconf 83' lang='lat' dir='ltr'>statim</span> <span class='ocrx_word' id='word_1_722' title='bbox 776 4713 832 4768; x_wconf 85' lang='lat' dir='ltr'>in</span> <span class='ocrx_word' id='word_1_723' title='bbox 863 4714 1216 4785; x_wconf 70' lang='lat' dir='ltr'>Synagogam</span> <span class='ocrx_word' id='word_1_724' title='bbox 1258 4715 1578 4770; x_wconf 74' lang='lat' dir='ltr'>Judzeorum</span> <span class='ocrx_word' id='word_1_725' title='bbox 1624 4724 1676 4772; x_wconf 86' lang='lat' dir='ltr'>et</span> <span class='ocrx_word' id='word_1_726' title='bbox 1717 4720 1884 4790; x_wconf 60' lang='lat' dir='ltr'>coepit</span> <span class='ocrx_word' id='word_1_727' title='bbox 1930 4721 2148 4791; x_wconf 77' lang='lat' dir='ltr'>publice</span> 
     </span>
    </p>
   </div>
   <div class='ocr_carea' id='block_1_88' title="bbox 552 4804 2151 4874">
    <p class='ocr_par' dir='ltr' id='par_1_88' title="bbox 552 4804 2151 4874">
     <span class='ocr_line' id='line_1_88' title="bbox 552 4804 2151 4874; baseline 0.005 -17"><span class='ocrx_word' id='word_1_728' title='bbox 552 4804 860 4874; x_wconf 69' lang='lat' dir='ltr'>praedicare</span> <span class='ocrx_word' id='word_1_729' title='bbox 904 4820 1110 4857; x_wconf 86' lang='lat' dir='ltr'>nomen</span> <span class='ocrx_word' id='word_1_730' title='bbox 1156 4804 1377 4859; x_wconf 86' lang='lat' dir='ltr'>Domini</span> <span class='ocrx_word' id='word_1_731' title='bbox 1406 4806 1556 4860; x_wconf 91' lang='lat' dir='ltr'>Jesu.</span> <span class='ocrx_word' id='word_1_732' title='bbox 1593 4807 1749 4871; x_wconf 88' lang='lat' dir='ltr'>Quod</span> <span class='ocrx_word' id='word_1_733' title='bbox 1780 4809 2028 4864; x_wconf 82' lang='lat' dir='ltr'>videntes</span> <span class='ocrx_word' id='word_1_734' title='bbox 2058 4812 2151 4865; x_wconf 86' lang='lat' dir='ltr'>Ju-</span> 
     </span>
    </p>
   </div>
   <div class='ocr_carea' id='block_1_89' title="bbox 552 4880 2147 4963">
    <p class='ocr_par' dir='ltr' id='par_1_89' title="bbox 552 4880 2147 4963">
     <span class='ocr_line' id='line_1_89' title="bbox 552 4880 2147 4963; baseline 0.005 -18"><span class='ocrx_word' id='word_1_735' title='bbox 552 4893 640 4945; x_wconf 88' lang='lat' dir='ltr'>dei</span> <span class='ocrx_word' id='word_1_736' title='bbox 698 4894 947 4947; x_wconf 84' lang='lat' dir='ltr'>succensi</span> <span class='ocrx_word' id='word_1_737' title='bbox 1000 4898 1134 4948; x_wconf 88' lang='lat' dir='ltr'>sunt</span> <span class='ocrx_word' id='word_1_738' title='bbox 1179 4894 1314 4958; x_wconf 86' lang='lat' dir='ltr'>zelo,</span> <span class='ocrx_word' id='word_1_739' title='bbox 1360 4901 1416 4949; x_wconf 87' lang='lat' dir='ltr'>et</span> <span class='ocrx_word' id='word_1_740' title='bbox 1454 4880 1776 4963; x_wconf 72' lang='lat' dir='ltr'>qumrebunt</span> <span class='ocrx_word' id='word_1_741' title='bbox 1804 4899 2147 4952; x_wconf 62' lang='lat' dir='ltr'>occasionem</span> 
     </span>
    </p>
   </div>
   <div class='ocr_carea' id='block_1_90' title="bbox 557 4983 2149 5057">
    <p class='ocr_par' dir='ltr' id='par_1_90' title="bbox 557 4983 2149 5057">
     <span class='ocr_line' id='line_1_90' title="bbox 557 4983 2149 5057; baseline 0.006 -25"><span class='ocrx_word' id='word_1_742' title='bbox 557 4983 836 5049; x_wconf 80' lang='lat' dir='ltr'>quomodo</span> <span class='ocrx_word' id='word_1_743' title='bbox 867 5000 992 5036; x_wconf 83' lang='lat' dir='ltr'>eum</span> <span class='ocrx_word' id='word_1_744' title='bbox 1027 4985 1361 5053; x_wconf 83' lang='lat' dir='ltr'>perderent;</span> <span class='ocrx_word' id='word_1_745' title='bbox 1397 4986 1494 5039; x_wconf 87' lang='lat' dir='ltr'>sed</span> <span class='ocrx_word' id='word_1_746' title='bbox 1534 4987 1664 5040; x_wconf 86' lang='lat' dir='ltr'>dum</span> <span class='ocrx_word' id='word_1_747' title='bbox 1711 5005 1809 5057; x_wconf 82' lang='lat' dir='ltr'>per</span> <span class='ocrx_word' id='word_1_748' title='bbox 1833 5007 1892 5040; x_wconf 75' lang='lat' dir='ltr'>se</span> <span class='ocrx_word' id='word_1_749' title='bbox 1920 4989 2149 5042; x_wconf 85' lang='lat' dir='ltr'>minime</span> 
     </span>
    </p>
   </div>
   <div class='ocr_carea' id='block_1_91' title="bbox 558 5066 2149 5147">
    <p class='ocr_par' dir='ltr' id='par_1_91' title="bbox 558 5066 2149 5147">
     <span class='ocr_line' id='line_1_91' title="bbox 558 5066 2149 5147; baseline 0.007 -28"><span class='ocrx_word' id='word_1_750' title='bbox 558 5066 663 5121; x_wconf 85' lang='lat' dir='ltr'>hoc</span> <span class='ocrx_word' id='word_1_751' title='bbox 690 5070 963 5123; x_wconf 82' lang='lat' dir='ltr'>auderent</span> <span class='ocrx_word' id='word_1_752' title='bbox 993 5089 1179 5141; x_wconf 77' lang='lat' dir='ltr'>agere,</span> <span class='ocrx_word' id='word_1_753' title='bbox 1230 5076 1491 5129; x_wconf 83' lang='lat' dir='ltr'>adierunt</span> <span class='ocrx_word' id='word_1_754' title='bbox 1523 5077 1876 5147; x_wconf 70' lang='lat' dir='ltr'>prmpositum</span> <span class='ocrx_word' id='word_1_755' title='bbox 1911 5078 2149 5130; x_wconf 68' lang='lat' dir='ltr'>civitatis</span> 
     </span>
    </p>
   </div>
   <div class='ocr_carea' id='block_1_92' title="bbox 560 5157 2149 5236">
    <p class='ocr_par' dir='ltr' id='par_1_92' title="bbox 560 5157 2149 5236">
     <span class='ocr_line' id='line_1_92' title="bbox 560 5157 2149 5236; baseline 0.008 -30"><span class='ocrx_word' id='word_1_756' title='bbox 560 5170 729 5221; x_wconf 80' lang='lat' dir='ltr'>super</span> <span class='ocrx_word' id='word_1_757' title='bbox 756 5157 859 5210; x_wconf 84' lang='lat' dir='ltr'>hac</span> <span class='ocrx_word' id='word_1_758' title='bbox 889 5176 947 5211; x_wconf 89' lang='lat' dir='ltr'>re</span> <span class='ocrx_word' id='word_1_759' title='bbox 975 5175 984 5203; x_wconf 76' lang='grc' dir='ltr'>ε</span> <span class='ocrx_word' id='word_1_760' title='bbox 1018 5168 1294 5229; x_wconf 83' lang='lat' dir='ltr'>quatenus</span> <span class='ocrx_word' id='word_1_761' title='bbox 1342 5165 1492 5217; x_wconf 88' lang='lat' dir='ltr'>illius</span> <span class='ocrx_word' id='word_1_762' title='bbox 1531 5166 1736 5219; x_wconf 77' lang='lat' dir='ltr'>auxilio</span> <span class='ocrx_word' id='word_1_763' title='bbox 1790 5173 1846 5219; x_wconf 84' lang='lat' dir='ltr'>et</span> <span class='ocrx_word' id='word_1_764' title='bbox 1878 5166 2149 5236; x_wconf 64' lang='lat' dir='ltr'>permisso</span> 
     </span>
    </p>
   </div>
   <div class='ocr_carea' id='block_1_93' title="bbox 560 5241 2144 5323">
    <p class='ocr_par' dir='ltr' id='par_1_93' title="bbox 560 5241 2144 5323">
     <span class='ocr_line' id='line_1_93' title="bbox 560 5241 2144 5323; baseline 0.01 -31"><span class='ocrx_word' id='word_1_765' title='bbox 560 5241 811 5296; x_wconf 85' lang='lat' dir='ltr'>valerent</span> <span class='ocrx_word' id='word_1_766' title='bbox 841 5244 995 5297; x_wconf 84' lang='lat' dir='ltr'>illum</span> <span class='ocrx_word' id='word_1_767' title='bbox 1027 5248 1294 5304; x_wconf 85' lang='lat' dir='ltr'>occidere.</span> <span class='ocrx_word' id='word_1_768' title='bbox 1338 5252 1443 5314; x_wconf 88' lang='lat' dir='ltr'>Qui</span> <span class='ocrx_word' id='word_1_769' title='bbox 1471 5254 1658 5306; x_wconf 75' lang='lat' dir='ltr'>volens</span> <span class='ocrx_word' id='word_1_770' title='bbox 1684 5254 1899 5323; x_wconf 76' lang='lat' dir='ltr'>placere</span> <span class='ocrx_word' id='word_1_771' title='bbox 1920 5255 2144 5319; x_wconf 73' lang='lat' dir='ltr'>Judzeis,</span> 
     </span>
    </p>
   </div>
   <div class='ocr_carea' id='block_1_94' title="bbox 561 5333 2149 5414">
    <p class='ocr_par' dir='ltr' id='par_1_94' title="bbox 561 5333 2149 5414">
     <span class='ocr_line' id='line_1_94' title="bbox 561 5333 2149 5414; baseline 0.009 -31"><span class='ocrx_word' id='word_1_772' title='bbox 561 5336 616 5384; x_wconf 92' lang='lat' dir='ltr'>et</span> <span class='ocrx_word' id='word_1_773' title='bbox 644 5336 906 5386; x_wconf 86' lang='lat' dir='ltr'>strenuus</span> <span class='ocrx_word' id='word_1_774' title='bbox 935 5333 991 5386; x_wconf 90' lang='lat' dir='ltr'>in</span> <span class='ocrx_word' id='word_1_775' title='bbox 1022 5335 1202 5390; x_wconf 75' lang='lat' dir='ltr'>officio</span> <span class='ocrx_word' id='word_1_776' title='bbox 1226 5338 1329 5392; x_wconf 90' lang='lat' dir='ltr'>sibi</span> <span class='ocrx_word' id='word_1_777' title='bbox 1361 5341 1566 5395; x_wconf 83' lang='lat' dir='ltr'>credito</span> <span class='ocrx_word' id='word_1_778' title='bbox 1587 5344 2149 5414; x_wconf 67' lang='lat' dir='ltr'>apparere,priecepit</span> 
     </span>
    </p>
   </div>
   <div class='ocr_carea' id='block_1_95' title="bbox 559 5420 2148 5493">
    <p class='ocr_par' dir='ltr' id='par_1_95' title="bbox 559 5420 2148 5493">
     <span class='ocr_line' id='line_1_95' title="bbox 559 5420 2148 5493; baseline 0.006 -18"><span class='ocrx_word' id='word_1_779' title='bbox 559 5420 828 5475; x_wconf 86' lang='lat' dir='ltr'>custodiri</span> <span class='ocrx_word' id='word_1_780' title='bbox 857 5422 1103 5493; x_wconf 78' lang='lat' dir='ltr'>undique</span> <span class='ocrx_word' id='word_1_781' title='bbox 1134 5424 1410 5480; x_wconf 80' lang='lat' dir='ltr'>civitatem</span> <span class='ocrx_word' id='word_1_782' title='bbox 1443 5444 1511 5483; x_wconf 89' lang='lat' dir='ltr'>ne</span> <span class='ocrx_word' id='word_1_783' title='bbox 1542 5431 1655 5484; x_wconf 90' lang='lat' dir='ltr'>ullo</span> <span class='ocrx_word' id='word_1_784' title='bbox 1688 5420 1852 5486; x_wconf 85' lang='lat' dir='ltr'>molo</span> <span class='ocrx_word' id='word_1_785' title='bbox 1893 5434 2046 5487; x_wconf 87' lang='lat' dir='ltr'>vivus</span> <span class='ocrx_word' id='word_1_786' title='bbox 2076 5433 2148 5485; x_wconf 80' lang='lat' dir='ltr'>ef-</span> 
     </span>
    </p>
   </div>
   <div class='ocr_carea' id='block_1_96' title="bbox 559 5510 2147 5590">
    <p class='ocr_par' dir='ltr' id='par_1_96' title="bbox 559 5510 2147 5590">
     <span class='ocr_line' id='line_1_96' title="bbox 559 5510 2147 5590; baseline 0.007 -25"><span class='ocrx_word' id='word_1_787' title='bbox 559 5510 754 5581; x_wconf 85' lang='lat' dir='ltr'>fugere</span> <span class='ocrx_word' id='word_1_788' title='bbox 780 5511 1055 5582; x_wconf 89' lang='lat' dir='ltr'>potuisset</span> <span class='ocrx_word' id='word_1_789' title='bbox 1087 5531 1100 5565; x_wconf 86' lang='lat'><strong>:</strong></span> <span class='ocrx_word' id='word_1_790' title='bbox 1135 5514 1230 5567; x_wconf 84' lang='lat' dir='ltr'>sed</span> <span class='ocrx_word' id='word_1_791' title='bbox 1277 5514 1375 5568; x_wconf 84' lang='lat' dir='ltr'>Dei</span> <span class='ocrx_word' id='word_1_792' title='bbox 1415 5519 1617 5572; x_wconf 76' lang='lat' dir='ltr'>auxilio</span> <span class='ocrx_word' id='word_1_793' title='bbox 1649 5530 1980 5590; x_wconf 87' lang='lat' dir='ltr'>procurante</span> <span class='ocrx_word' id='word_1_794' title='bbox 2009 5524 2147 5576; x_wconf 75' lang='lat' dir='ltr'>ell‘u-</span> 
     </span>
    </p>
   </div>
   <div class='ocr_carea' id='block_1_97' title="bbox 558 5598 1789 5674">
    <p class='ocr_par' dir='ltr' id='par_1_97' title="bbox 558 5598 1789 5674">
     <span class='ocr_line' id='line_1_97' title="bbox 558 5598 1789 5674; baseline 0.009 -21"><span class='ocrx_word' id='word_1_795' title='bbox 558 5598 644 5671; x_wconf 76' lang='lat' dir='ltr'>git</span> <span class='ocrx_word' id='word_1_796' title='bbox 661 5616 728 5656; x_wconf 91' lang='lat' dir='ltr'>eo</span> <span class='ocrx_word' id='word_1_797' title='bbox 756 5600 922 5655; x_wconf 89' lang='lat' dir='ltr'>modo</span> <span class='ocrx_word' id='word_1_798' title='bbox 949 5617 1059 5673; x_wconf 92' lang='lat' dir='ltr'>quo</span> <span class='ocrx_word' id='word_1_799' title='bbox 1087 5604 1379 5674; x_wconf 89' lang='lat' dir='ltr'>sequentia</span> <span class='ocrx_word' id='word_1_800' title='bbox 1412 5607 1789 5664; x_wconf 83' lang='lat' dir='ltr'>manifestant.</span> 
     </span>
    </p>
   </div>
   <div class='ocr_carea' id='block_1_98' title="bbox 2227 4527 3745 4611">
    <p class='ocr_par' dir='ltr' id='par_1_98' title="bbox 2227 4527 3745 4611">
     <span class='ocr_line' id='line_1_98' title="bbox 2227 4527 3745 4611; baseline -0.007 -17"><span class='ocrx_word' id='word_1_801' title='bbox 2227 4541 2337 4594; x_wconf 88' lang='lat' dir='ltr'>alio</span> <span class='ocrx_word' id='word_1_802' title='bbox 2384 4540 2680 4611; x_wconf 87' lang='lat' dir='ltr'>loquatur;</span> <span class='ocrx_word' id='word_1_803' title='bbox 2720 4538 2866 4591; x_wconf 92' lang='lat' dir='ltr'>sicut</span> <span class='ocrx_word' id='word_1_804' title='bbox 2910 4538 3040 4592; x_wconf 84' lang='lat' dir='ltr'>fecit</span> <span class='ocrx_word' id='word_1_805' title='bbox 3085 4539 3311 4609; x_wconf 81' lang='lat' dir='ltr'>Moyses</span> <span class='ocrx_word' id='word_1_806' title='bbox 3343 4537 3437 4609; x_wconf 92' lang='lat' dir='ltr'>qui</span> <span class='ocrx_word' id='word_1_807' title='bbox 3474 4527 3745 4590; x_wconf 63' lang='lat' dir='ltr'>dixitzgml</span> 
     </span>
    </p>
   </div>
   <div class='ocr_carea' id='block_1_99' title="bbox 2228 4628 3744 4696">
    <p class='ocr_par' dir='ltr' id='par_1_99' title="bbox 2228 4628 3744 4696">
     <span class='ocr_line' id='line_1_99' title="bbox 2228 4628 3744 4696; baseline -0.008 -13"><span class='ocrx_word' id='word_1_808' title='bbox 2228 4636 2413 4683; x_wconf 80' lang='lat' dir='ltr'>autem</span> <span class='ocrx_word' id='word_1_809' title='bbox 2446 4630 2649 4696; x_wconf 77' lang='lat' dir='ltr'>Moyses</span> <span class='ocrx_word' id='word_1_810' title='bbox 2690 4632 2780 4680; x_wconf 69' lang='grc' dir='ltr'>νῖν</span> <span class='ocrx_word' id='word_1_811' title='bbox 2812 4629 3139 4680; x_wconf 71' lang='lat' dir='ltr'>mitissimus</span> <span class='ocrx_word' id='word_1_812' title='bbox 3169 4644 3344 4696; x_wconf 85' lang='lat' dir='ltr'>super</span> <span class='ocrx_word' id='word_1_813' title='bbox 3371 4640 3571 4681; x_wconf 85' lang='lat' dir='ltr'>omnem</span> <span class='ocrx_word' id='word_1_814' title='bbox 3597 4628 3744 4674; x_wconf 65' lang='lat' dir='ltr'>term!!!</span> 
     </span>
    </p>
   </div>
   <div class='ocr_carea' id='block_1_100' title="bbox 2229 4703 3748 4783">
    <p class='ocr_par' dir='ltr' id='par_1_100' title="bbox 2229 4703 3748 4783">
     <span class='ocr_line' id='line_1_100' title="bbox 2229 4703 3748 4783; baseline -0.005 -13"><span class='ocrx_word' id='word_1_815' title='bbox 2229 4720 2415 4783; x_wconf 69' lang='lat' dir='ltr'>(Nam.</span> <span class='ocrx_word' id='word_1_816' title='bbox 2441 4726 2528 4779; x_wconf 84' lang='lat' dir='ltr'>xu)</span> <span class='ocrx_word' id='word_1_817' title='bbox 2553 4736 2563 4783; x_wconf 87' lang='lat'><strong>;</strong></span> <span class='ocrx_word' id='word_1_818' title='bbox 2590 4722 2646 4770; x_wconf 87' lang='lat' dir='ltr'>et</span> <span class='ocrx_word' id='word_1_819' title='bbox 2663 4717 2689 4770; x_wconf 87' lang='lat' dir='ltr'><strong>J</strong></span> <span class='ocrx_word' id='word_1_820' title='bbox 2697 4715 2766 4769; x_wconf 91' lang='lat' dir='ltr'>ob</span> <span class='ocrx_word' id='word_1_821' title='bbox 2790 4732 2801 4768; x_wconf 87' lang='lat'><strong>:</strong></span> <span class='ocrx_word' id='word_1_822' title='bbox 2828 4717 2928 4772; x_wconf 64' lang='grc' dir='ltr'>Ην</span> <span class='ocrx_word' id='word_1_823' title='bbox 2946 4722 3063 4770; x_wconf 86' lang='lat' dir='ltr'>crat</span> <span class='ocrx_word' id='word_1_824' title='bbox 3089 4720 3149 4771; x_wconf 82' lang='lat' dir='ltr'>in</span> <span class='ocrx_word' id='word_1_825' title='bbox 3173 4723 3332 4771; x_wconf 83' lang='lat' dir='ltr'>terra</span> <span class='ocrx_word' id='word_1_826' title='bbox 3350 4719 3463 4772; x_wconf 79' lang='lat' dir='ltr'>[Ius</span> <span class='ocrx_word' id='word_1_827' title='bbox 3484 4715 3667 4770; x_wconf 74' lang='lat' dir='ltr'>nomine</span> <span class='ocrx_word' id='word_1_828' title='bbox 3685 4703 3748 4759; x_wconf 60' lang='lat' dir='ltr'>tot?</span> 
     </span>
    </p>
   </div>
   <div class='ocr_carea' id='block_1_101' title="bbox 2230 4796 3750 4874">
    <p class='ocr_par' dir='ltr' id='par_1_101' title="bbox 2230 4796 3750 4874">
     <span class='ocr_line' id='line_1_101' title="bbox 2230 4796 3750 4874; baseline -0.004 -15"><span class='ocrx_word' id='word_1_829' title='bbox 2230 4808 2359 4874; x_wconf 81' lang='lat' dir='ltr'>(Job.</span> <span class='ocrx_word' id='word_1_830' title='bbox 2383 4813 2416 4870; x_wconf 85' lang='lat' dir='ltr'>l)</span> <span class='ocrx_word' id='word_1_831' title='bbox 2438 4824 2449 4869; x_wconf 88' lang='lat'><strong>;</strong></span> <span class='ocrx_word' id='word_1_832' title='bbox 2474 4807 2550 4859; x_wconf 89' lang='lat' dir='ltr'>sic</span> <span class='ocrx_word' id='word_1_833' title='bbox 2572 4805 2768 4859; x_wconf 80' lang='lat' dir='ltr'>beatus</span> <span class='ocrx_word' id='word_1_834' title='bbox 2787 4806 3103 4873; x_wconf 71' lang='lat' dir='ltr'>Matthmus,</span> <span class='ocrx_word' id='word_1_835' title='bbox 3131 4823 3263 4861; x_wconf 89' lang='lat' dir='ltr'>cum</span> <span class='ocrx_word' id='word_1_836' title='bbox 3287 4807 3345 4861; x_wconf 88' lang='lat' dir='ltr'>in</span> <span class='ocrx_word' id='word_1_837' title='bbox 3373 4810 3523 4861; x_wconf 83' lang='lat' dir='ltr'>textu</span> <span class='ocrx_word' id='word_1_838' title='bbox 3541 4796 3750 4857; x_wconf 72' lang='lat' dir='ltr'>narrmio-</span> 
     </span>
    </p>
   </div>
   <div class='ocr_carea' id='block_1_102' title="bbox 2233 4885 3752 4967">
    <p class='ocr_par' dir='ltr' id='par_1_102' title="bbox 2233 4885 3752 4967">
     <span class='ocr_line' id='line_1_102' title="bbox 2233 4885 3752 4967; baseline -0.003 -19"><span class='ocrx_word' id='word_1_839' title='bbox 2233 4896 2318 4948; x_wconf 89' lang='lat' dir='ltr'>nis</span> <span class='ocrx_word' id='word_1_840' title='bbox 2343 4912 2456 4948; x_wconf 78' lang='lat' dir='ltr'>suee</span> <span class='ocrx_word' id='word_1_841' title='bbox 2486 4895 2725 4948; x_wconf 85' lang='lat' dir='ltr'>venisset</span> <span class='ocrx_word' id='word_1_842' title='bbox 2747 4894 2816 4948; x_wconf 90' lang='lat' dir='ltr'>ad</span> <span class='ocrx_word' id='word_1_843' title='bbox 2841 4895 3108 4966; x_wconf 85' lang='lat' dir='ltr'>seipsum,</span> <span class='ocrx_word' id='word_1_844' title='bbox 3140 4896 3305 4961; x_wconf 88' lang='lat' dir='ltr'>vidit,</span> <span class='ocrx_word' id='word_1_845' title='bbox 3346 4895 3540 4967; x_wconf 84' lang='lat' dir='ltr'>inquit,</span> <span class='ocrx_word' id='word_1_846' title='bbox 3573 4885 3752 4964; x_wconf 67' lang='lat' dir='ltr'>publica‘</span> 
     </span>
    </p>
   </div>
   <div class='ocr_carea' id='block_1_103' title="bbox 2232 4970 3753 5054">
    <p class='ocr_par' dir='ltr' id='par_1_103' title="bbox 2232 4970 3753 5054">
     <span class='ocr_line' id='line_1_103' title="bbox 2232 4970 3753 5054; baseline -0.003 -16"><span class='ocrx_word' id='word_1_847' title='bbox 2232 5002 2363 5038; x_wconf 83' lang='lat' dir='ltr'>num</span> <span class='ocrx_word' id='word_1_848' title='bbox 2390 4984 2614 5039; x_wconf 88' lang='lat' dir='ltr'>nomine</span> <span class='ocrx_word' id='word_1_849' title='bbox 2646 4986 2970 5039; x_wconf 61' lang='lat' dir='ltr'>Matth-mum</span> <span class='ocrx_word' id='word_1_850' title='bbox 2993 4986 3214 5051; x_wconf 72' lang='lat' dir='ltr'>(Mati/1.</span> <span class='ocrx_word' id='word_1_851' title='bbox 3236 4994 3337 5054; x_wconf 68' lang='lat' dir='ltr'>Ix),</span> <span class='ocrx_word' id='word_1_852' title='bbox 3368 5003 3476 5040; x_wconf 89' lang='lat' dir='ltr'>non</span> <span class='ocrx_word' id='word_1_853' title='bbox 3507 4970 3641 5045; x_wconf 86' lang='lat' dir='ltr'>dixit,</span> <span class='ocrx_word' id='word_1_854' title='bbox 3660 4973 3753 5028; x_wconf 59' lang='lat' dir='ltr'>Vidit</span> 
     </span>
    </p>
   </div>
   <div class='ocr_carea' id='block_1_104' title="bbox 2234 5074 3751 5137">
    <p class='ocr_par' dir='ltr' id='par_1_104' title="bbox 2234 5074 3751 5137">
     <span class='ocr_line' id='line_1_104' title="bbox 2234 5074 3751 5137; baseline -0.002 -10"><span class='ocrx_word' id='word_1_855' title='bbox 2234 5092 2341 5137; x_wconf 84' lang='lat' dir='ltr'>me,</span> <span class='ocrx_word' id='word_1_856' title='bbox 2366 5074 2460 5128; x_wconf 83' lang='lat' dir='ltr'>sed</span> <span class='ocrx_word' id='word_1_857' title='bbox 2485 5074 2563 5127; x_wconf 81' lang='lat' dir='ltr'>sic</span> <span class='ocrx_word' id='word_1_858' title='bbox 2587 5091 2644 5128; x_wconf 86' lang='lat' dir='ltr'>se</span> <span class='ocrx_word' id='word_1_859' title='bbox 2667 5074 2902 5129; x_wconf 86' lang='lat' dir='ltr'>inseruit</span> <span class='ocrx_word' id='word_1_860' title='bbox 2941 5074 3125 5129; x_wconf 89' lang='lat' dir='ltr'>ordini</span> <span class='ocrx_word' id='word_1_861' title='bbox 3156 5075 3503 5130; x_wconf 67' lang='lat' dir='ltr'>narrationis</span> <span class='ocrx_word' id='word_1_862' title='bbox 3528 5087 3641 5136; x_wconf 65' lang='lat' dir='ltr'>suae,</span> <span class='ocrx_word' id='word_1_863' title='bbox 3665 5078 3751 5120; x_wconf 74' lang='lat' dir='ltr'>cum</span> 
     </span>
    </p>
   </div>
   <div class='ocr_carea' id='block_1_105' title="bbox 2231 5152 3753 5236">
    <p class='ocr_par' dir='ltr' id='par_1_105' title="bbox 2231 5152 3753 5236">
     <span class='ocr_line' id='line_1_105' title="bbox 2231 5152 3753 5236; baseline -0.002 -20"><span class='ocrx_word' id='word_1_864' title='bbox 2231 5165 2470 5219; x_wconf 79' lang='lat' dir='ltr'>venisset</span> <span class='ocrx_word' id='word_1_865' title='bbox 2492 5165 2560 5218; x_wconf 89' lang='lat' dir='ltr'>ad</span> <span class='ocrx_word' id='word_1_866' title='bbox 2593 5165 2834 5236; x_wconf 85' lang='lat' dir='ltr'>seipsum</span> <span class='ocrx_word' id='word_1_867' title='bbox 2857 5172 3125 5235; x_wconf 80' lang='lat' dir='ltr'>tanquam</span> <span class='ocrx_word' id='word_1_868' title='bbox 3154 5181 3352 5219; x_wconf 86' lang='lat' dir='ltr'>rerum</span> <span class='ocrx_word' id='word_1_869' title='bbox 3376 5172 3637 5234; x_wconf 82' lang='lat' dir='ltr'>gestarum</span> <span class='ocrx_word' id='word_1_870' title='bbox 3663 5152 3753 5209; x_wconf 67' lang='lat' dir='ltr'>scri-</span> 
     </span>
    </p>
   </div>
   <div class='ocr_carea' id='block_1_106' title="bbox 2231 5244 3752 5326">
    <p class='ocr_par' dir='ltr' id='par_1_106' title="bbox 2231 5244 3752 5326">
     <span class='ocr_line' id='line_1_106' title="bbox 2231 5244 3752 5326; baseline -0.003 -22"><span class='ocrx_word' id='word_1_871' title='bbox 2231 5259 2374 5325; x_wconf 77' lang='lat' dir='ltr'>ptor,</span> <span class='ocrx_word' id='word_1_872' title='bbox 2410 5272 2519 5307; x_wconf 88' lang='lat' dir='ltr'>non</span> <span class='ocrx_word' id='word_1_873' title='bbox 2552 5261 2818 5325; x_wconf 76' lang='lat' dir='ltr'>tanquam</span> <span class='ocrx_word' id='word_1_874' title='bbox 2849 5254 3093 5326; x_wconf 87' lang='lat' dir='ltr'>suipsius</span> <span class='ocrx_word' id='word_1_875' title='bbox 3124 5256 3479 5325; x_wconf 75' lang='lat' dir='ltr'>praedicator.</span> <span class='ocrx_word' id='word_1_876' title='bbox 3494 5244 3752 5309; x_wconf 71' lang='lat' dir='ltr'>Inusitatius</span> 
     </span>
    </p>
   </div>
   <div class='ocr_carea' id='block_1_107' title="bbox 2231 5340 3753 5413">
    <p class='ocr_par' dir='ltr' id='par_1_107' title="bbox 2231 5340 3753 5413">
     <span class='ocr_line' id='line_1_107' title="bbox 2231 5340 3753 5413; baseline -0.001 -17"><span class='ocrx_word' id='word_1_877' title='bbox 2231 5349 2417 5397; x_wconf 85' lang='lat' dir='ltr'>tamen</span> <span class='ocrx_word' id='word_1_878' title='bbox 2446 5343 2642 5396; x_wconf 82' lang='lat' dir='ltr'>beatus</span> <span class='ocrx_word' id='word_1_879' title='bbox 2671 5343 2969 5413; x_wconf 65' lang='lat' dir='ltr'>Apostolus</span> <span class='ocrx_word' id='word_1_880' title='bbox 2998 5360 3111 5397; x_wconf 89' lang='lat' dir='ltr'>non</span> <span class='ocrx_word' id='word_1_881' title='bbox 3140 5342 3198 5396; x_wconf 89' lang='lat' dir='ltr'>in</span> <span class='ocrx_word' id='word_1_882' title='bbox 3227 5344 3481 5408; x_wconf 85' lang='lat' dir='ltr'>historia,</span> <span class='ocrx_word' id='word_1_883' title='bbox 3512 5340 3596 5396; x_wconf 90' lang='lat' dir='ltr'>ubi</span> <span class='ocrx_word' id='word_1_884' title='bbox 3618 5344 3753 5390; x_wconf 72' lang='lat' dir='ltr'>rerum</span> 
     </span>
    </p>
   </div>
   <div class='ocr_carea' id='block_1_108' title="bbox 2227 5418 3752 5504">
    <p class='ocr_par' dir='ltr' id='par_1_108' title="bbox 2227 5418 3752 5504">
     <span class='ocr_line' id='line_1_108' title="bbox 2227 5418 3752 5504; baseline 0 -19"><span class='ocrx_word' id='word_1_885' title='bbox 2227 5438 2512 5502; x_wconf 84' lang='lat' dir='ltr'>gestarum</span> <span class='ocrx_word' id='word_1_886' title='bbox 2554 5432 2853 5503; x_wconf 78' lang='lat' dir='ltr'>suscipitur</span> <span class='ocrx_word' id='word_1_887' title='bbox 2896 5433 3221 5504; x_wconf 81' lang='lat' dir='ltr'>explicanda</span> <span class='ocrx_word' id='word_1_888' title='bbox 3278 5432 3560 5497; x_wconf 83' lang='lat' dir='ltr'>narratio;</span> <span class='ocrx_word' id='word_1_889' title='bbox 3605 5423 3682 5480; x_wconf 78' lang='lat' dir='ltr'>sed</span> <span class='ocrx_word' id='word_1_890' title='bbox 3714 5418 3752 5471; x_wconf 67' lang='lat' dir='ltr'>in</span> 
     </span>
    </p>
   </div>
   <div class='ocr_carea' id='block_1_109' title="bbox 2232 5511 3753 5595">
    <p class='ocr_par' dir='ltr' id='par_1_109' title="bbox 2232 5511 3753 5595">
     <span class='ocr_line' id='line_1_109' title="bbox 2232 5511 3753 5595; baseline -0.004 -20"><span class='ocrx_word' id='word_1_891' title='bbox 2232 5522 2476 5591; x_wconf 85' lang='lat' dir='ltr'>Epistola</span> <span class='ocrx_word' id='word_1_892' title='bbox 2499 5521 2601 5575; x_wconf 90' lang='lat' dir='ltr'>hoc</span> <span class='ocrx_word' id='word_1_893' title='bbox 2626 5520 2777 5585; x_wconf 84' lang='lat' dir='ltr'>fecit,</span> <span class='ocrx_word' id='word_1_894' title='bbox 2808 5522 2949 5576; x_wconf 89' lang='lat' dir='ltr'>sicut</span> <span class='ocrx_word' id='word_1_895' title='bbox 2986 5523 3093 5576; x_wconf 85' lang='lat' dir='ltr'>isto</span> <span class='ocrx_word' id='word_1_896' title='bbox 3119 5523 3172 5576; x_wconf 91' lang='lat' dir='ltr'>in</span> <span class='ocrx_word' id='word_1_897' title='bbox 3205 5521 3331 5578; x_wconf 91' lang='lat' dir='ltr'>loco</span> <span class='ocrx_word' id='word_1_898' title='bbox 3370 5524 3589 5595; x_wconf 87' lang='lat' dir='ltr'>apparet</span> <span class='ocrx_word' id='word_1_899' title='bbox 3606 5513 3680 5571; x_wconf 85' lang='lat' dir='ltr'>ubi</span> <span class='ocrx_word' id='word_1_900' title='bbox 3695 5511 3753 5563; x_wconf 63' lang='lat'>10&#39;</span> 
     </span>
    </p>
   </div>
   <div class='ocr_carea' id='block_1_110' title="bbox 2230 5603 3749 5683">
    <p class='ocr_par' dir='ltr' id='par_1_110' title="bbox 2230 5603 3749 5683">
     <span class='ocr_line' id='line_1_110' title="bbox 2230 5603 3749 5683; baseline -0.003 -17"><span class='ocrx_word' id='word_1_901' title='bbox 2230 5611 2421 5682; x_wconf 90' lang='lat' dir='ltr'>quitur</span> <span class='ocrx_word' id='word_1_902' title='bbox 2437 5610 2504 5665; x_wconf 91' lang='lat' dir='ltr'>de</span> <span class='ocrx_word' id='word_1_903' title='bbox 2524 5627 2583 5665; x_wconf 92' lang='lat' dir='ltr'>se</span> <span class='ocrx_word' id='word_1_904' title='bbox 2600 5626 2765 5665; x_wconf 88' lang='lat' dir='ltr'>causa</span> <span class='ocrx_word' id='word_1_905' title='bbox 2786 5611 3117 5666; x_wconf 82' lang='lat' dir='ltr'>humilitatis</span> <span class='ocrx_word' id='word_1_906' title='bbox 3129 5612 3294 5683; x_wconf 87' lang='lat' dir='ltr'>quasi</span> <span class='ocrx_word' id='word_1_907' title='bbox 3313 5612 3385 5668; x_wconf 89' lang='lat' dir='ltr'>de</span> <span class='ocrx_word' id='word_1_908' title='bbox 3405 5603 3749 5678; x_wconf 58' lang='lat' dir='ltr'>alio,inquie115:</span> 
     </span>
    </p>
   </div>
  </div>
