3852 6154
167 221 244 282 tibi

739 207 1119 264 EXPOSITIO
1158 209 1236 263 IN
1274 209 1428 264 EPP.
1471 212 1527 266 S.
1578 212 1813 268 PAULI.
1846 239 1918 256 -
1953 212 2031 266 IN
2073 211 2295 267 EPIST.
2335 213 2387 266 II
2429 213 2524 267 AD
2565 211 2728 268 COR.

3267 211 3375 270 662

167 349 264 406 Scio
289 343 530 397 hominem
557 339 617 392 in
639 336 851 390 Christo
871 342 1184 390 manentem
1206 341 1334 390 ante
1363 352 1541 391 annos
1562 354 1694 407 qua-
1711 339 1760 398 A
1777 336 1898 390 sine
1925 336 2204 408 corporali
2235 353 2356 392 esse
2395 340 2595 408 potest,
2627 337 2776 392 unde
2809 335 3068 392 absentes
3115 338 3370 393 homines

171 433 420 491 tuordecim
447 431 660 495 raptum
690 440 860 493 usque
883 427 956 479 ad
987 428 1214 480 tertium
1243 429 1455 480 calum.
1487 427 1562 481 Ex
1585 443 1694 498 quo

162 521 413 596 Apostolus
428 520 608 586 raptus
630 521 715 568 est
731 531 910 586 usque
927 515 1002 569 ad
1027 515 1260 570 tertium
1285 515 1486 570 ccelum
1518 532 1695 587 usque

165 613 220 668 ad
242 607 370 664 istud
394 611 598 674 tempus
619 619 728 674 quo
765 603 876 658 ista
901 605 1232 674 conscripsit
1266 604 1694 675 quatuordecim

160 700 267 755 anni
294 692 528 766 completi
558 698 707 758 sunt,
740 693 888 747 unde
910 693 1123 763 liquido
1147 699 1398 764 apparet,
1430 694 1564 764 quia
1583 711 1696 748 ma~

157 805 248 860 gna
271 783 542 841 necessitas
571 782 842 853 compulit
885 782 1043 836 illum
1067 785 1377 854 patefacere
1403 783 1550 852 quod
1594 800 1695 854 per

159 883 225 933 tot
244 889 395 930 annos
419 873 472 925 in
510 871 708 926 intimo
737 871 921 925 cordis
950 888 1153 926 arcano
1187 873 1482 926 celaverat.
1517 873 1695 941 Igitur

155 967 209 1021 de
234 965 306 1019 his
328 961 496 1017 verbis
522 960 796 1031 Apostoli,
816 960 898 1013 dis
909 961 1019 1014 ersi
1032 961 1251 1014 diversa
1265 960 1536 1021 sentiunt.
1561 978 1694 1032 quo-

156 1071 255 1110 rum
281 1052 546 1123 Opiniones
577 1050 706 1105 huic
742 1051 862 1104 loco
889 1051 1220 1121 perlongum
1245 1056 1330 1105 est
1349 1051 1617 1118 inserere,
1637 1056 1694 1104 et.

150 1145 206 1198 ad
229 1157 447 1214 praesens
477 1156 730 1206 narrare,
754 1140 861 1194 nisi
886 1141 1277 1195 tantummodo
1297 1157 1474 1211 pauca
1495 1157 1561 1194 ex
1572 1141 1692 1211 plu-

150 1230 288 1285 ribus.
311 1229 552 1283 Julianus
583 1228 896 1294 Pomerius,
929 1227 1011 1282 vir
1039 1245 1187 1282 sanae
1216 1229 1546 1300 prudentiae,
1581 1228 1692 1298 pri-

147 1335 269 1372 mum
292 1319 475 1370 caelum
505 1316 642 1370 dicit
670 1317 862 1370 istoin
898 1317 1018 1370 loco
1057 1317 1401 1388 appellatum
1433 1333 1552 1371 esse
1595 1334 1682 1372 ae-

147 1409 282 1470 rium,
303 1424 332 1460 a
351 1422 454 1478 quo
469 1422 598 1458 aves
613 1407 736 1460 caeli
749 1410 1042 1460 vocantur:
1062 1407 1370 1460 secundum
1388 1406 1686 1473 sidereum,

1777 427 2223 492 recordamur,et
2235 427 2292 481 in
2307 426 2553 482 tenebris
2566 442 2632 480 ea
2643 442 2766 498 quae
2789 425 3040 482 videmus
3051 426 3368 497 imaginali-

1776 522 1864 569 ter
1879 517 2181 582 cernimus,
2198 516 2428 587 insuper
2448 521 2504 570 et
2522 517 2742 570 somnia
2764 534 2775 569 :
2801 515 3197 571 intellectualis
3216 531 3371 571 nem-

1777 621 1845 675 pe
1891 621 1992 658 nec
2038 605 2310 676 corporali
2351 605 2583 675 indiget,
2617 621 2721 659 nec
2768 604 3029 676 spiritali.
3074 603 3371 659 Intellecta

1777 709 2020 764 namque
2036 709 2137 747 nec
2155 710 2356 764 corpus
2372 694 2644 759 videmus,
2662 711 2764 748 nec
2776 694 3079 764 imaginem
3097 693 3368 764 corporis.

1776 781 1883 835 Per
1896 782 2046 836 hunc
2063 783 2267 853 quippe
2280 783 2498 837 videtur
2511 783 2753 854 justitia,
2774 783 3037 848 charitas,
3055 783 3175 853 ipse
3193 782 3366 847 Deus,

1776 872 1895 941 ipsa
1914 888 2069 925 mens
2090 872 2478 943 hominis,quze
2499 873 2716 926 nullum
2736 873 2906 927 habet
2927 871 3373 943 corpus,nullam

1774 960 2119 1014 soliditatem
2159 961 2426 1031 corporis.
2460 961 2811 1032 Quapropter
2838 962 2948 1015 ista
2975 961 3112 1015 visio
3145 959 3367 1014 intelle-

1774 1049 1975 1102 ctualis
1993 1049 2336 1103 transcendit
2367 1055 2422 1103 et
2434 1050 2695 1120 praecedit
2714 1051 2839 1104 illas
2865 1051 3004 1104 duas
3025 1049 3367 1122 praemissas,

1772 1139 2118 1208 corporalem
2131 1139 2341 1192 scilicet
2361 1155 2425 1192 ac
2445 1139 2773 1209 spiritalem.
2799 1139 2956 1203 Quod
2981 1138 3220 1210 probare
3235 1153 3364 1208 pos-

1773 1243 1965 1281 sumus
1995 1244 2061 1281 ex
2091 1227 2373 1280 volumine
2400 1227 2644 1281 Danielis
2673 1227 3081 1298 prophetae,ubi
3101 1227 3365 1298 legimus,

1773 1316 1904 1386 quia
1931 1333 2058 1371 cum
2089 1317 2385 1370 Balthasar
2426 1317 2748 1386 epularetur
2772 1321 2829 1370 et
2873 1321 3095 1387 potaret
3135 1315 3366 1388 opipare

1772 1406 1888 1459 sive
1912 1405 2202 1476 splendide
2232 1405 2289 1458 in
2314 1404 2458 1459 vasis
2486 1406 2681 1475 templi
2711 1405 2934 1459 Domini
2962 1422 3084 1475 quae
3104 1410 3361 1476 asporta-

145 1496 217 1549 ubi
239 1494 579 1548 continentur
613 1495 908 1548 duodecim
957 1495 1118 1564 signa
1156 1501 1466 1565 czeteraque
1511 1501 1683 1560 astra,
1775 1501 1929 1548 verat
1952 1495 2465 1548 Nabuchodonosor
2493 1511 2628 1548 avus
2649 1496 2768 1564 ejus
2788 1494 2856 1548 de
2875 1494 3205 1558 Jerusalem,
3231 1493 3370 1548 vidit

144 1591 311 1655 praeter
321 1591 522 1653 septem
545 1585 818 1654 planetas,
836 1583 982 1654 quod
1000 1589 1058 1636 et
1077 1586 1490 1638 ﬁrmamentum
1507 1584 1692 1654 appel-

1775 1584 2038 1638 articulos
2069 1601 2268 1638 manus
2298 1583 2594 1638 scribentis
2630 1584 2687 1636 in
2727 1583 2940 1654 pariete
2981 1585 3124 1638 aulae
3175 1582 3363 1654 regiae.

141 1673 290 1726 latur:
321 1673 542 1726 tertium
577 1673 842 1742 intelligit
877 1673 1130 1743 spiritale
1155 1673 1268 1725 sive
1301 1672 1562 1734 mentale,
1591 1671 1685 1725 ubi
1708 1655 1754 1713 Β
1774 1673 2212 1744 Viditcorporali
2234 1674 2846 1745 visione,continuoque
2865 1674 3228 1745 percorporis
3245 1688 3368 1727 sen-

141 1761 292 1831 angeli
318 1767 370 1814 et
397 1762 601 1814 animae
629 1769 952 1816 sanctorum
991 1762 1048 1814 in
1078 1762 1548 1832 contemplatione
1589 1760 1690 1814 Dei
1771 1781 1896 1816 sum
1927 1764 2111 1834 imago
2141 1763 2222 1816 rei
2248 1763 2614 1834 corporaliter
2641 1764 2800 1818 tactae
2847 1763 3070 1835 spiritui
3118 1765 3240 1833 ejus
3276 1762 3367 1816 in-

140 1857 243 1903 sunt
269 1850 468 1919 positae,
499 1852 948 1920 contemplantes
978 1868 1147 1920 super
1169 1867 1227 1903 se
1245 1852 1422 1904 Deum
1442 1850 1691 1920 omnipo-

136 1943 328 2001 tentem,
354 1938 444 2007 qui
465 1938 621 1990 omni
641 1944 912 1992 creatura:
934 1939 1224 2008 praesidet:
1251 1939 1330 1992 ita
1343 1944 1533 1992 tamen
1557 1955 1693 2008 prae-

135 2027 253 2078 sidet
279 2034 335 2079 ut
361 2026 416 2080 in
445 2027 798 2097 praesidendo
820 2028 1005 2080 omnia
1027 2027 1318 2092 sustineat,
1360 2027 1688 2081 sustinendo

132 2114 415 2182 circumdet,
439 2116 843 2171 circumdando
883 2117 1133 2188 impleat.
1171 2117 1489 2171 Secundum
1538 2116 1690 2170 illius

132 2203 431 2258 intellectum
462 2206 535 2259 ad
565 2206 714 2260 istud
742 2206 970 2259 tertium
999 2207 1198 2260 calum
1227 2207 1472 2260 mentale
1495 2211 1690 2276 raptus

129 2299 194 2346 est
210 2295 514 2362 Apostolus.
556 2297 622 2350 Et
647 2296 700 2349 in
723 2297 823 2350 hoc
849 2297 1072 2366 quidem
1101 2296 1240 2349 bene
1260 2297 1454 2350 sensit.
1480 2296 1589 2350 Sed
1609 2312 1690 2349 se-

128 2381 336 2435 cundum
365 2381 597 2438 beatum
626 2384 1007 2454 Augustinum
1039 2385 1221 2439 adhuc
1250 2402 1476 2439 necesse
1506 2389 1592 2438 est
1620 2385 1691 2437 ad

127 2470 294 2523 altiora
314 2474 709 2534 conscendere,
743 2481 800 2528 et
827 2475 1191 2545 profundiore
1219 2475 1477 2537 scrutari,
1509 2473 1604 2545 qui
1633 2473 1691 2526 in

126 2559 430 2616 elucidandis
451 2564 861 2633 quaestionibus
877 2581 1072 2619 omnes
1093 2565 1349 2618 doctores
1364 2569 1490 2635 post
1511 2566 1691 2634 Apos-

123 2648 240 2702 tolos
256 2652 532 2720 praecellit.
548 2653 690 2716 Quia
707 2670 839 2723 ergo
853 2655 1152 2724 Apostolus
1166 2671 1277 2708 non
1298 2654 1693 2716 humanas,ne—

125 2751 210 2804 que
229 2739 497 2806 angelicas
521 2741 768 2795 visiones
789 2742 923 2796 dicit
939 2759 997 2795 se
1021 2743 1457 2806 enarrare,alius
1475 2743 1583 2796 ista
1603 2742 1691 2796 in-

124 2823 363 2892 quirenda
374 2835 523 2882 sunt.
543 2829 672 2883 Tria
685 2831 856 2900 igitur
868 2848 1077 2901 genera
1097 2848 1216 2884 esse
1231 2832 1503 2885 visionum
1519 2831 1693 2885 mani-

125 2913 298 2967 festum
325 2925 422 2970 est.
463 2919 566 2973 Est
595 2919 733 2973 visio
753 2921 1056 2991 corporalis
1078 2938 1198 2991 quae
1221 2921 1502 2991 corporeis
1517 2921 1692 2975 oculis

126 3000 192 3064 ﬁt,
219 3019 319 3072 qua
347 3005 606 3062 videmus
637 3010 837 3062 caelum
897 3016 950 3063 et
999 3017 1207 3064 terram
1271 3017 1442 3080 atque
1501 3010 1694 3064 omnia

129 3089 333 3146 visibilia
362 3101 413 3147 et
445 3113 740 3167 corporea.
767 3099 833 3152 Et
862 3106 946 3151 est
986 3099 1120 3152 visio
1151 3099 1440 3169 spiritalis,
1475 3115 1585 3169 qua
1627 3115 1693 3152 ea

126 3192 229 3246 quae
284 3183 532 3239 videmus
586 3195 643 3238 et
693 3188 952 3241 audimus
1008 3188 1063 3241 in
1134 3189 1415 3258 praesenti,
1477 3203 1692 3240 memo-

124 3266 195 3319 ria
223 3274 574 3328 recondimus
604 3294 613 3328 :
650 3282 704 3329 et
737 3293 798 3329 ea
831 3294 952 3346 qua:
980 3277 1293 3330 audivimus
1321 3277 1405 3330 vel
1451 3277 1694 3330 vidimus

123 3353 170 3408 in
197 3362 668 3428 praeterito,mode
692 3366 849 3436 quasi
869 3366 1162 3435 praesentia
1175 3366 1550 3420 cernimus.Et
1567 3383 1694 3420 cum

121 3445 300 3502 alicubi
329 3450 440 3506 sint
470 3470 503 3506 a
534 3453 700 3507 nobis
718 3455 897 3525 posita
919 3472 983 3508 ea
1006 3471 1126 3524 quze
1146 3456 1382 3509 vidimus
1397 3454 1696 3526 corporali-

123 3538 209 3599 ter,
240 3553 380 3592 nunc
409 3541 679 3596 absentes
695 3544 854 3613 quasi
875 3544 1168 3613 praesentia
1190 3545 1472 3598 cernimus
1496 3563 1508 3611 ;
1542 3543 1694 3597 verbi

116 3625 309 3689 gratia:
347 3630 486 3683 Sum
508 3631 678 3685 modo
709 3649 808 3702 per
838 3633 1187 3703 praesentiam
1218 3635 1464 3703 corporis
1481 3633 1688 3696 Romae,

119 3718 165 3763 et
181 3729 335 3770 cerno
355 3718 438 3772 ita
468 3721 872 3790 Carthaginem
898 3739 1064 3792 quam
1083 3722 1293 3775 dudum
1326 3721 1434 3774 vidi
1459 3721 1616 3791 quasi
1637 3721 1693 3774 in

114 3808 389 3868 pratsentia
430 3826 562 3864 mea
601 3811 675 3864 sit
715 3812 912 3881 posita,
946 3829 1072 3864 cum
1122 3812 1287 3880 longe
1335 3812 1439 3863 sim
1489 3810 1558 3863 ab
1598 3811 1695 3863 illa

114 3901 354 3948 remotus.
382 3898 522 3961 Quae
545 3900 660 3953 duo
687 3917 894 3970 genera
915 3901 1184 3953 visionum
1218 3899 1537 3953 communia
1563 3904 1695 3952 sunt

112 3979 251 4034 nobis
279 4001 404 4038 cum
439 3987 738 4058 pecoribus
769 3995 824 4043 et
852 3989 1063 4055 avibus,
1085 4007 1210 4060 qua:
1231 3989 1419 4042 vident
1448 4006 1548 4058 per
1566 4005 1690 4041 cor-

113 4085 217 4137 pUS,
251 4080 305 4126 et
333 4078 535 4130 eorum
571 4095 694 4148 quae
731 4079 991 4132 videntur
1029 4079 1404 4148 imaginaliter
1461 4078 1692 4148 spiritus

110 4157 486 4221 informantur.
503 4167 664 4221 Unde
679 4174 734 4222 et
764 4185 959 4239 pecora
981 4169 1250 4239 praesepia
1269 4173 1688 4237 recognoscunt,

111 4253 158 4300 et
184 4266 304 4305 aves
332 4255 402 4308 ad
435 4256 608 4310 nidos
639 4273 770 4310 suos
811 4258 1079 4311 revolant.
1113 4257 1233 4311 Nisi
1283 4257 1431 4310 enim
1475 4262 1692 4327 partem

1709 2973 1751 3035 C

1773 1869 1967 1922 pressa
1995 1858 2081 1906 est
2105 1870 2116 1904 :
2137 1857 2303 1922 atque
2333 1853 2402 1905 ad
2433 1852 2545 1906 alia
2573 1853 2706 1905 dum
2738 1869 2798 1906 se
2829 1851 3230 1916 verteret,licet
3249 1867 3368 1904 cor-

1775 1941 2044 2010 poraliter
2071 1941 2168 1994 illa
2202 1957 2312 1994 non
2343 1946 2616 2006 cerneret,
2646 1941 2744 1994 sed
2773 1941 3012 2010 spiritali
3052 1940 3262 1994 visione
3309 1943 3368 1993 et

1773 2030 2046 2083 memoria
2073 2030 2304 2095 videret,
2345 2030 2567 2084 videbat
2593 2031 2651 2084 in
2681 2029 2905 2100 spiritu,
2924 2030 2978 2083 id
3000 2029 3157 2084 estin
3176 2028 3368 2083 anima

1773 2126 1830 2173 et
1856 2135 1968 2172 non
1999 2118 2349 2187 intelligebat
2376 2120 2510 2190 quid
2540 2119 2915 2188 signiﬁcaret:
2947 2119 3076 2190 quia
3104 2135 3216 2172 non
3245 2119 3366 2188 ple-

1774 2207 1922 2261 niter
1946 2207 2185 2261 habebat
2209 2207 2646 2262 intellectualem
2671 2207 2961 2273 visionem,
2994 2206 3124 2261 licet
3155 2206 3368 2278 aliquid

1773 2297 1902 2351 inde
1927 2297 2177 2350 haberet.
2207 2297 2365 2351 Unde
2389 2303 2624 2368 apparet
2664 2296 2797 2368 quia
2841 2313 2954 2350 non
3001 2297 3060 2350 in
3107 2295 3370 2351 omnibus

1775 2387 2095 2442 hominibus
2126 2387 2292 2458 viget.
2326 2385 2684 2458 Intelligebat
2704 2388 2928 2458 signum
2953 2403 3076 2442 esse
3101 2387 3250 2458 quod
3287 2386 3370 2442 vi-

1773 2477 1960 2547 debat,
1985 2476 2042 2530 id
2069 2475 2280 2530 habens
2293 2492 2358 2529 ex
2379 2476 2584 2530 mentis
2615 2476 2813 2543 ofﬁcio,
2845 2476 2902 2529 id
2932 2481 3095 2530 estex
3116 2475 3370 2530 intellec-

1773 2565 1912 2619 tuali
1943 2564 2151 2619 visione
2176 2584 2186 2617 :
2210 2570 2266 2618 et
2296 2565 2426 2635 quia
2455 2565 2779 2635 requirebat
2823 2565 2957 2635 quid
3005 2564 3368 2634 signiﬁcaret,

1774 2653 1944 2708 etiam
1965 2654 1982 2706 i
1990 2670 2145 2724 psam
2168 2653 2587 2724 inquisitionem
2604 2653 2795 2722 utique
2825 2653 3030 2706 mentis
3051 2652 3370 2707 intellectus

1773 2741 1992 2812 agebat.
2024 2741 2144 2805 Quo
2169 2757 2278 2794 non
2299 2745 2602 2811 comperto,
2637 2740 2832 2795 Daniel
2859 2739 3118 2794 accessit:
3152 2745 3209 2793 et
3239 2739 3372 2811 quia

1774 2830 2209 2884 intellectualem
2241 2829 2509 2883 visionem
2537 2829 2796 2895 habebat,
2820 2829 3021 2900 spiritu
3046 2828 3370 2900 prophetico

1776 2926 1962 2973 mente
2013 2919 2312 2982 illustrata,
2355 2918 2680 2988 perturbato
2727 2918 2846 2988 regi
2889 2918 3023 2988 quid
3064 2917 3160 2971 illo
3207 2917 3370 2986 signo

1775 3006 2204 3076 portenderetur
2231 3006 2469 3077 aperuit.
2498 3007 2623 3076 Ipse
2639 3007 2826 3076 potius
2853 3007 3124 3078 propheta
3149 3022 3249 3078 per
3267 3005 3372 3060 hoc

1774 3112 1952 3164 genus
1981 3096 2125 3166 quod
2163 3095 2364 3148 mentis
2389 3101 2476 3148 est
2503 3095 2810 3166 proprium,
2843 3096 3029 3165 potuit
3056 3095 3369 3165 intelligere

1776 3197 1840 3234 ac
1868 3179 2050 3233 dicere
2075 3179 2208 3250 quid
2229 3179 2589 3250 signiﬁcaret,
2613 3197 2779 3250 quam
2809 3181 2904 3235 ille
2939 3181 3034 3253 qui
3064 3181 3123 3235 in
3147 3180 3372 3252 signum

1776 3270 1982 3322 factum
2013 3269 2378 3339 corporaliter
2419 3270 2649 3336 viderat,
2697 3275 2755 3324 et
2800 3271 2921 3341 ejus
2957 3269 3264 3341 imaginem
3313 3269 3373 3324 in

1777 3359 1978 3430 spiritu
2008 3358 2303 3428 cogitando
2353 3359 2637 3423 cernebat,
2680 3375 2782 3414 nec
2827 3359 3041 3432 aliquid
3084 3359 3373 3414 intellectu

1778 3464 1941 3502 nosse
1973 3453 2192 3517 poterat
2220 3448 2326 3501 nisi
2355 3447 2578 3518 signum
2609 3465 2750 3514 esse,
2775 3455 2833 3504 et
2860 3448 2993 3519 quid
3030 3448 3374 3519 significaret

1777 3542 1839 3590 ut
1869 3536 2211 3607 intelligeret
2235 3537 2540 3607 inquirere.
2567 3538 2703 3591 Tres
2724 3537 2901 3606 igitur
2916 3538 3039 3591 caeli
3056 3553 3168 3590 non
3180 3536 3374 3591 absur-

1777 3626 1845 3680 de
1866 3632 2099 3696 possunt
2125 3626 2363 3696 intelligi
2384 3627 2494 3680 tria
2519 3642 2727 3696 genera
2750 3625 3044 3690 visionum,
3076 3625 3145 3679 de
3167 3625 3370 3696 quibus

1778 3716 2045 3768 hactenus
2075 3715 2246 3768 locuti
2271 3731 2465 3768 sumus
2496 3715 2575 3767 ita
2603 3721 2796 3769 tamen
2826 3720 2888 3769 ut
2912 3731 3013 3785 per
3027 3715 3269 3786 primam
3286 3713 3367 3768 vi;

1775 3805 1988 3857 sionem
2019 3803 2402 3872 intelligamus
2431 3803 2703 3873 quidquid
2739 3803 2886 3858 infra
2914 3802 3188 3858 ambitum
3219 3801 3368 3857 side-

1776 3897 1856 3946 rei
1887 3893 2011 3944 coeli
2036 3892 2356 3946 continetur
2386 3892 2597 3962 pariter
2618 3908 2744 3946 cum
2773 3893 2910 3964 ipso,
2938 3894 3086 3964 quod
3111 3900 3168 3948 et
3184 3895 3367 3947 ﬁrma-

1775 3986 2026 4035 mentum
2054 3981 2396 4052 appellatur:
2420 3982 2528 4035 Per
2545 3981 2852 4035 secundum
2871 3983 3074 4036 caelum
3094 3983 3367 4053 spiritale,

1776 4070 1869 4124 ubi
1897 4071 2148 4140 angelica
2165 4076 2368 4124 natura
2397 4075 2453 4124 et
2467 4070 2668 4124 animae
2689 4077 3011 4126 sanctorum
3038 4071 3098 4127 in
3117 4077 3367 4127 contem-

1775 4160 2019 4230 platione
2057 4160 2155 4214 Dei
2183 4165 2315 4214 sunt
2343 4159 2553 4230 positae.
2589 4160 2695 4214 Per
2730 4160 2962 4215 tertium
3001 4176 3128 4214 vero
3164 4161 3364 4217 celum

1775 4251 2109 4320 intelligitur
2135 4251 2251 4320 jam
2275 4249 2669 4304 intellectualis
2691 4249 2826 4304 visio
2852 4255 2909 4304 et
2923 4250 3232 4313 rationalis,
3258 4266 3370 4322 qua

107 4339 356 4408 spiritalis
403 4345 663 4410 visionis,
693 4347 745 4399 id
795 4353 876 4400 est
919 4347 1198 4400 memoriae
1240 4346 1528 4410 haberent,
1571 4363 1693 4416 quae
1717 4331 2139 4409 “intelligendo
2159 4339 2770 4410 conspiciturcharitas,
2796 4339 3370 4410 pax,gaudium,lon-

108 4434 682 4488 constatsolummodo
699 4436 755 4488 in
777 4435 1347 4506 anima,nequaquam
1374 4435 1694 4490 recedentes

107 4532 217 4572 aves
241 4523 438 4577 anidis
471 4525 598 4578 suis
628 4525 1057 4578 recordarentur
1087 4525 1310 4579 illorum
1345 4543 1355 4578 :
1385 4525 1695 4595 nequeeni-

107 4609 255 4662 malia
283 4623 762 4682 recognoscerent
795 4615 1082 4684 praesepia.
1121 4615 1217 4667 Est
1256 4622 1312 4667 et
1341 4614 1510 4667 tertia
1555 4614 1692 4668 visio

107 4693 510 4767 intellectualis,
543 4720 667 4772 quae
687 4703 824 4756 nihil
845 4711 929 4756 est
946 4703 1098 4756 aliud
1147 4703 1253 4756 nisi
1285 4702 1693 4757 rationabilitas

105 4793 151 4837 et
167 4790 492 4846 excellentia
526 4792 753 4861 animas,
785 4809 884 4863 per
905 4809 1069 4862 quam
1100 4810 1163 4845 ea
1188 4809 1308 4862 qua:
1329 4793 1695 4862 corporaliter

104 4873 336 4934 videmus
371 4887 430 4934 et
464 4881 853 4949 imaginaliter
880 4882 936 4934 in
970 4881 1238 4934 memoria
1271 4881 1695 4945 retinemus,in-

100 4965 308 5022 tellectu
349 4970 757 5024 discernimus.
791 4971 1083 5024 Intellectu
1121 4970 1295 5040 igitur
1328 4970 1694 5024 discernimus

102 5056 233 5123 quod
260 5057 406 5112 illud
435 5059 517 5114 sit
550 5075 772 5130 corpus,
805 5059 943 5112 illud
973 5059 1282 5113 similitudo
1329 5059 1596 5130 corporis,
1640 5065 1696 5113 et

100 5143 420 5218 plerumque
444 5147 590 5219 quid
621 5147 915 5218 significet.
950 5148 1107 5202 lianc
1136 5149 1571 5202 intellectualem
1612 5149 1694 5202 vi-

99 5230 298 5289 sionem
327 5237 666 5292 nullatenus
687 5253 890 5308 pecora
913 5243 1012 5291 aut
1033 5237 1278 5292 volatilia
1305 5237 1512 5292 habent
1535 5254 1547 5290 :
1567 5237 1697 5308 quia

98 5337 190 5377 nec
216 5326 402 5399 seipsa
439 5327 792 5397 intelligunt,
820 5342 924 5382 nec
952 5327 1050 5382 illa
1079 5343 1202 5400 quae
1231 5327 1407 5381 oculis
1435 5333 1692 5381 cernunt.

99 5409 380 5471 Postremo
405 5417 722 5489 corporalis
739 5417 878 5472 visio
896 5417 1017 5472 sine
1045 5417 1284 5488 spiritali
1313 5433 1434 5470 esse
1466 5432 1578 5470 non
1597 5433 1697 5487 po-

1774 4429 2098 4498 ganimitas,
2158 4428 2398 4495 bonitas,
2465 4428 2800 4499 benignitas,
2855 4429 3013 4495 fides,
3074 4429 3366 4496 modestia,

1776 4519 2140 4585 continentia,
2174 4525 2484 4589 cmteraque
2513 4519 2682 4591 hujus
2708 4519 2859 4573 modi
2889 4518 3090 4590 quibus
3136 4520 3369 4591 propin-

1777 4614 1983 4678 quatur
2011 4609 2144 4674 Deo,
2178 4615 2234 4663 et
2257 4625 2368 4680 qua
2395 4608 2514 4680 ipse
2551 4609 2701 4664 Deus
2725 4609 2964 4676 videtur,
2998 4625 3063 4663 ex
3092 4624 3200 4678 quo
3243 4624 3368 4662 om-

1775 4698 1887 4762 nia,
1918 4715 2015 4768 per
2046 4714 2209 4768 quem
2249 4698 2454 4762 omnia,
2489 4698 2548 4751 in
2573 4715 2682 4768 quo
2710 4697 2915 4751 omnia.
2947 4696 3033 4749 Ad
3088 4711 3278 4767 quam,
3310 4695 3370 4749 id

1777 4794 1861 4840 est
1914 4786 2348 4840 intellectualem
2402 4785 2690 4852 visionem,
2716 4801 2838 4856 qua:
2891 4783 3220 4854 designatur
3267 4799 3370 4855 per

1776 4875 2008 4928 tertium
2053 4875 2278 4940 coelum,
2309 4880 2502 4946 raptus
2549 4880 2606 4927 et
2651 4874 2896 4928 elevatus
2941 4878 3029 4928 est
3081 4872 3368 4946 apostolus

1776 4965 2004 5028 Paulus,
2029 4963 2142 5028 ubi,
2163 4964 2220 5018 id
2233 4969 2317 5017 est
2339 4964 2397 5016 in
2419 4961 2782 5017 intellectuali
2808 4961 3038 5029 visione,
3056 4978 3169 5018 non
3185 4963 3370 5018 solum

1777 5067 1842 5105 ea
1872 5069 1993 5122 qua:
2023 5051 2080 5106 in
2111 5051 2348 5122 spiritali
2369 5051 2504 5103 caelo
2535 5054 2666 5104 sunt
2695 5049 3058 5122 intelligendo
3084 5051 3239 5118 vidit,
3270 5051 3370 5107 sed

1777 5141 1948 5196 etiam
1973 5142 2154 5212 ipsam
2188 5139 2288 5194 Dei
2317 5137 2708 5194 substantiam.
2738 5137 2986 5194 Verbum
3007 5139 3250 5207 Domini,
3268 5157 3374 5213 per

1779 5236 1923 5308 quod
1956 5235 2104 5289 facta
2141 5238 2275 5288 sunt
2301 5231 2510 5299 omnia,
2541 5233 2600 5288 in
2619 5233 2892 5289 charitate
2909 5234 3152 5307 Spiritus
3172 5236 3370 5302 sancti,

1777 5343 1889 5380 non
1921 5341 2020 5396 per
2035 5339 2258 5394 corpus,
2287 5340 2396 5378 non
2419 5339 2519 5395 per
2539 5323 2966 5380 similitudinem
2989 5324 3254 5396 corporis,
3273 5324 3373 5377 sed

1780 5416 1927 5468 sicut
1949 5418 2036 5468 est
2064 5413 2186 5484 ipsa
2213 5413 2454 5480 Veritas,
2482 5413 2892 5484 contemplatus
2916 5418 3002 5467 est
3023 5413 3084 5467 in
3115 5413 3218 5464 hac
3238 5411 3368 5475 vita,

98 5508 218 5572 test,
250 5523 376 5579 qua
405 5514 467 5564 et
497 5509 564 5563 in
596 5508 784 5564 anima
823 5507 1194 5565 solummodo.
1247 5505 1528 5579 Spiritalis
1563 5522 1694 5562 vero
1781 5503 2034 5558 videlicet
2063 5501 2212 5574 quod
2250 5502 2398 5558 Deus
2428 5502 2780 5576 omnipotens
2803 5503 3030 5560 trinitas
3057 5500 3128 5556 sit
3154 5500 3212 5554 in
3241 5512 3372 5568 per-
