3852 6154
438 231 545 298 663

851 239 1756 305 HAYMONIS’HALBERSTAT.
1800 244 2027 302 EPISC.
2074 244 2232 301 OPP.
2274 243 2480 300 PARS.
2520 242 2567 298 Ῑ.
2607 269 2668 282 -
2704 235 3078 295 COMMENT.
3118 235 3304 295 BIBL.

3587 233 3675 293 664

440 361 594 416 sonis
621 366 678 417 et
705 363 893 419 unitas
920 364 977 420 in
1007 366 1356 427 substantia:
1387 371 1533 426 sicut
1557 372 1826 428 videndus
1851 376 1938 427 est
1961 372 2031 427 ab
2047 370 2279 433 Anibus
2304 368 2515 425 electis.
2557 367 2692 431 Quae
2721 363 2857 419 visio
2886 368 3005 419 tam
3050 363 3277 417 evidens
3320 368 3540 434 tamque
3582 380 3680 418 ma-

445 452 706 507 omnibus
759 453 967 510 sanctis
1012 463 1140 528 post
1182 460 1502 528 generalem
1541 461 2030 517 resurrectionem.

445 539 690 604 Quaestio
728 560 858 598 vero
887 560 998 600 non
1040 547 1255 602 modica
1280 548 1388 603 isto
1415 550 1475 604 in
1503 550 1623 606 loco
1670 551 1869 619 oritur,
1893 568 2033 623 quo-

445 629 612 683 modo
640 633 761 701 ipsa
788 632 888 687 Dei
911 633 1223 690 substantia
1253 653 1287 691 a
1325 637 1658 709 quibusdam
1699 640 1760 695 in
1789 642 1892 695 hac
1923 640 2038 695 vita

444 718 824 789 positisvideri
846 722 1111 792 potuerit,
1138 731 1369 797 propter
1388 727 1526 783 illud
1548 729 1695 800 quod
1716 728 1929 784 dictum
1951 733 2037 785 est

444 806 517 862 ad
542 808 772 880 Moysen
798 810 987 873 (Exod.
1015 812 1130 883 xx),
1162 829 1327 870 nemo
1350 821 1535 888 potest
1585 818 1784 874 faciem
1828 834 2032 882 meam,

2117 459 2321 515 nifesta
2345 457 2470 523 fuit,
2497 461 2560 511 ut
2582 455 2701 527 ipse
2720 453 3022 526 Apostolus
3043 468 3107 507 se
3118 452 3449 524 proﬁteatur
3472 453 3676 519 nescire,

2117 552 2307 603 utrum
2333 545 2557 618 quando
2586 548 2782 615 raptus
2802 545 2889 597 est
2915 541 2975 596 in
3003 541 3240 595 tertium
3268 540 3555 606 coelum,in
3576 557 3678 595 cor-

2118 654 2255 711 pore
2281 635 2471 695 t‘uerit.
2513 632 2792 706 quomodo
2841 636 2929 686 est
2972 630 3165 684 anima
3206 630 3269 684 in
3304 645 3545 701 corpore,
3575 646 3678 684 cum

2117 742 2319 798 corpus
2347 725 2529 779 vivere
2558 722 2782 788 dicitur,
2815 720 2930 774 sive
2958 718 3264 789 vigilantis,
3293 720 3408 773 sive
3441 718 3684 773 dormien-

2116 815 2211 881 tis,
2244 815 2358 869 sive
2386 814 2445 867 in
2474 810 2679 867 exstasi
2698 826 2733 864 a
2768 808 3026 865 sensibus
3068 807 3321 879 corporis
3351 808 3600 873 alienata,
3626 824 3685 863 an

444 895 504 950 id
533 899 618 950 est
662 897 1105 956 invisibilitatem
1156 920 1361 971 meam,
1397 906 1585 963 videre
1619 913 1676 962 et
1716 908 1935 963 vivere:
1983 911 2041 962 et

443 989 676 1056 propter
701 985 858 1055 illud,
893 990 1065 1044 Deum
1096 1008 1253 1047 nemo
1279 994 1572 1051 hominum
1609 998 1749 1051 vidit
1788 1014 2039 1066 unquam

445 1074 506 1129 in
528 1076 752 1130 mortali
780 1078 894 1132 vita
938 1096 1003 1133 ex
1036 1085 1155 1136 toto
1186 1082 1403 1153 positus
1433 1103 1445 1138 :
1497 1085 1629 1149 Quae
1663 1085 1745 1140 ita
1788 1086 2038 1152 solvitur,
2125 1081 2363 1137 mortuis
2385 1081 2573 1135 anima
2601 1077 2970 1132 redderetur:
3003 1080 3062 1130 et
3084 1091 3198 1129 non
3228 1074 3391 1146 quasi
3433 1073 3688 1128 dormiens

447 1163 579 1235 quia
603 1170 789 1235 potest
819 1166 1069 1224 humana
1096 1186 1274 1235 mens,
1308 1172 1366 1227 id
1395 1179 1481 1228 est
1507 1174 1824 1230 intellectus
1853 1179 1909 1229 et
1950 1192 2043 1229 ra-
2127 1170 2422 1242 evigilaret
2448 1173 2548 1223 aut
2590 1165 2795 1222 exstasi
2828 1164 3130 1230 alienatus,
3182 1162 3371 1218 denuo
3414 1162 3617 1217 rediret
3643 1161 3690 1216 in

443 1253 790 1310 tionabilitas
812 1256 1012 1313 animae
1041 1258 1305 1315 divinitus
1334 1263 1457 1334 rapi
1484 1280 1551 1318 ex
1578 1263 1684 1318 hac
1707 1264 1821 1318 vita
1848 1264 1918 1318 ad
1948 1280 2043 1318 an-
2124 1276 2342 1326 sensus,
2362 1251 2473 1313 sed
2509 1260 2767 1311 mortuus
2794 1254 3023 1308 omnino
3036 1254 3411 1308 revivisceret.

446 1342 685 1414 gelicam
700 1344 873 1399 vitam
893 1352 1195 1419 antequam
1218 1366 1318 1421 per
1336 1351 1503 1406 istam
1519 1370 1873 1408 communem
1891 1369 2043 1407 mor-
2196 1350 2263 1405 Et
2291 1352 2398 1403 scio
2427 1346 2749 1416 hujusmodi
2773 1345 3073 1407 hominem,
3090 1346 3211 1404 sive
3256 1346 3321 1397 in
3354 1356 3570 1408 corpore
3606 1343 3695 1394 sire

452 1436 569 1486 tem
609 1448 778 1487 carne
804 1434 1072 1504 solvatur,
1104 1437 1247 1494 sicut
1276 1440 1615 1496 credendum
1633 1442 1702 1496 de
1717 1442 1879 1497 beato
1901 1443 2045 1513 Apo-
2126 1444 2286 1493 extra
2312 1452 2527 1505 corpus,
2562 1437 2756 1499 nescio,
2792 1435 2928 1487 Deus
2956 1436 3077 1498 scit,
3119 1434 3389 1501 quoniam
3428 1434 3612 1497 raptus
3633 1434 3695 1483 est

452 1519 616 1583 stolo,
648 1520 744 1575 ubi
781 1538 815 1576 ει
857 1523 970 1578 Deo
1011 1526 1159 1581 facta
1196 1532 1280 1583 est
1311 1527 1381 1583 ab
1408 1530 1577 1601 hujus
1602 1530 1728 1585 vita:
1768 1531 2044 1597 sensibus,
2129 1528 2193 1580 in
2214 1525 2567 1594 paradisum,
2595 1526 2644 1575 et
2669 1521 2886 1575 audivit
2906 1535 3115 1574 arcana
3134 1519 3298 1573 verba
3327 1534 3448 1585 qua:
3476 1532 3582 1571 non
3600 1518 3700 1575 licet

456 1608 711 1680 quaedam
738 1609 1066 1668 intentionis
1095 1617 1328 1672 aversio.
1363 1619 1501 1673 Tam
1551 1619 1777 1674 evidens
1822 1624 2050 1691 tamque

2144 1616 2283 1669 'zomi
2287 1616 2349 1667 ni
2380 1613 2532 1680 loqui
2537 1611 2650 1664 .Bis
2661 1626 2722 1664 ra
2727 1614 2885 1681 ptum
2912 1625 2973 1663 se
2991 1608 3126 1662 dicit
3137 1606 3444 1678 Apostolus
3460 1623 3473 1657 :
3489 1605 3701 1677 primum

456 1697 756 1753 manifesta
783 1699 891 1756 fuit
918 1703 1115 1757 eadem
1145 1705 1285 1761 visio
1314 1707 1730 1777 intellectualis,
1761 1714 1826 1763 ut
1853 1710 1967 1764 sive
1992 1710 2049 1763 in

2144 1702 2203 1756 ad
2224 1701 2456 1756 tertium
2479 1700 2704 1765 ccelum,
2738 1702 2932 1770 postea
2956 1698 3015 1751 in
3053 1695 3401 1768 paradisum,
3432 1712 3544 1749 non
3572 1694 3623 1747 in
3644 1694 3702 1747 il.

2121 904 2371 959 omnimo
2401 902 2470 957 de
2501 915 2733 971 corpore
2758 897 2972 962 exierit,
3003 901 3069 951 ut
3096 902 3385 951 mortuum
3415 897 3689 967 corpusja-

2123 999 2293 1057 ceret,
2325 992 2501 1046 donec
2521 994 2748 1062 peracta
2793 987 2891 1042 illa
2929 986 3416 1041 demonstratione
3454 983 3688 1041 membris

456 1802 708 1857 corpore,
741 1788 855 1843 sive
883 1797 1040 1846 extra
1068 1809 1269 1866 corpus
1297 1796 1487 1863 fuerit,
1507 1798 1561 1851 id
1585 1803 1672 1853 est
1696 1802 1887 1853 utrum
1907 1800 2054 1853 sicut

456 1876 599 1930 solet
637 1876 697 1930 in
726 1879 1130 1936 vehementiori
1150 1886 1352 1939 exstasi
1381 1886 1467 1940 vel
1487 1904 1715 1942 excessu
1736 1887 1805 1942 ab
1823 1889 1927 1943 hac
1942 1888 2053 1943 vita

456 1981 618 2021 mens
646 1965 704 2021 in
722 1966 876 2022 illam
907 1969 1079 2024 vitam
1106 1972 1278 2027 fuerit
1307 1974 1569 2040 alienata,
1621 1980 1883 2030 manente
1928 1992 2052 2029 cor-

457 2054 612 2125 poris
641 2054 879 2123 vinculo,
909 2058 1096 2113 anima
1127 2061 1385 2116 videlicet
1409 2062 1467 2116 in
1498 2080 1748 2134 corpore,
1782 2080 1853 2117 an
1877 2062 2056 2117 omni-

458 2141 691 2212 noftalis
714 2145 984 2200 resolutio
1021 2147 1170 2202 facta
1189 2149 1377 2214 fuerit,
1403 2151 1585 2221 qualis
1604 2151 1659 2206 in
1686 2153 1849 2223 plena
1875 2156 2055 2206 morte

460 2232 755 2304 contingit,
789 2235 979 2289 anima
1006 2238 1301 2295 recedente
1330 2240 1447 2312 ipse
1478 2258 1537 2295 se
1557 2243 1772 2297 nescire
1800 2243 2058 2314 proﬁtea-

461 2324 558 2375 tur
581 2339 592 2374 :
628 2321 984 2395 Quapropter
1005 2342 1105 2380 nec
1122 2318 1283 2382 nobis
1300 2335 1385 2383 est
1399 2331 1759 2400 quaerendum
1790 2348 1892 2385 nec
1924 2347 2056 2385 con-

459 2413 551 2464 tra
570 2409 704 2465 illud
723 2427 958 2482 agamus
980 2415 1126 2485 quod
1140 2416 1529 2490 dicitur(Eccli
1553 2416 1633 2490 ιη)
1656 2439 1667 2475 :
1693 2421 1905 2474 Altiora
1930 2425 2058 2474 tene

462 2504 740 2553 scrutatus
758 2502 953 2567 fueris.
988 2504 1072 2557 Ita
1091 2505 1153 2558 fit
1173 2509 1234 2559 ut
1247 2512 1303 2560 et
1322 2504 1458 2560 illud
1481 2524 1670 2561 verum
1692 2508 1737 2560 si
1761 2508 1908 2577 quod
1929 2507 2061 2561 dici-

459 2590 556 2641 tur
576 2605 588 2640 :
610 2587 788 2642 Nemo
807 2594 991 2661 potest
1007 2592 1204 2647 faciem
1234 2611 1417 2648 meam
1439 2596 1627 2650 videre
1642 2602 1699 2650 et
1717 2596 1917 2658 vivere,
1927 2596 2061 2667 quia

462 2691 688 2731 necesse
710 2682 797 2733 est
813 2678 883 2733 ab
904 2680 1009 2735 hac
1029 2682 1141 2736 vita
1153 2682 1403 2738 abstrahi
1418 2689 1606 2738 mente
1620 2684 1734 2738 sive
1751 2684 2054 2747 intellectu,

465 2766 688 2838 quando
718 2767 778 2821 in
807 2767 956 2823 illius
977 2771 1422 2827 inetiabilitatem
1453 2773 1680 2827 visionis
1728 2773 2054 2828 assumitur.

464 2854 536 2909 Et
553 2871 664 2911 non
696 2856 761 2910 ﬁt
798 2857 1125 2914 incredibile
1168 2861 1501 2932 quibusdam
1543 2864 1752 2917 sanctis
1808 2862 2056 2916 nondum

464 2943 544 2997 ita
574 2961 639 2998 ex
669 2950 786 3000 toto
811 2947 1107 3013 defunctis,
1141 2956 1202 3004 ut
1231 2952 1552 3022 sepelienda
1583 2953 1853 3007 cadavera
1871 2968 2057 3007 rema-

2134 1791 2252 1847 lum
2276 1790 2600 1862 paradisum
2622 1793 2932 1852 terrenum,
2966 1785 3062 1840 ubi
3092 1785 3378 1857 quondam
3406 1784 3515 1838 fuit
3540 1788 3700 1854 proto-

2135 1881 2369 1952 plastus,
2393 1879 2490 1932 sed
2518 1879 2577 1932 in
2600 1878 2880 1933 cmlestem
2900 1875 3245 1947 paradisum.
3272 1875 3417 1929 Nam
3441 1872 3700 1943 paradisus

2135 1969 2543 2039 interpretatur
2570 1967 2763 2021 hortus
2791 1966 3144 2029 deliciarum,
3177 1968 3235 2017 et
3278 1960 3553 2032 signiﬁcat
3593 1958 3701 2013 bea-

2137 2057 2438 2112 titudinem
2467 2056 2792 2120 electorum,
2819 2053 3102 2108 caelestem
3123 2051 3338 2106 scilicet
3364 2050 3626 2121 requiem,
3644 2048 3701 2102 ad

2139 2163 2307 2219 quam
2339 2151 2563 2217 raptum
2590 2161 2649 2198 se
2677 2144 2817 2198 dicit
2840 2143 3142 2214 Apostolus
3188 2157 3254 2195 eo
3299 2139 3466 2193 modo
3498 2154 3599 2210 quo
3645 2136 3700 2190 ad

2137 2236 2368 2293 tertium
2399 2235 2619 2297 caelum,
2645 2233 2857 2287 audivit
2880 2247 3088 2286 arcana
3098 2229 3284 2294 verba,
3308 2229 3363 2283 id
3385 2233 3472 2283 est
3497 2227 3697 2291 occulta,

2139 2331 2353 2381 secreta
2369 2330 2538 2395 atque
2560 2322 2886 2389 ineffabilia,
2907 2337 3030 2392 qua;
3050 2320 3237 2374 nonlic
3256 2323 3312 2373 et
3325 2317 3534 2372 homini
3549 2315 3693 2386 loqui.

2140 2416 2295 2472 Inter
2314 2414 2463 2485 ipsos
2490 2411 2773 2484 spiritales
2797 2411 2942 2464 viros
2960 2409 3240 2464 caelestem
3256 2408 3427 2462 vitam
3446 2407 3695 2469 ducentes,

2141 2509 2275 2559 sunt
2300 2503 2497 2573 utique
2526 2501 2622 2555 alii
2647 2500 2773 2554 aliis
2790 2499 3126 2570 capaciores,
3169 2503 3342 2567 atque
3370 2496 3613 2549 meliores
3650 2493 3697 2545 in

2140 2599 2362 2648 tantum
2389 2597 2453 2645 ut
2480 2590 2548 2644 ad
2577 2606 2641 2644 ea
2664 2588 3020 2661 pervenerint
3045 2603 3167 2657 qua
3195 2602 3308 2639 non
3338 2586 3469 2639 licet
3493 2584 3566 2638 eis
3597 2580 3700 2636 aliis

2140 2682 2316 2752 loqui.
2350 2680 2435 2735 De
2464 2679 2669 2735 talibus
2695 2682 2818 2732 erat
2847 2676 3165 2748 Apostolus,
3195 2675 3293 2745 qui
3331 2672 3537 2728 audivit
3559 2672 3606 2725 in
3624 2686 3702 2741 pa-

2140 2771 2327 2826 radiso
2349 2768 2650 2824 ineffabilia
2681 2765 2865 2832 verba,
2901 2782 3024 2836 quae
3052 2781 3164 2818 non
3186 2762 3536 2817 licethomini
3553 2759 3698 2831 loqui,

2141 2860 2198 2915 id
2225 2865 2326 2926 est,
2345 2864 2443 2913 aut
2470 2858 2563 2911 ille
2583 2856 2679 2927 qui
2695 2854 2907 2909 audivit
2926 2870 3038 2908 non
3067 2857 3255 2924 potest
3272 2869 3341 2906 ea
3361 2851 3485 2905 aliis
3503 2864 3703 2904 narrare

2142 2955 2373 3022 propter
2400 2945 2845 3001 inetfabilitatem
2879 2944 3127 3010 illorum,
3146 2948 3245 2997 aut
3264 2958 3378 2996 non
3395 2938 3706 3012 permittitur

466 3039 686 3098 nerent,
730 3035 899 3089 etiam
944 3036 1108 3091 istam
1159 3040 1547 3094 excellentiam
1609 3040 1833 3095 visionis
1889 3040 2059 3096 fuisse
2081 3047 2122 3107 C
2142 3039 2215 3103 ei,
2248 3043 2348 3091 aut
2368 3037 2415 3091 si
2443 3041 2616 3090 tantae
2645 3033 2939 3105 dignitatis
2967 3039 3054 3088 est
3080 3038 3144 3088 ut
3180 3031 3541 3103 permittatur
3564 3028 3608 3082 ei
3631 3026 3697 3080 lo-

467 3136 787 3177 concessam
796 3163 808 3176 .

938 3230 1278 3272 SUPERIORUM
1310 3232 1596 3273 EI'ILOGL'S.

538 3300 677 3356 Tres
692 3302 815 3356 σαιιί
836 3302 1156 3375 signiﬁcant
1173 3305 1283 3360 tria
1300 3322 1510 3377 genera
1523 3306 1800 3361 visionum
1823 3323 2062 3378 quarum

469 3388 654 3457 prima
686 3396 772 3446 est
788 3393 1109 3463 corporalis,
1137 3411 1248 3464 qua
1276 3394 1533 3449 videmus
1554 3395 1755 3449 caelum
1782 3402 2062 3451 etterram

469 3486 781 3550 cazteraque
811 3497 1080 3552 corporea
1110 3486 1167 3537 et
1194 3482 1435 3537 visibilia
1460 3500 1470 3535 :
1507 3483 1763 3537 Secunda
1792 3483 2061 3554 spiritalis

470 3582 597 3637 quae
626 3568 690 3621 ﬁt
715 3568 775 3623 in
801 3569 991 3624 anima
1018 3570 1139 3626 sine
1160 3571 1471 3640 intellectu,
1505 3588 1630 3626 cum
1664 3572 1935 3643 imagines
1965 3588 2062 3626 eo-

469 3672 597 3711 rum
637 3674 759 3730 que:
788 3659 1048 3727 vidimus,
1082 3661 1353 3716 memoria
1373 3662 1811 3730 recondimus,et
1835 3664 1892 3717 in
1914 3668 2064 3717 tene-

472 3743 589 3801 bris
619 3763 685 3801 ea
723 3764 835 3820 qua
862 3749 1116 3805 videmus
1145 3751 1526 3821 imaginaliter
1554 3752 1871 3807 cernimus:
1906 3752 2063 3806 insu-

473 3851 577 3906 per
589 3841 647 3890 et
666 3838 885 3892 somnia
914 3844 972 3893 et
998 3840 1233 3895 mdiﬁcia
1261 3846 1318 3895 et
1336 3841 1591 3896 homines
1606 3859 1745 3913 quos
1765 3842 1973 3896 dudum
1990 3841 2066 3895 vi-

472 3924 681 3996 dimus,
705 3926 785 3982 sic
807 3927 1047 3999 spiritali
1074 3930 1286 3984 visione
1316 3929 1567 3986 videmus
1597 3931 1653 3984 in
1676 3931 1866 3985 anima
1908 3930 2067 4001 quasi

473 4022 779 4086 praesentes
803 4017 914 4071 sint
953 4018 1132 4073 nobis.
1165 4017 1294 4073 Istae
1324 4020 1446 4074 duae
1473 4020 1712 4075 visiones
1742 4036 2067 4073 communes

474 4110 609 4159 sunt
635 4105 794 4159 nobis
819 4123 946 4160 cum
971 4107 1263 4177 pecoribus
1290 4114 1347 4162 et
1373 4109 1709 4174 volatilibus,
1729 4126 1851 4179 quae
1872 4114 1929 4162 et
1943 4123 2066 4161 cor-

475 4209 613 4264 pora
653 4194 842 4247 vident
871 4200 927 4248 et
953 4196 1073 4249 loca
1112 4197 1339 4267 propria
1377 4203 1801 4268 recognoscunt.
1836 4197 1925 4251 Sic
1971 4211 2069 4268 pe-

478 4297 609 4337 cora
628 4288 941 4352 agnoscunt
967 4285 1238 4354 praesepia
1262 4302 1365 4339 sua
1389 4290 1446 4339 et
1472 4302 1601 4340 aves
1636 4287 1703 4341 ad
1736 4286 1897 4340 nidos
1937 4303 2068 4340 suos

2146 3127 2261 3199 qui,
2291 3131 2349 3181 et
2375 3126 2550 3197 possit
2586 3124 2710 3178 aliis
2743 3139 2996 3189 narrare,
3042 3122 3151 3177 illis
3193 3121 3291 3192 qui
3338 3118 3569 3174 audiunt
3607 3131 3701 3170 non

2143 3217 2275 3272 licet
2303 3233 2369 3270 ea
2398 3214 2570 3285 loqui,
2602 3213 2733 3284 quia
2759 3229 2872 3267 non
2903 3212 3093 3267 valent
3119 3228 3185 3265 ea
3213 3226 3415 3282 capere
3442 3207 3509 3263 ob
3523 3204 3707 3276 magni-

2145 3306 2400 3361 tudinem
2430 3303 2851 3376 mysteriorum.

2217 3398 2320 3450 Pro
2346 3394 2685 3463 liujusmodi,
2710 3390 2980 3445 subaudis
3010 3388 3319 3444 visionibus
3359 3386 3461 3441 Dei
3509 3382 3701 3439 manife-

2143 3482 2426 3548 stissimis,
2455 3482 2757 3551 gloriabor,
2790 3478 3040 3543 laetabor,
3063 3476 3321 3548 gaudebo
3351 3482 3410 3530 et
3428 3471 3700 3533 exsultabo,

2138 3590 2243 3643 pro
2276 3590 2360 3627 mc
2386 3578 2593 3637 autem,
2628 3570 2684 3623 id
2710 3574 2797 3623 est
2831 3584 2932 3639 pro
2962 3583 3087 3622 mea
3115 3565 3442 3620 extollentia
3482 3570 3535 3617 et
3568 3560 3703 3616 laude

2145 3664 2233 3719 vel
2258 3680 2357 3734 pro
2379 3661 2517 3715 meis
2543 3658 2777 3724 meritis,
2801 3658 2949 3711 nihil
2969 3657 3271 3724 gloriabor,
3286 3655 3421 3726 quia
3436 3652 3605 3724 gratia
3620 3648 3702 3704 Dei

2147 3769 2272 3809 sum
2302 3750 2358 3804 id
2379 3749 2523 3821 quod
2547 3764 2691 3813 sum,
2721 3749 2835 3801 nisi
2858 3746 3288 3814 infirmitatibus
3316 3748 3470 3798 meis.
3502 3736 3704 3795 Inﬁrmi-

2148 3841 2282 3897 tatis
2320 3839 2547 3894 nomine
2589 3834 3012 3907 comprehendit
3052 3833 3241 3888 omnia
3294 3829 3627 3887 incommoda
3659 3830 3705 3879 et

2148 3930 2437 4004 passiones
2459 3944 2598 3998 quas
2645 3923 2956 3980 sustinebat
3008 3939 3107 3995 pro
3161 3921 3385 3978 Christi
3409 3920 3632 3984 nomine,
3656 3916 3703 3969 in

2149 4018 2487 4093 quibusipse
2513 4014 2882 4087 gloriabatur.

2219 4110 2363 4164 Nam
2380 4112 2428 4161 et
2448 4109 2497 4161 si
2520 4109 2738 4160 voluero
2755 4105 3015 4171 gloriari,
3049 4100 3320 4157 subaudis
3340 4104 3562 4173 propter
3575 4094 3707 4151 meri-

2147 4202 2269 4254 tum
2301 4196 2448 4268 quod
2470 4193 2648 4248 habeo
2678 4193 2827 4264 apud
2848 4192 3048 4258 Deum,
3070 4207 3177 4244 non
3198 4207 3289 4245 cro
3316 4182 3705 4259 insipiens,illud

2150 4283 2685 4347 narrando.Quare?
2727 4283 3011 4336 Veritatun
3047 4282 3197 4333 enim
3226 4280 3433 4333 dicam.
3455 4279 3563 4333 Hoc
3581 4272 3721 4333 dicit,

478 4371 719 4425 redeunt
745 4372 875 4441 quia
896 4372 1262 4427 recordentur
1290 4374 1640 4429 illorum.Est
1667 4382 1723 4430 et
1743 4376 1911 4429 tertia
1932 4374 2067 4429 visio
2085 4367 2133 4425 D
2151 4377 2282 4449 quia
2312 4374 2358 4428 si
2390 4372 2651 4426 meritum
2680 4386 2845 4424 suum
2881 4369 3211 4439 profiteatur
3239 4368 3390 4439 quod
3409 4366 3566 4421 habet
3586 4361 3703 4434 apud

476 4458 889 4525 intellectualis,
923 4478 1089 4532 quam
1112 4462 1433 4517 nullatenus
1454 4463 1662 4518 habent
1682 4481 1882 4535 pecora
1904 4470 1959 4518 et
1980 4481 2069 4518 vo-

477 4547 677 4613 latilia,
708 4550 807 4604 sed
840 4551 1026 4621 angeli
1056 4557 1112 4606 et
1133 4551 1388 4607 homines
1416 4552 1636 4607 ratione
1666 4553 2069 4609 utentes.Unde

474 4641 815 4707 intellectus,
848 4640 906 4694 id
948 4647 1033 4695 est
1054 4640 1196 4695 ratio
1231 4660 1243 4709 ;
1270 4646 1460 4696 tamen
1488 4659 1596 4696 non
1619 4643 1676 4697 in
1698 4643 1956 4697 omnibus
1978 4643 2071 4697 ho-

475 4730 724 4787 minibus
752 4731 1045 4802 aequaliter
1072 4731 1237 4802 viget.
1272 4732 1566 4786 lntellectu
1596 4736 1784 4785 autem
1818 4732 1938 4786 sine
1986 4748 2072 4786 ra-

475 4820 629 4875 tione
654 4821 1048 4887 discernimus,
1084 4820 1231 4892 quod
1254 4820 1388 4875 illud
1421 4822 1496 4875 sit
1522 4838 1741 4892 corpus,
1770 4821 1906 4875 illud
1924 4820 2073 4874 simi-

475 4908 655 4963 litudo
677 4911 942 4981 corporis,
979 4917 1034 4965 et
1065 4928 1164 4981 per
1191 4911 1335 4966 hanc
1357 4911 1619 4965 visionem
1651 4911 1871 4965 videtur
1902 4909 2067 4979 justi-

478 4993 577 5060 tia,
610 4996 873 5062 charitas,
900 4998 1015 5068 ipse
1039 4998 1205 5053 Deus.
1240 5000 1324 5053 Ad
1356 4999 1518 5053 istam
1551 5015 1683 5068 ergo
1707 4998 1969 5051 visionem
1995 4997 2072 5048 in-

477 5081 873 5146 tellectualem,
908 5101 1030 5154 quae
1062 5094 1144 5139 est
1171 5088 1357 5151 tertia,
1391 5093 1448 5140 et
1477 5104 1598 5157 quae
1627 5085 1955 5157 designatur
1973 5102 2073 5156 per

476 5169 706 5223 tertium
734 5170 952 5237 cadum,
984 5189 1106 5242 quae
1130 5175 1297 5228 etiam
1317 5176 1666 5231 transcendit
1694 5191 1794 5228 sua
1807 5176 2073 5229 excellen-

477 5263 560 5317 tia
588 5262 729 5315 duas
754 5262 1089 5333 praemissas,
1114 5263 1191 5316 ita
1214 5270 1408 5334 raptus
1429 5271 1483 5319 et
1503 5266 1751 5319 elevatus
1773 5269 1857 5317 est
1877 5263 2072 5317 divini-

476 5359 569 5408 tus
598 5351 918 5424 Apostolus,
943 5357 1005 5405 ut
1035 5352 1210 5405 Deum
1237 5368 1344 5405 non
1377 5370 1709 5426 percorpus,
1743 5372 1855 5408 non
1885 5353 2069 5424 persi-

476 5441 855 5499 militudinem
884 5440 1255 5512 corporis,sed
1274 5441 1415 5495 sicut
1446 5449 1531 5496 est
1558 5444 1679 5514 ipsa
1707 5444 1928 5498 Veritas
1948 5460 2072 5497 cer-

481 5537 643 5591 neret
669 5548 681 5586 :
701 5536 757 5589 et
784 5530 930 5605 sigut
956 5528 1227 5587 videndus
1247 5534 1332 5585 est
1358 5535 1486 5605 post
1513 5530 1659 5587 hanc
1673 5531 1845 5589 vitam
1863 5531 1932 5589 ab
1945 5548 2071 5591 orn-

2150 4467 2348 4526 Deum,
2374 4479 2483 4517 non
2514 4460 2621 4514 erit
2650 4457 3148 4529 imprudensquia
3160 4456 3453 4511 veritatem
3476 4454 3699 4527 loquitur.

2153 4556 2297 4624 Ergo
2327 4552 2373 4607 si
2403 4551 2527 4623 quis
2554 4566 2653 4621 pro
2700 4547 2947 4602 utilitate
2993 4553 3049 4600 et
3093 4546 3464 4601 aediﬁcatione
3506 4545 3703 4599 aliorum

2154 4644 2361 4698 bonum
2383 4640 2488 4694 sibi
2508 4638 2776 4692 divinitus
2791 4652 3117 4690 concessum
3139 4652 3267 4690 cum
3283 4635 3587 4690 humilitate
3601 4646 3702 4686 nar-

2153 4738 2260 4799 rat,
2293 4746 2406 4785 non
2435 4729 2553 4799 agit
2592 4726 2944 4798 insipienter,
2977 4726 3110 4796 quia
3145 4725 3441 4779 veritatem
3476 4722 3699 4794 loquitur.

2153 4822 2259 4886 Qui
2274 4835 2402 4873 vero
2419 4817 2626 4871 bonum
2647 4816 2792 4887 quod
2808 4814 3576 4885 habet,’propterjactantiam
3607 4807 3701 4863 aliis

2153 4910 2437 4983 praedicat,
2478 4908 2754 4978 deputans
2799 4905 2935 4960 illud
3005 4905 3121 4959 suis
3175 4904 3414 4971 meritis,
3464 4904 3543 4958 vel
3588 4896 3703 4971 quod

2153 5016 2265 5053 non
2296 4996 2465 5051 habet
2487 4995 2623 5049 dicit
2650 5011 2708 5048 se
2750 4992 2976 5060 habere,
3005 4992 3277 5064 insipiens
3307 4998 3363 5047 et
3389 4993 3603 5047 nimium
3637 4990 3703 5040 est

2152 5086 2480 5158 imprudens
2509 5103 2521 5149 ;
2555 5083 2689 5155 quia
2719 5083 3071 5137 mendacium
3105 5083 3358 5154 loquitur
3385 5108 3395 5141 :
3443 5086 3594 5137 Pareo
3625 5094 3702 5131 au-

2156 5182 2280 5242 tem,
2314 5174 2369 5228 id
2396 5170 2730 5228 est'dimitto
2751 5189 2982 5227 narrare
3009 5172 3250 5242 gloriam
3282 5188 3467 5227 meam
3496 5177 3547 5225 et
3563 5166 3699 5223 meri-

2152 5273 2273 5320 tum
2302 5271 2472 5335 atque
2500 5262 2761 5334 gratiam,
2797 5279 2862 5315 ne
2889 5266 3009 5330 quis
3042 5279 3125 5315 me
3150 5264 3435 5316 existimet.
3462 5275 3611 5330 supra
3654 5253 3701 5306 id

2153 5356 2295 5423 quod
2324 5354 2464 5406 videt
2494 5354 2554 5405 in
2592 5368 2696 5408 me.
2724 5355 2821 5404 aut
2850 5352 3007 5403 audit
3038 5351 3258 5419 aliquid
3286 5367 3353 5404 ea:
3376 5367 3475 5403 me.
3506 5343 3699 5402 Nolebat

2153 5443 2455 5514 Apostolus
2485 5456 2716 5494 narrare
2748 5438 2991 5509 gratiam
3016 5438 3122 5492 sibi
3140 5438 3424 5508 largitam,
3448 5437 3566 5509 quia
3580 5431 3699 5488 nole-

2155 5532 2250 5587 bat
2269 5532 2450 5605 major
2468 5546 2741 5609 apparere
2758 5533 2815 5585 et
2833 5528 3076 5589 sanctior
3097 5544 3268 5603 quam
3286 5526 3559 5587 erat.Inde
3573 5520 3691 5579 dicit:
