3966 6156
236 293 338 353 665

870 295 1250 353 sxrosrno
1291 298 1371 356 IN
1408 298 1564 355 EPP.
1608 299 1664 355 s.
1708 298 1942 356 PAULI.
1990 329 2053 341 -
2093 300 2173 356 IN
2211 300 2433 356 EPIST.
2476 264 2529 356 i1
2566 298 2663 354 AD
2703 296 2866 354 oon.

3408 292 3512 350 666
3558 376 3567 385 ι

238 422 453 480 Idcirco
486 422 618 477 nolo
645 422 958 494 gloriari,et
982 422 1206 479 dimitto
1220 440 1445 479 omnem
1464 424 1705 495 gratiam
1727 423 1833 478 mi-
1850 424 2138 486 Adiamus
2167 425 2299 496 quid
2321 426 2371 479 ei
2402 425 2604 480 dixerit
2632 423 2918 487 Domiuus,
2953 422 3067 476 sive
3095 438 3196 492 per
3222 421 3506 491 angelum,

234 511 290 566 bi
318 527 668 579 concessam,
699 528 772 567 ne
802 512 927 584 quis
949 518 1108 582 putet
1137 530 1228 569 me
1266 514 1557 569 meliorem
1586 513 1832 568 sanctio-

233 617 466 674 remque
496 618 619 656 esse
646 619 817 673 supra
855 602 910 655 id
941 602 1088 673 quod
1120 603 1269 657 videt
1296 603 1355 657 in
1381 620 1504 657 mea
1534 619 1830 658 conversa-

238 689 391 745 tione
426 706 437 742 :
476 696 577 745 aut
604 708 777 762 supra
806 692 861 746 id
885 691 1034 762 quod
1065 693 1225 746 audit
1251 709 1315 746 ex
1352 709 1441 746 me
1472 692 1541 746 ab
1571 693 1713 746 aliis.

300 781 369 833 Et
400 795 469 833 ne
500 782 828 846 magnitudo
848 784 1254 836 revelationum
1271 785 1495 836 extollat
1514 799 1617 847 me,
1633 783 1837 836 subau-

234 867 317 923 dis
341 868 402 922 in
417 868 762 940 superbiam,
784 872 946 924 datus
967 876 1041 925 est
1062 873 1205 925 mihi
1211 911 1223 938 ,
1242 888 1277 925 a
1291 871 1550 940 Domino,
1572 875 1834 926 stimulus

234 961 421 1012 carnis
450 975 598 1025 mea),
616 962 850 1027 angelus
880 960 1101 1015 Satana
1124 963 1224 1029 qui
1254 978 1337 1014 me
1358 963 1675 1029 colaphizet.
1697 960 1834 1026 Qui-

232 1046 360 1101 dam
393 1047 590 1102 dicunt
608 1049 936 1119 Apostolum
955 1049 1145 1103 dolore
1165 1050 1362 1120 capitis
1378 1049 1681 1118 laborasse,
1709 1051 1834 1122 qui-

232 1136 360 1190 dam
392 1153 427 1190 a
449 1135 671 1191 diabolo
697 1138 768 1191 de
806 1138 1007 1192 ardore
1037 1138 1283 1193 libidinis
1312 1139 1520 1193 tentari
1550 1145 1607 1193 et
1635 1139 1830 1210 afﬂigi,

231 1225 381 1296 quod
406 1226 594 1281 verius
623 1231 729 1281 est.
758 1225 844 1282 Ne
874 1244 1007 1298 ergo
1027 1228 1087 1282 in
1115 1228 1391 1299 superbia:
1412 1234 1695 1283 tumorem
1734 1246 1830 1283 ex-

231 1313 549 1380 tolleretur,
569 1314 877 1386 permissus
893 1320 975 1370 est
995 1316 1206 1370 tentari
1235 1333 1270 1370 a
1289 1316 1512 1371 diabolo
1534 1317 1604 1371 de
1630 1316 1831 1372 ardore

230 1401 507 1473 libidinis,
537 1419 708 1474 quam
739 1404 988 1475 appellat
1014 1405 1308 1459 stimulum
1339 1406 1545 1459 carnis.
1576 1407 1651 1460 Ut
1679 1406 1830 1459 enim

231 1490 433 1546 dicunt
461 1492 739 1560 doctores,
788 1493 1051 1548 stimulus
1096 1494 1322 1565 proprie
1347 1494 1588 1549 tumoris
1619 1500 1676 1549 et
1701 1494 1832 1549 libi-

230 1580 379 1634 dinis
409 1586 515 1645 est,
551 1581 846 1653 ipsumque
875 1583 1167 1637 stimulum
1193 1583 1377 1638 carnis
1408 1600 1443 1637 a
1471 1600 1582 1655 quo
1621 1600 1833 1655 punge-

230 1667 401 1723 batur
425 1675 482 1724 et
508 1671 938 1741 accendebatur,
958 1677 1118 1726 vocat
1135 1672 1398 1743 angelum
1421 1673 1660 1740 Satanae,
1678 1673 1733 1727 id
1747 1676 1832 1726 est

1915 513 2029 567 sive
2049 513 2108 567 in
2139 513 2325 576 corde,
2349 518 2449 567 aut
2475 513 2585 567 alia
2614 512 2970 566 revelatione.
3005 510 3225 578 Sufﬁcit
3255 511 3355 562 tibi
3385 525 3511 576 gra-

1917 605 1998 657 tia
2028 619 2165 657 mea.
2185 602 2379 658 Gratia
2403 604 2509 656 isto
2531 602 2725 655 inloco
2752 600 3087 671 intelligitur
3115 597 3386 670 quidquid
3416 597 3512 650 do-

1916 709 2117 747 norum
2143 693 2322 762 gratis
2347 692 2541 745 datum
2590 697 2676 745 est
2728 692 2981 761 apostolo
3014 690 3206 753 Paulo,
3253 687 3512 741 videlicet

1918 783 2063 854 quod
2096 782 2165 835 de
2211 782 2348 836 coelo
2380 786 2604 835 vocatus
2635 786 2739 845 est,
2773 782 2921 851 quod
2953 781 3119 833 fidem
3176 777 3394 848 accepit
3446 780 3512 829 ut

1917 871 2189 936 crederet,
2242 871 2391 941 quod
2423 870 2811 924 remissionem
2842 870 3093 922 omnium
3146 871 3509 937 peccatorum

1916 961 1974 1014 in
2012 960 2351 1031 baptismate
2381 960 2652 1030 percepit,
2678 958 2824 1030 quod
2856 958 2924 1011 ad
2953 957 3195 1028 gratiam
3223 955 3506 1027 apostola-

1914 1056 2008 1105 tus
2032 1055 2090 1104 et
2117 1050 2569 1120 praedicationem
2600 1047 2854 1118 gentium
2882 1048 3091 1100 electus
3120 1051 3223 1111 est,
3247 1045 3395 1115 quod
3423 1060 3509 1097 sa-

1916 1138 2186 1210 pientiam
2217 1154 2329 1209 pro:
2360 1135 2621 1191 omnibus
2651 1136 2916 1206 apostolis
2946 1152 2979 1188 a
3014 1136 3129 1189 Deo
3152 1134 3416 1204 percepit,
3452 1137 3510 1185 et

1913 1228 2061 1299 quod
2082 1228 2152 1281 ad
2174 1227 2412 1281 visiones
2438 1232 2495 1280 et
2524 1225 2893 1279 revelationes
2923 1223 3146 1279 Domini
3177 1222 3246 1275 ad
3275 1221 3508 1275 tertium

1913 1317 2115 1371 ccelum
2135 1320 2333 1387 raptus
2360 1320 2465 1381 est,
2497 1330 2715 1368 necnon
2736 1313 2884 1384 quod
2904 1312 3070 1366 verba
3090 1310 3393 1365 ineffabilia
3411 1326 3508 1363 au-

1914 1406 2054 1460 divit
2080 1406 2139 1459 in
2164 1405 2446 1476 paradiso,
2478 1405 2549 1458 de
2574 1404 2683 1457 ista
2708 1402 2893 1473 gratia
2920 1400 3057 1455 dixit
3104 1400 3155 1453 ei
3184 1398 3456 1452 Dominus
3491 1416 3503 1450 :

1916 1495 2135 1550 Sufﬁcit
2164 1494 2269 1550 tibi
2296 1494 2481 1564 gratia
2497 1509 2644 1546 mea.
2664 1491 2797 1546 Ideo
2813 1489 2927 1545 noli
2957 1505 3118 1542 orare
3148 1503 3248 1558 pro
3277 1487 3507 1540 stimulo

1914 1585 2114 1648 carnis,
2141 1601 2211 1637 ne
2226 1583 2367 1637 forte
2382 1583 2441 1636 in
2461 1582 2779 1653 superbiam
2799 1579 3025 1634 labaris.
3069 1578 3213 1631 Nam
3234 1578 3414 1629 virtus
3444 1578 3508 1628 in

1916 1676 2245 1741 inﬁrmitate
2266 1674 2575 1740 per/icitur.
2611 1671 2821 1734 Virtus,
2845 1668 2902 1721 id
2923 1671 3008 1721 est
3037 1665 3302 1737 perfectio
3334 1664 3507 1717 virtn-
3546 1726 3559 1731 _

228 1758 494 1813 nuntium
516 1758 883 1831 diaboli,quia
901 1777 934 1814 a
963 1760 1184 1815 diabolo
1210 1761 1624 1816 immittebatur
1652 1762 1702 1816 ei
1733 1762 1831 1816 illa
1852 1786 1896 1845 Β
1916 1769 2058 1827 tum,
2086 1763 2142 1815 in
2160 1761 2485 1815 inﬁrmitate
2507 1760 2693 1813 carnis
2714 1765 2771 1812 et
2788 1757 2979 1812 labore
3001 1762 3170 1825 atque
3194 1753 3507 1808 tentatione

228 1847 358 1901 talis
408 1848 721 1903 stimulatio
750 1850 1239 1920 concupiscentiae.
1278 1853 1352 1904 At
1381 1851 1829 1921 quandocumque
1914 1852 2219 1923 perﬁcitur,
2252 1850 2299 1905 si
2328 1850 2451 1920 ipsa
2479 1849 2778 1903 inﬁrmitas
2806 1846 3087 1917 patienter
3105 1844 3435 1906 sustinetur,
3450 1847 3508 1895 et

227 1936 534 2007 Apostolus
577 1938 898 2008 patiebatur
920 1939 1076 1992 illam
1122 1939 1584 1999 stimulationem.
1620 1939 1830 1995 sciebat

229 2025 389 2079 illam
435 2040 469 2078 a
494 2024 716 2080 diabolo
744 2026 849 2080 sibi
879 2027 1245 2082 immitti.Sed
1272 2028 1545 2082 Dominus
1575 2028 1671 2098 qui
1701 2045 1830 2098 per-

230 2113 496 2169 mittebat
552 2132 679 2169 eum
730 2117 1088 2188 colaphizari,
1146 2117 1203 2171 id
1233 2122 1319 2171 est
1362 2117 1538 2187 afﬂigi
1570 2122 1626 2171 et
1655 2117 1830 2172 tribu-

228 2203 334 2258 lari
362 2221 398 2258 a
421 2206 735 2260 tentatione
775 2206 1004 2273 diaboli,
1037 2223 1109 2260 ne
1146 2207 1205 2262 in
1237 2206 1558 2278 superbiam
1591 2207 1829 2277 erigere-

227 2298 340 2357 tur,
370 2295 758 2364 cognoscendo
783 2312 941 2350 suam
973 2296 1359 2366 fragilitatem,
1381 2298 1502 2367 ipse
1524 2298 1716 2367 utique
1738 2314 1829 2351 cu-

227 2381 514 2437 stodiebat
542 2399 764 2452 eumpe
794 2386 852 2439 in
882 2385 1078 2440 vitium
1115 2385 1366 2440 libidinis
1397 2387 1637 2440 caderet.
1670 2386 1828 2440 Unde

225 2472 623 2543 apparet,quia
648 2490 747 2542 per
774 2490 1049 2529 venenum
1078 2474 1314 2545 fugabat
1332 2491 1630 2529 venenum.
1649 2475 1829 2528 Vene-

225 2576 294 2615 no
322 2559 577 2614 libidinis
592 2567 650 2615 et
669 2563 979 2617 tentatione
1000 2564 1184 2618 carnis
1201 2563 1436 2635 fugabat
1450 2562 1519 2617 ab
1550 2564 1646 2617 illo
1667 2580 1827 2618 vene-

223 2666 363 2705 num
378 2650 850 2721 superbiae.Dedit
869 2669 1113 2724 namque
1143 2654 1195 2708 ei
1218 2654 1491 2708 Dominus
1506 2653 1827 2707 antidotum

224 2740 532 2810 tyriacum,
559 2740 707 2810 quod
738 2740 806 2794 de
835 2747 1095 2813 serpente
1125 2743 1436 2808 conﬁcitur,
1476 2742 1572 2813 qui
1595 2753 1829 2796 vocatur

227 2830 432 2900 Tyrus,
449 2828 565 2882 sive
592 2829 883 2899 Tyriacus,
907 2847 1066 2901 aquo
1097 2836 1154 2884 et
1180 2830 1457 2901 tyriacnm
1486 2831 1823 2900 appellatur,

225 2921 279 2971 et
295 2917 463 2986 fugat
474 2932 750 2971 venenum
772 2917 998 2972 aliud.A
1011 2935 1120 2989 quo
1141 2917 1467 2972 tentabatur
1484 2919 1552 2971 de
1571 2918 1823 2983 libidine,

1912 1947 2105 1995 contra
2133 1940 2500 1994 tentationem
2521 1936 2987 2008 concupiscentiae
3024 1933 3258 1986 viriliter
3286 1946 3506 2003 pugna-

1910 2036 2022 2084 tur.
2048 2031 2298 2083 Libenter
2320 2031 2499 2095 igitur
2516 2028 2796 2095 gloriabor
2810 2028 2870 2077 in
2894 2023 3319 2090 inﬁrmitatibus
3348 2020 3500 2081 meis,

1912 2126 1972 2172 ut
1991 2119 2259 2172 inhabitet
2290 2121 2351 2171 in
2375 2134 2457 2169 me
2471 2120 2649 2170 virtus
2672 2116 2894 2170 Christi.
2922 2114 3225 2182 Postquam
3248 2107 3507 2179 cognovit

1911 2207 2176 2279 prodesse
2209 2206 2315 2260 sibi
2370 2206 2517 2276 quod
2549 2220 2749 2258 nocere
2776 2201 3028 2274 putabat,
3060 2213 3505 2269 responsumque

1911 2297 2124 2367 accepit
2151 2314 2186 2349 a
2213 2296 2452 2350 Domino
2484 2295 2630 2365 quod
2663 2292 2927 2364 perfectio
2970 2289 3095 2343 vitae
3143 2288 3507 2357 omniumque

1909 2386 2180 2442 virtutum
2214 2386 2270 2439 in
2312 2386 2642 2438 infirmitate
2672 2381 2976 2454 perficitur,
3010 2379 3249 2433 libenter
3287 2394 3346 2430 se
3375 2375 3509 2430 dicit

1908 2475 2163 2547 gloriari,
2192 2474 2247 2527 id
2280 2481 2365 2528 est
2390 2474 2637 2545 gaudere
2668 2478 2724 2525 et
2742 2472 2919 2525 lzetari
2948 2470 3006 2523 in
3028 2469 3144 2523 suis
3165 2465 3509 2521 inﬁrmitati-

1909 2563 2032 2627 bus,
2058 2565 2114 2617 id
2135 2563 2298 2617 estin
2323 2564 2439 2617 suis
2468 2561 2822 2633 passionibus
2848 2576 2987 2631 quas
3016 2575 3117 2628 pro
3144 2556 3367 2610 Christo
3389 2570 3508 2608 sus-

1909 2652 2142 2716 tinebat,
2181 2657 2244 2705 ut
2269 2651 2328 2704 in
2364 2668 2428 2705 eo
2459 2651 2787 2720 dignaretur
2806 2648 3062 2701 habitare
3081 2646 3260 2698 virtus
3286 2652 3342 2696 et
3371 2657 3504 2711 gra-

1910 2742 2009 2808 tia,
2037 2741 2152 2795 sive
2203 2740 2467 2811 perfectio
2497 2739 2747 2793 omnium
2778 2738 3053 2791 donorum
3094 2733 3321 2790 Christi.
3354 2730 3505 2801 Ergo

1912 2832 2039 2902 quia
2058 2832 2226 2885 aliter
2240 2830 2644 2902 perfectionem
2665 2828 2937 2881 virtutum
2960 2826 3165 2878 habere
3178 2840 3290 2877 non
3313 2837 3505 2893 possu-

1914 2937 2059 2986 mus,
2086 2920 2192 2973 nisi
2210 2923 2559 2973 tentamenta
2581 2923 2636 2971 et
2650 2916 3061 2970 oblectamenta
3087 2913 3273 2966 carnis
3290 2911 3502 2983 patien-

221 3005 415 3060 abillo
444 3004 752 3060 sanabatur
781 3023 816 3061 a
844 3005 976 3060 vitio
1007 3006 1304 3078 superbiai,
1336 3007 1468 3078 quia
1520 3024 1554 3061 a
1585 3008 1826 3063 Domino
1850 3067 1888 3079 Α
1910 3014 1997 3062 ter
2016 3006 2781 3079 sustinuerimus,pugnando
2800 3010 2989 3059 tamen
3012 3007 3207 3057 contra
3229 3001 3362 3055 vitia
3382 3017 3502 3054 cer-

222 3100 522 3165 acceperat
537 3099 733 3148 contra
754 3110 1031 3149 venenum
1051 3067 1702 3166 superbia},-'antidotum
1732 3100 1823 3166 ty-
1843 3067 2091 3152 Ctemus
2127 3114 2253 3151 cum
2282 3067 2590 3167 Apostolo:
2612 3101 2676 3150 ut
2702 3095 2761 3148 in
2800 3094 2960 3147 nobis
2990 3092 3204 3146 habitet
3243 3091 3418 3144 virtus
3446 3093 3504 3143 et

224 3184 464 3250 riacum,
498 3184 649 3255 quod
696 3188 985 3253 gustatum
1039 3200 1313 3238 venenum
1354 3184 1530 3255 pellit.
1587 3185 1823 3239 Erudire

221 3273 431 3344 quippe
463 3274 654 3327 volens
684 3272 957 3327 Dominus
987 3273 1191 3328 electos
1213 3290 1364 3339 suos,
1390 3279 1446 3327 et
1458 3273 1740 3328 custodire
1766 3273 1823 3327 in

222 3361 546 3417 humilitate
561 3363 832 3416 virtutum
854 3362 1134 3433 permittit
1154 3379 1250 3416 eos
1266 3363 1472 3417 tentari
1490 3379 1654 3434 saepe,
1680 3362 1825 3417 sicut

221 3452 516 3521 egregium
540 3452 965 3522 praedicatorem
994 3469 1028 3505 a
1050 3451 1271 3506 diabolo
1301 3453 1561 3522 permisit
1590 3452 1817 3514 tentari,

222 3555 290 3594 ne
320 3540 719 3611 magnitudine
748 3541 1155 3595 revelationum
1179 3542 1368 3595 extolli
1390 3542 1666 3612 potuisset
1700 3559 1710 3594 :
1743 3543 1823 3613 ip-

219 3645 462 3700 samque
492 3629 862 3684 tentationem
893 3628 972 3683 sic
992 3629 1258 3700 disponit,
1283 3636 1347 3684 ut
1366 3631 1461 3701 qui
1484 3630 1615 3685 elati
1639 3631 1822 3702 perire

218 3723 487 3789 poterant
514 3719 574 3773 in
604 3719 940 3773 humilitatis
966 3718 1144 3789 gradu
1175 3720 1563 3786 consistentes,
1588 3737 1622 3773 a
1641 3720 1823 3791 perdi-

178 3866 183 3870 ,
216 3807 367 3863 tione
390 3813 452 3863 et
471 3808 913 3880 praecipitationc
933 3813 1246 3866 serventur.
1268 3806 1624 3880 Quapropter
1636 3809 1682 3863 si
1698 3809 1822 3880 quis

215 3898 595 3952 tentationem
621 3898 866 3969 aliquam
904 3898 1164 3964 sustinet,
1189 3914 1299 3951 non
1333 3897 1499 3951 debet
1524 3898 1822 3969 desperare

1904 3187 2090 3257 gratia
2114 3187 2391 3240 donorum
2420 3186 2647 3251 Christi,
2684 3184 3007 3256 pariterque
3034 3199 3160 3236 cum
3203 3181 3301 3235 illo
3342 3194 3504 3234 coro—

1906 3293 2108 3331 nemur
2138 3276 2197 3330 in
2225 3276 2437 3330 caelesti
2467 3292 2659 3345 regno.

1975 3369 2204 3435 Propter
2233 3368 2393 3434 quod,
2427 3364 2695 3419 subaudis
2723 3369 2787 3417 ut
2808 3361 3087 3416 inhabitet
3114 3361 3173 3414 in
3204 3376 3291 3417 me
3323 3358 3500 3413 virtus

1906 3455 2152 3523 Christo,
2179 3459 2362 3523 placeo
2389 3456 2532 3508 mihi
2560 3457 2623 3507 in
2654 3453 3081 3521 inﬁrmitatibus
3112 3454 3264 3515 meis,
3291 3465 3404 3503 non
3434 3447 3494 3501 in

1904 3544 2276 3616 prosperitate
2296 3550 2352 3597 et
2370 3544 2580 3597 divitiis
2604 3544 2769 3611 hujus
2793 3541 3000 3598 saeculi,
3016 3539 3113 3593 sed
3142 3542 3204 3592 in
3226 3543 3502 3591 contume-

1905 3637 2016 3699 liis,
2052 3632 2109 3686 id
2140 3638 2225 3686 est
2248 3631 2722 3703 ﬂagellationibus
2742 3630 2827 3683 vel
2847 3627 3179 3700 Opprobriis,
3197 3642 3308 3680 non
3326 3625 3384 3678 in
3406 3625 3503 3678 ho-

1905 3721 2136 3776 noribus
2157 3720 2363 3785 saeculi,
2400 3721 2498 3774 sed
2528 3723 2590 3773 in
2621 3719 3046 3778 necessitatibus,
3086 3732 3198 3770 non
3228 3715 3288 3769 in
3320 3713 3499 3785 epulis

1903 3811 1991 3864 vel
2010 3811 2143 3877 otio,
2164 3810 2261 3863 sed
2281 3814 2341 3863 in
2348 3810 2957 3877 perseeutionibus,non
2969 3808 3026 3860 in
3042 3804 3495 3871 salutationibus,

1905 3900 2001 3953 sed
2030 3903 2093 3953 in
2114 3901 2414 3967 angustiis,
2447 3915 2560 3952 non
2588 3899 2645 3951 in
2671 3899 2947 3968 jactantia
2991 3895 3265 3961 elationis,
3300 3900 3356 3948 et
3394 3894 3499 3948 hoc

214 4001 397 4058 neque
432 3987 692 4053 deficere,
726 3987 823 4042 sed
852 4003 979 4041 cum
1011 3986 1112 4041 Dei
1142 3987 1420 4056 adjutorio
1449 3987 1737 4041 decertare
1760 3993 1822 4042 ut
1900 4004 2003 4058 pro
2016 3989 2230 4043 Christo
2245 3988 2448 4058 patior,
2466 4004 2576 4040 non
2593 4004 2693 4057 pro
2719 3987 2909 4057 aliquo
2935 3985 3333 4039 crimineﬂum
3346 3986 3496 4037 enim

216 4075 419 4130 vincat.

282 4166 520 4233 Propter
549 4166 711 4232 quod,
743 4164 1016 4219 subaudis
1051 4164 1520 4236 impedimentum
1546 4165 1814 4228 libidinis,

218 4259 297 4308 ter
317 4256 630 4309 Dominum
652 4258 843 4321 rogavi
862 4259 923 4307 ut
942 4256 1234 4308 discederet
1255 4271 1289 4308 a
1308 4271 1393 4308 me
1421 4254 1684 4309 stimulus
1704 4271 1820 4311 car-

215 4341 319 4409 nis,
355 4344 477 4398 sive
506 4343 739 4412 angelus
773 4343 1012 4397 Satanm.
1048 4343 1231 4407 Quaeri
1262 4348 1446 4414 potest
1460 4343 1566 4398 isto
1584 4344 1644 4397 in
1674 4345 1812 4409 loco,

1837 4395 1887 4452 D

1902 4080 2182 4145 inﬁrmor,
2197 4076 2464 4130 subaudis
2494 4077 2551 4129 in
2582 4092 2832 4146 corpore,
2857 4081 2989 4129 tunc
3016 4079 3203 4143 potens
3222 4070 3500 4137 sum,sub-

1901 4166 2066 4221 audis
2086 4166 2145 4220 in
2168 4166 2372 4219 anima.
2396 4165 2555 4220 Unde
2576 4182 2705 4219 caro
2727 4164 3011 4228 atteritur,
3032 4162 3321 4233 afﬂigitur,
3340 4166 3398 4216 et
3414 4161 3497 4215 in-

1903 4258 2181 4319 ﬁrmatur,
2222 4256 2353 4309 inde
2383 4255 2573 4309 anima
2597 4256 2895 4310 roboratur
2924 4261 2980 4309 et
3010 4254 3226 4309 crescit.

1979 4347 2169 4399 Factus
2198 4362 2321 4398 sum
2354 4348 2644 4413 insipiens,
2666 4344 2936 4399 subaudis
2967 4361 3089 4398 mea
3109 4342 3376 4397 meritaet
3388 4341 3498 4394 vir-

215 4448 339 4486 cum
367 4432 647 4486 Dominus
676 4432 825 4487 dicat
864 4449 966 4503 per
995 4433 1329 4503 prophetam
1382 4435 1509 4498 (Isa.
1549 4440 1698 4494 LvIII)
1749 4434 1819 4487 de
1842 4431 1886 4452 ν
1904 4438 2055 4488 tutcs
2086 4433 2341 4504 proprias
2362 4434 2663 4500 narrando,
2682 4434 2779 4488 sed
2805 4440 2995 4487 tamen
3028 4450 3115 4487 vos
3144 4449 3227 4485 me
3256 4431 3499 4497 coegistis

218 4522 473 4592 quolibet
501 4522 678 4575 electo
705 4539 717 4574 :
740 4522 936 4576 Adhuc
951 4526 1006 4576 te
1028 4523 1307 4576 clamante
1329 4521 1511 4576 dicam
1538 4523 1703 4576 :Ecce
1730 4522 1824 4576 ad-

215 4626 338 4665 sum
368 4630 382 4677 ;
408 4616 471 4665 et
494 4611 553 4664 in
589 4610 889 4680 Evangelio
924 4614 1237 4679 (Joan.x1v)
1273 4628 1285 4662 :
1334 4612 1533 4666 Omnia
1563 4628 1820 4679 quacun-

215 4714 316 4768 que
339 4701 622 4767 petieritis
652 4702 715 4752 in
746 4702 975 4752 nomine
1019 4716 1134 4752 meo
1165 4702 1254 4766 ﬁet
1292 4701 1456 4764 vobis,
1501 4715 1673 4770 quare
1704 4698 1819 4754 exi-

216 4787 363 4841 mins
383 4787 792 4863 apostolorum,
809 4803 976 4841 orans
988 4786 1214 4842 liberari
1229 4787 1583 4842 atentatione
1610 4787 1820 4841 diaboli

216 4878 273 4927 et
289 4875 683 4930 stimulatione
702 4876 910 4941 carnis,
933 4892 1046 4931 non
1072 4877 1144 4930 sit
1165 4876 1492 4931 exauditus?
1514 4877 1623 4931 Sed
1645 4877 1821 4930 scien-

213 4961 347 5018 dum
382 4970 490 5029 est,
526 4965 659 5036 quia
680 4965 807 5019 ideo
827 4981 940 5019 non
969 4969 1055 5026 est
1085 4950 1398 5030 exauditus,
1430 4966 1562 5036 quia
1587 4982 1699 5020 non
1727 4983 1821 5037 pe-

213 5050 372 5106 tebat
398 5055 459 5107 in
489 5053 719 5108 nomine
740 5054 890 5118 Jesu,
924 5054 981 5107 id
1013 5059 1099 5108 est
1115 5055 1264 5125 quod
1287 5055 1357 5109 ad
1388 5055 1627 5109 salutem
1654 5071 1817 5109 suam

215 5141 556 5211 pertinebat.
574 5142 872 5197 Nesciebat
891 5143 1040 5197 enim
1070 5149 1261 5215 petere
1292 5160 1393 5215 pro
1431 5161 1491 5198 se
1521 5144 1666 5215 quod
1713 5144 1817 5198 sibi

214 5233 357 5285 utile
384 5238 528 5299 erat,
550 5232 698 5286 sicut
714 5232 855 5286 alias
876 5233 994 5304 ipse
1007 5233 1172 5287 dicit:
1200 5234 1340 5289 Nam
1362 5235 1498 5302 quid
1509 5250 1728 5287 oremus
1748 5237 1820 5288 .ςὶ-

214 5324 307 5374 cut
331 5326 545 5388 oportet
575 5325 847 5376 nescimus
880 5324 1045 5390 (Rom.
1068 5325 1204 5391 νηί).
1224 5322 1283 5377 Si
1307 5338 1440 5392 ergo
1470 5328 1619 5377 esset
1648 5339 1818 5376 exau-

214 5408 393 5474 ditus,
428 5416 492 5463 ut
513 5409 583 5464 ab
612 5410 708 5465 illo
728 5411 1017 5466 recederet
1045 5411 1284 5466 tentatio
1314 5411 1545 5476 diaboli,
1562 5412 1821 5481 concupi-

216 5498 552 5570 scentiaque
584 5501 771 5555 carnis
792 5506 1016 5573 poterat
1040 5501 1263 5556 evenire
1302 5506 1365 5554 ut
1394 5501 1504 5555 cito
1536 5501 1593 5554 in
1623 5517 1821 5572 super-

217 5585 377 5644 biam
401 5589 784 5648 extolleretur.
801 5591 869 5647 Et
895 5608 966 5648 ne
994 5590 1236 5650 nimium
1263 5589 1711 5660 contristaretur,
1727 5605 1823 5646 au-

1905 4524 1975 4576 ad
2006 4523 2128 4587 hoc,
2163 4540 2302 4594 quos
2322 4523 2390 4577 ab
2406 4540 2596 4577 amore
2617 4524 2885 4578 falsorum
2907 4523 3288 4594 apostolorum
3302 4520 3374 4573 ad
3394 4535 3498 4574 no-

1902 4619 2081 4666 strum
2104 4612 2251 4667 volui
2268 4613 2929 4683 reducere.Incipientem
2950 4628 3010 4664 se
3023 4610 3279 4672 dicit,sed
3301 4609 3496 4678 utique

1901 4718 2012 4754 non
2043 4706 2130 4755 est
2159 4702 2591 4772 insipiens,quia
2623 4718 2750 4754 vera
2777 4702 2995 4755 locutus
3017 4705 3131 4753 est:
3167 4703 3223 4750 et
3250 4697 3379 4751 licet
3396 4713 3497 4767 pro

1903 4791 2085 4844 salute
2115 4791 2355 4844 aliorum
2378 4798 2602 4845 coactus
2622 4808 2753 4845 suas
2771 4791 3003 4844 virtutes
3020 4793 3496 4855 narraret,t-amen

1903 4879 1971 4932 de
2000 4879 2338 4934 humilitatis
2363 4880 2545 4950 gradu
2570 4896 2681 4933 non
2710 4879 2930 4932 cecidit.
2958 4880 3066 4945 Ego
3095 4880 3245 4932 enim
3270 4879 3434 4932 debui
3461 4894 3496 4931 a

1900 4970 2043 5023 vobis
2070 4970 2465 5033 commendari,
2493 4969 2548 5022 id
2571 4974 2655 5021 est
2674 4968 2891 5021 laudari
2918 4986 2928 5021 :
2952 4970 3108 5023 Nihil
3128 4971 3279 5022 enim
3306 4970 3497 5022 minus

1899 5059 1991 5125 fui
2017 5058 2074 5111 in
2104 5058 2519 5129 praedicatione,
2554 5057 2610 5110 in
2633 5056 2838 5111 virtute
2869 5057 3289 5122 miraculorum,
3321 5060 3391 5111 ab
3411 5058 3496 5111 his

1901 5151 2000 5216 qui
2027 5153 2157 5200 sunt
2188 5163 2361 5214 supra
2392 5149 2615 5200 modum
2644 5150 2895 5215 apostoli,
2929 5147 2985 5200 id
3013 5152 3099 5201 est
3119 5164 3153 5201 a
3185 5147 3374 5214 Petro,
3407 5148 3499 5201 Ja-

1901 5236 2036 5290 cobo
2061 5240 2118 5289 et
2146 5235 2270 5289 aliis
2299 5235 2799 5306 praedecessoribus
2831 5237 2989 5303 meis,
3025 5237 3120 5309 qui
3149 5255 3183 5292 a
3213 5237 3354 5292 meis
3394 5236 3494 5291 de-

1898 5326 2239 5380 tractoribus
2253 5325 2516 5379 dicuntur
2528 5342 2699 5396 supra
2719 5326 2946 5380 modum
2964 5345 3151 5385 meum
3164 5344 3287 5382 esse
3304 5325 3495 5396 magni

1904 5414 2159 5485 apostoli.
2211 5416 2444 5468 Tametsi
2470 5416 2618 5469 nihil
2646 5431 2794 5480 sum,
2834 5416 2892 5470 id
2938 5422 3023 5471 est
3052 5417 3304 5488 quamvis
3353 5414 3494 5469 nihil

1904 5503 2010 5556 sim
2034 5501 2453 5573 comparatione
2482 5504 2726 5573 illorum,
2754 5508 2916 5575 signa
2947 5512 3129 5560 tamen
3157 5505 3491 5573 apostolatus

1906 5594 2038 5660 mei,
2061 5591 2118 5647 id
2135 5596 2218 5647 est
2238 5592 2531 5663 miracula,
2552 5596 2701 5663 facta
2723 5601 2855 5652 sunt
2871 5611 2905 5653 a
2933 5611 3023 5650 me
3053 5608 3219 5663 super
3239 5607 3345 5657 vos,
3379 5588 3491 5644 sive
