3966 6156
480 234 585 296 667

902 235 1282 293 HAYMONIS
1316 234 1815 309 .HALBERSTAT.
1857 236 2081 293 EPISC.
2116 235 2284 317 ,OPP.
2326 235 2510 293 PARS
2540 235 2593 317 VI.
2635 265 2698 277 —
2737 233 3112 291 COMMENT.
3156 234 3342 290 BIBL.

3621 237 3708 299 668

478 362 539 418 ἱῑι
558 361 732 432 vobis,
755 362 889 435 quia
911 366 1166 419 mortuos
1186 366 1399 417 vestros
1421 360 1704 430 suscitavi,
1739 365 1797 417 et
1823 360 2077 419 inﬁrmos
2094 364 2148 424 Α
2161 366 2260 433 gat
2288 362 2347 416 in
2368 360 2602 434 jejuniis
2626 362 2683 414 et
2711 358 2938 415 ﬂetibus
2958 362 3189 429 propter
3205 363 3448 413 vestram
3469 359 3711 417 incorrec-

478 468 688 508 curavx.

549 544 695 613 Quid
722 546 913 599 minus
944 543 1214 598 habuistis
1249 558 1367 612 pra
1412 545 1617 597 ceteris
1660 543 1932 606 Ecclesiis,
1964 546 2080 599 nisi

478 634 622 705 quod
650 649 763 687 non
781 637 1016 701 gravavi
1043 638 1177 687 vos?
1208 632 1349 687 nihil
1383 631 1661 703 accipiens
1691 648 1725 685 a
1761 632 1937 686 vobis.
1969 633 2078 688 Do-

478 728 625 789 nate,
653 722 711 777 id
741 727 827 776 est
853 723 1139 792 indulgete
1166 724 1309 776 mihi
1323 722 1781 791 hancinjuriam,
1800 722 1846 775 si
1869 721 2079 792 injuria

476 811 711 866 dicenda
735 817 840 866 est.
870 811 1084 865 Ironice
1114 812 1383 883 loquitur.
1416 811 1498 865 Re
1531 810 1681 865 enim
1711 826 1840 865 vera
1869 810 2079 882 injuria

480 917 594 956 non
625 906 765 967 erat,
791 901 887 955 sed
916 900 1311 957 consideratio.

542 991 671 1046 Ecce
702 993 862 1044 tertio
889 991 987 1044 hoc
1009 996 1246 1060 paratus
1275 1007 1401 1044 sum
1430 992 1616 1044 venire
1643 991 1718 1043 ad
1744 1007 1852 1044 vos.
1896 990 2080 1055 Quaeri

471 1084 659 1152 potest
691 1097 702 1132 :
735 1080 878 1134 Cum
900 1096 1014 1133 non
1044 1081 1298 1149 legamus
1328 1079 1490 1133 illum
1513 1079 1729 1133 venisse
1760 1080 1831 1134 ad
1852 1096 1947 1134 eos
1968 1080 2077 1135 nisi

473 1169 869 1224 tantummodo
890 1185 1004 1223 una
1020 1168 1387 1240 vice,quando
1422 1173 1674 1223 moratus
1703 1174 1789 1224 est
1810 1170 1960 1240 apud
1982 1186 2076 1224 eos

474 1272 621 1310 anno
658 1273 775 1311 uno
833 1262 890 1311 et
921 1257 1173 1323 dimidio,
1191 1274 1374 1328 neque
1404 1263 1770 1329 posteaquam
1799 1260 1871 1313 ab
1894 1261 1975 1315 eis
1995 1260 2076 1315 di-

473 1346 688 1413 scessit,
713 1346 992 1417 sicutipse
1011 1346 1070 1400 in
1090 1347 1263 1415 priori
1286 1346 1520 1418 epistola
1545 1347 1699 1413 dicit,
1726 1348 1877 1419 quia,
1897 1354 2076 1404 testor

476 1435 675 1497 Deum,
720 1451 832 1488 non
865 1435 988 1488 veni
1020 1435 1354 1489 Corinthum
1396 1441 1695 1507 postquam
1726 1453 1757 1490 a
1786 1438 1943 1492 vobis
1984 1455 2076 1493 re-

476 1523 636 1590 cessi,
669 1540 905 1594 parcens
930 1523 1105 1584 vobis,
1148 1524 1205 1577 id
1249 1529 1336 1591 est
1379 1541 1453 1579 ne
1496 1525 1652 1579 vobis
1683 1527 1840 1580 oneri
1871 1544 2071 1594 essem,

477 1629 651 1684 quare
690 1613 857 1667 modo
897 1612 1046 1666 dicat
1075 1629 1146 1666 se
1183 1614 1350 1667 tertio
1401 1614 1630 1669 venire?
1661 1615 1961 1672 Sciendum
1992 1622 2076 1672 est

2162 452 2399 509 tionem.
2456 449 2757 522 Apostolus
2799 464 2911 502 non
2955 447 3201 502 habebat
3248 453 3475 519 peccata
3524 452 3712 523 propria

2162 557 2286 613 quae
2313 541 2567 611 deﬂeret,
2600 544 2657 595 et
2685 537 2811 593 ideo
2838 537 3080 592 aliorum
3100 536 3360 592 deflebat.

2748 683 2979 741 CAPUT
3004 679 3157 738 XIII.

2230 811 2358 865 Ecce
2371 814 2529 865 tertio
2549 813 2706 864 venio
2723 813 2797 864 ad
2821 826 2926 875 vos,
2950 809 3192 881 primum
3215 823 3316 877 per
3338 805 3715 877 memetipsum,

2162 898 2363 954 deinde
2391 899 2605 955 duabus
2626 899 2837 954 vicibus
2860 915 2958 970 per
2982 897 3264 967 Epistolas
3294 911 3467 960 meas,
3483 901 3547 948 ut
3572 899 3627 949 in
3647 910 3720 949 ore

2161 991 2405 1043 duorum
2431 992 2513 1043 vel
2539 992 2715 1043 trium
2747 992 2964 1043 testium
3009 992 3106 1041 stet
3137 1002 3295 1039 omne
3341 985 3585 1038 verbum.
3609 984 3720 1039 Tres

2160 1083 2335 1133 testes
2363 1084 2653 1151 comparat
2694 1077 2875 1132 tribus
2922 1077 3040 1131 suis
3090 1073 3439 1129 adventibus.
3489 1073 3635 1127 Sicut
3678 1074 3720 1126 in

2158 1168 2282 1238 lege
2323 1173 2422 1222 aut
2454 1167 2636 1223 tribus
2664 1167 2903 1222 testibus
2931 1165 3262 1220 defendebat
3314 1180 3373 1217 se
3420 1161 3620 1232 aliquis
3645 1167 3725 1216 aut

2156 1256 2339 1311 tribus
2369 1257 2608 1311 testibus
2638 1255 3092 1319 convincebatur,
3124 1255 3206 1308 ita
3233 1252 3327 1306 isti
3356 1259 3455 1306 aut
3478 1252 3639 1305 tertio
3651 1250 3727 1303 ad-

2156 1346 2506 1400 ventu‘illius
2534 1346 2770 1400 correcti
2801 1358 2857 1399 et
2875 1344 3158 1399 emendati
3193 1341 3408 1396 laudati
3449 1344 3584 1394 sunt
3610 1358 3621 1392 :
3646 1344 3730 1393 aut

2158 1435 2391 1489 correcti
2417 1439 2766 1499 manserunt,
2790 1435 2974 1489 acrius
3006 1430 3329 1504 reprehensi
3360 1430 3429 1483 ab
3458 1427 3722 1500 Apostolo,

2159 1523 2461 1578 vindictam
2491 1529 2880 1596 perceperunt.

2230 1615 2317 1667 An
2343 1618 2780 1682 experimentum
2797 1615 3046 1682 quaeritis
3061 1614 3177 1679 ejus
3194 1611 3293 1678 qui
3314 1611 3375 1661 in
3397 1623 3480 1661 me
3506 1608 3729 1675 loquitur

479 1702 612 1773 quia
648 1719 748 1773 per
782 1703 1137 1774 praesentiam
1165 1702 1348 1757 carnis
1377 1719 1489 1757 una
1535 1704 1651 1758 vice
1688 1683 2142 1761 tantummodoB
2164 1703 2433 1769 Christus,
2469 1707 2567 1773 qui
2594 1707 2653 1757 in
2685 1705 2830 1757 vobis
2864 1720 2976 1755 non
3005 1703 3355 1767 inﬁrmatur,
3378 1697 3467 1749 sed
3482 1699 3731 1764 potensest

474 1791 645 1858 venit,
679 1793 901 1862 quando
925 1792 1007 1846 eis
1032 1792 1358 1863 prtedicavit
1386 1810 1398 1844 :
1433 1794 1676 1847 secundo
1706 1811 1807 1865 per
1834 1795 2081 1866 priorem
2162 1792 2227 1846 in
2255 1794 2402 1846 vobis
2423 1798 2447 1846 Ρ
2471 1810 2536 1848 ac
2567 1793 2614 1847 si
2644 1792 2854 1847 diceret
2876 1810 2888 1847 :
2910 1789 3176 1860 Nunquid
3196 1785 3445 1858 queritis
3463 1783 3728 1855 probatio-

476 1881 783 1951 Epistolam
824 1882 989 1945 venit,
1031 1898 1143 1936 non
1196 1898 1298 1953 per
1339 1882 1725 1953 semetipsum.
1758 1884 1947 1938 Tertio
1980 1901 2081 1955 per
2162 1899 2292 1937 nem
2320 1883 2528 1939 Christi
2571 1884 2667 1954 qui
2708 1884 2764 1937 in
2797 1899 2886 1936 me
2915 1880 3168 1952 loquitur
3194 1885 3384 1932 utrum
3414 1875 3599 1928 valeat
3624 1888 3732 1943 pec-

481 1969 648 2024 istam
681 1971 983 2026 secundam
1030 1971 1338 2042 Epistolam
1381 1971 1517 2026 dicit
1550 1988 1609 2026 se
1648 1971 1839 2027 venire
1872 1991 1885 2026 :
1917 1974 2078 2044 quasi
2162 1977 2287 2027 cata
2310 1979 2496 2028 vestra
2522 1973 2723 2045 punire
2752 1989 2853 2045 per
2881 1969 3090 2041 me,qui
3112 1969 3169 2022 in
3211 1965 3366 2019 vobis
3396 1980 3507 2019 non
3537 1967 3620 2016 est
3640 1961 3732 2015 im-

478 2058 627 2113 enim
657 2059 714 2112 in
745 2059 1006 2131 Epistolis
1035 2061 1151 2115 suis
1175 2059 1590 2131 veniebatipse.
1619 2062 1686 2115 Et
1716 2078 1830 2115 non
1849 2078 2079 2131 erogra-
2160 2067 2358 2133 potens
2388 2062 2674 2117 miraculis
2695 2067 2752 2117 et
2777 2059 3077 2116 virtutibus
3108 2053 3413 2112 faciendis?
3440 2052 3732 2124 Utiquepo-

475 2152 558 2204 vis
583 2150 749 2214 vobis,
792 2149 847 2202 id
875 2155 961 2203 est
991 2150 1133 2203 nihil
1158 2149 1429 2220 accipiam
1461 2165 1496 2202 a
1519 2149 1688 2204 vobis.
1730 2151 1855 2206 Non
1893 2168 2076 2220 quaero

477 2242 677 2303 vestra,
707 2239 798 2291 sed
825 2253 930 2302 vos,
965 2237 1022 2291 id
1051 2243 1138 2292 est
1165 2242 1410 2292 vestram
1443 2238 1703 2293 salutem.

544 2327 655 2394 Ego
684 2327 1042 2381 libentissime
1086 2328 1423 2395 impendam,
1457 2326 1727 2382 subaudis
1771 2329 1927 2384 vobis
1955 2348 2077 2387 om-

474 2415 573 2471 nia
600 2432 723 2487 quaa
777 2431 906 2470 mea
933 2420 1067 2470 sunt
1092 2416 1151 2469 in
1192 2415 1608 2487 praedicatione,
1656 2417 1717 2472 in
1764 2419 2072 2489 miraculis,

472 2510 522 2560 et
563 2506 1025 2574 superimpendar
1045 2506 1102 2560 id
1141 2511 1226 2560 est
1255 2506 1424 2561 morti
1453 2523 1544 2562 me
1571 2507 1792 2562 tradam
1817 2526 1923 2578 pro
1952 2513 2078 2564 ani-
2130 2552 2143 2563 .

474 2596 671 2651 mabus
702 2596 917 2660 vestris,
944 2597 1065 2649 licet
1080 2597 1211 2663 plus
1241 2610 1329 2649 vos
1354 2596 1592 2663 diligens
1622 2599 1812 2652 minus
1840 2599 2071 2668 diligar,

472 2682 741 2739 subaudis
767 2699 802 2736 a
829 2682 1004 2738 vobis.

541 2772 646 2829 Sed
674 2778 801 2827 esto.
842 2774 950 2841 Ego
987 2789 1077 2827 vos
1106 2789 1219 2828 non
1258 2776 1508 2842 gravavi.
1555 2774 1688 2829 Esto
1720 2777 1943 2849 proprie
1974 2778 2078 2832 ad-

470 2861 723 2919 verbium
751 2868 838 2917 est
864 2862 1241 2924 concedentis.
1259 2867 1315 2917 et
1341 2862 1573 2934 ponitur
1595 2880 1696 2935 pro
1725 2865 1772 2918 si
1797 2883 1811 2920 :
1842 2866 1951 2921 isto
1979 2883 2077 2922 au-

471 2956 584 3007 tem
611 2952 670 3007 in
686 2953 808 3007 loco
824 2952 975 3007 hunc
994 2951 1209 3007 obtinet
1229 2968 1458 3007 sensum
1482 2965 1494 2999 1
1524 2953 1632 3007 Sed
1654 2958 1796 3020 esto,
1830 2955 1889 3009 id
1912 2962 1999 3011 est
2027 2957 2073 3011 si

473 3041 662 3096 minus
690 3041 905 3119 diligar
926 3058 960 3095 a
992 3041 1160 3104 vobis,
1198 3058 1301 3111 ego
1332 3045 1521 3096 tamen
1554 3059 1648 3096 vos
1689 3060 1803 3098 non
1844 3045 2072 3114 gravavi

471 3127 532 3184 in
556 3128 767 3199 aliquo.
807 3130 914 3186 Sed
946 3147 1072 3184 cum
1110 3146 1299 3199 essem,
1330 3129 1532 3201 inquit,
1564 3137 1803 3199 astutus,
1836 3134 1958 3188 dolo
1981 3152 2069 3190 vos

472 3220 590 3287 cepi
610 3224 634 3271 ν
649 3219 994 3290 Increpative
1017 3224 1186 3291 atque
1209 3220 1607 3291 interrogative
1623 3227 1709 3276 est
1725 3222 2028 3293 legendum
2056 3241 2070 3278 :

474 3307 617 3362 Cum
647 3323 848 3373 essem,
879 3308 1082 3380 inquit,
1114 3308 1346 3364 callidus
1375 3315 1431 3364 et
1466 3310 1812 3381 ingeniosus,
1845 3313 1973 3367 dolo
2012 3318 2070 3368 et

471 3396 670 3452 fraude
691 3413 784 3451 vos
801 3397 923 3468 cepi
938 3398 1008 3451 ad
1023 3398 1191 3453 ﬁdem
1215 3398 1426 3454 Christi
1447 3399 1633 3466 ?Non,
1666 3401 1763 3454 sed
1790 3417 1892 3472 per
1921 3419 2062 3473 prae-

471 3484 811 3541 dicationem
840 3503 1029 3542 veram
1057 3493 1115 3541 et
1142 3487 1406 3543 virtutem
1436 3489 1839 3545 miraculorum
1862 3490 2068 3547 adduxi

472 3591 568 3635 .Vos
599 3575 669 3630 ad
700 3576 870 3631 ﬁdem
898 3583 1231 3650 cooperante
1263 3578 1506 3634 Christo.

543 3666 689 3725 Olim
702 3671 917 3736 putatis
932 3670 1078 3737 quod
1095 3684 1410 3723 excusemus
1432 3684 1527 3723 nos
1546 3669 1697 3736 apud
1728 3685 1835 3731 vos,
1854 3669 2069 3725 subau-

468 3754 556 3809 dis
584 3771 699 3809 non
727 3756 979 3825 iacimus,
1008 3758 1139 3829 quia
1169 3773 1281 3812 non
1305 3762 1392 3812 est
1421 3772 1646 3811 necesse
1680 3774 1692 3809 :
1726 3758 1841 3813 Hoc
1879 3759 2069 3831 dupli-

469 3842 610 3898 citer
637 3844 874 3916 intelligi
902 3852 1104 3917 potest.
1135 3844 1405 3916 Nunquid
1433 3861 1467 3899 a
1507 3846 1790 3917 praeterito
1815 3852 2067 3920 tempore

469 3931 741 3989 dubitatis
761 3934 828 3989 de
856 3934 1037 3997 nobis.
1069 3935 1407 3991 arbitrantes
1438 3951 1541 3990 nos
1577 3935 1703 3990 ideo
1734 3937 1871 3991 talia
1888 3939 2063 4011 loqui,

471 4022 632 4094 quasi
651 4024 1106 4096 nonsimplicite'r
1120 4042 1354 4097 agamus
1377 4041 1512 4096 erga
1534 4042 1631 4080 vos
1655 4030 1711 4079 et
1730 4024 1935 4080 idcirco
1966 4044 2068 4082 nos

474 4113 909 4168 excusemus?N
914 4130 984 4168 on
1005 4115 1291 4184 loquimur
1310 4114 1435 4169 ideo
1456 4115 1593 4170 talia
1624 4119 1688 4169 ut
1716 4131 1817 4169 nos
1845 4132 2067 4170 excuse-

470 4216 598 4255 mus
624 4202 758 4271 quia
785 4201 1110 4272 simpliciter
1130 4203 1461 4257 incedimus.
1484 4205 1664 4258 Aliter
1692 4222 1703 4257 :
1729 4203 1878 4258 Olim
1900 4208 2066 4275 puta-

2160 2156 2288 2205 test.

2231 2241 2376 2295 Nam
2390 2243 2491 2295 etsi
2510 2243 2809 2308 cruciﬁxus
2821 2240 3159 2296 estGhristus
3174 2252 3238 2290 ex
3265 2238 3327 2288 in
3333 2234 3615 2302 ﬁrmitate,
3634 2243 3735 2282 car-

2159 2330 2267 2397 nis,
2303 2332 2392 2385 sed
2419 2333 2552 2386 vivit
2582 2347 2645 2385 ex
2664 2333 2867 2383 virtute
2893 2331 3010 2395 Dei,
3038 2327 3094 2382 id
3126 2330 3213 2381 est
3240 2324 3300 2378 in
3330 2321 3621 2376 divinitate
3647 2332 3736 2372 sua

2159 2426 2351 2475 manet
2378 2419 2759 2492 impassibilis.

2230 2510 2382 2564 Nam
2407 2514 2455 2563 et
2486 2526 2602 2575 nos,
2628 2508 2886 2580 apostoli,
2912 2509 3133 2576 inﬁrmi
3142 2520 3335 2560 sumus
3356 2506 3423 2556 in
3452 2503 3571 2562 illo,
3592 2498 3646 2552 id
3663 2500 3736 2550 est

2159 2597 2552 2652 tribulationes
2574 2603 2630 2652 et
2652 2597 2942 2668 angustias
2967 2595 3310 2651 sustinemus
3324 2595 3558 2663 propter
3575 2586 3733 2646 illum,

2158 2689 2249 2741 sed
2277 2690 2518 2742 vivimus
2557 2704 2680 2741 cum
2721 2705 2778 2741 eo
2832 2705 2895 2741 ea:
2923 2690 3128 2741 virtute
3156 2686 3253 2739 Dei
3282 2686 3347 2737 in
3377 2682 3543 2740 vobis,
3584 2676 3637 2730 id
3661 2679 3736 2728 est

2158 2783 2389 2848 propter
2409 2794 2504 2831 vos
2535 2777 2738 2848 quibus
2764 2776 3148 2848 praedicamus.
3195 2772 3454 2826 Vivimus
3478 2771 3598 2839 jam
3624 2779 3733 2819 cum

2158 2867 2253 2921 illo
2274 2867 2332 2920 in
2363 2884 2462 2939 spe
2490 2883 2591 2938 per
2621 2866 2883 2920 virtutem
2918 2865 3017 2920 Dei
3047 2881 3170 2936 quae
3203 2868 3287 2916 est
3332 2861 3391 2915 in
3434 2857 3612 2921 nobis,
3660 2852 3735 2907 vel

2158 2962 2388 3028 pr0pter
2414 2972 2511 3010 vos
2540 2972 2832 3028 speramus
2859 2955 3030 3009 vitam
3054 2952 3261 3007 habere
3291 2966 3419 3005 cum
3440 2947 3674 3002 Christo.

2229 3045 2466 3099 Oramus
2486 3049 2673 3099 autem
2700 3062 2810 3099 non
2832 3051 2894 3098 ut
2914 3036 3013 3099 nos
3027 3045 3249 3112 probati
3272 3029 3738 3108 appareamus,sed

2155 3142 2219 3190 ut
2248 3153 2335 3190 vos
2365 3138 2509 3205 quod
2538 3138 2739 3189 bonum
2770 3141 2844 3189 est
2859 3137 3102 3203 faciatis,
3131 3149 3227 3186 nos
3246 3136 3433 3185 autem
3450 3132 3511 3181 ut
3532 3122 3730 3194 reprobi

2154 3227 2347 3279 simus.
2376 3223 2590 3278 Probus
2620 3224 2733 3277 sive
2762 3223 3030 3295 probatus
3058 3225 3293 3292 apparet
3306 3218 3498 3289 judex,
3521 3210 3726 3286 quando

2151 3312 2368 3368 invenit
2387 3314 2534 3385 quod
2555 3313 2757 3384 puniat
2784 3312 2840 3366 in
2868 3311 3155 3382 subjectis,
3180 3325 3281 3380 per
3308 3306 3457 3378 quod
3487 3299 3730 3358 ostendat

2151 3418 2309 3457 suam
2370 3407 2729 3473 potestatem.’
2775 3401 2930 3456 Tunc
2993 3416 3121 3454 vero
3176 3398 3395 3452 videtur
3450 3391 3724 3463 reprobus,

2152 3490 2375 3561 quando
2401 3507 2512 3544 non
2542 3490 2756 3544 invenit
2776 3489 2925 3561 quod
2950 3488 3212 3551 vindicet,
3251 3483 3347 3539 ubi
3376 3499 3536 3538 suam
3560 3486 3730 3534 osten-

2150 3579 2250 3633 dat
2277 3581 2690 3645 auctoritatem,
2717 3585 2773 3633 et
2792 3578 2989 3649 probet
3001 3576 3298 3648 judicium,
3323 3590 3387 3627 ac
3406 3573 3453 3625 si
3482 3571 3684 3625 diceret
3712 3581 3724 3616 :

2150 3669 2276 3724 Non
2288 3685 2514 3724 oramus
2528 3674 2587 3723 ut
2599 3669 2657 3722 in
2670 3668 2821 3722 vobis
2841 3667 3055 3738 aliquid
3070 3665 3421 3720 inveniamus
3431 3661 3497 3715 ad
3513 3656 3730 3730 punien-

2149 3758 2304 3825 dum,
2324 3759 2421 3814 sed
2456 3776 2548 3813 vos
2570 3759 2719 3830 quod
2748 3758 2956 3812 bonum
2980 3762 3062 3810 est
3089 3752 3378 3814 facientes,
3398 3767 3500 3805 nos
3520 3741 3727 3816 reprobi

2148 3847 2502 3904 inveniamur
2525 3848 2583 3902 in
2614 3849 2717 3902 hac
2748 3836 2925 3919 parte,
2966 3861 3080 3900 non
3125 3843 3471 3898 invenientes
3512 3836 3604 3892 ubi
3643 3848 3730 3887 os-

2149 3938 2449 3993 tendamus
2467 3942 2717 3992 nostram
2750 3940 3103 4008 potestatem.

2220 4028 2343 4083 Non
2357 4045 2647 4096 possumus
2666 4027 2887 4094 aliquid
2908 4026 3170 4079 adversus
3190 4023 3495 4082 veritatem,
3526 4015 3610 4069 sed
3634 4025 3728 4080 pro

2148 4120 2392 4179 veritate,
2422 4116 2477 4170 id
2509 4121 2595 4170 est
2621 4132 2732 4169 non
2776 4130 3074 4185 possumus
3111 4117 3362 4166 nostram
3403 4108 3723 4179 potestatem

2150 4205 2443 4259 ostendere
2472 4210 2668 4258 contra
2696 4204 2979 4257 hominem
3002 4200 3291 4256 veritatem
3304 4196 3616 4256 habentem,
3633 4186 3725 4242 sed

470 4288 546 4342 tis
576 4290 725 4358 quod
753 4305 1082 4344 excusemus
1100 4306 1202 4344 nos
1220 4292 1370 4361 apud
1399 4307 1514 4355 vos,
1544 4297 1600 4346 et
1633 4298 1718 4347 est
1751 4309 1949 4348 sensus
1972 4312 1984 4348 :
2017 4296 2065 4350 A
2087 4310 2248 4375 Dpro
2275 4294 2510 4348 veritate
2532 4294 2907 4348 decertamus.

468 4376 755 4447 praeterito
795 4382 1049 4449 tempore
1084 4379 1418 4448 cognoscitis
1459 4381 1939 4438 conversationem
1970 4400 2067 4439 no-

2221 4384 2530 4439 Gaudemus
2559 4386 2825 4453 quoniam
2858 4398 2952 4435 nos
2983 4382 3204 4448 inﬁrmi
3230 4394 3443 4442 sumus,
3476 4390 3582 4429 non
3606 4386 3726 4426 cor-

470 4468 647 4521 stram
677 4470 735 4520 et
760 4467 1234 4537 praedicationem.
1268 4472 1325 4523 et
1364 4469 1488 4524 ideo
1526 4485 1640 4525 non
1668 4470 1983 4543 indigemus
2005 4479 2069 4529 ut
2148 4488 2304 4544 pore.
2336 4471 2432 4526 sed
2457 4477 2753 4542 potestate,
2779 4470 2912 4542 quia
2939 4475 3075 4524 tunc
3101 4472 3185 4522 est
3197 4466 3371 4538 judex
3396 4464 3551 4537 quasi
3579 4460 3729 4514 inﬁr-

462 4569 571 4613 nos
592 4570 938 4610 excusemus.
958 4556 1155 4610 Coram
1172 4558 1293 4620 Deo,
1328 4557 1512 4624 Patre,
1550 4562 1613 4614 in
1643 4560 1857 4614 Christo
1894 4563 2068 4631 loqui-
2147 4578 2293 4628 mus,
2327 4561 2459 4615 dum
2481 4577 2640 4615 suam
2668 4565 3002 4631 potestatem
3033 4574 3143 4611 non
3172 4561 3358 4627 potest
3394 4552 3678 4609 ostendere
3708 4565 3720 4598 :

470 4658 627 4708 mur,
654 4644 713 4701 id
739 4651 843 4711 est,
876 4646 1147 4700 honorem
1185 4647 1393 4702 Christi
1421 4654 1753 4719 quaerentes.
1775 4650 2065 4706 Testiﬁca-
2147 4657 2203 4706 et
2232 4657 2369 4706 tunc
2397 4649 2635 4721 subjecti
2663 4655 2796 4704 sunt
2826 4653 3099 4720 potentes,
3129 4645 3354 4717 quando
3388 4660 3499 4698 non
3532 4641 3727 4696 timent

469 4736 566 4788 tur
585 4733 695 4789 illis
711 4734 780 4789 ad
801 4734 1419 4807 satisfaciendum,quia
1436 4754 1568 4792 vera
1586 4737 1722 4793 dicit
1741 4756 1752 4791 :
1768 4738 1949 4793 Testis
1978 4745 2065 4795 est
2139 4741 2408 4812 judicem.

470 4823 611 4878 mihi
630 4824 782 4880 Deus
806 4823 978 4880 Pater
995 4830 1052 4879 et
1077 4825 1352 4893 Chiistus,
1383 4827 1540 4897 cujus
1559 4827 1831 4883 honorem
1854 4845 2064 4900 quaero,
2218 4832 2411 4887 Gratia
2435 4830 2660 4884 Domini
2682 4829 2861 4882 nostri
2879 4830 3007 4883 Jesu
3030 4828 3257 4891 Christi,
3278 4829 3326 4878 et
3349 4825 3584 4879 charitas
3601 4819 3721 4880 Βά.

477 4913 611 4984 quia
629 4913 961 4985 simpliciter
986 4915 1183 4970 incedo
1203 4933 1337 4986 erga
1358 4917 1680 4972 vos.0mnia
1701 4923 1907 4985 autem,
1931 4916 2065 4973 sub-
2147 4923 2195 4973 et
2217 4921 2661 4984 communicatio,
2694 4918 2748 4973 id
2774 4922 2860 4971 est
2886 4916 3124 4972 societas
3154 4921 3212 4970 et
3242 4912 3571 4985 conjunctio,
3602 4907 3727 4976 Spi-

473 5000 636 5056 audis
654 5001 1029 5070 incommoda,
1063 5008 1400 5060 sustinemus
1414 5010 1640 5075 propter
1654 5008 1846 5061 vos.Ne
1857 5011 2062 5062 iterum
2148 5011 2294 5063 ritus
2322 5012 2504 5065 sancti
2522 5025 2649 5062 cum
2665 5008 2920 5062 omnibus
2941 5006 3111 5075 vobis,
3132 5003 3402 5060 subaudis
3422 5006 3509 5057 sit.
3527 5001 3720 5054 Amen.

473 5105 599 5147 cum
620 5094 1108 5159 venero,humitiet
1129 5109 1213 5149 me
1242 5096 1386 5150 Deus
1405 5096 1558 5164 apud
1576 5111 1683 5160 vos,
1716 5094 1774 5150 id
1805 5100 1892 5152 est
1917 5096 2059 5152 aftli-
2143 5097 2291 5166 Fiat,
2322 5100 2386 5151 ut
2415 5096 2674 5161 diximus,
2708 5102 2814 5156 etc.

1856 5461 2410 5514 7.30099“
