3966 6156
261 267 353 327 669

789 251 1171 311 EXPOSITIO
1209 251 1287 310 IN
1326 249 1481 306 EPP.
1525 248 1583 305 S.
1626 246 1866 304 PAULI.
1911 272 1975 287 —
2014 243 2095 300 IN
2137 240 2358 299 EPIST.
2397 238 2495 295 AD
2533 235 2882 293 GALATAS.

3372 224 3479 284 670

260 362 3467 415 Μ

1082 518 1202 595 ΙΝ
1252 514 1861 594 EPISTOLAM
1908 512 2060 589 AD
2112 506 2634 588 GALATAS.

1705 654 1944 671 ﬁ

742 764 1275 823 ARGUMENTUM.

317 883 484 938 Primo
513 875 871 948 quaerendum
899 877 985 927 est
1014 873 1073 926 in
1103 869 1327 925 exordio
1359 868 1530 939 hujus
1551 866 1810 938 Epistolze

257 972 382 1029 unde
416 967 615 1023 Galate:
643 963 756 1017 sint
777 961 1079 1034 appellati:
1111 960 1226 1014 Rex
1255 957 1694 1030 Bithyniae,qua3
1727 959 1811 1009 est

255 1057 505 1134 provincia
542 1053 789 1118 Graeciae,
848 1050 1059 1105 habens
1119 1048 1324 1103 bellum
1383 1050 1581 1100 contra
1619 1045 1811 1098 hostes

258 1164 386 1212 suos,
415 1143 557 1199 misit
594 1141 663 1196 ad
695 1140 884 1196 Gallos
931 1138 1079 1193 circa
1125 1152 1279 1191 mare
1308 1134 1648 1201 habitantes,
1681 1151 1812 1205 pro-

257 1238 458 1292 mittens
485 1232 611 1287 utsi
642 1230 892 1284 venirent
920 1229 978 1282 in
1007 1227 1274 1282 auxilium
1309 1226 1450 1296 ejus,
1482 1228 1644 1294 pacto
1669 1222 1814 1276 bello

256 1332 303 1381 et
338 1324 499 1395 potita
523 1318 774 1385 victoria,
819 1334 1055 1387 regnum
1103 1316 1377 1369 divideret
1404 1328 1530 1367 cum
1570 1312 1669 1366 eis.
1712 1309 1819 1375 Qui

257 1432 364 1471 cum
394 1411 663 1466 venissent
684 1413 738 1462 et
754 1405 986 1461 victoria
1012 1403 1176 1476 potiti
1198 1406 1402 1467 essent,
1437 1416 1675 1471 regnum
1692 1415 1818 1453 cum

255 1502 321 1557 eis
342 1501 514 1555 divisit
538 1503 603 1553 ut
631 1495 988 1569 promiserat,
1025 1491 1400 1563 appellatique
1425 1494 1558 1543 sunt
1576 1487 1820 1559 primum

262 1588 572 1659 Gallograeci,
603 1587 711 1640 hoc
740 1590 797 1639 et
827 1582 975 1639 Galli
1014 1581 1167 1635 misti
1198 1579 1425 1643 Graecis,
1456 1593 1696 1649 parsque
1726 1593 1818 1630 re-

244 1676 332 1750 ‘gni
349 1693 503 1748 quam
523 1675 627 1747 ipsi
644 1678 946 1729 tenuerant
967 1670 1248 1742 appellata
1269 1673 1355 1722 est
1371 1665 1821 1736 Gallograeciajd

257 1772 330 1823 est
354 1766 488 1820 Galli
512 1766 923 1819 commorantes
950 1761 1008 1814 in
1034 1759 1265 1815 Graecia.
1295 1758 1497 1812 Postea
1518 1760 1707 1809 autem
1743 1754 1823 1822 (ut

256 1851 655 1925 sapientioribus
684 1849 931 1917 videtur)
950 1846 1217 1919 appellati
1246 1851 1379 1900 sunt
1407 1844 1619 1898 Galatae
1641 1859 1675 1896 a
1693 1858 1825 1895 can-

257 1943 371 1997 dore
397 1941 634 2012 corporis
659 1955 669 1988 :
696 1955 827 1994 nam
852 1938 1042 1991 Graece
1063 1936 1148 1989 lac
1174 1935 1306 2006 γάλα
1326 1933 1548 1987 dicitur.
1585 1932 1745 1986 Unde
1773 1935 1830 1985 et

253 2031 464 2086 candida
490 2046 625 2084 zona
647 2027 773 2082 caeli
796 2044 918 2098 qua:
947 2025 1146 2080 Latine
1166 2024 1382 2077 lacteus
1404 2021 1646 2076 circulus
1666 2036 1828 2074 voca-

1826 762 1873 819 A
1891 763 2010 814 tam
2039 755 2173 811 dicit
2207 773 2217 808 :
2254 754 2370 826 Ipsi
2399 751 2695 808 veniebant
2716 755 2770 805 et
2801 764 2904 819 ego
2926 763 3036 802 non
3066 743 3357 799 mittebam
3390 755 3487 795 eos

1893 845 2026 918 (Jer.
2060 845 2457 913 xxm).0mnes
2490 846 2765 914 quotquot
2785 841 3059 893 venerunt
3085 835 3238 889 fures
3271 835 3401 887 sunt
3432 834 3489 882 et

1892 932 2157 990 latrones.
2193 935 2468 999 Quartum
2499 948 2678 1002 genus
2707 934 2793 983 est
2812 928 2959 999 quod
2988 940 3169 995 neque
3194 939 3228 977 a
3260 925 3492 984 Deo,nc-

1894 1042 2003 1097 que
2028 1041 2128 1096 per
2155 1022 2441 1078 hominem
2471 1022 2552 1085 ﬁt,
2585 1019 2682 1073 sed
2712 1035 2743 1071 a
2765 1018 2969 1088 seipso,
3000 1020 3066 1069 ut
3095 1017 3229 1067 sunt
3248 1009 3491 1081 pseudo-

1893 1096 2178 1187 prophetis
2206 1118 2260 1166 et
2294 1107 2760 1183 pseudoapostoli,
2803 1106 2900 1177 qui
2924 1105 3117 1158 dicunt
3151 1118 3162 1153 :
3192 1098 3326 1154 Haec
3353 1096 3492 1152 dicit

1896 1203 2187 1265 Dominus,
2219 1218 2347 1255 cum
2369 1199 2641 1255 Dominus
2671 1213 2783 1251 non
2808 1194 3024 1248 miserit
3039 1208 3152 1246 eos.
3185 1188 3486 1244 Sciendum

1901 1291 2228 1361 etiam,quia
2255 1290 2403 1343 inter
2432 1288 2582 1358 ipsos
2611 1284 2913 1355 pr0phetas
2952 1278 3177 1350 quidam
3208 1281 3378 1361 tantae
3407 1273 3494 1327 di-

1896 1350 2134 1451 gnitatis
2160 1383 2311 1443 sunt,
2339 1381 2404 1430 ut
2432 1350 2800 1446 prOphetae—et
2822 1367 3061 1440 apostoli
3087 1366 3216 1426 sint,
3242 1350 3305 1418 iit
3334 1361 3496 1432 Moy-

1901 1450 2009 1534 ses,
2036 1467 2233 1533 Isaias,
2255 1467 2499 1520 Joannes
2529 1461 2801 1533 Baptista,
2843 1462 2900 1513 et
2937 1454 3175 1527 apostoli
3210 1471 3220 1505 :
3265 1450 3493 1522 quidam

1902 1575 2031 1612 vero
2065 1554 2416 1611 solummodo
2442 1553 2726 1625 prophetae
2755 1549 2887 1602 sint.
2916 1547 2983 1600 Et
3003 1544 3136 1616 quia
3161 1547 3321 1595 erant
3350 1538 3501 1610 apud

1903 1647 2133 1702 Galatas
2156 1644 2383 1715 quidam
2404 1641 2581 1696 Judaei
2596 1639 2692 1710 qui
2722 1636 2983 1691 dicebant
3006 1634 3229 1686 beatum
3262 1628 3498 1683 Paulum

1905 1753 2014 1791 non
2038 1751 2159 1789 esse
2176 1749 2368 1787 verum
2399 1729 2715 1802 apostolum
2743 1724 2971 1788 Christi,
3001 1736 3184 1791 neque
3214 1719 3498 1772 doctorem

1912 1824 2177 1889 veritatis,
2219 1839 2284 1876 eo
2315 1820 2463 1892 quod
2493 1835 2528 1873 a
2557 1817 2779 1872 Christo
2809 1829 2921 1868 non
2951 1813 3135 1865 luerat
3182 1811 3409 1860 vocatus
3448 1808 3505 1857 et

1911 1916 2107 1969 doctus
2137 1912 2283 1965 sicut
2310 1909 2408 1963 alii
2451 1906 2710 1980 apostoli,
2744 1903 2945 1958 idcirco
2985 1900 3171 1953 volens
3205 1893 3503 1966 Apostolus

1913 2004 2141 2058 Galatas
2160 1999 2493 2055 confirmare
2513 1996 2573 2050 in
2597 1993 2847 2048 doctrina
2870 2008 2987 2054 sua,
3012 1994 3068 2042 et
3083 2004 3143 2041 se
3165 2000 3354 2038 verum
3374 1996 3506 2052 apo-

253 2071 464 2086 ...μ-η...
490 2071 625 2084 mu...
649 2071 773 2082 νυν..
798 2071 918 2098 ,νην
947 2071 1145 2080 ..ηψπ
1168 2071 1381 2077 ,Μηπ
1410 2071 1471 2075 ---
1492 2071 1641 2076 ﬁ---
1682 2071 1685 2072 ,
1710 2071 1721 2073 _

253 2121 349 2184 tur,
377 2117 557 2172 Graece
577 2114 815 2187 γαλαξίας
845 2117 1221 2185 nuncupatur,
1256 2116 1319 2166 ut
1346 2110 1656 2165 Martianus
1685 2080 1860 2163 asse-1

1920 2093 2118 2148 stolum
2149 2088 2445 2144 ostendere
2474 2091 2531 2140 et
2558 2083 2979 2157 praedicatorem
3018 2074 3246 2139 Christi,
3280 2071 3421 2126 dixit
3445 2085 3507 2123 se

2109 2180 2121 2187 .
2184 2180 2198 2187 -
2323 2178 2334 2187 .
2810 2175 2822 2187 ,
2928 2169 2961 2187 ,ί
3030 2182 3136 2187 μη
3189 2164 3407 2187 ,uhm
3453 2162 3507 2187 Δ,

253 2209 404 2259 verat.
439 2204 578 2259 Sunt
608 2220 743 2274 ergo
772 2201 1152 2256 strenuissimi
1181 2200 1508 2259 bellatores,
1542 2198 1640 2252 sed
1674 2197 1834 2251 stulti

253 2298 302 2347 et
333 2293 479 2347 facile
503 2308 537 2346 a
566 2291 857 2363 proposito
892 2290 1098 2344 mentis
1124 2289 1464 2343 recedentes.
1499 2287 1659 2342 Unde
1706 2302 1836 2340 cum

256 2381 574 2453 accepissent
613 2380 846 2434 verbum
894 2377 1306 2450 praedicationis
1345 2376 1415 2430 ab
1462 2374 1749 2447 Apostolo,
1782 2380 1838 2428 et

258 2470 532 2541 Apostolus
559 2469 628 2523 ab
666 2469 745 2523 eis
776 2468 846 2522 ad
887 2467 1026 2522 alios
1074 2466 1363 2530 transiret,
1405 2454 1619 2520 seducti
1644 2470 1778 2517 sunt
1804 2480 1839 2517 a

259 2557 694 2630 falsisapostolis
720 2564 775 2611 et
803 2574 836 2611 a
853 2557 1079 2623 Judaeis,
1113 2554 1209 2627 qui
1231 2554 1493 2609 volebant
1512 2570 1607 2607 eos
1636 2551 1839 2607 sectari

258 2647 723 2702 circumcisionem
746 2651 803 2701 et
823 2646 1097 2700 sacriﬁcia
1122 2644 1349 2715 legalia,
1370 2643 1620 2697 dicentes
1645 2661 1657 2696 :
1682 2640 1841 2695 Licet

261 2733 503 2806 baptizati
531 2737 657 2790 sitis
681 2742 737 2789 et
766 2735 823 2789 in
844 2735 1127 2789 Christum
1162 2733 1421 2791 credatis,
1454 2738 1644 2786 tamen
1679 2731 1842 2785 aliter

256 2839 356 2879 non
385 2825 613 2896 potestis
638 2823 843 2878 salvari
870 2840 971 2895 per
998 2823 1317 2895 passionem
1338 2821 1567 2888 Christi,
1600 2820 1707 2874 nisi
1731 2820 1843 2873 cir-

267 2914 642 2969 cumcidamini
705 2919 762 2968 et
796 2914 1002 2984 legalia
1049 2912 1326 2966 sacriﬁcia
1363 2910 1650 2965 offeratis:
1696 2909 1844 2981 quod

262 3002 476 3057 audiens
501 3004 831 3075 Apostolus,
865 3001 1088 3073 scripsit
1109 3002 1189 3055 eis
1219 2999 1288 3055 ab
1309 3000 1527 3071 Epheso
1558 2998 1701 3053 hanc
1724 2997 1847 3068 Epi-

260 3091 443 3146 stolam

756 3216 999 3271 CAPUT
1029 3212 1339 3271 PRIMUM.

320 3343 540 3396 Paulus.
576 3341 744 3407 Quod
774 3356 979 3396 nomen
1012 3356 1176 3394 suum
1207 3340 1264 3393 in
1301 3337 1849 3409 omnibusEpistolis

1916 2198 2028 2236 non
2072 2180 2142 2234 ab
2184 2178 2412 2233 homine
2440 2173 2666 2229 mortali
2704 2173 2763 2225 in
2806 2169 2972 2225 terris
3021 2182 3142 2221 esse
3182 2164 3410 2217 doctum
3451 2162 3510 2213 et

1916 2272 2304 2333 constitutum,
2333 2266 2431 2320 sed
2460 2264 2532 2318 ab
2560 2258 2933 2332 omnipotenti
2962 2258 3077 2311 Deo
3097 2255 3168 2308 de
3193 2250 3366 2315 caelis,
3397 2262 3510 2303 non

1918 2361 2067 2434 quod
2108 2363 2275 2429 neget
2302 2356 2587 2410 Christum
2620 2367 2812 2405 verum
2844 2341 3253 2410 hominem,sed
3272 2338 3510 2412 iamim-

1920 2449 2215 2504 mortalem
2242 2446 2520 2500 effectum.
2570 2441 2676 2506 Qui
2724 2455 2857 2509 ergo
2900 2435 3093 2490 docuit
3136 2434 3367 2486 Petrum
3412 2442 3513 2499 per

1920 2536 2276 2611 praesentiam
2301 2541 2462 2588 suam
2491 2532 2548 2585 in
2578 2530 2744 2584 terris
2766 2527 2949 2581 adhuc
2971 2521 3244 2581 mortalis,
3269 2520 3389 2589 ipse
3418 2517 3514 2570 do-

1921 2605 2037 2683 cuit
2069 2626 2301 2682 Paulum
2328 2625 2447 2694 jam
2480 2618 2816 2674 immortalis
2840 2614 3077 2678 decoelo,
3101 2617 3159 2665 et
3184 2610 3309 2663 ideo
3333 2605 3471 2660 dicit
3501 2623 3511 2658 :

1923 2721 2046 2773 Non
2066 2717 2134 2769 ab
2157 2714 2491 2776 hominibus,
2515 2708 2786 2764 subaudis
2798 2702 3363 2763 constitutussum,ut
3378 2696 3518 2750 Mat-

1923 2807 2092 2871 thias,
2127 2804 2223 2876 qui
2251 2808 2404 2856 sorte
2432 2799 2502 2853 ab
2527 2797 2795 2870 apostolis
2822 2800 2908 2849 est
2953 2793 3183 2856 electus,
3213 2801 3384 2856 neque
3419 2797 3518 2852 per

1926 2896 2225 2958 hominem,
2256 2889 2525 2946 subaudis
2558 2889 2677 2958 jam
2716 2884 3034 2948 mortalem,
3075 2880 3164 2933 sed
3190 2891 3292 2946 per
3330 2876 3517 2929 Jesum

1930 2986 2211 3042 Christum
2251 2987 2299 3034 et
2328 2983 2499 3035 Deum
2530 2979 2770 3037 Patrem,
2805 2973 2939 3044 quia
2982 2986 3094 3025 una
3141 2972 3228 3022 est
3269 2959 3519 3036 operatio

1931 3072 2113 3129 Patris
2142 3076 2196 3124 et
2226 3068 2374 3124 Filii.
2404 3066 2481 3121 Et
2507 3071 2571 3120 ut
2597 3063 2917 3119 ostenderet
2936 3059 3103 3115 unius
3129 3071 3250 3110 esse
3274 3050 3521 3122 dignita-

1894 3188 1903 3195 -
1928 3163 2004 3217 tis
2020 3162 2145 3216 illas
2170 3160 2311 3214 duas
2332 3172 2623 3229 personas,
2643 3153 2947 3225 praeposuit.
2961 3160 3257 3221 personam
3277 3139 3403 3197 Filii
3421 3136 3525 3193 Dei

1931 3251 2117 3307 Patris
2136 3264 2408 3322 personae,
2443 3246 2765 3317 pariterque
2792 3241 3131 3296 Arianorum
3162 3229 3405 3289 destruit
3432 3243 3523 3282 er-

1930 3358 2135 3404 rorem,
2174 3339 2269 3410 qui
2299 3337 2490 3391 dicunt
2520 3334 2725 3389 Filium
2757 3336 3071 3386 creaturam
3115 3340 3256 3388 esse,
3289 3319 3528 3389 ideoque

246 3431 522 3502 praeponit
553 3431 611 3485 in
635 3431 805 3485 titulo
836 3444 849 3484 :
883 3428 1235 3483 auctoritatis
1261 3443 1430 3482 causa
1465 3428 1523 3482 id
1564 3408 1680 3498 egit
1708 3428 1854 3481 sicut
1873 3436 1915 3495 ί]
1934 3408 2208 3485 minorem
2240 3428 2422 3481 Patre.
2458 3426 2565 3493 Qui
2587 3424 2871 3477 suscitavit
2895 3435 3023 3473 eum
3051 3433 3086 3470 a
3115 3408 3529 3468 mortuis.Deus

262 3533 409 3589 reges
427 3526 485 3574 et
502 3519 793 3591 principes
815 3519 984 3589 hujus
1004 3516 1192 3572 saeculi
1223 3518 1406 3571 solent
1424 3533 1606 3588 agere.
1628 3520 1853 3585 Aposto-

264 3608 378 3661 lus:
407 3608 706 3679 dignitatis
734 3622 942 3661 nomen
971 3611 1029 3660 et
1052 3606 1306 3660 Graecum
1332 3610 1437 3670 est,
1462 3605 1594 3660 licet
1624 3604 1855 3676 quidam

265 3695 441 3751 dicant
482 3699 789 3752 Hebraeum
835 3695 975 3750 illud
1020 3712 1162 3750 esse.
1204 3694 1599 3766 Apostolorum
1647 3710 1859 3764 genera

266 3793 493 3856 quatuor
513 3793 653 3842 sunt
690 3802 702 3841 :
736 3786 988 3840 Primum
1021 3790 1107 3839 est
1137 3784 1285 3856 quod
1316 3800 1487 3853 neque
1515 3784 1584 3838 ab
1612 3784 1858 3837 homini-

268 3875 372 3938 bus,
397 3891 569 3944 neque
603 3891 712 3944 per
751 3875 1052 3941 hominem,
1084 3874 1183 3928 sed
1222 3889 1257 3927 a
1278 3874 1393 3928 Deo
1421 3872 1813 3927 tantummodo
1845 3888 1856 3923 :

264 3962 326 4017 de
341 3981 578 4034 quorum
594 3979 836 4019 numero
855 3964 1086 4019 fuerunt
1102 3962 1344 4035 Moyses,
1365 3960 1859 4028 Isaias,Jeremias,

268 4052 466 4124 aliique
486 4055 784 4127 prephetze
805 4052 1229 4125 quamplurimi,
1249 4052 1379 4106 licet
1406 4066 1519 4106 non
1549 4067 1775 4106 omnes:
1807 4057 1864 4104 et

266 4145 495 4213 apostoli
523 4145 726 4209 etiam,
753 4143 849 4214 qui
880 4142 1133 4213 quamvis
1171 4141 1242 4195 ab
1270 4140 1497 4195 homine
1523 4140 1745 4195 Christo
1774 4156 1863 4193 es-

272 4238 389 4286 sent
410 4233 590 4300 missi,
628 4240 823 4287 tamen
850 4232 970 4303 ipse
1017 4231 1186 4285 homo
1237 4234 1379 4296 erat,
1410 4234 1469 4284 et
1503 4246 1666 4284 verus
1696 4230 1863 4284 Deus.

268 4316 605 4385 Secundum,
644 4321 795 4392 quod
822 4336 855 4373 a
884 4321 999 4375 Deo
1038 4319 1265 4391 quidem
1291 4324 1394 4385 est,
1429 4319 1527 4373 sed
1570 4335 1670 4390 per
1695 4318 1869 4371 homi—

272 4423 419 4478 nem,
443 4410 515 4463 de
544 4426 795 4482 quorum
827 4425 1064 4463 numero
1083 4408 1269 4462 fuerat
1287 4409 1474 4470 Josue,
1509 4407 1603 4478 qui
1634 4408 1750 4462 Deo
1780 4409 1871 4460 vo-

1936 3522 2104 3575 Pater
2124 3517 2293 3572 tertia
2311 3517 2400 3569 die
2418 3515 2618 3570 Filium
2641 3527 2804 3566 suum
2826 3526 2860 3563 a
2873 3507 3111 3563 mortuis
3131 3500 3438 3562 suscitavit,
3474 3499 3532 3549 et

1938 3608 2057 3679 ipse
2086 3607 2262 3661 Filius
2291 3608 2567 3675 potestate
2604 3599 2773 3653 Verbi
2819 3615 2852 3651 a
2910 3612 3021 3667 quo
3057 3593 3383 3660 assumptus
3420 3588 3526 3648 est,

1940 3697 2185 3768 seipsum
2213 3692 2500 3748 suscitavit
2523 3708 2533 3741 :
2556 3691 2713 3758 etqui
2725 3702 2935 3743 mecum
2953 3688 3085 3738 sunt
3104 3683 3307 3750 fratres
3322 3689 3529 3739 omnes,

1900 3812 1907 3815 τ
1941 3786 1999 3840 id
2021 3791 2105 3839 est
2123 3799 2320 3837 omnes
2352 3779 2722 3850 condiscipuli
2754 3782 2811 3831 et
2838 3775 3146 3833 credentes,
3176 3767 3370 3823 eadem
3408 3778 3534 3817 sen-

1900 3902 1907 3903 ί
1943 3875 2147 3930 tientes
2176 3872 2245 3926 de
2275 3865 2873 3930 circumcisione.Quid
2903 3870 2988 3916 est
3013 3859 3162 3932 quod
3182 3859 3237 3912 in
3259 3854 3385 3910 aliis
3402 3851 3532 3923 Epi-

1944 3963 2103 4019 stolis
2125 3960 2497 4033 quorumdam
2521 3955 2920 4027 discipulorum
2941 3964 3171 4005 suorum
3193 3944 3423 4000 nomina
3440 3956 3537 4012 po-

1946 4053 2050 4119 nit,
2068 4058 2126 4105 et
2140 4030 2237 4104 hic
2257 4047 2574 4121 specialiter
2602 4062 2713 4099 non
2733 4036 3172 4114 quemlibet,sed
3199 4030 3538 4105 generaliter

1946 4158 2142 4198 omnes
2170 4135 2624 4210 comprehendit?
2640 4134 2772 4189 Ideo
2795 4132 2899 4185 hoc
2922 4128 3039 4200 egit
3066 4132 3131 4181 ut
3154 4122 3382 4195 majoris
3408 4135 3539 4174 auc-

1947 4230 2194 4285 toritatis
2240 4232 2389 4281 esset
2435 4226 2555 4295 ejus
2598 4222 2864 4294 Epistola,
2896 4218 2982 4272 vel
3021 4222 3086 4271 ut
3126 4212 3543 4269 demonstraret

1952 4335 2146 4373 omnes
2182 4316 2543 4372 condolentes
2577 4314 2647 4368 de
2676 4313 2901 4367 illorum
2951 4304 3294 4366 seductione,
3320 4295 3543 4370 etquod

1954 4424 2148 4463 omnes
2178 4406 2474 4478 aequaliter
2508 4388 2802 4459 sentirent
2845 4400 2916 4453 de
2945 4393 3366 4452 circumcisione
3394 4386 3545 4459 quod

272 4495 414 4552 lente
446 4515 551 4570 per
582 4498 823 4571 Moysen
854 4497 1061 4551 missus
1089 4503 1193 4563 est,
1226 4502 1285 4551 et
1322 4496 1418 4551 alii
1448 4494 1611 4550 multi
1640 4495 1736 4566 qui
1757 4495 1872 4549 ele-

274 4586 446 4641 ctione
457 4587 660 4658 p0puli
682 4603 783 4659 pro
808 4587 931 4640 vita:
954 4586 1169 4640 meritis
1189 4586 1306 4641 Deo
1332 4585 1548 4639 volente
1563 4584 1868 4655 eliguntur,

1954 4515 2065 4552 non
2096 4496 2366 4552 deberent
2382 4493 2912 4561 circumcidi,neque
2941 4485 3219 4542 sacriﬁcia
3242 4479 3447 4550 legalia
3460 4474 3546 4531 of-

1954 4588 2117 4643 ferre.
2152 4586 2295 4650 Quid
2316 4590 2405 4640 est
2433 4584 2601 4638 etiam
2634 4580 2784 4653 quod
2812 4579 2870 4632 in
2898 4578 3004 4630 hac
3030 4571 3296 4644 Epistola,
3328 4567 3544 4638 episco-

275 4675 401 4746 quia
428 4677 702 4732 voluntas
729 4676 831 4730 Dei
887 4676 1190 4747 aliquando
1243 4676 1503 4730 voluntas
1539 4674 1730 4746 populi
1760 4679 1864 4727 est.
1888 4714 1934 4772 Π
1961 4692 2181 4748 porum,
2236 4673 2692 4746 presbyterorum
2713 4708 2726 4733 ,
2786 4667 3148 4719 diaconorum
3202 4655 3547 4711 mentionem

275 4764 315 4772 _.
400 4766 412 4772 -
754 4766 768 4772 -
871 4764 886 4772 -
937 4765 953 4772 -
1077 4765 1087 4772 .
1206 4771 1209 4772 ,
1532 4764 1548 4772 -
1658 4769 1664 4772 _
2102 4765 2123 4772 _
2186 4763 2219 4772 ._
2288 4762 2298 4772 .
2384 4767 2391 4772 .
2427 4761 2437 4771 .
2534 4759 2587 4772 ...
2640 4757 2668 4772 η
2776 4754 2816 4772 ι,
2852 4750 3086 4772 “Ini--.”
3117 4743 3398 4772 ιηιηὶιηηι
3427 4739 3547 4772 ωηῖ-

272 4764 542 4832 Tertium,
577 4766 808 4837 quando
837 4764 908 4820 ab
937 4739 1167 4820 homine
1195 4739 1587 4819 tantummodo
1613 4739 1673 4818 et
1699 4778 1813 4817 non
1839 4778 1873 4815 a
1891 4739 1934 4772 υ
1955 4739 2067 4819 non
2094 4739 2480 4818 facit-sicut'in
2496 4759 2620 4813 aliis
2640 4757 2668 4810 ?
2697 4754 2828 4827 quia
2852 4750 3092 4806 necdum
3116 4743 3403 4802 habebant
3427 4739 3548 4812 epi-

275 4852 384 4909 Deo
404 4871 537 4910 cum
579 4856 772 4910 favore
812 4855 1102 4910 hominum
1140 4854 1344 4926 aliquis
1371 4854 1604 4925 eligitur
1628 4869 1740 4908 non
1772 4868 1873 4924 pro
1956 4871 2152 4925 sc0pos
2172 4853 2479 4917 ordinatos,
2507 4863 2691 4919 neque
2721 4843 2862 4898 alios
2890 4843 3134 4893 rectores
3164 4854 3176 4890 :
3208 4834 3448 4904 ideoque
3467 4846 3552 4885 se-

272 4938 415 4998 bona
438 4944 893 5011 conversatione,
926 4944 1013 4998 vel
1045 4944 1267 5016 quando
1312 4945 1493 5015 pretio
1535 4943 1877 5013 subrogatur
1957 4943 2088 4998 duci
2114 4941 2330 4995 facilius
2357 4942 2679 5011 potuerunt.

276 5030 331 5084 in
355 5033 766 5099 sacerdotium,
799 5034 867 5087 de
898 5013 1101 5104 quibus
1148 5013 1370 5087 dicebat
1405 5033 1603 5088 beatus
1642 5031 1878 5086 Ambro-
2033 5032 2227 5087 Gratia
2257 5030 2402 5083 vobis
2435 5033 2482 5081 et
2506 5041 2638 5095 par.
2674 5037 2846 5095 quare
2885 5017 3255 5073 conciliamur
3288 5013 3548 5079 Domino,

277 5121 391 5176 sius
422 5140 435 5176 ε
460 5124 511 5179 Ο
542 5122 986 5194 episcope,certe
1014 5121 1122 5177 nisi
1138 5127 1363 5177 centum
1383 5122 1591 5177 solidos
1610 5121 1876 5185 dedisses,
1963 5119 2057 5191 qui
2081 5134 2180 5191 pro
2207 5115 2450 5189 peccatis
2474 5112 2684 5167 nostris
2725 5108 2959 5164 tradidit
2985 5124 3046 5162 se
3070 5105 3266 5176 morti,
3285 5109 3351 5159 ut
3376 5106 3555 5173 eripe-

278 5208 442 5265 hodie
475 5212 781 5285 episcopus
813 5227 923 5265 non
951 5211 1171 5266 fuisses.
1191 5211 1273 5265 De
1302 5210 1504 5281 quibus
1532 5209 1704 5264 etiam
1732 5209 1790 5262 in
1818 5208 1883 5261 li-
1965 5214 2049 5263 re!
2070 5223 2166 5262 nos
2184 5208 2247 5260 de
2265 5205 2522 5274 praesenti
2540 5204 2732 5256 saeculo
2753 5214 3012 5269 nequam.
3045 5196 3324 5252 Saeculum
3353 5194 3559 5250 dicitur

278 5297 376 5355 bro
394 5281 623 5373 Regum
650 5281 857 5357 dicitur
875 5303 981 5363 (III
1004 5303 1127 5369 Reg.
1158 5302 1280 5369 xui)
1310 5297 1712 5370 :Temporibus
1733 5298 1886 5352 Jero—
1965 5313 2000 5352 a
2021 5294 2324 5367 sequendo,
2358 5292 2491 5364 quia
2518 5306 2740 5361 semper
2762 5287 3021 5360 sequitur
3049 5296 3106 5341 et
3130 5285 3192 5342 in
3231 5301 3292 5340 se
3319 5281 3557 5339 revolvi-

280 5387 445 5444 boam
464 5393 790 5459 quicunque
816 5391 1073 5459 implebat
1090 5405 1325 5444 manum
1344 5403 1505 5442 suam
1531 5385 1877 5453 muneribus,
1962 5391 2075 5440 tur.
2109 5383 2387 5440 Saeculum
2412 5396 2546 5455 ergo
2576 5396 2689 5436 non
2715 5383 2902 5453 potest
2945 5393 3068 5432 esse
3102 5390 3347 5449 nequam
3375 5385 3558 5440 neque

279 5479 436 5546 fiebat
492 5479 753 5534 sacerdos
779 5477 1078 5534 idolorum.
1123 5478 1366 5548 Ideoque
1412 5475 1507 5531 isti
1551 5476 1697 5530 tales
1733 5474 1884 5531 inter
1964 5473 2337 5545 malum,quia
2353 5488 2576 5544 semper
2593 5474 2781 5527 servat
2797 5467 3050 5526 ordinem
3072 5480 3238 5521 suum
3258 5467 3311 5518 et
3331 5472 3559 5516 cursum

283 5583 375 5623 eos
402 5574 542 5624 sunt
570 5568 896 5641 reputandi,
928 5568 997 5626 de
1017 5567 1218 5642 quibus
1228 5545 1501 5624 Dbminus
1518 5581 1623 5638 per
1639 5566 1883 5638 prophe-
1969 5564 2278 5621 secundum
2307 5560 2741 5634 dispositionem
2768 5558 2907 5626 Dei,:
2922 5550 3339 5613 alternantibus
3360 5545 3557 5606 diebus
